  <div class='ocr_page' id='page_1' title='image "/cluster/home/n/w/nwhite01/storage/ocr_20150623/152/hvd.32044019208404/055.png"; bbox 0 0 3984 6598; ppageno 0'>
   <div class='ocr_carea' id='block_1_1' title="bbox 365 363 3694 434">
    <p class='ocr_par' dir='ltr' id='par_1_1' title="bbox 365 363 3694 434">
     <span class='ocr_line' id='line_1_1' title="bbox 365 363 3694 434; baseline -0 -6"><span class='ocrx_word' id='word_1_1' title='bbox 365 379 372 385; x_wconf 86' lang='grc'><em>’</em></span> <span class='ocrx_word' id='word_1_2' title='bbox 419 367 480 429; x_wconf 82' lang='grc'><strong>91</strong></span> <span class='ocrx_word' id='word_1_3' title='bbox 1674 374 2071 434; x_wconf 65' lang='lat' dir='ltr'><strong>MANUELIS</strong></span> <span class='ocrx_word' id='word_1_4' title='bbox 2104 374 2404 434; x_wconf 69' lang='lat' dir='ltr'><strong>CALECE</strong></span> <span class='ocrx_word' id='word_1_5' title='bbox 3600 363 3694 428; x_wconf 70' lang='lat'><strong>9&quot;!</strong></span> 
     </span>
    </p>
   </div>
   <div class='ocr_carea' id='block_1_2' title="bbox 417 475 3700 553">
    <p class='ocr_par' dir='ltr' id='par_1_2' title="bbox 417 475 3700 553">
     <span class='ocr_line' id='line_1_2' title="bbox 417 475 3700 553; baseline -0.002 -21"><span class='ocrx_word' id='word_1_6' title='bbox 417 479 649 546; x_wconf 72' lang='lat' dir='ltr'><strong>Spiritus</strong></span> <span class='ocrx_word' id='word_1_7' title='bbox 685 476 780 531; x_wconf 70' lang='lat' dir='ltr'><strong>Dei</strong></span> <span class='ocrx_word' id='word_1_8' title='bbox 812 476 1016 531; x_wconf 64' lang='lat' dir='ltr'><strong>[inuitat</strong></span> <span class='ocrx_word' id='word_1_9' title='bbox 1048 479 1100 531; x_wconf 84' lang='lat' dir='ltr'><strong>in</strong></span> <span class='ocrx_word' id='word_1_10' title='bbox 1136 478 1300 532; x_wconf 84' lang='lat' dir='ltr'><strong>vobis.</strong></span> <span class='ocrx_word' id='word_1_11' title='bbox 1327 477 1386 535; x_wconf 75' lang='lat' dir='ltr'><strong>Si</strong></span> <span class='ocrx_word' id='word_1_12' title='bbox 1427 481 1544 551; x_wconf 81' lang='lat' dir='ltr'><strong>quis</strong></span> <span class='ocrx_word' id='word_1_13' title='bbox 1596 495 1771 538; x_wconf 75' lang='lat' dir='ltr'><strong>autem</strong></span> <span class='ocrx_word' id='word_1_14' title='bbox 1806 481 1974 553; x_wconf 83' lang='lat' dir='ltr'><strong>Spiri-</strong></span> <span class='ocrx_word' id='word_1_15' title='bbox 2006 486 2052 545; x_wconf 78' lang='grc' dir='ltr'><strong>Α</strong></span> <span class='ocrx_word' id='word_1_16' title='bbox 2151 479 2522 552; x_wconf 85' lang='lat' dir='ltr'><strong>Constatergo</strong></span> <span class='ocrx_word' id='word_1_17' title='bbox 2551 492 2614 534; x_wconf 82' lang='lat' dir='ltr'><strong>ex</strong></span> <span class='ocrx_word' id='word_1_18' title='bbox 2635 478 3006 548; x_wconf 86' lang='lat' dir='ltr'><strong>superioribus</strong></span> <span class='ocrx_word' id='word_1_19' title='bbox 3029 475 3412 532; x_wconf 85' lang='lat' dir='ltr'><strong>Theodoritum</strong></span> <span class='ocrx_word' id='word_1_20' title='bbox 3444 477 3700 531; x_wconf 71' lang='lat' dir='ltr'><strong>haeret:-</strong></span> 
     </span>
    </p>
   </div>
   <div class='ocr_carea' id='block_1_3' title="bbox 418 565 3692 642">
    <p class='ocr_par' dir='ltr' id='par_1_3' title="bbox 418 565 3692 642">
     <span class='ocr_line' id='line_1_3' title="bbox 418 565 3692 642; baseline -0 -20"><span class='ocrx_word' id='word_1_21' title='bbox 418 579 530 623; x_wconf 81' lang='lat' dir='ltr'><strong>tum</strong></span> <span class='ocrx_word' id='word_1_22' title='bbox 563 567 759 624; x_wconf 75' lang='lat' dir='ltr'><strong>Christi</strong></span> <span class='ocrx_word' id='word_1_23' title='bbox 788 581 889 621; x_wconf 78' lang='lat' dir='ltr'><strong>non</strong></span> <span class='ocrx_word' id='word_1_24' title='bbox 919 567 1095 630; x_wconf 80' lang='lat' dir='ltr'><strong>habet,</strong></span> <span class='ocrx_word' id='word_1_25' title='bbox 1127 569 1210 622; x_wconf 84' lang='lat' dir='ltr'><strong>hic</strong></span> <span class='ocrx_word' id='word_1_26' title='bbox 1253 583 1355 624; x_wconf 81' lang='lat' dir='ltr'><strong>non</strong></span> <span class='ocrx_word' id='word_1_27' title='bbox 1384 577 1462 624; x_wconf 76' lang='lat' dir='ltr'><strong>est</strong></span> <span class='ocrx_word' id='word_1_28' title='bbox 1489 572 1601 642; x_wconf 79' lang='lat' dir='ltr'><strong>ejus</strong></span> <span class='ocrx_word' id='word_1_29' title='bbox 1629 575 1692 626; x_wconf 74' lang='grc'><strong>⁸³.</strong></span> <span class='ocrx_word' id='word_1_30' title='bbox 1722 574 1973 629; x_wconf 78' lang='lat' dir='ltr'><strong>Procedit</strong></span> <span class='ocrx_word' id='word_1_31' title='bbox 2088 588 2210 628; x_wconf 88' lang='lat' dir='ltr'><strong>cum</strong></span> <span class='ocrx_word' id='word_1_32' title='bbox 2248 570 2433 636; x_wconf 78' lang='lat' dir='ltr'><strong>fuisse,</strong></span> <span class='ocrx_word' id='word_1_33' title='bbox 2471 581 2635 640; x_wconf 84' lang='lat' dir='ltr'><strong>atque</strong></span> <span class='ocrx_word' id='word_1_34' title='bbox 2667 571 2722 624; x_wconf 91' lang='lat' dir='ltr'><strong>in</strong></span> <span class='ocrx_word' id='word_1_35' title='bbox 2749 572 2830 625; x_wconf 86' lang='lat' dir='ltr'><strong>his</strong></span> <span class='ocrx_word' id='word_1_36' title='bbox 2861 571 3095 624; x_wconf 79' lang='lat' dir='ltr'><strong>maxime</strong></span> <span class='ocrx_word' id='word_1_37' title='bbox 3117 584 3238 639; x_wconf 69' lang='lat' dir='ltr'><strong>qua:</strong></span> <span class='ocrx_word' id='word_1_38' title='bbox 3261 579 3449 623; x_wconf 89' lang='lat' dir='ltr'><strong>contra</strong></span> <span class='ocrx_word' id='word_1_39' title='bbox 3472 565 3533 622; x_wconf 88' lang='lat' dir='ltr'><strong>D.</strong></span> <span class='ocrx_word' id='word_1_40' title='bbox 3555 567 3692 636; x_wconf 82' lang='lat' dir='ltr'><strong>Cy-</strong></span> 
     </span>
    </p>
   </div>
   <div class='ocr_carea' id='block_1_4' title="bbox 417 657 3694 734">
    <p class='ocr_par' dir='ltr' id='par_1_4' title="bbox 417 657 3694 734">
     <span class='ocr_line' id='line_1_4' title="bbox 417 657 3694 734; baseline -0 -23"><span class='ocrx_word' id='word_1_41' title='bbox 417 662 561 714; x_wconf 81' lang='lat' dir='ltr'><strong>enim</strong></span> <span class='ocrx_word' id='word_1_42' title='bbox 619 673 686 714; x_wconf 75' lang='lat' dir='ltr'><strong>ex</strong></span> <span class='ocrx_word' id='word_1_43' title='bbox 741 659 851 715; x_wconf 88' lang='lat' dir='ltr'><strong>Deo</strong></span> <span class='ocrx_word' id='word_1_44' title='bbox 910 667 964 714; x_wconf 84' lang='lat' dir='ltr'><strong>et</strong></span> <span class='ocrx_word' id='word_1_45' title='bbox 1019 658 1179 715; x_wconf 88' lang='lat' dir='ltr'><strong>Patre</strong></span> <span class='ocrx_word' id='word_1_46' title='bbox 1233 660 1471 730; x_wconf 77' lang='lat' dir='ltr'><strong>Spiritus</strong></span> <span class='ocrx_word' id='word_1_47' title='bbox 1528 675 1774 730; x_wconf 82' lang='lat' dir='ltr'><strong>sanctus,</strong></span> <span class='ocrx_word' id='word_1_48' title='bbox 1828 665 1978 734; x_wconf 85' lang='lat' dir='ltr'><strong>juxta</strong></span> <span class='ocrx_word' id='word_1_49' title='bbox 2084 663 2264 716; x_wconf 87' lang='lat' dir='ltr'><strong>rillum</strong></span> <span class='ocrx_word' id='word_1_50' title='bbox 2306 662 2549 729; x_wconf 80' lang='lat' dir='ltr'><strong>scripsit.</strong></span> <span class='ocrx_word' id='word_1_51' title='bbox 2583 657 2901 728; x_wconf 70' lang='lat' dir='ltr'><strong>Huiusmodi</strong></span> <span class='ocrx_word' id='word_1_52' title='bbox 2936 670 3115 715; x_wconf 86' lang='lat' dir='ltr'><strong>autem</strong></span> <span class='ocrx_word' id='word_1_53' title='bbox 3140 658 3358 727; x_wconf 74' lang='lat' dir='ltr'><strong>scriptis</strong></span> <span class='ocrx_word' id='word_1_54' title='bbox 3381 661 3445 712; x_wconf 86' lang='lat' dir='ltr'><strong>ad</strong></span> <span class='ocrx_word' id='word_1_55' title='bbox 3480 671 3694 713; x_wconf 80' lang='lat' dir='ltr'><strong>astru-</strong></span> 
     </span>
    </p>
   </div>
   <div class='ocr_carea' id='block_1_5' title="bbox 419 748 3696 824">
    <p class='ocr_par' dir='ltr' id='par_1_5' title="bbox 419 748 3696 824">
     <span class='ocr_line' id='line_1_5' title="bbox 419 748 3696 824; baseline 0 -22"><span class='ocrx_word' id='word_1_56' title='bbox 419 748 720 802; x_wconf 83' lang='lat' dir='ltr'><strong>Salvatoris</strong></span> <span class='ocrx_word' id='word_1_57' title='bbox 742 759 950 803; x_wconf 85' lang='lat' dir='ltr'><strong>vocem.</strong></span> <span class='ocrx_word' id='word_1_58' title='bbox 977 749 1071 803; x_wconf 81' lang='lat' dir='ltr'><strong>Est</strong></span> <span class='ocrx_word' id='word_1_59' title='bbox 1096 759 1276 804; x_wconf 88' lang='lat' dir='ltr'><strong>autem</strong></span> <span class='ocrx_word' id='word_1_60' title='bbox 1309 768 1484 823; x_wconf 91' lang='lat' dir='ltr'><strong>neque</strong></span> <span class='ocrx_word' id='word_1_61' title='bbox 1514 754 1723 811; x_wconf 89' lang='lat' dir='ltr'><strong>alienus</strong></span> <span class='ocrx_word' id='word_1_62' title='bbox 1750 771 1775 809; x_wconf 91' lang='lat' dir='ltr'><strong>a</strong></span> <span class='ocrx_word' id='word_1_63' title='bbox 1805 754 1979 824; x_wconf 81' lang='lat' dir='ltr'><strong>Filio;</strong></span> <span class='ocrx_word' id='word_1_64' title='bbox 2077 755 2279 810; x_wconf 76' lang='lat' dir='ltr'><strong>ettdam</strong></span> <span class='ocrx_word' id='word_1_65' title='bbox 2301 753 2546 808; x_wconf 82' lang='lat' dir='ltr'><strong>veritatis</strong></span> <span class='ocrx_word' id='word_1_66' title='bbox 2592 753 2829 824; x_wconf 85' lang='lat' dir='ltr'><strong>regulam</strong></span> <span class='ocrx_word' id='word_1_67' title='bbox 2854 752 2930 805; x_wconf 91' lang='lat' dir='ltr'><strong>uti</strong></span> <span class='ocrx_word' id='word_1_68' title='bbox 2951 751 3171 805; x_wconf 90' lang='lat' dir='ltr'><strong>minime</strong></span> <span class='ocrx_word' id='word_1_69' title='bbox 3195 752 3468 806; x_wconf 78' lang='lat' dir='ltr'><strong>convenit.</strong></span> <span class='ocrx_word' id='word_1_70' title='bbox 3495 750 3696 804; x_wconf 82' lang='lat' dir='ltr'><strong>Porro</strong></span> 
     </span>
    </p>
   </div>
   <div class='ocr_carea' id='block_1_6' title="bbox 418 839 3690 916">
    <p class='ocr_par' dir='ltr' id='par_1_6' title="bbox 418 839 3690 916">
     <span class='ocr_line' id='line_1_6' title="bbox 418 839 3690 916; baseline 0 -23"><span class='ocrx_word' id='word_1_71' title='bbox 418 843 602 895; x_wconf 85' lang='lat' dir='ltr'><strong>omnia</strong></span> <span class='ocrx_word' id='word_1_72' title='bbox 638 842 782 895; x_wconf 85' lang='lat' dir='ltr'><strong>enim</strong></span> <span class='ocrx_word' id='word_1_73' title='bbox 820 842 910 896; x_wconf 89' lang='lat' dir='ltr'><strong>ille</strong></span> <span class='ocrx_word' id='word_1_74' title='bbox 939 853 1064 897; x_wconf 88' lang='lat' dir='ltr'><strong>cum</strong></span> <span class='ocrx_word' id='word_1_75' title='bbox 1095 841 1256 898; x_wconf 86' lang='lat' dir='ltr'><strong>Patre</strong></span> <span class='ocrx_word' id='word_1_76' title='bbox 1288 844 1471 900; x_wconf 86' lang='lat' dir='ltr'><strong>habet.</strong></span> <span class='ocrx_word' id='word_1_77' title='bbox 1508 868 1528 900; x_wconf 78' lang='grc' dir='ltr'><strong><em>ι</em></strong></span> <span class='ocrx_word' id='word_1_78' title='bbox 2084 848 2129 902; x_wconf 89' lang='lat' dir='ltr'><strong>si</strong></span> <span class='ocrx_word' id='word_1_79' title='bbox 2186 847 2310 916; x_wconf 83' lang='lat' dir='ltr'><strong>quis</strong></span> <span class='ocrx_word' id='word_1_80' title='bbox 2366 856 2489 900; x_wconf 88' lang='lat' dir='ltr'><strong>eum</strong></span> <span class='ocrx_word' id='word_1_81' title='bbox 2548 845 2890 914; x_wconf 84' lang='lat' dir='ltr'><strong>postmodum</strong></span> <span class='ocrx_word' id='word_1_82' title='bbox 2939 845 3006 896; x_wconf 89' lang='lat' dir='ltr'><strong>ab</strong></span> <span class='ocrx_word' id='word_1_83' title='bbox 3057 839 3298 898; x_wconf 82' lang='lat' dir='ltr'><strong>Ecclesia</strong></span> <span class='ocrx_word' id='word_1_84' title='bbox 3350 853 3690 913; x_wconf 86' lang='lat' dir='ltr'><strong>susceptum</strong></span> 
     </span>
    </p>
   </div>
   <div class='ocr_carea' id='block_1_7' title="bbox 495 931 3690 1009">
    <p class='ocr_par' dir='ltr' id='par_1_7' title="bbox 495 931 3690 1009">
     <span class='ocr_line' id='line_1_7' title="bbox 495 931 3690 1009; baseline 0 -23"><span class='ocrx_word' id='word_1_85' title='bbox 495 934 568 986; x_wconf 82' lang='lat' dir='ltr'><strong>Ex</strong></span> <span class='ocrx_word' id='word_1_86' title='bbox 599 931 682 985; x_wconf 85' lang='lat' dir='ltr'><strong>his</strong></span> <span class='ocrx_word' id='word_1_87' title='bbox 710 933 875 1000; x_wconf 81' lang='lat' dir='ltr'><strong>igitur</strong></span> <span class='ocrx_word' id='word_1_88' title='bbox 899 934 1074 988; x_wconf 85' lang='lat' dir='ltr'><strong>sancti</strong></span> <span class='ocrx_word' id='word_1_89' title='bbox 1099 934 1199 989; x_wconf 83' lang='lat' dir='ltr'><strong>viri</strong></span> <span class='ocrx_word' id='word_1_90' title='bbox 1233 950 1385 991; x_wconf 87' lang='lat' dir='ltr'><strong>mens</strong></span> <span class='ocrx_word' id='word_1_91' title='bbox 1411 937 1696 1009; x_wconf 84' lang='lat' dir='ltr'><strong>diligenter</strong></span> <span class='ocrx_word' id='word_1_92' title='bbox 1727 940 1982 996; x_wconf 82' lang='lat' dir='ltr'><strong>intuenda</strong></span> <span class='ocrx_word' id='word_1_93' title='bbox 2086 952 2206 993; x_wconf 87' lang='lat' dir='ltr'><strong>esse</strong></span> <span class='ocrx_word' id='word_1_94' title='bbox 2254 934 2394 1008; x_wconf 72' lang='lat'><strong>(32)</strong></span> <span class='ocrx_word' id='word_1_95' title='bbox 2439 935 2792 1004; x_wconf 74' lang='lat' dir='ltr'><strong>pmnitentem</strong></span> <span class='ocrx_word' id='word_1_96' title='bbox 2845 936 3011 998; x_wconf 84' lang='lat' dir='ltr'><strong>dicat,</strong></span> <span class='ocrx_word' id='word_1_97' title='bbox 3065 935 3196 988; x_wconf 91' lang='lat' dir='ltr'><strong>nihil</strong></span> <span class='ocrx_word' id='word_1_98' title='bbox 3247 936 3313 990; x_wconf 89' lang='lat' dir='ltr'><strong>ad</strong></span> <span class='ocrx_word' id='word_1_99' title='bbox 3363 947 3499 990; x_wconf 90' lang='lat' dir='ltr'><strong>rem.</strong></span> <span class='ocrx_word' id='word_1_100' title='bbox 3575 935 3690 988; x_wconf 84' lang='lat' dir='ltr'><strong>Illa</strong></span> 
     </span>
    </p>
   </div>
   <div class='ocr_carea' id='block_1_8' title="bbox 417 1021 3699 1104">
    <p class='ocr_par' dir='ltr' id='par_1_8' title="bbox 417 1021 3699 1104">
     <span class='ocr_line' id='line_1_8' title="bbox 417 1021 3699 1104; baseline -0.001 -25"><span class='ocrx_word' id='word_1_101' title='bbox 417 1035 524 1088; x_wconf 90' lang='lat' dir='ltr'><strong>est,</strong></span> <span class='ocrx_word' id='word_1_102' title='bbox 553 1033 719 1093; x_wconf 87' lang='lat' dir='ltr'><strong>utque</strong></span> <span class='ocrx_word' id='word_1_103' title='bbox 754 1024 846 1079; x_wconf 89' lang='lat' dir='ltr'><strong>ille</strong></span> <span class='ocrx_word' id='word_1_104' title='bbox 878 1025 1145 1080; x_wconf 88' lang='lat' dir='ltr'><strong>intellexit</strong></span> <span class='ocrx_word' id='word_1_105' title='bbox 1173 1031 1454 1098; x_wconf 89' lang='lat' dir='ltr'><strong>pr0prium</strong></span> <span class='ocrx_word' id='word_1_106' title='bbox 1486 1046 1605 1087; x_wconf 89' lang='lat' dir='ltr'><strong>esse</strong></span> <span class='ocrx_word' id='word_1_107' title='bbox 1645 1032 1767 1088; x_wconf 86' lang='lat' dir='ltr'><strong>Filii</strong></span> <span class='ocrx_word' id='word_1_108' title='bbox 1811 1031 1986 1104; x_wconf 73' lang='lat' dir='ltr'><strong>Spiri-</strong></span> <span class='ocrx_word' id='word_1_109' title='bbox 2086 1029 2251 1095; x_wconf 85' lang='lat' dir='ltr'><strong>enim,</strong></span> <span class='ocrx_word' id='word_1_110' title='bbox 2277 1031 2419 1082; x_wconf 89' lang='lat' dir='ltr'><strong>unde</strong></span> <span class='ocrx_word' id='word_1_111' title='bbox 2443 1021 2756 1082; x_wconf 83' lang='lat' dir='ltr'><strong>Theodoriti</strong></span> <span class='ocrx_word' id='word_1_112' title='bbox 2785 1027 2928 1081; x_wconf 87' lang='lat' dir='ltr'><strong>dicta</strong></span> <span class='ocrx_word' id='word_1_113' title='bbox 2963 1025 3331 1096; x_wconf 81' lang='lat' dir='ltr'><strong>proferuntur,</strong></span> <span class='ocrx_word' id='word_1_114' title='bbox 3351 1028 3418 1080; x_wconf 91' lang='lat' dir='ltr'><strong>ab</strong></span> <span class='ocrx_word' id='word_1_115' title='bbox 3451 1027 3699 1079; x_wconf 84' lang='lat' dir='ltr'><strong>univer-</strong></span> 
     </span>
    </p>
   </div>
   <div class='ocr_carea' id='block_1_9' title="bbox 421 1118 1987 1196">
    <p class='ocr_par' dir='ltr' id='par_1_9' title="bbox 421 1118 1987 1196">
     <span class='ocr_line' id='line_1_9' title="bbox 421 1118 1987 1196; baseline 0.008 -27"><span class='ocrx_word' id='word_1_116' title='bbox 421 1127 537 1169; x_wconf 89' lang='lat' dir='ltr'><strong>tnm</strong></span> <span class='ocrx_word' id='word_1_117' title='bbox 597 1125 881 1184; x_wconf 89' lang='lat' dir='ltr'><strong>sanctum;</strong></span> <span class='ocrx_word' id='word_1_118' title='bbox 936 1118 1061 1187; x_wconf 88' lang='lat' dir='ltr'><strong>quis</strong></span> <span class='ocrx_word' id='word_1_119' title='bbox 1115 1120 1258 1174; x_wconf 87' lang='lat' dir='ltr'><strong>enim</strong></span> <span class='ocrx_word' id='word_1_120' title='bbox 1308 1122 1646 1178; x_wconf 79' lang='lat' dir='ltr'><strong>commodior</strong></span> <span class='ocrx_word' id='word_1_121' title='bbox 1702 1135 1756 1181; x_wconf 88' lang='lat' dir='ltr'><strong>et</strong></span> <span class='ocrx_word' id='word_1_122' title='bbox 1811 1128 1987 1196; x_wconf 80' lang='lat' dir='ltr'><strong>aptior</strong></span> 
     </span>
    </p>
   </div>
   <div class='ocr_carea' id='block_1_10' title="bbox 417 1209 1987 1290">
    <p class='ocr_par' dir='ltr' id='par_1_10' title="bbox 417 1209 1987 1290">
     <span class='ocr_line' id='line_1_10' title="bbox 417 1209 1987 1290; baseline 0.009 -30"><span class='ocrx_word' id='word_1_123' title='bbox 417 1209 709 1263; x_wconf 73' lang='lat' dir='ltr'><strong>verborum</strong></span> <span class='ocrx_word' id='word_1_124' title='bbox 767 1223 989 1264; x_wconf 88' lang='lat' dir='ltr'><strong>suorum</strong></span> <span class='ocrx_word' id='word_1_125' title='bbox 1027 1210 1293 1279; x_wconf 89' lang='lat' dir='ltr'><strong>interpres</strong></span> <span class='ocrx_word' id='word_1_126' title='bbox 1319 1229 1438 1270; x_wconf 85' lang='lat' dir='ltr'><strong>esse</strong></span> <span class='ocrx_word' id='word_1_127' title='bbox 1468 1219 1661 1286; x_wconf 72' lang='lat' dir='ltr'><strong>possit,</strong></span> <span class='ocrx_word' id='word_1_128' title='bbox 1697 1231 1857 1290; x_wconf 85' lang='lat' dir='ltr'><strong>quam</strong></span> <span class='ocrx_word' id='word_1_129' title='bbox 1898 1217 1987 1275; x_wconf 85' lang='lat' dir='ltr'><strong>ille</strong></span> 
     </span>
    </p>
   </div>
   <div class='ocr_carea' id='block_1_11' title="bbox 418 1298 1987 1378">
    <p class='ocr_par' dir='ltr' id='par_1_11' title="bbox 418 1298 1987 1378">
     <span class='ocr_line' id='line_1_11' title="bbox 418 1298 1987 1378; baseline 0.01 -28"><span class='ocrx_word' id='word_1_130' title='bbox 418 1298 555 1363; x_wconf 83' lang='lat' dir='ltr'><strong>ipse,</strong></span> <span class='ocrx_word' id='word_1_131' title='bbox 587 1299 681 1367; x_wconf 87' lang='lat' dir='ltr'><strong>qui</strong></span> <span class='ocrx_word' id='word_1_132' title='bbox 721 1299 979 1368; x_wconf 85' lang='lat' dir='ltr'><strong>scripsit?</strong></span> <span class='ocrx_word' id='word_1_133' title='bbox 1032 1300 1320 1372; x_wconf 85' lang='lat' dir='ltr'><strong>Proprium</strong></span> <span class='ocrx_word' id='word_1_134' title='bbox 1365 1307 1538 1368; x_wconf 67' lang='lat' dir='ltr'><strong>etaim,</strong></span> <span class='ocrx_word' id='word_1_135' title='bbox 1596 1312 1654 1361; x_wconf 92' lang='lat' dir='ltr'><strong>ut</strong></span> <span class='ocrx_word' id='word_1_136' title='bbox 1711 1310 1987 1378; x_wconf 87' lang='lat' dir='ltr'><strong>propriam</strong></span> 
     </span>
    </p>
   </div>
   <div class='ocr_carea' id='block_1_12' title="bbox 421 1385 1985 1470">
    <p class='ocr_par' dir='ltr' id='par_1_12' title="bbox 421 1385 1985 1470">
     <span class='ocr_line' id='line_1_12' title="bbox 421 1385 1985 1470; baseline 0.01 -30"><span class='ocrx_word' id='word_1_137' title='bbox 421 1385 544 1440; x_wconf 79' lang='lat' dir='ltr'><strong>Filii</strong></span> <span class='ocrx_word' id='word_1_138' title='bbox 601 1390 879 1449; x_wconf 83' lang='lat' dir='ltr'><strong>virtutem.</strong></span> <span class='ocrx_word' id='word_1_139' title='bbox 926 1390 1063 1446; x_wconf 89' lang='lat' dir='ltr'><strong>dixit</strong></span> <span class='ocrx_word' id='word_1_140' title='bbox 1110 1391 1371 1461; x_wconf 85' lang='lat' dir='ltr'><strong>Spiritum</strong></span> <span class='ocrx_word' id='word_1_141' title='bbox 1429 1405 1701 1463; x_wconf 90' lang='lat' dir='ltr'><strong>sanctum,</strong></span> <span class='ocrx_word' id='word_1_142' title='bbox 1752 1415 1985 1470; x_wconf 86' lang='lat' dir='ltr'><strong>eumque</strong></span> 
     </span>
    </p>
   </div>
   <div class='ocr_carea' id='block_1_13' title="bbox 421 1479 1991 1560">
    <p class='ocr_par' dir='ltr' id='par_1_13' title="bbox 421 1479 1991 1560">
     <span class='ocr_line' id='line_1_13' title="bbox 421 1479 1991 1560; baseline 0.01 -30"><span class='ocrx_word' id='word_1_143' title='bbox 421 1493 520 1546; x_wconf 91' lang='lat' dir='ltr'><strong>per</strong></span> <span class='ocrx_word' id='word_1_144' title='bbox 550 1479 722 1548; x_wconf 78' lang='lat' dir='ltr'><strong>ipsam</strong></span> <span class='ocrx_word' id='word_1_145' title='bbox 761 1490 1043 1549; x_wconf 90' lang='lat' dir='ltr'><strong>operatum</strong></span> <span class='ocrx_word' id='word_1_146' title='bbox 1080 1501 1094 1536; x_wconf 87' lang='lat'><strong>:</strong></span> <span class='ocrx_word' id='word_1_147' title='bbox 1132 1494 1296 1554; x_wconf 90' lang='lat' dir='ltr'><strong>atque</strong></span> <span class='ocrx_word' id='word_1_148' title='bbox 1345 1486 1468 1541; x_wconf 90' lang='lat' dir='ltr'><strong>ideo</strong></span> <span class='ocrx_word' id='word_1_149' title='bbox 1491 1490 1856 1545; x_wconf 82' lang='lat' dir='ltr'><strong>essentialiter</strong></span> <span class='ocrx_word' id='word_1_150' title='bbox 1887 1491 1991 1560; x_wconf 86' lang='lat' dir='ltr'><strong>ipsi</strong></span> 
     </span>
    </p>
   </div>
   <div class='ocr_carea' id='block_1_14' title="bbox 423 1567 1994 1648">
    <p class='ocr_par' dir='ltr' id='par_1_14' title="bbox 423 1567 1994 1648">
     <span class='ocr_line' id='line_1_14' title="bbox 423 1567 1994 1648; baseline 0.011 -30"><span class='ocrx_word' id='word_1_151' title='bbox 423 1567 666 1622; x_wconf 87' lang='lat' dir='ltr'><strong>innatum</strong></span> <span class='ocrx_word' id='word_1_152' title='bbox 693 1570 884 1638; x_wconf 80' lang='lat' dir='ltr'><strong>fuisse,</strong></span> <span class='ocrx_word' id='word_1_153' title='bbox 913 1579 1078 1642; x_wconf 92' lang='lat' dir='ltr'><strong>atque</strong></span> <span class='ocrx_word' id='word_1_154' title='bbox 1107 1588 1174 1627; x_wconf 88' lang='lat' dir='ltr'><strong>ex</strong></span> <span class='ocrx_word' id='word_1_155' title='bbox 1209 1589 1274 1630; x_wconf 90' lang='lat' dir='ltr'><strong>eo</strong></span> <span class='ocrx_word' id='word_1_156' title='bbox 1301 1589 1445 1641; x_wconf 79' lang='lat' dir='ltr'><strong>esse,</strong></span> <span class='ocrx_word' id='word_1_157' title='bbox 1469 1579 1763 1648; x_wconf 86' lang='lat' dir='ltr'><strong>omniaque</strong></span> <span class='ocrx_word' id='word_1_158' title='bbox 1791 1581 1994 1636; x_wconf 87' lang='lat' dir='ltr'><strong>habere</strong></span> 
     </span>
    </p>
   </div>
   <div class='ocr_carea' id='block_1_15' title="bbox 426 1660 1992 1738">
    <p class='ocr_par' dir='ltr' id='par_1_15' title="bbox 426 1660 1992 1738">
     <span class='ocr_line' id='line_1_15' title="bbox 426 1660 1992 1738; baseline 0.01 -26"><span class='ocrx_word' id='word_1_159' title='bbox 426 1660 642 1724; x_wconf 81' lang='lat' dir='ltr'><strong>Filium,</strong></span> <span class='ocrx_word' id='word_1_160' title='bbox 699 1678 821 1732; x_wconf 84' lang='lat' dir='ltr'><strong>quae</strong></span> <span class='ocrx_word' id='word_1_161' title='bbox 855 1665 1015 1720; x_wconf 83' lang='lat' dir='ltr'><strong>habet</strong></span> <span class='ocrx_word' id='word_1_162' title='bbox 1050 1665 1231 1730; x_wconf 89' lang='lat' dir='ltr'><strong>Pater,</strong></span> <span class='ocrx_word' id='word_1_163' title='bbox 1283 1679 1479 1736; x_wconf 67' lang='lat' dir='ltr'><strong>praster</strong></span> <span class='ocrx_word' id='word_1_164' title='bbox 1530 1673 1729 1738; x_wconf 87' lang='lat' dir='ltr'><strong>solum,</strong></span> <span class='ocrx_word' id='word_1_165' title='bbox 1779 1672 1992 1730; x_wconf 84' lang='lat' dir='ltr'><strong>Patrem</strong></span> 
     </span>
    </p>
   </div>
   <div class='ocr_carea' id='block_1_16' title="bbox 423 1753 1997 1831">
    <p class='ocr_par' dir='ltr' id='par_1_16' title="bbox 423 1753 1997 1831">
     <span class='ocr_line' id='line_1_16' title="bbox 423 1753 1997 1831; baseline 0.011 -26"><span class='ocrx_word' id='word_1_166' title='bbox 423 1766 566 1807; x_wconf 85' lang='lat' dir='ltr'><strong>esse.</strong></span> <span class='ocrx_word' id='word_1_167' title='bbox 598 1753 700 1808; x_wconf 88' lang='lat' dir='ltr'><strong>Sed</strong></span> <span class='ocrx_word' id='word_1_168' title='bbox 735 1766 788 1810; x_wconf 90' lang='lat' dir='ltr'><strong>et</strong></span> <span class='ocrx_word' id='word_1_169' title='bbox 820 1757 1089 1813; x_wconf 84' lang='lat' dir='ltr'><strong>rationem</strong></span> <span class='ocrx_word' id='word_1_170' title='bbox 1120 1761 1354 1818; x_wconf 82' lang='lat' dir='ltr'><strong>reddens</strong></span> <span class='ocrx_word' id='word_1_171' title='bbox 1399 1764 1526 1819; x_wconf 81' lang='lat' dir='ltr'><strong>dicti</strong></span> <span class='ocrx_word' id='word_1_172' title='bbox 1559 1767 1666 1831; x_wconf 90' lang='lat' dir='ltr'><strong>sui,</strong></span> <span class='ocrx_word' id='word_1_173' title='bbox 1699 1781 1819 1820; x_wconf 91' lang='lat' dir='ltr'><strong>cum</strong></span> <span class='ocrx_word' id='word_1_174' title='bbox 1850 1767 1997 1823; x_wconf 85' lang='lat' dir='ltr'><strong>diee-</strong></span> 
     </span>
    </p>
   </div>
   <div class='ocr_carea' id='block_1_17' title="bbox 424 1843 1996 1927">
    <p class='ocr_par' dir='ltr' id='par_1_17' title="bbox 424 1843 1996 1927">
     <span class='ocr_line' id='line_1_17' title="bbox 424 1843 1996 1927; baseline 0.013 -31"><span class='ocrx_word' id='word_1_175' title='bbox 424 1854 528 1909; x_wconf 86' lang='lat' dir='ltr'><strong>ret,</strong></span> <span class='ocrx_word' id='word_1_176' title='bbox 585 1843 846 1915; x_wconf 85' lang='lat' dir='ltr'><strong>Spiritum</strong></span> <span class='ocrx_word' id='word_1_177' title='bbox 879 1858 1124 1905; x_wconf 87' lang='lat' dir='ltr'><strong>sauctum</strong></span> <span class='ocrx_word' id='word_1_178' title='bbox 1182 1851 1304 1907; x_wconf 87' lang='lat' dir='ltr'><strong>Filii</strong></span> <span class='ocrx_word' id='word_1_179' title='bbox 1352 1870 1491 1920; x_wconf 83' lang='lat' dir='ltr'><strong>esse,</strong></span> <span class='ocrx_word' id='word_1_180' title='bbox 1527 1858 1668 1912; x_wconf 88' lang='lat' dir='ltr'><strong>sicut</strong></span> <span class='ocrx_word' id='word_1_181' title='bbox 1712 1867 1767 1913; x_wconf 89' lang='lat' dir='ltr'><strong>et</strong></span> <span class='ocrx_word' id='word_1_182' title='bbox 1799 1859 1996 1927; x_wconf 83' lang='lat' dir='ltr'><strong>Patris,</strong></span> 
     </span>
    </p>
   </div>
   <div class='ocr_carea' id='block_1_18' title="bbox 427 1940 2001 2019">
    <p class='ocr_par' dir='ltr' id='par_1_18' title="bbox 427 1940 2001 2019">
     <span class='ocr_line' id='line_1_18' title="bbox 427 1940 2001 2019; baseline 0.014 -30"><span class='ocrx_word' id='word_1_183' title='bbox 427 1951 604 2006; x_wconf 87' lang='lat' dir='ltr'><strong>neque</strong></span> <span class='ocrx_word' id='word_1_184' title='bbox 656 1940 799 1992; x_wconf 90' lang='lat' dir='ltr'><strong>enim</strong></span> <span class='ocrx_word' id='word_1_185' title='bbox 859 1955 983 1996; x_wconf 90' lang='lat' dir='ltr'><strong>esse</strong></span> <span class='ocrx_word' id='word_1_186' title='bbox 1042 1944 1110 1997; x_wconf 89' lang='lat' dir='ltr'><strong>ab</strong></span> <span class='ocrx_word' id='word_1_187' title='bbox 1167 1958 1233 1998; x_wconf 89' lang='lat' dir='ltr'><strong>eo</strong></span> <span class='ocrx_word' id='word_1_188' title='bbox 1285 1947 1544 2013; x_wconf 84' lang='lat' dir='ltr'><strong>alienum,</strong></span> <span class='ocrx_word' id='word_1_189' title='bbox 1601 1951 1728 2019; x_wconf 88' lang='lat' dir='ltr'><strong>quia</strong></span> <span class='ocrx_word' id='word_1_190' title='bbox 1787 1953 2001 2011; x_wconf 86' lang='lat' dir='ltr'><strong>scilicet</strong></span> 
     </span>
    </p>
   </div>
   <div class='ocr_carea' id='block_1_19' title="bbox 426 2027 1999 2112">
    <p class='ocr_par' dir='ltr' id='par_1_19' title="bbox 426 2027 1999 2112">
     <span class='ocr_line' id='line_1_19' title="bbox 426 2027 1999 2112; baseline 0.011 -30"><span class='ocrx_word' id='word_1_191' title='bbox 426 2027 607 2084; x_wconf 83' lang='lat' dir='ltr'><strong>Patris</strong></span> <span class='ocrx_word' id='word_1_192' title='bbox 636 2033 817 2086; x_wconf 87' lang='lat' dir='ltr'><strong>omnia</strong></span> <span class='ocrx_word' id='word_1_193' title='bbox 854 2047 976 2088; x_wconf 89' lang='lat' dir='ltr'><strong>cum</strong></span> <span class='ocrx_word' id='word_1_194' title='bbox 1023 2033 1183 2090; x_wconf 85' lang='lat' dir='ltr'><strong>Patre</strong></span> <span class='ocrx_word' id='word_1_195' title='bbox 1230 2037 1498 2093; x_wconf 86' lang='lat' dir='ltr'><strong>haberet:</strong></span> <span class='ocrx_word' id='word_1_196' title='bbox 1543 2041 1744 2112; x_wconf 87' lang='lat' dir='ltr'><strong>quippe</strong></span> <span class='ocrx_word' id='word_1_197' title='bbox 1773 2053 1999 2098; x_wconf 88' lang='lat' dir='ltr'><strong>natura-</strong></span> 
     </span>
    </p>
   </div>
   <div class='ocr_carea' id='block_1_20' title="bbox 425 2121 1998 2202">
    <p class='ocr_par' dir='ltr' id='par_1_20' title="bbox 425 2121 1998 2202">
     <span class='ocr_line' id='line_1_20' title="bbox 425 2121 1998 2202; baseline 0.013 -30"><span class='ocrx_word' id='word_1_198' title='bbox 425 2121 558 2172; x_wconf 79' lang='lat' dir='ltr'><strong>lium</strong></span> <span class='ocrx_word' id='word_1_199' title='bbox 588 2123 682 2176; x_wconf 89' lang='lat' dir='ltr'><strong>Dei</strong></span> <span class='ocrx_word' id='word_1_200' title='bbox 737 2136 792 2178; x_wconf 90' lang='lat' dir='ltr'><strong>et</strong></span> <span class='ocrx_word' id='word_1_201' title='bbox 828 2123 1006 2180; x_wconf 85' lang='lat' dir='ltr'><strong>Patris</strong></span> <span class='ocrx_word' id='word_1_202' title='bbox 1040 2126 1304 2182; x_wconf 73' lang='lat' dir='ltr'><strong>[umorum</strong></span> <span class='ocrx_word' id='word_1_203' title='bbox 1351 2130 1522 2185; x_wconf 64' lang='lat' dir='ltr'><strong>horres</strong></span> <span class='ocrx_word' id='word_1_204' title='bbox 1556 2130 1726 2187; x_wconf 83' lang='lat' dir='ltr'><strong>Filius</strong></span> <span class='ocrx_word' id='word_1_205' title='bbox 1754 2149 1876 2188; x_wconf 90' lang='lat' dir='ltr'><strong>cum</strong></span> <span class='ocrx_word' id='word_1_206' title='bbox 1905 2137 1998 2202; x_wconf 87' lang='lat' dir='ltr'><strong>sit,</strong></span> 
     </span>
    </p>
   </div>
   <div class='ocr_carea' id='block_1_21' title="bbox 432 2208 2000 2293">
    <p class='ocr_par' dir='ltr' id='par_1_21' title="bbox 432 2208 2000 2293">
     <span class='ocr_line' id='line_1_21' title="bbox 432 2208 2000 2293; baseline 0.014 -33"><span class='ocrx_word' id='word_1_207' title='bbox 432 2208 593 2263; x_wconf 88' lang='lat' dir='ltr'><strong>habet</strong></span> <span class='ocrx_word' id='word_1_208' title='bbox 620 2217 674 2266; x_wconf 88' lang='lat' dir='ltr'><strong>et</strong></span> <span class='ocrx_word' id='word_1_209' title='bbox 721 2213 1008 2283; x_wconf 87' lang='lat' dir='ltr'><strong>Spiritum,</strong></span> <span class='ocrx_word' id='word_1_210' title='bbox 1071 2218 1524 2284; x_wconf 84' lang='lat' dir='ltr'><strong>quemadmodum</strong></span> <span class='ocrx_word' id='word_1_211' title='bbox 1557 2230 1611 2276; x_wconf 90' lang='lat' dir='ltr'><strong>et</strong></span> <span class='ocrx_word' id='word_1_212' title='bbox 1640 2223 1693 2277; x_wconf 90' lang='lat' dir='ltr'><strong>in</strong></span> <span class='ocrx_word' id='word_1_213' title='bbox 1740 2225 1857 2293; x_wconf 84' lang='lat' dir='ltr'><strong>ipso</strong></span> <span class='ocrx_word' id='word_1_214' title='bbox 1890 2226 2000 2282; x_wconf 91' lang='lat' dir='ltr'><strong>Deo</strong></span> 
     </span>
    </p>
   </div>
   <div class='ocr_carea' id='block_1_22' title="bbox 425 2301 2000 2382">
    <p class='ocr_par' dir='ltr' id='par_1_22' title="bbox 425 2301 2000 2382">
     <span class='ocr_line' id='line_1_22' title="bbox 425 2301 2000 2382; baseline 0.013 -29"><span class='ocrx_word' id='word_1_215' title='bbox 425 2310 480 2354; x_wconf 94' lang='lat' dir='ltr'><strong>et</strong></span> <span class='ocrx_word' id='word_1_216' title='bbox 515 2301 672 2357; x_wconf 82' lang='lat' dir='ltr'><strong>Patre</strong></span> <span class='ocrx_word' id='word_1_217' title='bbox 708 2304 1050 2375; x_wconf 75' lang='lat' dir='ltr'><strong>intelligitur,</strong></span> <span class='ocrx_word' id='word_1_218' title='bbox 1079 2318 1274 2377; x_wconf 61' lang='lat' dir='ltr'><strong>praeter</strong></span> <span class='ocrx_word' id='word_1_219' title='bbox 1312 2308 1488 2366; x_wconf 90' lang='lat' dir='ltr'><strong>solum</strong></span> <span class='ocrx_word' id='word_1_220' title='bbox 1516 2311 1729 2368; x_wconf 86' lang='lat' dir='ltr'><strong>Patrem</strong></span> <span class='ocrx_word' id='word_1_221' title='bbox 1762 2328 1906 2382; x_wconf 87' lang='lat' dir='ltr'><strong>esse,</strong></span> <span class='ocrx_word' id='word_1_222' title='bbox 1941 2327 2000 2372; x_wconf 91' lang='lat' dir='ltr'><strong>ut</strong></span> 
     </span>
    </p>
   </div>
   <div class='ocr_carea' id='block_1_23' title="bbox 426 2393 2000 2479">
    <p class='ocr_par' dir='ltr' id='par_1_23' title="bbox 426 2393 2000 2479">
     <span class='ocr_line' id='line_1_23' title="bbox 426 2393 2000 2479; baseline 0.012 -34"><span class='ocrx_word' id='word_1_223' title='bbox 426 2393 537 2448; x_wconf 90' lang='lat' dir='ltr'><strong>alio</strong></span> <span class='ocrx_word' id='word_1_224' title='bbox 565 2397 616 2448; x_wconf 89' lang='lat' dir='ltr'><strong>in</strong></span> <span class='ocrx_word' id='word_1_225' title='bbox 650 2395 770 2451; x_wconf 87' lang='lat' dir='ltr'><strong>loco</strong></span> <span class='ocrx_word' id='word_1_226' title='bbox 809 2399 905 2464; x_wconf 86' lang='lat' dir='ltr'><strong>ait,</strong></span> <span class='ocrx_word' id='word_1_227' title='bbox 941 2402 1182 2455; x_wconf 87' lang='lat' dir='ltr'><strong>ostendit</strong></span> <span class='ocrx_word' id='word_1_228' title='bbox 1213 2417 1272 2457; x_wconf 86' lang='lat' dir='ltr'><strong>se</strong></span> <span class='ocrx_word' id='word_1_229' title='bbox 1305 2405 1478 2475; x_wconf 84' lang='lat' dir='ltr'><strong>magis</strong></span> <span class='ocrx_word' id='word_1_230' title='bbox 1514 2421 1852 2472; x_wconf 86' lang='lat' dir='ltr'><strong>asseverare,</strong></span> <span class='ocrx_word' id='word_1_231' title='bbox 1879 2425 2000 2479; x_wconf 76' lang='lat' dir='ltr'><strong>qnze</strong></span> 
     </span>
    </p>
   </div>
   <div class='ocr_carea' id='block_1_24' title="bbox 427 2484 2002 2571">
    <p class='ocr_par' dir='ltr' id='par_1_24' title="bbox 427 2484 2002 2571">
     <span class='ocr_line' id='line_1_24' title="bbox 427 2484 2002 2571; baseline 0.012 -34"><span class='ocrx_word' id='word_1_232' title='bbox 427 2484 484 2538; x_wconf 90' lang='lat' dir='ltr'><strong>in</strong></span> <span class='ocrx_word' id='word_1_233' title='bbox 517 2500 657 2542; x_wconf 86' lang='lat' dir='ltr'><strong>novo</strong></span> <span class='ocrx_word' id='word_1_234' title='bbox 706 2489 949 2558; x_wconf 89' lang='lat' dir='ltr'><strong>capitulo</strong></span> <span class='ocrx_word' id='word_1_235' title='bbox 995 2492 1227 2558; x_wconf 79' lang='lat' dir='ltr'><strong>dixerat,</strong></span> <span class='ocrx_word' id='word_1_236' title='bbox 1277 2509 1440 2563; x_wconf 91' lang='lat' dir='ltr'><strong>quam</strong></span> <span class='ocrx_word' id='word_1_237' title='bbox 1477 2497 1766 2565; x_wconf 65' lang='lat' dir='ltr'><strong>abnegare,</strong></span> <span class='ocrx_word' id='word_1_238' title='bbox 1825 2517 2002 2571; x_wconf 87' lang='lat' dir='ltr'><strong>neque</strong></span> 
     </span>
    </p>
   </div>
   <div class='ocr_carea' id='block_1_25' title="bbox 429 2571 2002 2657">
    <p class='ocr_par' dir='ltr' id='par_1_25' title="bbox 429 2571 2002 2657">
     <span class='ocr_line' id='line_1_25' title="bbox 429 2571 2002 2657; baseline 0.014 -32"><span class='ocrx_word' id='word_1_239' title='bbox 429 2571 743 2632; x_wconf 75' lang='lat' dir='ltr'><strong>Theodoriti</strong></span> <span class='ocrx_word' id='word_1_240' title='bbox 771 2579 1082 2646; x_wconf 87' lang='lat' dir='ltr'><strong>opinionem</strong></span> <span class='ocrx_word' id='word_1_241' title='bbox 1111 2584 1335 2640; x_wconf 91' lang='lat' dir='ltr'><strong>omnino</strong></span> <span class='ocrx_word' id='word_1_242' title='bbox 1361 2587 1660 2657; x_wconf 87' lang='lat' dir='ltr'><strong>suscipere,</strong></span> <span class='ocrx_word' id='word_1_243' title='bbox 1685 2596 1744 2643; x_wconf 88' lang='lat' dir='ltr'><strong>ut</strong></span> <span class='ocrx_word' id='word_1_244' title='bbox 1766 2592 2002 2647; x_wconf 80' lang='lat' dir='ltr'><strong>maxime</strong></span> 
     </span>
    </p>
   </div>
   <div class='ocr_carea' id='block_1_26' title="bbox 425 2669 819 2735">
    <p class='ocr_par' dir='ltr' id='par_1_26' title="bbox 425 2669 819 2735">
     <span class='ocr_line' id='line_1_26' title="bbox 425 2669 819 2735; baseline 0.023 -19"><span class='ocrx_word' id='word_1_245' title='bbox 425 2669 819 2735; x_wconf 84' lang='lat' dir='ltr'><strong>perniciosam.</strong></span> 
     </span>
    </p>
   </div>
   <div class='ocr_carea' id='block_1_27' title="bbox 501 2756 2002 2837">
    <p class='ocr_par' dir='ltr' id='par_1_27' title="bbox 501 2756 2002 2837">
     <span class='ocr_line' id='line_1_27' title="bbox 501 2756 2002 2837; baseline 0.013 -28"><span class='ocrx_word' id='word_1_246' title='bbox 501 2756 596 2811; x_wconf 85' lang='lat' dir='ltr'><strong>Est</strong></span> <span class='ocrx_word' id='word_1_247' title='bbox 627 2773 757 2827; x_wconf 78' lang='lat' dir='ltr'><strong>ergo</strong></span> <span class='ocrx_word' id='word_1_248' title='bbox 791 2761 1071 2831; x_wconf 74' lang='lat' dir='ltr'><strong>indignum</strong></span> <span class='ocrx_word' id='word_1_249' title='bbox 1106 2777 1240 2819; x_wconf 86' lang='lat' dir='ltr'><strong>sane</strong></span> <span class='ocrx_word' id='word_1_250' title='bbox 1279 2775 1332 2819; x_wconf 91' lang='lat' dir='ltr'><strong>et</strong></span> <span class='ocrx_word' id='word_1_251' title='bbox 1355 2765 1787 2837; x_wconf 88' lang='lat' dir='ltr'><strong>iniquissimum,</strong></span> <span class='ocrx_word' id='word_1_252' title='bbox 1819 2773 2002 2828; x_wconf 55' lang='lat' dir='ltr'><strong>Theo-</strong></span> 
     </span>
    </p>
   </div>
   <div class='ocr_carea' id='block_1_28' title="bbox 432 2849 2005 2935">
    <p class='ocr_par' dir='ltr' id='par_1_28' title="bbox 432 2849 2005 2935">
     <span class='ocr_line' id='line_1_28' title="bbox 432 2849 2005 2935; baseline 0.014 -32"><span class='ocrx_word' id='word_1_253' title='bbox 432 2849 595 2904; x_wconf 84' lang='lat' dir='ltr'><strong>doriti</strong></span> <span class='ocrx_word' id='word_1_254' title='bbox 627 2851 873 2921; x_wconf 83' lang='lat' dir='ltr'><strong>proferre</strong></span> <span class='ocrx_word' id='word_1_255' title='bbox 903 2856 1162 2924; x_wconf 88' lang='lat' dir='ltr'><strong>capitula,</strong></span> <span class='ocrx_word' id='word_1_256' title='bbox 1195 2873 1316 2926; x_wconf 65' lang='lat' dir='ltr'><strong>quae</strong></span> <span class='ocrx_word' id='word_1_257' title='bbox 1360 2860 1620 2916; x_wconf 83' lang='lat' dir='ltr'><strong>oblivioni</strong></span> <span class='ocrx_word' id='word_1_258' title='bbox 1653 2875 1926 2935; x_wconf 83' lang='lat' dir='ltr'><strong>perpetuae</strong></span> <span class='ocrx_word' id='word_1_259' title='bbox 1950 2879 2005 2924; x_wconf 89' lang='lat' dir='ltr'><strong>et</strong></span> 
     </span>
    </p>
   </div>
   <div class='ocr_carea' id='block_1_29' title="bbox 433 2943 2004 3029">
    <p class='ocr_par' dir='ltr' id='par_1_29' title="bbox 433 2943 2004 3029">
     <span class='ocr_line' id='line_1_29' title="bbox 433 2943 2004 3029; baseline 0.013 -32"><span class='ocrx_word' id='word_1_260' title='bbox 433 2943 701 2999; x_wconf 87' lang='lat' dir='ltr'><strong>oblationi</strong></span> <span class='ocrx_word' id='word_1_261' title='bbox 741 2946 1000 3002; x_wconf 88' lang='lat' dir='ltr'><strong>tradenda</strong></span> <span class='ocrx_word' id='word_1_262' title='bbox 1035 2956 1142 3003; x_wconf 89' lang='lat' dir='ltr'><strong>tota</strong></span> <span class='ocrx_word' id='word_1_263' title='bbox 1186 2950 1431 3020; x_wconf 81' lang='lat' dir='ltr'><strong>synodus</strong></span> <span class='ocrx_word' id='word_1_264' title='bbox 1461 2955 1662 3018; x_wconf 85' lang='lat' dir='ltr'><strong>sanxit,</strong></span> <span class='ocrx_word' id='word_1_265' title='bbox 1711 2957 1906 3029; x_wconf 86' lang='lat' dir='ltr'><strong>hisque</strong></span> <span class='ocrx_word' id='word_1_266' title='bbox 1935 2962 2004 3018; x_wconf 90' lang='lat' dir='ltr'><strong>de</strong></span> 
     </span>
    </p>
   </div>
   <div class='ocr_carea' id='block_1_30' title="bbox 436 3036 2001 3120">
    <p class='ocr_par' dir='ltr' id='par_1_30' title="bbox 436 3036 2001 3120">
     <span class='ocr_line' id='line_1_30' title="bbox 436 3036 2001 3120; baseline 0.012 -30"><span class='ocrx_word' id='word_1_267' title='bbox 436 3037 578 3090; x_wconf 88' lang='lat' dir='ltr'><strong>beati</strong></span> <span class='ocrx_word' id='word_1_268' title='bbox 609 3036 795 3108; x_wconf 85' lang='lat' dir='ltr'><strong>Cyrilli</strong></span> <span class='ocrx_word' id='word_1_269' title='bbox 843 3050 1022 3094; x_wconf 87' lang='lat' dir='ltr'><strong>mente</strong></span> <span class='ocrx_word' id='word_1_270' title='bbox 1051 3042 1318 3098; x_wconf 88' lang='lat' dir='ltr'><strong>indicare.</strong></span> <span class='ocrx_word' id='word_1_271' title='bbox 1350 3045 1539 3102; x_wconf 89' lang='lat' dir='ltr'><strong>Potius</strong></span> <span class='ocrx_word' id='word_1_272' title='bbox 1566 3059 1746 3104; x_wconf 87' lang='lat' dir='ltr'><strong>autem</strong></span> <span class='ocrx_word' id='word_1_273' title='bbox 1793 3041 1857 3106; x_wconf 79' lang='lat' dir='ltr'><strong>ex</strong></span> <span class='ocrx_word' id='word_1_274' title='bbox 1893 3053 2001 3120; x_wconf 87' lang='lat' dir='ltr'><strong>his,</strong></span> 
     </span>
    </p>
   </div>
   <div class='ocr_carea' id='block_1_31' title="bbox 2088 1118 3006 1188">
    <p class='ocr_par' dir='ltr' id='par_1_31' title="bbox 2088 1118 3006 1188">
     <span class='ocr_line' id='line_1_31' title="bbox 2088 1118 3006 1188; baseline -0.004 -14"><span class='ocrx_word' id='word_1_275' title='bbox 2088 1119 2295 1174; x_wconf 88' lang='lat' dir='ltr'><strong>salibus</strong></span> <span class='ocrx_word' id='word_1_276' title='bbox 2324 1119 2545 1188; x_wconf 86' lang='lat' dir='ltr'><strong>synodis</strong></span> <span class='ocrx_word' id='word_1_277' title='bbox 2567 1118 2823 1171; x_wconf 86' lang='lat' dir='ltr'><strong>damnata</strong></span> <span class='ocrx_word' id='word_1_278' title='bbox 2856 1125 3006 1170; x_wconf 87' lang='lat' dir='ltr'><strong>sunt.</strong></span> 
     </span>
    </p>
   </div>
   <div class='ocr_carea' id='block_1_32' title="bbox 2158 1204 3691 1278">
    <p class='ocr_par' dir='ltr' id='par_1_32' title="bbox 2158 1204 3691 1278">
     <span class='ocr_line' id='line_1_32' title="bbox 2158 1204 3691 1278; baseline -0.004 -16"><span class='ocrx_word' id='word_1_279' title='bbox 2158 1207 2352 1278; x_wconf 88' lang='lat' dir='ltr'><strong>Liquet</strong></span> <span class='ocrx_word' id='word_1_280' title='bbox 2393 1217 2571 1262; x_wconf 88' lang='lat' dir='ltr'><strong>autem</strong></span> <span class='ocrx_word' id='word_1_281' title='bbox 2597 1218 2650 1263; x_wconf 86' lang='lat' dir='ltr'><strong>et</strong></span> <span class='ocrx_word' id='word_1_282' title='bbox 2681 1208 2732 1261; x_wconf 89' lang='lat' dir='ltr'><strong>id</strong></span> <span class='ocrx_word' id='word_1_283' title='bbox 2783 1207 2926 1275; x_wconf 90' lang='lat' dir='ltr'><strong>quod</strong></span> <span class='ocrx_word' id='word_1_284' title='bbox 2955 1207 3165 1275; x_wconf 88' lang='lat' dir='ltr'><strong>opinari</strong></span> <span class='ocrx_word' id='word_1_285' title='bbox 3203 1219 3373 1277; x_wconf 88' lang='lat' dir='ltr'><strong>neque</strong></span> <span class='ocrx_word' id='word_1_286' title='bbox 3401 1222 3466 1263; x_wconf 90' lang='lat' dir='ltr'><strong>ex</strong></span> <span class='ocrx_word' id='word_1_287' title='bbox 3506 1204 3691 1268; x_wconf 82' lang='lat' dir='ltr'><strong>Fitio,</strong></span> 
     </span>
    </p>
   </div>
   <div class='ocr_carea' id='block_1_33' title="bbox 2089 1297 3698 1369">
    <p class='ocr_par' dir='ltr' id='par_1_33' title="bbox 2089 1297 3698 1369">
     <span class='ocr_line' id='line_1_33' title="bbox 2089 1297 3698 1369; baseline -0.004 -15"><span class='ocrx_word' id='word_1_288' title='bbox 2089 1313 2264 1369; x_wconf 86' lang='lat' dir='ltr'><strong>neque</strong></span> <span class='ocrx_word' id='word_1_289' title='bbox 2283 1314 2377 1369; x_wconf 92' lang='lat' dir='ltr'><strong>per</strong></span> <span class='ocrx_word' id='word_1_290' title='bbox 2402 1297 2594 1352; x_wconf 85' lang='lat' dir='ltr'><strong>Filium</strong></span> <span class='ocrx_word' id='word_1_291' title='bbox 2625 1299 2888 1367; x_wconf 85' lang='lat' dir='ltr'><strong>Spiritum</strong></span> <span class='ocrx_word' id='word_1_292' title='bbox 2916 1307 3163 1353; x_wconf 80' lang='lat' dir='ltr'><strong>sanctum</strong></span> <span class='ocrx_word' id='word_1_293' title='bbox 3189 1299 3389 1354; x_wconf 88' lang='lat' dir='ltr'><strong>habere</strong></span> <span class='ocrx_word' id='word_1_294' title='bbox 3411 1299 3698 1353; x_wconf 84' lang='lat' dir='ltr'><strong>substan-</strong></span> 
     </span>
    </p>
   </div>
   <div class='ocr_carea' id='block_1_34' title="bbox 2093 1387 3683 1457">
    <p class='ocr_par' dir='ltr' id='par_1_34' title="bbox 2093 1387 3683 1457">
     <span class='ocr_line' id='line_1_34' title="bbox 2093 1387 3683 1457; baseline -0.001 -15"><span class='ocrx_word' id='word_1_295' title='bbox 2093 1388 2246 1455; x_wconf 84' lang='lat' dir='ltr'><strong>tiam,</strong></span> <span class='ocrx_word' id='word_1_296' title='bbox 2276 1387 2460 1457; x_wconf 89' lang='lat' dir='ltr'><strong>opinio</strong></span> <span class='ocrx_word' id='word_1_297' title='bbox 2490 1388 2724 1442; x_wconf 82' lang='lat' dir='ltr'><strong>Nestorii</strong></span> <span class='ocrx_word' id='word_1_298' title='bbox 2765 1399 2888 1452; x_wconf 86' lang='lat' dir='ltr'><strong>est;</strong></span> <span class='ocrx_word' id='word_1_299' title='bbox 2925 1389 3012 1442; x_wconf 89' lang='lat' dir='ltr'><strong>cui</strong></span> <span class='ocrx_word' id='word_1_300' title='bbox 3048 1389 3412 1444; x_wconf 85' lang='lat' dir='ltr'><strong>Theodoritus</strong></span> <span class='ocrx_word' id='word_1_301' title='bbox 3432 1405 3683 1443; x_wconf 87' lang='lat' dir='ltr'><strong>consors</strong></span> 
     </span>
    </p>
   </div>
   <div class='ocr_carea' id='block_1_35' title="bbox 2095 1478 3689 1549">
    <p class='ocr_par' dir='ltr' id='par_1_35' title="bbox 2095 1478 3689 1549">
     <span class='ocr_line' id='line_1_35' title="bbox 2095 1478 3689 1549; baseline 0 -17"><span class='ocrx_word' id='word_1_302' title='bbox 2095 1478 2217 1542; x_wconf 83' lang='lat' dir='ltr'><strong>iuit,</strong></span> <span class='ocrx_word' id='word_1_303' title='bbox 2245 1487 2302 1531; x_wconf 92' lang='lat' dir='ltr'><strong>ut</strong></span> <span class='ocrx_word' id='word_1_304' title='bbox 2330 1495 2418 1534; x_wconf 88' lang='lat' dir='ltr'><strong>res</strong></span> <span class='ocrx_word' id='word_1_305' title='bbox 2448 1479 2575 1547; x_wconf 68' lang='lat' dir='ltr'><strong>ipsa:</strong></span> <span class='ocrx_word' id='word_1_306' title='bbox 2602 1487 2890 1534; x_wconf 84' lang='lat' dir='ltr'><strong>testantur.</strong></span> <span class='ocrx_word' id='word_1_307' title='bbox 2927 1478 2997 1534; x_wconf 82' lang='lat' dir='ltr'><strong>Et</strong></span> <span class='ocrx_word' id='word_1_308' title='bbox 3024 1480 3138 1549; x_wconf 88' lang='lat' dir='ltr'><strong>ipse</strong></span> <span class='ocrx_word' id='word_1_309' title='bbox 3169 1491 3348 1533; x_wconf 83' lang='lat' dir='ltr'><strong>autem</strong></span> <span class='ocrx_word' id='word_1_310' title='bbox 3383 1479 3689 1535; x_wconf 83' lang='lat' dir='ltr'><strong>Nestorius</strong></span> 
     </span>
    </p>
   </div>
   <div class='ocr_carea' id='block_1_36' title="bbox 2095 1570 3697 1641">
    <p class='ocr_par' dir='ltr' id='par_1_36' title="bbox 2095 1570 3697 1641">
     <span class='ocr_line' id='line_1_36' title="bbox 2095 1570 3697 1641; baseline 0.002 -17"><span class='ocrx_word' id='word_1_311' title='bbox 2095 1571 2149 1624; x_wconf 92' lang='lat' dir='ltr'><strong>in</strong></span> <span class='ocrx_word' id='word_1_312' title='bbox 2170 1570 2415 1640; x_wconf 85' lang='lat' dir='ltr'><strong>symbolo</strong></span> <span class='ocrx_word' id='word_1_313' title='bbox 2439 1570 2561 1624; x_wconf 81' lang='lat' dir='ltr'><strong>ﬁdei</strong></span> <span class='ocrx_word' id='word_1_314' title='bbox 2593 1572 2793 1641; x_wconf 70' lang='lat' dir='ltr'><strong>suasita</strong></span> <span class='ocrx_word' id='word_1_315' title='bbox 2819 1571 3213 1640; x_wconf 78' lang='lat' dir='ltr'><strong>pronuntiavit.</strong></span> <span class='ocrx_word' id='word_1_316' title='bbox 3253 1570 3406 1637; x_wconf 86' lang='lat' dir='ltr'><strong>Quod</strong></span> <span class='ocrx_word' id='word_1_317' title='bbox 3439 1574 3483 1628; x_wconf 88' lang='lat' dir='ltr'><strong>si</strong></span> <span class='ocrx_word' id='word_1_318' title='bbox 3511 1573 3697 1641; x_wconf 78' lang='lat' dir='ltr'><strong>hujus</strong></span> 
     </span>
    </p>
   </div>
   <div class='ocr_carea' id='block_1_37' title="bbox 2095 1640 3698 1732">
    <p class='ocr_par' dir='ltr' id='par_1_37' title="bbox 2095 1640 3698 1732">
     <span class='ocr_line' id='line_1_37' title="bbox 2095 1640 3698 1732; baseline 0.004 -22"><span class='ocrx_word' id='word_1_319' title='bbox 2095 1671 2256 1711; x_wconf 78' lang='lat' dir='ltr'><strong>causa</strong></span> <span class='ocrx_word' id='word_1_320' title='bbox 2296 1668 2485 1724; x_wconf 84' lang='lat' dir='ltr'><strong>aperte</strong></span> <span class='ocrx_word' id='word_1_321' title='bbox 2508 1669 2612 1713; x_wconf 89' lang='lat' dir='ltr'><strong>non</strong></span> <span class='ocrx_word' id='word_1_322' title='bbox 2650 1640 3014 1726; x_wconf 76' lang='lat' dir='ltr'><strong>insimulatur,</strong></span> <span class='ocrx_word' id='word_1_323' title='bbox 3048 1675 3153 1715; x_wconf 88' lang='lat' dir='ltr'><strong>non</strong></span> <span class='ocrx_word' id='word_1_324' title='bbox 3187 1661 3240 1716; x_wconf 92' lang='lat' dir='ltr'><strong>id</strong></span> <span class='ocrx_word' id='word_1_325' title='bbox 3271 1670 3399 1715; x_wconf 81' lang='lat' dir='ltr'><strong>tunc</strong></span> <span class='ocrx_word' id='word_1_326' title='bbox 3435 1675 3554 1716; x_wconf 85' lang='lat' dir='ltr'><strong>erat</strong></span> <span class='ocrx_word' id='word_1_327' title='bbox 3585 1640 3698 1732; x_wconf 79' lang='lat' dir='ltr'><strong>sy—</strong></span> 
     </span>
    </p>
   </div>
   <div class='ocr_carea' id='block_1_38' title="bbox 2100 1752 3700 1823">
    <p class='ocr_par' dir='ltr' id='par_1_38' title="bbox 2100 1752 3700 1823">
     <span class='ocr_line' id='line_1_38' title="bbox 2100 1752 3700 1823; baseline 0.001 -18"><span class='ocrx_word' id='word_1_328' title='bbox 2100 1752 2241 1805; x_wconf 89' lang='lat' dir='ltr'><strong>nodo</strong></span> <span class='ocrx_word' id='word_1_329' title='bbox 2265 1752 2620 1820; x_wconf 70' lang='lat' dir='ltr'><strong>propOSitum,</strong></span> <span class='ocrx_word' id='word_1_330' title='bbox 2645 1767 2818 1820; x_wconf 87' lang='lat' dir='ltr'><strong>neque</strong></span> <span class='ocrx_word' id='word_1_331' title='bbox 2843 1754 2968 1808; x_wconf 86' lang='lat' dir='ltr'><strong>inde</strong></span> <span class='ocrx_word' id='word_1_332' title='bbox 2993 1753 3214 1820; x_wconf 82' lang='lat' dir='ltr'><strong>plurimi</strong></span> <span class='ocrx_word' id='word_1_333' title='bbox 3246 1753 3558 1807; x_wconf 85' lang='lat' dir='ltr'><strong>scandalum</strong></span> <span class='ocrx_word' id='word_1_334' title='bbox 3586 1771 3700 1823; x_wconf 77' lang='lat' dir='ltr'><strong>pa-</strong></span> 
     </span>
    </p>
   </div>
   <div class='ocr_carea' id='block_1_39' title="bbox 2102 1841 3697 1914">
    <p class='ocr_par' dir='ltr' id='par_1_39' title="bbox 2102 1841 3697 1914">
     <span class='ocr_line' id='line_1_39' title="bbox 2102 1841 3697 1914; baseline -0.001 -16"><span class='ocrx_word' id='word_1_335' title='bbox 2102 1843 2399 1906; x_wconf 87' lang='lat' dir='ltr'><strong>tiebantur,</strong></span> <span class='ocrx_word' id='word_1_336' title='bbox 2429 1858 2552 1896; x_wconf 84' lang='lat' dir='ltr'><strong>cum</strong></span> <span class='ocrx_word' id='word_1_337' title='bbox 2584 1857 2614 1896; x_wconf 92' lang='lat' dir='ltr'><strong>a</strong></span> <span class='ocrx_word' id='word_1_338' title='bbox 2647 1841 2894 1910; x_wconf 85' lang='lat' dir='ltr'><strong>plurimis</strong></span> <span class='ocrx_word' id='word_1_339' title='bbox 2921 1859 2988 1897; x_wconf 89' lang='lat' dir='ltr'><strong>ne</strong></span> <span class='ocrx_word' id='word_1_340' title='bbox 3009 1853 3395 1913; x_wconf 80' lang='lat' dir='ltr'><strong>agnosceretur</strong></span> <span class='ocrx_word' id='word_1_341' title='bbox 3429 1844 3697 1914; x_wconf 84' lang='lat' dir='ltr'><strong>quidem,</strong></span> 
     </span>
    </p>
   </div>
   <div class='ocr_carea' id='block_1_40' title="bbox 2099 1932 3697 2003">
    <p class='ocr_par' dir='ltr' id='par_1_40' title="bbox 2099 1932 3697 2003">
     <span class='ocr_line' id='line_1_40' title="bbox 2099 1932 3697 2003; baseline 0 -16"><span class='ocrx_word' id='word_1_342' title='bbox 2099 1945 2276 2002; x_wconf 89' lang='lat' dir='ltr'><strong>neque</strong></span> <span class='ocrx_word' id='word_1_343' title='bbox 2327 1932 2536 1989; x_wconf 87' lang='lat' dir='ltr'><strong>idcirco</strong></span> <span class='ocrx_word' id='word_1_344' title='bbox 2572 1933 2813 2003; x_wconf 75' lang='lat' dir='ltr'><strong>synodus</strong></span> <span class='ocrx_word' id='word_1_345' title='bbox 2867 1933 3094 1988; x_wconf 81' lang='lat' dir='ltr'><strong>collecta</strong></span> <span class='ocrx_word' id='word_1_346' title='bbox 3146 1945 3312 1989; x_wconf 88' lang='lat' dir='ltr'><strong>esset.</strong></span> <span class='ocrx_word' id='word_1_347' title='bbox 3364 1933 3477 1988; x_wconf 85' lang='lat' dir='ltr'><strong>Etsi</strong></span> <span class='ocrx_word' id='word_1_348' title='bbox 3529 1935 3697 1989; x_wconf 88' lang='lat' dir='ltr'><strong>enim</strong></span> 
     </span>
    </p>
   </div>
   <div class='ocr_carea' id='block_1_41' title="bbox 2099 2025 3700 2096">
    <p class='ocr_par' dir='ltr' id='par_1_41' title="bbox 2099 2025 3700 2096">
     <span class='ocr_line' id='line_1_41' title="bbox 2099 2025 3700 2096; baseline 0 -15"><span class='ocrx_word' id='word_1_349' title='bbox 2099 2035 2217 2081; x_wconf 83' lang='lat' dir='ltr'><strong>erat</strong></span> <span class='ocrx_word' id='word_1_350' title='bbox 2255 2033 2538 2094; x_wconf 82' lang='lat' dir='ltr'><strong>peceatum</strong></span> <span class='ocrx_word' id='word_1_351' title='bbox 2576 2041 2641 2080; x_wconf 93' lang='lat' dir='ltr'><strong>ae</strong></span> <span class='ocrx_word' id='word_1_352' title='bbox 2695 2025 3037 2082; x_wconf 79' lang='lat' dir='ltr'><strong>mendacium</strong></span> <span class='ocrx_word' id='word_1_353' title='bbox 3085 2028 3333 2081; x_wconf 87' lang='lat' dir='ltr'><strong>deterius</strong></span> <span class='ocrx_word' id='word_1_354' title='bbox 3374 2036 3430 2082; x_wconf 87' lang='lat' dir='ltr'><strong>et</strong></span> <span class='ocrx_word' id='word_1_355' title='bbox 3479 2028 3700 2096; x_wconf 74' lang='lat' dir='ltr'><strong>majus,</strong></span> 
     </span>
    </p>
   </div>
   <div class='ocr_carea' id='block_1_42' title="bbox 2098 2107 3706 2186">
    <p class='ocr_par' dir='ltr' id='par_1_42' title="bbox 2098 2107 3706 2186">
     <span class='ocr_line' id='line_1_42' title="bbox 2098 2107 3706 2186; baseline 0.001 -16"><span class='ocrx_word' id='word_1_356' title='bbox 2098 2117 2247 2170; x_wconf 85' lang='lat' dir='ltr'><strong>circa</strong></span> <span class='ocrx_word' id='word_1_357' title='bbox 2277 2107 2641 2178; x_wconf 78' lang='lat' dir='ltr'><strong>divinitatem,</strong></span> <span class='ocrx_word' id='word_1_358' title='bbox 2674 2132 2838 2185; x_wconf 86' lang='lat' dir='ltr'><strong>quam</strong></span> <span class='ocrx_word' id='word_1_359' title='bbox 2871 2118 3015 2172; x_wconf 89' lang='lat' dir='ltr'><strong>circa</strong></span> <span class='ocrx_word' id='word_1_360' title='bbox 3061 2119 3416 2172; x_wconf 86' lang='lat' dir='ltr'><strong>immanitatis</strong></span> <span class='ocrx_word' id='word_1_361' title='bbox 3462 2119 3706 2186; x_wconf 75' lang='lat' dir='ltr'><strong>dispen-</strong></span> 
     </span>
    </p>
   </div>
   <div class='ocr_carea' id='block_1_43' title="bbox 2098 2206 3706 2275">
    <p class='ocr_par' dir='ltr' id='par_1_43' title="bbox 2098 2206 3706 2275">
     <span class='ocr_line' id='line_1_43' title="bbox 2098 2206 3706 2275; baseline 0.002 -15"><span class='ocrx_word' id='word_1_362' title='bbox 2098 2207 2392 2267; x_wconf 78' lang='lat' dir='ltr'><strong>sationem,</strong></span> <span class='ocrx_word' id='word_1_363' title='bbox 2426 2206 2770 2275; x_wconf 69' lang='lat' dir='ltr'><strong>blasphemim</strong></span> <span class='ocrx_word' id='word_1_364' title='bbox 2793 2206 2946 2261; x_wconf 75' lang='lat' dir='ltr'><strong>frena</strong></span> <span class='ocrx_word' id='word_1_365' title='bbox 2967 2209 3151 2261; x_wconf 83' lang='lat' dir='ltr'><strong>laxare</strong></span> <span class='ocrx_word' id='word_1_366' title='bbox 3174 2225 3191 2274; x_wconf 87' lang='lat'><strong>;</strong></span> <span class='ocrx_word' id='word_1_367' title='bbox 3215 2210 3353 2264; x_wconf 85' lang='lat' dir='ltr'><strong>ratio</strong></span> <span class='ocrx_word' id='word_1_368' title='bbox 3372 2220 3551 2263; x_wconf 79' lang='lat' dir='ltr'><strong>tamen</strong></span> <span class='ocrx_word' id='word_1_369' title='bbox 3607 2210 3706 2263; x_wconf 83' lang='lat' dir='ltr'><strong>i&#39;n-</strong></span> 
     </span>
    </p>
   </div>
   <div class='ocr_carea' id='block_1_44' title="bbox 2101 2298 3700 2368">
    <p class='ocr_par' dir='ltr' id='par_1_44' title="bbox 2101 2298 3700 2368">
     <span class='ocr_line' id='line_1_44' title="bbox 2101 2298 3700 2368; baseline 0.003 -18"><span class='ocrx_word' id='word_1_370' title='bbox 2101 2299 2468 2350; x_wconf 61' lang='lat' dir='ltr'><strong>earnationem</strong></span> <span class='ocrx_word' id='word_1_371' title='bbox 2495 2306 2620 2352; x_wconf 86' lang='lat' dir='ltr'><strong>tunc</strong></span> <span class='ocrx_word' id='word_1_372' title='bbox 2637 2298 2810 2366; x_wconf 85' lang='lat' dir='ltr'><strong>magis</strong></span> <span class='ocrx_word' id='word_1_373' title='bbox 2829 2298 3074 2368; x_wconf 75' lang='lat' dir='ltr'><strong>urgebat.</strong></span> <span class='ocrx_word' id='word_1_374' title='bbox 3099 2298 3512 2355; x_wconf 80' lang='lat' dir='ltr'><strong>Periclitabatur</strong></span> <span class='ocrx_word' id='word_1_375' title='bbox 3537 2301 3700 2354; x_wconf 78' lang='lat' dir='ltr'><strong>enim</strong></span> 
     </span>
    </p>
   </div>
   <div class='ocr_carea' id='block_1_45' title="bbox 2104 2387 3699 2460">
    <p class='ocr_par' dir='ltr' id='par_1_45' title="bbox 2104 2387 3699 2460">
     <span class='ocr_line' id='line_1_45' title="bbox 2104 2387 3699 2460; baseline 0.003 -18"><span class='ocrx_word' id='word_1_376' title='bbox 2104 2397 2231 2442; x_wconf 92' lang='lat' dir='ltr'><strong>tunc</strong></span> <span class='ocrx_word' id='word_1_377' title='bbox 2260 2387 2392 2442; x_wconf 82' lang='lat' dir='ltr'><strong>ﬁdes</strong></span> <span class='ocrx_word' id='word_1_378' title='bbox 2419 2427 2432 2450; x_wconf 95' lang='lat'><strong>,</strong></span> <span class='ocrx_word' id='word_1_379' title='bbox 2463 2403 2585 2443; x_wconf 88' lang='lat' dir='ltr'><strong>cum</strong></span> <span class='ocrx_word' id='word_1_380' title='bbox 2639 2403 2814 2458; x_wconf 86' lang='lat' dir='ltr'><strong>neque</strong></span> <span class='ocrx_word' id='word_1_381' title='bbox 2841 2387 3080 2445; x_wconf 82' lang='lat' dir='ltr'><strong>Verbum</strong></span> <span class='ocrx_word' id='word_1_382' title='bbox 3111 2393 3418 2460; x_wconf 85' lang='lat' dir='ltr'><strong>suscepisse</strong></span> <span class='ocrx_word' id='word_1_383' title='bbox 3441 2406 3699 2457; x_wconf 84' lang='lat' dir='ltr'><strong>carnem,</strong></span> 
     </span>
    </p>
   </div>
   <div class='ocr_carea' id='block_1_46' title="bbox 2103 2479 3705 2553">
    <p class='ocr_par' dir='ltr' id='par_1_46' title="bbox 2103 2479 3705 2553">
     <span class='ocr_line' id='line_1_46' title="bbox 2103 2479 3705 2553; baseline 0.003 -19"><span class='ocrx_word' id='word_1_384' title='bbox 2103 2494 2277 2548; x_wconf 91' lang='lat' dir='ltr'><strong>neque</strong></span> <span class='ocrx_word' id='word_1_385' title='bbox 2307 2480 2472 2535; x_wconf 89' lang='lat' dir='ltr'><strong>Deum</strong></span> <span class='ocrx_word' id='word_1_386' title='bbox 2505 2479 2781 2536; x_wconf 86' lang='lat' dir='ltr'><strong>hominem</strong></span> <span class='ocrx_word' id='word_1_387' title='bbox 2807 2482 3010 2537; x_wconf 79' lang='lat' dir='ltr'><strong>factum</strong></span> <span class='ocrx_word' id='word_1_388' title='bbox 3040 2484 3206 2538; x_wconf 78' lang='lat' dir='ltr'><strong>fuisse</strong></span> <span class='ocrx_word' id='word_1_389' title='bbox 3230 2485 3444 2553; x_wconf 88' lang='lat' dir='ltr'><strong>plurimi</strong></span> <span class='ocrx_word' id='word_1_390' title='bbox 3477 2500 3705 2539; x_wconf 83' lang='lat' dir='ltr'><strong>assere-</strong></span> 
     </span>
    </p>
   </div>
   <div class='ocr_carea' id='block_1_47' title="bbox 2107 2577 3700 2646">
    <p class='ocr_par' dir='ltr' id='par_1_47' title="bbox 2107 2577 3700 2646">
     <span class='ocr_line' id='line_1_47' title="bbox 2107 2577 3700 2646; baseline 0.003 -21"><span class='ocrx_word' id='word_1_391' title='bbox 2107 2580 2246 2636; x_wconf 89' lang='lat' dir='ltr'><strong>rent,</strong></span> <span class='ocrx_word' id='word_1_392' title='bbox 2278 2585 2792 2643; x_wconf 87' lang='lat' dir='ltr'><strong>sacramentumque</strong></span> <span class='ocrx_word' id='word_1_393' title='bbox 2819 2577 3256 2646; x_wconf 87' lang='lat' dir='ltr'><strong>dispensationis,</strong></span> <span class='ocrx_word' id='word_1_394' title='bbox 3294 2577 3344 2630; x_wconf 94' lang='lat' dir='ltr'><strong>in</strong></span> <span class='ocrx_word' id='word_1_395' title='bbox 3377 2592 3485 2645; x_wconf 88' lang='lat' dir='ltr'><strong>quo</strong></span> <span class='ocrx_word' id='word_1_396' title='bbox 3527 2577 3700 2632; x_wconf 79' lang='lat' dir='ltr'><strong>Chri-</strong></span> 
     </span>
    </p>
   </div>
   <div class='ocr_carea' id='block_1_48' title="bbox 2104 2663 3700 2737">
    <p class='ocr_par' dir='ltr' id='par_1_48' title="bbox 2104 2663 3700 2737">
     <span class='ocr_line' id='line_1_48' title="bbox 2104 2663 3700 2737; baseline 0.003 -19"><span class='ocrx_word' id='word_1_397' title='bbox 2104 2665 2404 2720; x_wconf 88' lang='lat' dir='ltr'><strong>stianorum</strong></span> <span class='ocrx_word' id='word_1_398' title='bbox 2433 2663 2579 2720; x_wconf 88' lang='lat' dir='ltr'><strong>salus</strong></span> <span class='ocrx_word' id='word_1_399' title='bbox 2610 2673 2714 2734; x_wconf 88' lang='lat' dir='ltr'><strong>est,</strong></span> <span class='ocrx_word' id='word_1_400' title='bbox 2742 2680 2938 2722; x_wconf 86' lang='lat' dir='ltr'><strong>nomen</strong></span> <span class='ocrx_word' id='word_1_401' title='bbox 2975 2669 3180 2736; x_wconf 78' lang='lat' dir='ltr'><strong>potius,</strong></span> <span class='ocrx_word' id='word_1_402' title='bbox 3234 2683 3398 2737; x_wconf 85' lang='lat' dir='ltr'><strong>quam</strong></span> <span class='ocrx_word' id='word_1_403' title='bbox 3437 2683 3522 2722; x_wconf 83' lang='lat' dir='ltr'><strong>res</strong></span> <span class='ocrx_word' id='word_1_404' title='bbox 3564 2682 3700 2723; x_wconf 89' lang='lat' dir='ltr'><strong>esse</strong></span> 
     </span>
    </p>
   </div>
   <div class='ocr_carea' id='block_1_49' title="bbox 2107 2758 3694 2829">
    <p class='ocr_par' dir='ltr' id='par_1_49' title="bbox 2107 2758 3694 2829">
     <span class='ocr_line' id='line_1_49' title="bbox 2107 2758 3694 2829; baseline 0.003 -19"><span class='ocrx_word' id='word_1_405' title='bbox 2107 2759 2408 2819; x_wconf 86' lang='lat' dir='ltr'><strong>videretur,</strong></span> <span class='ocrx_word' id='word_1_406' title='bbox 2455 2758 2632 2828; x_wconf 89' lang='lat' dir='ltr'><strong>neque</strong></span> <span class='ocrx_word' id='word_1_407' title='bbox 2657 2772 2792 2813; x_wconf 89' lang='lat' dir='ltr'><strong>sane</strong></span> <span class='ocrx_word' id='word_1_408' title='bbox 2841 2769 3206 2829; x_wconf 81' lang='lat' dir='ltr'><strong>Opportunum</strong></span> <span class='ocrx_word' id='word_1_409' title='bbox 3261 2771 3399 2822; x_wconf 82' lang='lat' dir='ltr'><strong>erat.</strong></span> <span class='ocrx_word' id='word_1_410' title='bbox 3446 2761 3694 2825; x_wconf 87' lang='lat' dir='ltr'><strong>omisso,</strong></span> 
     </span>
    </p>
   </div>
   <div class='ocr_carea' id='block_1_50' title="bbox 2107 2850 3700 2922">
    <p class='ocr_par' dir='ltr' id='par_1_50' title="bbox 2107 2850 3700 2922">
     <span class='ocr_line' id='line_1_50' title="bbox 2107 2850 3700 2922; baseline 0.003 -22"><span class='ocrx_word' id='word_1_411' title='bbox 2107 2858 2328 2918; x_wconf 85' lang='lat' dir='ltr'><strong>propter</strong></span> <span class='ocrx_word' id='word_1_412' title='bbox 2345 2850 2488 2919; x_wconf 88' lang='lat' dir='ltr'><strong>quod</strong></span> <span class='ocrx_word' id='word_1_413' title='bbox 2515 2858 2904 2917; x_wconf 81' lang='lat' dir='ltr'><strong>convenerant,</strong></span> <span class='ocrx_word' id='word_1_414' title='bbox 2929 2860 2984 2906; x_wconf 91' lang='lat' dir='ltr'><strong>et</strong></span> <span class='ocrx_word' id='word_1_415' title='bbox 3003 2864 3223 2922; x_wconf 87' lang='lat' dir='ltr'><strong>propter</strong></span> <span class='ocrx_word' id='word_1_416' title='bbox 3248 2854 3386 2921; x_wconf 88' lang='lat' dir='ltr'><strong>quod</strong></span> <span class='ocrx_word' id='word_1_417' title='bbox 3415 2853 3700 2921; x_wconf 82' lang='lat' dir='ltr'><strong>periclita-</strong></span> 
     </span>
    </p>
   </div>
   <div class='ocr_carea' id='block_1_51' title="bbox 2110 2942 3698 3016">
    <p class='ocr_par' dir='ltr' id='par_1_51' title="bbox 2110 2942 3698 3016">
     <span class='ocr_line' id='line_1_51' title="bbox 2110 2942 3698 3016; baseline 0.003 -20"><span class='ocrx_word' id='word_1_418' title='bbox 2110 2946 2269 2998; x_wconf 84' lang='lat' dir='ltr'><strong>batur</strong></span> <span class='ocrx_word' id='word_1_419' title='bbox 2305 2944 2574 3008; x_wconf 80' lang='lat' dir='ltr'><strong>Ecclesia,</strong></span> <span class='ocrx_word' id='word_1_420' title='bbox 2597 2945 2664 2998; x_wconf 88' lang='lat' dir='ltr'><strong>de</strong></span> <span class='ocrx_word' id='word_1_421' title='bbox 2702 2942 2788 2999; x_wconf 88' lang='lat' dir='ltr'><strong>his</strong></span> <span class='ocrx_word' id='word_1_422' title='bbox 2820 2959 2940 3013; x_wconf 64' lang='lat' dir='ltr'><strong>quas</strong></span> <span class='ocrx_word' id='word_1_423' title='bbox 2985 2945 3120 2999; x_wconf 86' lang='lat' dir='ltr'><strong>nihil</strong></span> <span class='ocrx_word' id='word_1_424' title='bbox 3184 2947 3492 3016; x_wconf 87' lang='lat' dir='ltr'><strong>urgebant,</strong></span> <span class='ocrx_word' id='word_1_425' title='bbox 3523 2947 3698 3000; x_wconf 83' lang='lat' dir='ltr'><strong>verba</strong></span> 
     </span>
    </p>
   </div>
   <div class='ocr_carea' id='block_1_52' title="bbox 2109 3036 3700 3105">
    <p class='ocr_par' dir='ltr' id='par_1_52' title="bbox 2109 3036 3700 3105">
     <span class='ocr_line' id='line_1_52' title="bbox 2109 3036 3700 3105; baseline 0.003 -18"><span class='ocrx_word' id='word_1_426' title='bbox 2109 3051 2348 3102; x_wconf 85' lang='lat' dir='ltr'><strong>movere,</strong></span> <span class='ocrx_word' id='word_1_427' title='bbox 2393 3052 2512 3090; x_wconf 90' lang='lat' dir='ltr'><strong>cum</strong></span> <span class='ocrx_word' id='word_1_428' title='bbox 2558 3036 2877 3104; x_wconf 84' lang='lat' dir='ltr'><strong>principalis</strong></span> <span class='ocrx_word' id='word_1_429' title='bbox 2921 3038 3152 3105; x_wconf 69' lang='lat' dir='ltr'><strong>qumstio</strong></span> <span class='ocrx_word' id='word_1_430' title='bbox 3204 3038 3373 3092; x_wconf 89' lang='lat' dir='ltr'><strong>multo</strong></span> <span class='ocrx_word' id='word_1_431' title='bbox 3448 3047 3700 3105; x_wconf 88' lang='lat' dir='ltr'><strong>tempore</strong></span> 
     </span>
    </p>
   </div>
   <div class='ocr_carea' id='block_1_53' title="bbox 434 3127 3692 3215">
    <p class='ocr_par' dir='ltr' id='par_1_53' title="bbox 434 3127 3692 3215">
     <span class='ocr_line' id='line_1_53' title="bbox 434 3127 3692 3215; baseline 0.001 -33"><span class='ocrx_word' id='word_1_432' title='bbox 434 3144 552 3194; x_wconf 69' lang='lat' dir='ltr'><strong>qna:</strong></span> <span class='ocrx_word' id='word_1_433' title='bbox 600 3130 836 3199; x_wconf 86' lang='lat' dir='ltr'><strong>seipsum</strong></span> <span class='ocrx_word' id='word_1_434' title='bbox 880 3147 1184 3203; x_wconf 76' lang='lat' dir='ltr'><strong>exponens,</strong></span> <span class='ocrx_word' id='word_1_435' title='bbox 1246 3137 1346 3202; x_wconf 88' lang='lat' dir='ltr'><strong>ait,</strong></span> <span class='ocrx_word' id='word_1_436' title='bbox 1406 3153 1637 3211; x_wconf 72' lang='lat' dir='ltr'><strong>qumque</strong></span> <span class='ocrx_word' id='word_1_437' title='bbox 1669 3143 1798 3200; x_wconf 88' lang='lat' dir='ltr'><strong>alibi</strong></span> <span class='ocrx_word' id='word_1_438' title='bbox 1840 3145 2011 3215; x_wconf 81' lang='lat' dir='ltr'><strong>pluri-</strong></span> <span class='ocrx_word' id='word_1_439' title='bbox 2036 3149 2079 3206; x_wconf 72' lang='grc' dir='ltr'>ο</span> <span class='ocrx_word' id='word_1_440' title='bbox 2115 3128 2408 3197; x_wconf 81' lang='lat' dir='ltr'><strong>multisque</strong></span> <span class='ocrx_word' id='word_1_441' title='bbox 2440 3127 2801 3194; x_wconf 88' lang='lat' dir='ltr'><strong>sermonibus,</strong></span> <span class='ocrx_word' id='word_1_442' title='bbox 2835 3137 2891 3182; x_wconf 90' lang='lat' dir='ltr'><strong>ut</strong></span> <span class='ocrx_word' id='word_1_443' title='bbox 2913 3129 3136 3183; x_wconf 85' lang='lat' dir='ltr'><strong>enodari</strong></span> <span class='ocrx_word' id='word_1_444' title='bbox 3158 3131 3692 3198; x_wconf 74' lang='lat' dir='ltr'><strong>posset,indigeret:</strong></span> 
     </span>
    </p>
   </div>
   <div class='ocr_carea' id='block_1_54' title="bbox 437 3220 2006 3306">
    <p class='ocr_par' dir='ltr' id='par_1_54' title="bbox 437 3220 2006 3306">
     <span class='ocr_line' id='line_1_54' title="bbox 437 3220 2006 3306; baseline 0.015 -35"><span class='ocrx_word' id='word_1_445' title='bbox 437 3221 542 3274; x_wconf 87' lang='lat' dir='ltr'><strong>mis</strong></span> <span class='ocrx_word' id='word_1_446' title='bbox 578 3220 632 3274; x_wconf 92' lang='lat' dir='ltr'><strong>in</strong></span> <span class='ocrx_word' id='word_1_447' title='bbox 681 3221 818 3278; x_wconf 89' lang='lat' dir='ltr'><strong>locis</strong></span> <span class='ocrx_word' id='word_1_448' title='bbox 871 3225 1115 3294; x_wconf 88' lang='lat' dir='ltr'><strong>scripsit,</strong></span> <span class='ocrx_word' id='word_1_449' title='bbox 1164 3244 1320 3286; x_wconf 86' lang='lat' dir='ltr'><strong>mens</strong></span> <span class='ocrx_word' id='word_1_450' title='bbox 1373 3233 1494 3302; x_wconf 82' lang='lat' dir='ltr'><strong>ejus</strong></span> <span class='ocrx_word' id='word_1_451' title='bbox 1541 3235 1846 3306; x_wconf 87' lang='lat' dir='ltr'><strong>colligenda</strong></span> <span class='ocrx_word' id='word_1_452' title='bbox 1901 3249 2006 3294; x_wconf 87' lang='lat' dir='ltr'><strong>est.</strong></span> 
     </span>
    </p>
   </div>
   <div class='ocr_carea' id='block_1_55' title="bbox 436 3307 2007 3397">
    <p class='ocr_par' dir='ltr' id='par_1_55' title="bbox 436 3307 2007 3397">
     <span class='ocr_line' id='line_1_55' title="bbox 436 3307 2007 3397; baseline 0.015 -33"><span class='ocrx_word' id='word_1_453' title='bbox 436 3310 511 3364; x_wconf 80' lang='lat' dir='ltr'><strong>Ex</strong></span> <span class='ocrx_word' id='word_1_454' title='bbox 545 3313 751 3381; x_wconf 85' lang='lat' dir='ltr'><strong>quibus</strong></span> <span class='ocrx_word' id='word_1_455' title='bbox 776 3315 1017 3393; x_wconf 73' lang='lat' dir='ltr'><strong>profecto</strong></span> <span class='ocrx_word' id='word_1_456' title='bbox 1050 3318 1400 3378; x_wconf 86' lang='lat' dir='ltr'><strong>maniiestum</strong></span> <span class='ocrx_word' id='word_1_457' title='bbox 1431 3324 1739 3397; x_wconf 74' lang='lat' dir='ltr'><strong>legentibus</strong></span> <span class='ocrx_word' id='word_1_458' title='bbox 1773 3332 1855 3394; x_wconf 86' lang='lat' dir='ltr'><strong>iit,</strong></span> <span class='ocrx_word' id='word_1_459' title='bbox 1883 3307 2007 3386; x_wconf 58' lang='lat' dir='ltr'><strong>cum</strong></span> 
     </span>
    </p>
   </div>
   <div class='ocr_carea' id='block_1_56' title="bbox 435 3411 2007 3481">
    <p class='ocr_par' dir='ltr' id='par_1_56' title="bbox 435 3411 2007 3481">
     <span class='ocr_line' id='line_1_56' title="bbox 435 3411 2007 3481; baseline 0.013 -23"><span class='ocrx_word' id='word_1_460' title='bbox 435 3420 653 3474; x_wconf 84' lang='lat' dir='ltr'><strong>semper</strong></span> <span class='ocrx_word' id='word_1_461' title='bbox 697 3411 1000 3477; x_wconf 84' lang='lat' dir='ltr'><strong>preprium,</strong></span> <span class='ocrx_word' id='word_1_462' title='bbox 1052 3413 1196 3480; x_wconf 91' lang='lat' dir='ltr'><strong>quod</strong></span> <span class='ocrx_word' id='word_1_463' title='bbox 1246 3413 1401 3481; x_wconf 73' lang='lat' dir='ltr'><strong>dixit,</strong></span> <span class='ocrx_word' id='word_1_464' title='bbox 1464 3427 1558 3472; x_wconf 88' lang='lat' dir='ltr'><strong>aut</strong></span> <span class='ocrx_word' id='word_1_465' title='bbox 1615 3435 1723 3474; x_wconf 89' lang='lat' dir='ltr'><strong>non</strong></span> <span class='ocrx_word' id='word_1_466' title='bbox 1771 3422 2007 3478; x_wconf 89' lang='lat' dir='ltr'><strong>alienum</strong></span> 
     </span>
    </p>
   </div>
   <div class='ocr_carea' id='block_1_57' title="bbox 436 3499 2011 3578">
    <p class='ocr_par' dir='ltr' id='par_1_57' title="bbox 436 3499 2011 3578">
     <span class='ocr_line' id='line_1_57' title="bbox 436 3499 2011 3578; baseline 0.014 -30"><span class='ocrx_word' id='word_1_467' title='bbox 436 3511 561 3550; x_wconf 86' lang='lat' dir='ltr'><strong>esse</strong></span> <span class='ocrx_word' id='word_1_468' title='bbox 615 3513 643 3551; x_wconf 90' lang='lat' dir='ltr'><strong>a</strong></span> <span class='ocrx_word' id='word_1_469' title='bbox 677 3499 814 3554; x_wconf 80' lang='lat' dir='ltr'><strong>Filio</strong></span> <span class='ocrx_word' id='word_1_470' title='bbox 866 3499 1151 3570; x_wconf 89' lang='lat' dir='ltr'><strong>Spiritum,</strong></span> <span class='ocrx_word' id='word_1_471' title='bbox 1188 3522 1286 3574; x_wconf 90' lang='lat' dir='ltr'><strong>pro</strong></span> <span class='ocrx_word' id='word_1_472' title='bbox 1321 3522 1388 3561; x_wconf 92' lang='lat' dir='ltr'><strong>eo</strong></span> <span class='ocrx_word' id='word_1_473' title='bbox 1419 3513 1563 3578; x_wconf 91' lang='lat' dir='ltr'><strong>quod</strong></span> <span class='ocrx_word' id='word_1_474' title='bbox 1622 3522 1725 3577; x_wconf 84' lang='lat' dir='ltr'><strong>est,</strong></span> <span class='ocrx_word' id='word_1_475' title='bbox 1771 3528 1835 3567; x_wconf 79' lang='lat' dir='ltr'><strong>ex</strong></span> <span class='ocrx_word' id='word_1_476' title='bbox 1870 3513 2011 3570; x_wconf 82' lang='lat' dir='ltr'><strong>Filio</strong></span> 
     </span>
    </p>
   </div>
   <div class='ocr_carea' id='block_1_58' title="bbox 435 3587 2009 3674">
    <p class='ocr_par' dir='ltr' id='par_1_58' title="bbox 435 3587 2009 3674">
     <span class='ocr_line' id='line_1_58' title="bbox 435 3587 2009 3674; baseline 0.014 -35"><span class='ocrx_word' id='word_1_477' title='bbox 435 3603 559 3643; x_wconf 84' lang='lat' dir='ltr'><strong>esse</strong></span> <span class='ocrx_word' id='word_1_478' title='bbox 585 3587 870 3659; x_wconf 87' lang='lat' dir='ltr'><strong>Spiritum.</strong></span> <span class='ocrx_word' id='word_1_479' title='bbox 902 3593 1268 3656; x_wconf 76' lang='lat' dir='ltr'><strong>intellexisse:</strong></span> <span class='ocrx_word' id='word_1_480' title='bbox 1303 3599 1449 3654; x_wconf 82' lang='lat' dir='ltr'><strong>sicut</strong></span> <span class='ocrx_word' id='word_1_481' title='bbox 1467 3601 1633 3656; x_wconf 90' lang='lat' dir='ltr'><strong>etiam</strong></span> <span class='ocrx_word' id='word_1_482' title='bbox 1660 3620 1726 3657; x_wconf 81' lang='lat' dir='ltr'><strong>ex</strong></span> <span class='ocrx_word' id='word_1_483' title='bbox 1758 3609 2009 3674; x_wconf 83' lang='lat' dir='ltr'><strong>superio-</strong></span> 
     </span>
    </p>
   </div>
   <div class='ocr_carea' id='block_1_59' title="bbox 432 3679 2010 3764">
    <p class='ocr_par' dir='ltr' id='par_1_59' title="bbox 432 3679 2010 3764">
     <span class='ocr_line' id='line_1_59' title="bbox 432 3679 2010 3764; baseline 0.015 -32"><span class='ocrx_word' id='word_1_484' title='bbox 432 3679 591 3735; x_wconf 79' lang='lat' dir='ltr'><strong>ribus</strong></span> <span class='ocrx_word' id='word_1_485' title='bbox 628 3681 910 3739; x_wconf 82' lang='lat' dir='ltr'><strong>manifeste</strong></span> <span class='ocrx_word' id='word_1_486' title='bbox 935 3686 1376 3755; x_wconf 85' lang='lat' dir='ltr'><strong>deprehenditur.</strong></span> <span class='ocrx_word' id='word_1_487' title='bbox 1399 3690 1667 3764; x_wconf 86' lang='lat' dir='ltr'><strong>Quodque</strong></span> <span class='ocrx_word' id='word_1_488' title='bbox 1700 3696 2010 3757; x_wconf 86' lang='lat' dir='ltr'><strong>mirabilius</strong></span> 
     </span>
    </p>
   </div>
   <div class='ocr_carea' id='block_1_60' title="bbox 427 3773 2007 3856">
    <p class='ocr_par' dir='ltr' id='par_1_60' title="bbox 427 3773 2007 3856">
     <span class='ocr_line' id='line_1_60' title="bbox 427 3773 2007 3856; baseline 0.015 -31"><span class='ocrx_word' id='word_1_489' title='bbox 427 3781 540 3834; x_wconf 77' lang='lat' dir='ltr'><strong>est,</strong></span> <span class='ocrx_word' id='word_1_490' title='bbox 563 3787 688 3827; x_wconf 92' lang='lat' dir='ltr'><strong>cum</strong></span> <span class='ocrx_word' id='word_1_491' title='bbox 713 3773 1076 3832; x_wconf 88' lang='lat' dir='ltr'><strong>Theodoritus</strong></span> <span class='ocrx_word' id='word_1_492' title='bbox 1109 3791 1356 3835; x_wconf 88' lang='lat' dir='ltr'><strong>sanctum</strong></span> <span class='ocrx_word' id='word_1_493' title='bbox 1378 3782 1646 3853; x_wconf 89' lang='lat' dir='ltr'><strong>Cyrillum</strong></span> <span class='ocrx_word' id='word_1_494' title='bbox 1681 3788 2007 3856; x_wconf 87' lang='lat' dir='ltr'><strong>quibusdam</strong></span> 
     </span>
    </p>
   </div>
   <div class='ocr_carea' id='block_1_61' title="bbox 427 3865 2011 3942">
    <p class='ocr_par' dir='ltr' id='par_1_61' title="bbox 427 3865 2011 3942">
     <span class='ocr_line' id='line_1_61' title="bbox 427 3865 2011 3942; baseline 0.016 -25"><span class='ocrx_word' id='word_1_495' title='bbox 427 3865 681 3932; x_wconf 79' lang='lat' dir='ltr'><strong>epismlis</strong></span> <span class='ocrx_word' id='word_1_496' title='bbox 714 3867 1063 3932; x_wconf 71' lang='lat' dir='ltr'><strong>insimulatis.</strong></span> <span class='ocrx_word' id='word_1_497' title='bbox 1101 3871 1307 3927; x_wconf 90' lang='lat' dir='ltr'><strong>diceret</strong></span> <span class='ocrx_word' id='word_1_498' title='bbox 1341 3885 1592 3931; x_wconf 91' lang='lat' dir='ltr'><strong>sanctum</strong></span> <span class='ocrx_word' id='word_1_499' title='bbox 1623 3881 1803 3936; x_wconf 81' lang='lat' dir='ltr'><strong>virum</strong></span> <span class='ocrx_word' id='word_1_500' title='bbox 1845 3888 2011 3942; x_wconf 84' lang='lat' dir='ltr'><strong>omis-</strong></span> 
     </span>
    </p>
   </div>
   <div class='ocr_carea' id='block_1_62' title="bbox 429 3955 2008 4042">
    <p class='ocr_par' dir='ltr' id='par_1_62' title="bbox 429 3955 2008 4042">
     <span class='ocr_line' id='line_1_62' title="bbox 429 3955 2008 4042; baseline 0.016 -36"><span class='ocrx_word' id='word_1_501' title='bbox 429 3955 538 4019; x_wconf 74' lang='lat' dir='ltr'><strong>sis,</strong></span> <span class='ocrx_word' id='word_1_502' title='bbox 578 3972 700 4023; x_wconf 64' lang='lat' dir='ltr'><strong>quae</strong></span> <span class='ocrx_word' id='word_1_503' title='bbox 746 3967 936 4013; x_wconf 87' lang='lat' dir='ltr'><strong>contra</strong></span> <span class='ocrx_word' id='word_1_504' title='bbox 969 3959 1278 4017; x_wconf 74' lang='lat' dir='ltr'><strong>Nestorium</strong></span> <span class='ocrx_word' id='word_1_505' title='bbox 1315 3964 1526 4021; x_wconf 83' lang='lat' dir='ltr'><strong>dixerat</strong></span> <span class='ocrx_word' id='word_1_506' title='bbox 1569 3979 1634 4024; x_wconf 88' lang='lat' dir='ltr'><strong>ac</strong></span> <span class='ocrx_word' id='word_1_507' title='bbox 1690 3971 2008 4042; x_wconf 78' lang='lat' dir='ltr'><strong>scripse:at,</strong></span> 
     </span>
    </p>
   </div>
   <div class='ocr_carea' id='block_1_63' title="bbox 436 4046 2012 4136">
    <p class='ocr_par' dir='ltr' id='par_1_63' title="bbox 436 4046 2012 4136">
     <span class='ocr_line' id='line_1_63' title="bbox 436 4046 2012 4136; baseline 0.014 -36"><span class='ocrx_word' id='word_1_508' title='bbox 436 4047 545 4115; x_wconf 89' lang='lat' dir='ltr'><strong>ipsi</strong></span> <span class='ocrx_word' id='word_1_509' title='bbox 575 4046 910 4105; x_wconf 80' lang='lat' dir='ltr'><strong>Theodorito</strong></span> <span class='ocrx_word' id='word_1_510' title='bbox 954 4054 1282 4109; x_wconf 84' lang='lat' dir='ltr'><strong>concordem</strong></span> <span class='ocrx_word' id='word_1_511' title='bbox 1335 4056 1590 4113; x_wconf 74' lang='lat' dir='ltr'><strong>effectum</strong></span> <span class='ocrx_word' id='word_1_512' title='bbox 1638 4075 1778 4124; x_wconf 89' lang='lat' dir='ltr'><strong>esse.</strong></span> <span class='ocrx_word' id='word_1_513' title='bbox 1810 4079 2012 4136; x_wconf 88' lang='lat' dir='ltr'><strong>easque</strong></span> 
     </span>
    </p>
   </div>
   <div class='ocr_carea' id='block_1_64' title="bbox 436 4139 2010 4228">
    <p class='ocr_par' dir='ltr' id='par_1_64' title="bbox 436 4139 2010 4228">
     <span class='ocr_line' id='line_1_64' title="bbox 436 4139 2010 4228; baseline 0.015 -37"><span class='ocrx_word' id='word_1_514' title='bbox 436 4139 696 4208; x_wconf 80' lang='lat' dir='ltr'><strong>epistolas</strong></span> <span class='ocrx_word' id='word_1_515' title='bbox 727 4141 970 4198; x_wconf 83' lang='lat' dir='ltr'><strong>misisset</strong></span> <span class='ocrx_word' id='word_1_516' title='bbox 1003 4153 1070 4200; x_wconf 89' lang='lat' dir='ltr'><strong>ad</strong></span> <span class='ocrx_word' id='word_1_517' title='bbox 1119 4147 1415 4216; x_wconf 87' lang='lat' dir='ltr'><strong>plurimos;</strong></span> <span class='ocrx_word' id='word_1_518' title='bbox 1466 4150 1655 4224; x_wconf 88' lang='lat' dir='ltr'><strong>illique</strong></span> <span class='ocrx_word' id='word_1_519' title='bbox 1705 4155 1848 4212; x_wconf 86' lang='lat' dir='ltr'><strong>hanc</strong></span> <span class='ocrx_word' id='word_1_520' title='bbox 1893 4160 2010 4228; x_wconf 78' lang='lat' dir='ltr'><strong>ejus</strong></span> 
     </span>
    </p>
   </div>
   <div class='ocr_carea' id='block_1_65' title="bbox 442 4233 2007 4319">
    <p class='ocr_par' dir='ltr' id='par_1_65' title="bbox 442 4233 2007 4319">
     <span class='ocr_line' id='line_1_65' title="bbox 442 4233 2007 4319; baseline 0.015 -37"><span class='ocrx_word' id='word_1_521' title='bbox 442 4233 799 4288; x_wconf 80' lang='lat' dir='ltr'><strong>mutationem</strong></span> <span class='ocrx_word' id='word_1_522' title='bbox 869 4237 1200 4294; x_wconf 90' lang='lat' dir='ltr'><strong>mirarentur</strong></span> <span class='ocrx_word' id='word_1_523' title='bbox 1268 4250 1432 4308; x_wconf 89' lang='lat' dir='ltr'><strong>atque</strong></span> <span class='ocrx_word' id='word_1_524' title='bbox 1515 4246 2007 4319; x_wconf 85' lang='lat' dir='ltr'><strong>obstupescereut;</strong></span> 
     </span>
    </p>
   </div>
   <div class='ocr_carea' id='block_1_66' title="bbox 435 4327 2010 4405">
    <p class='ocr_par' dir='ltr' id='par_1_66' title="bbox 435 4327 2010 4405">
     <span class='ocr_line' id='line_1_66' title="bbox 435 4327 2010 4405; baseline 0.013 -27"><span class='ocrx_word' id='word_1_525' title='bbox 435 4334 719 4395; x_wconf 87' lang='lat' dir='ltr'><strong>comperta</strong></span> <span class='ocrx_word' id='word_1_526' title='bbox 778 4327 1089 4396; x_wconf 85' lang='lat' dir='ltr'><strong>calumnia,</strong></span> <span class='ocrx_word' id='word_1_527' title='bbox 1145 4332 1334 4388; x_wconf 90' lang='lat' dir='ltr'><strong>beatus</strong></span> <span class='ocrx_word' id='word_1_528' title='bbox 1397 4334 1635 4405; x_wconf 84' lang='lat' dir='ltr'><strong>Cyrillus</strong></span> <span class='ocrx_word' id='word_1_529' title='bbox 1699 4342 2010 4399; x_wconf 89' lang='lat' dir='ltr'><strong>rescribeus</strong></span> 
     </span>
    </p>
   </div>
   <div class='ocr_carea' id='block_1_67' title="bbox 438 4417 2012 4488">
    <p class='ocr_par' dir='ltr' id='par_1_67' title="bbox 438 4417 2012 4488">
     <span class='ocr_line' id='line_1_67' title="bbox 438 4417 2012 4488; baseline 0.013 -20"><span class='ocrx_word' id='word_1_530' title='bbox 438 4419 574 4472; x_wconf 81' lang='lat' dir='ltr'><strong>dixit</strong></span> <span class='ocrx_word' id='word_1_531' title='bbox 605 4435 621 4472; x_wconf 88' lang='lat'><strong>:</strong></span> <span class='ocrx_word' id='word_1_532' title='bbox 652 4436 670 4469; x_wconf 72' lang='grc' dir='ltr'>ι</span> <span class='ocrx_word' id='word_1_533' title='bbox 701 4417 948 4485; x_wconf 66' lang='lat' dir='ltr'><strong>Domine,</strong></span> <span class='ocrx_word' id='word_1_534' title='bbox 978 4420 1144 4474; x_wconf 83' lang='lat' dir='ltr'><strong>libera</strong></span> <span class='ocrx_word' id='word_1_535' title='bbox 1169 4426 1400 4477; x_wconf 76' lang='lat' dir='ltr'><strong>animum</strong></span> <span class='ocrx_word' id='word_1_536' title='bbox 1437 4443 1607 4481; x_wconf 83' lang='lat' dir='ltr'><strong>meam</strong></span> <span class='ocrx_word' id='word_1_537' title='bbox 1649 4445 1682 4483; x_wconf 77' lang='grc' dir='ltr'><strong>ιι</strong></span> <span class='ocrx_word' id='word_1_538' title='bbox 1729 4431 1884 4486; x_wconf 79' lang='lat' dir='ltr'><strong>labiis</strong></span> <span class='ocrx_word' id='word_1_539' title='bbox 1909 4436 2012 4488; x_wconf 82' lang='lat' dir='ltr'><strong>iui-</strong></span> 
     </span>
    </p>
   </div>
   <div class='ocr_carea' id='block_1_68' title="bbox 2116 3217 3734 3288">
    <p class='ocr_par' dir='ltr' id='par_1_68' title="bbox 2116 3217 3734 3288">
     <span class='ocr_line' id='line_1_68' title="bbox 2116 3217 3734 3288; baseline 0.002 -13"><span class='ocrx_word' id='word_1_540' title='bbox 2116 3237 2184 3277; x_wconf 90' lang='lat' dir='ltr'><strong>ne</strong></span> <span class='ocrx_word' id='word_1_541' title='bbox 2214 3221 2258 3276; x_wconf 90' lang='lat' dir='ltr'><strong>si</strong></span> <span class='ocrx_word' id='word_1_542' title='bbox 2295 3217 2361 3275; x_wconf 90' lang='lat' dir='ltr'><strong>ab</strong></span> <span class='ocrx_word' id='word_1_543' title='bbox 2384 3221 2652 3288; x_wconf 88' lang='lat' dir='ltr'><strong>instituto,</strong></span> <span class='ocrx_word' id='word_1_544' title='bbox 2682 3236 2740 3276; x_wconf 90' lang='lat' dir='ltr'><strong>re</strong></span> <span class='ocrx_word' id='word_1_545' title='bbox 2764 3220 2984 3284; x_wconf 83' lang='lat' dir='ltr'><strong>infecta,</strong></span> <span class='ocrx_word' id='word_1_546' title='bbox 3015 3221 3336 3284; x_wconf 86' lang='lat' dir='ltr'><strong>resiiissent,</strong></span> <span class='ocrx_word' id='word_1_547' title='bbox 3363 3223 3734 3278; x_wconf 79' lang='lat' dir='ltr'><strong>confundere.</strong></span> 
     </span>
    </p>
   </div>
   <div class='ocr_carea' id='block_1_69' title="bbox 2115 3312 3705 3383">
    <p class='ocr_par' dir='ltr' id='par_1_69' title="bbox 2115 3312 3705 3383">
     <span class='ocr_line' id='line_1_69' title="bbox 2115 3312 3705 3383; baseline 0 -15"><span class='ocrx_word' id='word_1_548' title='bbox 2115 3312 2298 3368; x_wconf 91' lang='lat' dir='ltr'><strong>omnia</strong></span> <span class='ocrx_word' id='word_1_549' title='bbox 2333 3327 2397 3368; x_wconf 91' lang='lat' dir='ltr'><strong>ac</strong></span> <span class='ocrx_word' id='word_1_550' title='bbox 2454 3315 2684 3369; x_wconf 88' lang='lat' dir='ltr'><strong>miscere</strong></span> <span class='ocrx_word' id='word_1_551' title='bbox 2721 3314 3057 3378; x_wconf 89' lang='lat' dir='ltr'><strong>viderentur,</strong></span> <span class='ocrx_word' id='word_1_552' title='bbox 3092 3315 3355 3383; x_wconf 88' lang='lat' dir='ltr'><strong>dumque,</strong></span> <span class='ocrx_word' id='word_1_553' title='bbox 3404 3317 3546 3383; x_wconf 90' lang='lat' dir='ltr'><strong>quod</strong></span> <span class='ocrx_word' id='word_1_554' title='bbox 3576 3324 3705 3369; x_wconf 85' lang='lat' dir='ltr'><strong>erat</strong></span> 
     </span>
    </p>
   </div>
   <div class='ocr_carea' id='block_1_70' title="bbox 2118 3407 3707 3477">
    <p class='ocr_par' dir='ltr' id='par_1_70' title="bbox 2118 3407 3707 3477">
     <span class='ocr_line' id='line_1_70' title="bbox 2118 3407 3707 3477; baseline 0.003 -17"><span class='ocrx_word' id='word_1_555' title='bbox 2118 3408 2170 3461; x_wconf 88' lang='lat' dir='ltr'><strong>in</strong></span> <span class='ocrx_word' id='word_1_556' title='bbox 2198 3407 2468 3473; x_wconf 86' lang='lat' dir='ltr'><strong>manibus,</strong></span> <span class='ocrx_word' id='word_1_557' title='bbox 2501 3407 2775 3477; x_wconf 77' lang='lat' dir='ltr'><strong>corrigere</strong></span> <span class='ocrx_word' id='word_1_558' title='bbox 2816 3407 3100 3472; x_wconf 88' lang='lat' dir='ltr'><strong>deberent,</strong></span> <span class='ocrx_word' id='word_1_559' title='bbox 3160 3422 3333 3476; x_wconf 86' lang='lat' dir='ltr'><strong>neque</strong></span> <span class='ocrx_word' id='word_1_560' title='bbox 3389 3408 3492 3462; x_wconf 88' lang='lat' dir='ltr'><strong>hoc</strong></span> <span class='ocrx_word' id='word_1_561' title='bbox 3536 3409 3707 3476; x_wconf 84' lang='lat' dir='ltr'><strong>digne</strong></span> 
     </span>
    </p>
   </div>
   <div class='ocr_carea' id='block_1_71' title="bbox 2120 3498 3702 3569">
    <p class='ocr_par' dir='ltr' id='par_1_71' title="bbox 2120 3498 3702 3569">
     <span class='ocr_line' id='line_1_71' title="bbox 2120 3498 3702 3569; baseline 0.001 -17"><span class='ocrx_word' id='word_1_562' title='bbox 2120 3498 2386 3563; x_wconf 80' lang='lat' dir='ltr'><strong>facerent,</strong></span> <span class='ocrx_word' id='word_1_563' title='bbox 2417 3513 2589 3569; x_wconf 90' lang='lat' dir='ltr'><strong>neque</strong></span> <span class='ocrx_word' id='word_1_564' title='bbox 2607 3498 2758 3562; x_wconf 90' lang='lat' dir='ltr'><strong>illud,</strong></span> <span class='ocrx_word' id='word_1_565' title='bbox 2787 3502 2931 3568; x_wconf 90' lang='lat' dir='ltr'><strong>quod</strong></span> <span class='ocrx_word' id='word_1_566' title='bbox 2957 3501 3338 3568; x_wconf 83' lang='lat' dir='ltr'><strong>intempestive</strong></span> <span class='ocrx_word' id='word_1_567' title='bbox 3357 3501 3702 3556; x_wconf 86' lang='lat' dir='ltr'><strong>molirentur.</strong></span> 
     </span>
    </p>
   </div>
   <div class='ocr_carea' id='block_1_72' title="bbox 2119 3589 3703 3662">
    <p class='ocr_par' dir='ltr' id='par_1_72' title="bbox 2119 3589 3703 3662">
     <span class='ocr_line' id='line_1_72' title="bbox 2119 3589 3703 3662; baseline 0.002 -18"><span class='ocrx_word' id='word_1_568' title='bbox 2119 3590 2446 3645; x_wconf 80' lang='lat' dir='ltr'><strong>Necessariis</strong></span> <span class='ocrx_word' id='word_1_569' title='bbox 2485 3591 2668 3660; x_wconf 87' lang='lat' dir='ltr'><strong>itaque</strong></span> <span class='ocrx_word' id='word_1_570' title='bbox 2711 3589 2926 3644; x_wconf 82' lang='lat' dir='ltr'><strong>omissis</strong></span> <span class='ocrx_word' id='word_1_571' title='bbox 2947 3589 3183 3655; x_wconf 75' lang='lat' dir='ltr'><strong>caeteris,</strong></span> <span class='ocrx_word' id='word_1_572' title='bbox 3221 3591 3524 3658; x_wconf 86' lang='lat' dir='ltr'><strong>boeunum,</strong></span> <span class='ocrx_word' id='word_1_573' title='bbox 3555 3593 3703 3662; x_wconf 87' lang='lat' dir='ltr'><strong>quod</strong></span> 
     </span>
    </p>
   </div>
   <div class='ocr_carea' id='block_1_73' title="bbox 2120 3682 2999 3752">
    <p class='ocr_par' dir='ltr' id='par_1_73' title="bbox 2120 3682 2999 3752">
     <span class='ocr_line' id='line_1_73' title="bbox 2120 3682 2999 3752; baseline 0.001 -16"><span class='ocrx_word' id='word_1_574' title='bbox 2120 3682 2366 3752; x_wconf 87' lang='lat' dir='ltr'><strong>urgebat,</strong></span> <span class='ocrx_word' id='word_1_575' title='bbox 2401 3695 2592 3738; x_wconf 86' lang='lat' dir='ltr'><strong>curare</strong></span> <span class='ocrx_word' id='word_1_576' title='bbox 2623 3683 2999 3752; x_wconf 88' lang='lat' dir='ltr'><strong>perstiterunt.</strong></span> 
     </span>
    </p>
   </div>
   <div class='ocr_carea' id='block_1_74' title="bbox 2189 3771 3704 3844">
    <p class='ocr_par' dir='ltr' id='par_1_74' title="bbox 2189 3771 3704 3844">
     <span class='ocr_line' id='line_1_74' title="bbox 2189 3771 3704 3844; baseline 0.001 -17"><span class='ocrx_word' id='word_1_577' title='bbox 2189 3772 2322 3828; x_wconf 86' lang='lat' dir='ltr'><strong>Nam</strong></span> <span class='ocrx_word' id='word_1_578' title='bbox 2358 3781 2412 3828; x_wconf 88' lang='lat' dir='ltr'><strong>et</strong></span> <span class='ocrx_word' id='word_1_579' title='bbox 2452 3772 2816 3844; x_wconf 88' lang='lat' dir='ltr'><strong>sapientiores</strong></span> <span class='ocrx_word' id='word_1_580' title='bbox 2852 3773 3052 3844; x_wconf 87' lang='lat' dir='ltr'><strong>quique</strong></span> <span class='ocrx_word' id='word_1_581' title='bbox 3113 3771 3308 3828; x_wconf 90' lang='lat' dir='ltr'><strong>medici</strong></span> <span class='ocrx_word' id='word_1_582' title='bbox 3357 3789 3478 3828; x_wconf 88' lang='lat' dir='ltr'><strong>cum</strong></span> <span class='ocrx_word' id='word_1_583' title='bbox 3544 3773 3704 3828; x_wconf 77' lang='lat' dir='ltr'><strong>inlit-</strong></span> 
     </span>
    </p>
   </div>
   <div class='ocr_carea' id='block_1_75' title="bbox 2120 3865 3708 3936">
    <p class='ocr_par' dir='ltr' id='par_1_75' title="bbox 2120 3865 3708 3936">
     <span class='ocr_line' id='line_1_75' title="bbox 2120 3865 3708 3936; baseline 0.003 -18"><span class='ocrx_word' id='word_1_584' title='bbox 2120 3880 2263 3918; x_wconf 89' lang='lat' dir='ltr'><strong>mum</strong></span> <span class='ocrx_word' id='word_1_585' title='bbox 2287 3865 2501 3936; x_wconf 83' lang='lat' dir='ltr'><strong>gemino</strong></span> <span class='ocrx_word' id='word_1_586' title='bbox 2522 3865 2713 3921; x_wconf 90' lang='lat' dir='ltr'><strong>morbo</strong></span> <span class='ocrx_word' id='word_1_587' title='bbox 2737 3867 2986 3922; x_wconf 89' lang='lat' dir='ltr'><strong>laborare</strong></span> <span class='ocrx_word' id='word_1_588' title='bbox 3007 3867 3493 3923; x_wconf 83' lang='lat' dir='ltr'><strong>animadverterint</strong></span> <span class='ocrx_word' id='word_1_589' title='bbox 3515 3871 3708 3922; x_wconf 79' lang='lat' dir='ltr'><strong>adver-</strong></span> 
     </span>
    </p>
   </div>
   <div class='ocr_carea' id='block_1_76' title="bbox 2119 3943 3703 4030">
    <p class='ocr_par' dir='ltr' id='par_1_76' title="bbox 2119 3943 3703 4030">
     <span class='ocr_line' id='line_1_76' title="bbox 2119 3943 3703 4030; baseline 0.001 -18"><span class='ocrx_word' id='word_1_590' title='bbox 2119 3943 2212 4013; x_wconf 81' lang='lat' dir='ltr'><strong>sus</strong></span> <span class='ocrx_word' id='word_1_591' title='bbox 2251 3971 2376 4012; x_wconf 89' lang='lat' dir='ltr'><strong>eum</strong></span> <span class='ocrx_word' id='word_1_592' title='bbox 2404 3957 2496 4028; x_wconf 92' lang='lat' dir='ltr'><strong>qui</strong></span> <span class='ocrx_word' id='word_1_593' title='bbox 2541 3957 2826 4028; x_wconf 89' lang='lat' dir='ltr'><strong>perturbat</strong></span> <span class='ocrx_word' id='word_1_594' title='bbox 2853 3959 3047 4030; x_wconf 89' lang='lat' dir='ltr'><strong>magis,</strong></span> <span class='ocrx_word' id='word_1_595' title='bbox 3079 3969 3136 4016; x_wconf 79' lang='lat' dir='ltr'><strong>et</strong></span> <span class='ocrx_word' id='word_1_596' title='bbox 3174 3961 3416 4014; x_wconf 80' lang='lat' dir='ltr'><strong>sectione</strong></span> <span class='ocrx_word' id='word_1_597' title='bbox 3478 3959 3703 4028; x_wconf 81' lang='lat' dir='ltr'><strong>indiget,</strong></span> 
     </span>
    </p>
   </div>
   <div class='ocr_carea' id='block_1_77' title="bbox 2119 4048 3708 4120">
    <p class='ocr_par' dir='ltr' id='par_1_77' title="bbox 2119 4048 3708 4120">
     <span class='ocr_line' id='line_1_77' title="bbox 2119 4048 3708 4120; baseline 0.004 -19"><span class='ocrx_word' id='word_1_598' title='bbox 2119 4050 2223 4104; x_wconf 83' lang='lat' dir='ltr'><strong>etsi</strong></span> <span class='ocrx_word' id='word_1_599' title='bbox 2275 4048 2325 4103; x_wconf 92' lang='lat' dir='ltr'><strong>in</strong></span> <span class='ocrx_word' id='word_1_600' title='bbox 2381 4065 2481 4105; x_wconf 91' lang='lat' dir='ltr'><strong>suo</strong></span> <span class='ocrx_word' id='word_1_601' title='bbox 2540 4065 2744 4120; x_wconf 83' lang='lat' dir='ltr'><strong>genere</strong></span> <span class='ocrx_word' id='word_1_602' title='bbox 2803 4052 2985 4106; x_wconf 90' lang='lat' dir='ltr'><strong>minor</strong></span> <span class='ocrx_word' id='word_1_603' title='bbox 3040 4067 3162 4107; x_wconf 86' lang='lat' dir='ltr'><strong>esse</strong></span> <span class='ocrx_word' id='word_1_604' title='bbox 3216 4053 3502 4117; x_wconf 80' lang='lat' dir='ltr'><strong>videatur,</strong></span> <span class='ocrx_word' id='word_1_605' title='bbox 3555 4053 3708 4120; x_wconf 88' lang='lat' dir='ltr'><strong>prius</strong></span> 
     </span>
    </p>
   </div>
   <div class='ocr_carea' id='block_1_78' title="bbox 2118 4141 3706 4215">
    <p class='ocr_par' dir='ltr' id='par_1_78' title="bbox 2118 4141 3706 4215">
     <span class='ocr_line' id='line_1_78' title="bbox 2118 4141 3706 4215; baseline 0.003 -21"><span class='ocrx_word' id='word_1_606' title='bbox 2118 4149 2421 4197; x_wconf 89' lang='lat' dir='ltr'><strong>armantur.</strong></span> <span class='ocrx_word' id='word_1_607' title='bbox 2448 4141 2515 4197; x_wconf 88' lang='lat' dir='ltr'><strong>Et</strong></span> <span class='ocrx_word' id='word_1_608' title='bbox 2557 4143 2772 4212; x_wconf 80' lang='lat' dir='ltr'><strong>judices</strong></span> <span class='ocrx_word' id='word_1_609' title='bbox 2822 4159 3216 4215; x_wconf 69' lang='lat' dir='ltr'><strong>saepenumero,</strong></span> <span class='ocrx_word' id='word_1_610' title='bbox 3267 4159 3420 4198; x_wconf 85' lang='lat' dir='ltr'><strong>reum</strong></span> <span class='ocrx_word' id='word_1_611' title='bbox 3466 4146 3706 4213; x_wconf 76' lang='lat' dir='ltr'><strong>aliqltem</strong></span> 
     </span>
    </p>
   </div>
   <div class='ocr_carea' id='block_1_79' title="bbox 2123 4234 3726 4305">
    <p class='ocr_par' dir='ltr' id='par_1_79' title="bbox 2123 4234 3726 4305">
     <span class='ocr_line' id='line_1_79' title="bbox 2123 4234 3726 4305; baseline 0.002 -17"><span class='ocrx_word' id='word_1_612' title='bbox 2123 4235 2264 4289; x_wconf 88' lang='lat' dir='ltr'><strong>nacti</strong></span> <span class='ocrx_word' id='word_1_613' title='bbox 2299 4234 2550 4304; x_wconf 88' lang='lat' dir='ltr'><strong>plurimis</strong></span> <span class='ocrx_word' id='word_1_614' title='bbox 2581 4234 2906 4292; x_wconf 88' lang='lat' dir='ltr'><strong>criminibus</strong></span> <span class='ocrx_word' id='word_1_615' title='bbox 2963 4237 3280 4299; x_wconf 82' lang='lat' dir='ltr'><strong>obnoxium,</strong></span> <span class='ocrx_word' id='word_1_616' title='bbox 3328 4236 3459 4291; x_wconf 89' lang='lat' dir='ltr'><strong>illud</strong></span> <span class='ocrx_word' id='word_1_617' title='bbox 3514 4253 3726 4305; x_wconf 85' lang='lat' dir='ltr'><strong>unum,.</strong></span> 
     </span>
    </p>
   </div>
   <div class='ocr_carea' id='block_1_80' title="bbox 2119 4327 3706 4396">
    <p class='ocr_par' dir='ltr' id='par_1_80' title="bbox 2119 4327 3706 4396">
     <span class='ocr_line' id='line_1_80' title="bbox 2119 4327 3706 4396; baseline 0.002 -14"><span class='ocrx_word' id='word_1_618' title='bbox 2119 4329 2173 4382; x_wconf 93' lang='lat' dir='ltr'><strong>in</strong></span> <span class='ocrx_word' id='word_1_619' title='bbox 2205 4341 2314 4396; x_wconf 91' lang='lat' dir='ltr'><strong>quo</strong></span> <span class='ocrx_word' id='word_1_620' title='bbox 2348 4327 2721 4396; x_wconf 87' lang='lat' dir='ltr'><strong>deprehensus</strong></span> <span class='ocrx_word' id='word_1_621' title='bbox 2750 4327 2934 4394; x_wconf 79' lang='lat' dir='ltr'><strong>fuerit,</strong></span> <span class='ocrx_word' id='word_1_622' title='bbox 2964 4330 3184 4386; x_wconf 87' lang='lat' dir='ltr'><strong>omissis</strong></span> <span class='ocrx_word' id='word_1_623' title='bbox 3206 4330 3425 4384; x_wconf 88' lang='lat' dir='ltr'><strong>interim</strong></span> <span class='ocrx_word' id='word_1_624' title='bbox 3469 4329 3706 4396; x_wconf 64' lang='lat' dir='ltr'><strong>caste‘ris,</strong></span> 
     </span>
    </p>
   </div>
   <div class='ocr_carea' id='block_1_81' title="bbox 2122 4419 2784 4491">
    <p class='ocr_par' dir='ltr' id='par_1_81' title="bbox 2122 4419 2784 4491">
     <span class='ocr_line' id='line_1_81' title="bbox 2122 4419 2784 4491; baseline 0.003 -19"><span class='ocrx_word' id='word_1_625' title='bbox 2122 4419 2198 4474; x_wconf 90' lang='lat' dir='ltr'><strong>illi</strong></span> <span class='ocrx_word' id='word_1_626' title='bbox 2231 4419 2468 4474; x_wconf 88' lang='lat' dir='ltr'><strong>maxime</strong></span> <span class='ocrx_word' id='word_1_627' title='bbox 2493 4419 2784 4491; x_wconf 84' lang='lat' dir='ltr'><strong>objiciunt.</strong></span> 
     </span>
    </p>
   </div>
   <div class='ocr_carea' id='block_1_82' title="bbox 435 4509 3709 4593">
    <p class='ocr_par' dir='ltr' id='par_1_82' title="bbox 435 4509 3709 4593">
     <span class='ocr_line' id='line_1_82' title="bbox 435 4509 3709 4593; baseline 0.003 -34"><span class='ocrx_word' id='word_1_628' title='bbox 435 4511 577 4578; x_wconf 78' lang='lat' dir='ltr'><strong>quis,</strong></span> <span class='ocrx_word' id='word_1_629' title='bbox 611 4517 659 4562; x_wconf 83' lang='lat' dir='ltr'><strong>et</strong></span> <span class='ocrx_word' id='word_1_630' title='bbox 694 4527 724 4562; x_wconf 91' lang='lat' dir='ltr'><strong>a</strong></span> <span class='ocrx_word' id='word_1_631' title='bbox 756 4509 938 4579; x_wconf 86' lang='lat' dir='ltr'><strong>lingua</strong></span> <span class='ocrx_word' id='word_1_632' title='bbox 965 4510 1150 4566; x_wconf 83' lang='lat' dir='ltr'><strong>dolosa</strong></span> <span class='ocrx_word' id='word_1_633' title='bbox 1181 4513 1249 4568; x_wconf 77' lang='lat'><strong>“.</strong></span> <span class='ocrx_word' id='word_1_634' title='bbox 1290 4515 1512 4570; x_wconf 72' lang='lat' dir='ltr'><strong>Invenio</strong></span> <span class='ocrx_word' id='word_1_635' title='bbox 1561 4521 1707 4574; x_wconf 89' lang='lat' dir='ltr'><strong>enim</strong></span> <span class='ocrx_word' id='word_1_636' title='bbox 1742 4525 2008 4593; x_wconf 83' lang='lat' dir='ltr'><strong>meipsnm</strong></span> <span class='ocrx_word' id='word_1_637' title='bbox 2047 4509 2087 4563; x_wconf 80' lang='grc' dir='ltr'><strong>Ι)</strong></span> <span class='ocrx_word' id='word_1_638' title='bbox 2187 4512 2372 4581; x_wconf 87' lang='lat' dir='ltr'><strong>Neque</strong></span> <span class='ocrx_word' id='word_1_639' title='bbox 2391 4525 2522 4569; x_wconf 86' lang='lat' dir='ltr'><strong>sane</strong></span> <span class='ocrx_word' id='word_1_640' title='bbox 2547 4513 2878 4578; x_wconf 88' lang='lat' dir='ltr'><strong>mirandum,</strong></span> <span class='ocrx_word' id='word_1_641' title='bbox 2910 4513 2952 4568; x_wconf 90' lang='lat' dir='ltr'><strong>si</strong></span> <span class='ocrx_word' id='word_1_642' title='bbox 2979 4530 3038 4568; x_wconf 90' lang='lat' dir='ltr'><strong>ea</strong></span> <span class='ocrx_word' id='word_1_643' title='bbox 3063 4512 3499 4584; x_wconf 79' lang='lat' dir='ltr'><strong>NestoriiOpinio</strong></span> <span class='ocrx_word' id='word_1_644' title='bbox 3526 4532 3555 4570; x_wconf 92' lang='lat' dir='ltr'><strong>a</strong></span> <span class='ocrx_word' id='word_1_645' title='bbox 3580 4531 3709 4572; x_wconf 85' lang='lat' dir='ltr'><strong>san-</strong></span> 
     </span>
    </p>
   </div>
   <div class='ocr_carea' id='block_1_83' title="bbox 440 4600 2008 4682">
    <p class='ocr_par' dir='ltr' id='par_1_83' title="bbox 440 4600 2008 4682">
     <span class='ocr_line' id='line_1_83' title="bbox 440 4600 2008 4682; baseline 0.012 -30"><span class='ocrx_word' id='word_1_646' title='bbox 440 4601 592 4653; x_wconf 67' lang='lat' dir='ltr'><strong>talsaa</strong></span> <span class='ocrx_word' id='word_1_647' title='bbox 623 4600 908 4654; x_wconf 71' lang='lat' dir='ltr'><strong>calumniae</strong></span> <span class='ocrx_word' id='word_1_648' title='bbox 944 4605 1275 4670; x_wconf 88' lang='lat' dir='ltr'><strong>expositum.</strong></span> <span class='ocrx_word' id='word_1_649' title='bbox 1310 4624 1328 4658; x_wconf 79' lang='grc' dir='ltr'><strong><em>ι</em></strong></span> <span class='ocrx_word' id='word_1_650' title='bbox 1382 4606 1513 4677; x_wconf 75' lang='lat' dir='ltr'><strong>lSta,</strong></span> <span class='ocrx_word' id='word_1_651' title='bbox 1560 4613 1654 4682; x_wconf 89' lang='lat' dir='ltr'><strong>qui</strong></span> <span class='ocrx_word' id='word_1_652' title='bbox 1691 4609 2008 4671; x_wconf 85' lang='lat' dir='ltr'><strong>Theodoriti</strong></span> 
     </span>
    </p>
   </div>
   <div class='ocr_carea' id='block_1_84' title="bbox 439 4693 2011 4773">
    <p class='ocr_par' dir='ltr' id='par_1_84' title="bbox 439 4693 2011 4773">
     <span class='ocr_line' id='line_1_84' title="bbox 439 4693 2011 4773; baseline 0.014 -30"><span class='ocrx_word' id='word_1_653' title='bbox 439 4693 746 4759; x_wconf 80' lang='lat' dir='ltr'><strong>patrocinio</strong></span> <span class='ocrx_word' id='word_1_654' title='bbox 777 4694 1042 4760; x_wconf 89' lang='lat' dir='ltr'><strong>nituntur,</strong></span> <span class='ocrx_word' id='word_1_655' title='bbox 1069 4695 1142 4749; x_wconf 89' lang='lat' dir='ltr'><strong>ita</strong></span> <span class='ocrx_word' id='word_1_656' title='bbox 1182 4698 1485 4765; x_wconf 83' lang='lat' dir='ltr'><strong>proferunt.</strong></span> <span class='ocrx_word' id='word_1_657' title='bbox 1514 4706 1671 4773; x_wconf 88' lang='lat' dir='ltr'><strong>quasi</strong></span> <span class='ocrx_word' id='word_1_658' title='bbox 1709 4707 1854 4764; x_wconf 87' lang='lat' dir='ltr'><strong>dicta</strong></span> <span class='ocrx_word' id='word_1_659' title='bbox 1900 4711 2011 4766; x_wconf 83' lang='lat' dir='ltr'><strong>sint</strong></span> 
     </span>
    </p>
   </div>
   <div class='ocr_carea' id='block_1_85' title="bbox 442 4781 2011 4864">
    <p class='ocr_par' dir='ltr' id='par_1_85' title="bbox 442 4781 2011 4864">
     <span class='ocr_line' id='line_1_85' title="bbox 442 4781 2011 4864; baseline 0.014 -31"><span class='ocrx_word' id='word_1_660' title='bbox 442 4797 542 4850; x_wconf 84' lang='lat' dir='ltr'><strong>pro</strong></span> <span class='ocrx_word' id='word_1_661' title='bbox 577 4781 893 4837; x_wconf 80' lang='lat' dir='ltr'><strong>aﬂirmanda</strong></span> <span class='ocrx_word' id='word_1_662' title='bbox 924 4781 1238 4840; x_wconf 90' lang='lat' dir='ltr'><strong>Theodoriti</strong></span> <span class='ocrx_word' id='word_1_663' title='bbox 1263 4790 1567 4860; x_wconf 81' lang='lat' dir='ltr'><strong>sententia;</strong></span> <span class='ocrx_word' id='word_1_664' title='bbox 1599 4796 1748 4864; x_wconf 91' lang='lat' dir='ltr'><strong>quod</strong></span> <span class='ocrx_word' id='word_1_665' title='bbox 1786 4808 2011 4855; x_wconf 90' lang='lat' dir='ltr'><strong>sanctus</strong></span> 
     </span>
    </p>
   </div>
   <div class='ocr_carea' id='block_1_86' title="bbox 442 4873 2011 4955">
    <p class='ocr_par' dir='ltr' id='par_1_86' title="bbox 442 4873 2011 4955">
     <span class='ocr_line' id='line_1_86' title="bbox 442 4873 2011 4955; baseline 0.013 -31"><span class='ocrx_word' id='word_1_666' title='bbox 442 4873 548 4933; x_wconf 71' lang='lat' dir='ltr'><strong>vir,</strong></span> <span class='ocrx_word' id='word_1_667' title='bbox 604 4881 805 4927; x_wconf 87' lang='lat' dir='ltr'><strong>mutata</strong></span> <span class='ocrx_word' id='word_1_668' title='bbox 839 4876 1130 4940; x_wconf 88' lang='lat' dir='ltr'><strong>sententia,</strong></span> <span class='ocrx_word' id='word_1_669' title='bbox 1166 4891 1264 4946; x_wconf 90' lang='lat' dir='ltr'><strong>per</strong></span> <span class='ocrx_word' id='word_1_670' title='bbox 1298 4879 1493 4936; x_wconf 87' lang='lat' dir='ltr'><strong>Filium</strong></span> <span class='ocrx_word' id='word_1_671' title='bbox 1543 4892 1708 4955; x_wconf 90' lang='lat' dir='ltr'><strong>atque</strong></span> <span class='ocrx_word' id='word_1_672' title='bbox 1752 4903 1820 4943; x_wconf 90' lang='lat' dir='ltr'><strong>ex</strong></span> <span class='ocrx_word' id='word_1_673' title='bbox 1870 4888 2011 4944; x_wconf 83' lang='lat' dir='ltr'><strong>Filio</strong></span> 
     </span>
    </p>
   </div>
   <div class='ocr_carea' id='block_1_87' title="bbox 438 4965 2009 5038">
    <p class='ocr_par' dir='ltr' id='par_1_87' title="bbox 438 4965 2009 5038">
     <span class='ocr_line' id='line_1_87' title="bbox 438 4965 2009 5038; baseline 0.012 -22"><span class='ocrx_word' id='word_1_674' title='bbox 438 4983 456 5016; x_wconf 66' lang='grc' dir='ltr'>ε</span> <span class='ocrx_word' id='word_1_675' title='bbox 476 4980 564 5019; x_wconf 89' lang='lat' dir='ltr'><strong>sse</strong></span> <span class='ocrx_word' id='word_1_676' title='bbox 591 4974 836 5020; x_wconf 84' lang='lat' dir='ltr'><strong>sanctum</strong></span> <span class='ocrx_word' id='word_1_677' title='bbox 867 4965 1129 5034; x_wconf 84' lang='lat' dir='ltr'><strong>Spiritum</strong></span> <span class='ocrx_word' id='word_1_678' title='bbox 1157 4979 1336 5038; x_wconf 83' lang='lat' dir='ltr'><strong>neget.</strong></span> <span class='ocrx_word' id='word_1_679' title='bbox 1372 4969 1484 5027; x_wconf 83' lang='lat' dir='ltr'><strong>Hoc</strong></span> <span class='ocrx_word' id='word_1_680' title='bbox 1511 4985 1690 5030; x_wconf 90' lang='lat' dir='ltr'><strong>autem</strong></span> <span class='ocrx_word' id='word_1_681' title='bbox 1721 4987 1799 5034; x_wconf 90' lang='lat' dir='ltr'><strong>est</strong></span> <span class='ocrx_word' id='word_1_682' title='bbox 1834 4980 2009 5035; x_wconf 88' lang='lat' dir='ltr'><strong>homi-</strong></span> 
     </span>
    </p>
   </div>
   <div class='ocr_carea' id='block_1_88' title="bbox 442 5057 2005 5133">
    <p class='ocr_par' dir='ltr' id='par_1_88' title="bbox 442 5057 2005 5133">
     <span class='ocr_line' id='line_1_88' title="bbox 442 5057 2005 5133; baseline 0.011 -25"><span class='ocrx_word' id='word_1_683' title='bbox 442 5071 576 5109; x_wconf 77' lang='lat' dir='ltr'><strong>llUill</strong></span> <span class='ocrx_word' id='word_1_684' title='bbox 629 5066 818 5109; x_wconf 86' lang='lat' dir='ltr'><strong>contra</strong></span> <span class='ocrx_word' id='word_1_685' title='bbox 845 5057 1011 5126; x_wconf 55' lang='lat' dir='ltr'><strong>ﬁdem</strong></span> <span class='ocrx_word' id='word_1_686' title='bbox 1068 5073 1274 5122; x_wconf 82' lang='lat' dir='ltr'><strong>rerum,</strong></span> <span class='ocrx_word' id='word_1_687' title='bbox 1330 5074 1628 5133; x_wconf 66' lang='lat' dir='ltr'><strong>CODU&#39;LIQIIG</strong></span> <span class='ocrx_word' id='word_1_688' title='bbox 1691 5080 2005 5126; x_wconf 83' lang='lat' dir='ltr'><strong>sanctorum</strong></span> 
     </span>
    </p>
   </div>
   <div class='ocr_carea' id='block_1_89' title="bbox 443 5148 2008 5234">
    <p class='ocr_par' dir='ltr' id='par_1_89' title="bbox 443 5148 2008 5234">
     <span class='ocr_line' id='line_1_89' title="bbox 443 5148 2008 5234; baseline 0.012 -33"><span class='ocrx_word' id='word_1_689' title='bbox 443 5157 704 5212; x_wconf 84' lang='lat' dir='ltr'><strong>mentem,</strong></span> <span class='ocrx_word' id='word_1_690' title='bbox 767 5148 1015 5217; x_wconf 88' lang='lat' dir='ltr'><strong>improbe</strong></span> <span class='ocrx_word' id='word_1_691' title='bbox 1059 5151 1217 5206; x_wconf 86' lang='lat' dir='ltr'><strong>nimis</strong></span> <span class='ocrx_word' id='word_1_692' title='bbox 1272 5154 1674 5214; x_wconf 89' lang='lat' dir='ltr'><strong>mentientium.</strong></span> <span class='ocrx_word' id='word_1_693' title='bbox 1735 5158 1797 5216; x_wconf 85' lang='lat' dir='ltr'><strong>lli</strong></span> <span class='ocrx_word' id='word_1_694' title='bbox 1836 5161 2008 5234; x_wconf 88' lang='lat' dir='ltr'><strong>enim,</strong></span> 
     </span>
    </p>
   </div>
   <div class='ocr_carea' id='block_1_90' title="bbox 443 5241 2012 5316">
    <p class='ocr_par' dir='ltr' id='par_1_90' title="bbox 443 5241 2012 5316">
     <span class='ocr_line' id='line_1_90' title="bbox 443 5241 2012 5316; baseline 0.013 -22"><span class='ocrx_word' id='word_1_695' title='bbox 443 5253 504 5294; x_wconf 85' lang='lat' dir='ltr'><strong>ut</strong></span> <span class='ocrx_word' id='word_1_696' title='bbox 559 5255 723 5310; x_wconf 86' lang='lat' dir='ltr'><strong>supra</strong></span> <span class='ocrx_word' id='word_1_697' title='bbox 785 5241 1118 5298; x_wconf 81' lang='lat' dir='ltr'><strong>declaratum</strong></span> <span class='ocrx_word' id='word_1_698' title='bbox 1182 5255 1301 5311; x_wconf 81' lang='lat' dir='ltr'><strong>e5t,</strong></span> <span class='ocrx_word' id='word_1_699' title='bbox 1368 5262 1492 5301; x_wconf 90' lang='lat' dir='ltr'><strong>eum</strong></span> <span class='ocrx_word' id='word_1_700' title='bbox 1561 5262 1752 5307; x_wconf 88' lang='lat' dir='ltr'><strong>sancto</strong></span> <span class='ocrx_word' id='word_1_701' title='bbox 1806 5254 2012 5316; x_wconf 84' lang='lat' dir='ltr'><strong>Cvrillo</strong></span> 
     </span>
    </p>
   </div>
   <div class='ocr_carea' id='block_1_91' title="bbox 437 5317 2014 5406">
    <p class='ocr_par' dir='ltr' id='par_1_91' title="bbox 437 5317 2014 5406">
     <span class='ocr_line' id='line_1_91' title="bbox 437 5317 2014 5406; baseline 0.012 -19"><span class='ocrx_word' id='word_1_702' title='bbox 437 5331 705 5401; x_wconf 80' lang='lat' dir='ltr'><strong>Spiritum</strong></span> <span class='ocrx_word' id='word_1_703' title='bbox 742 5343 992 5387; x_wconf 89' lang='lat' dir='ltr'><strong>sanctum</strong></span> <span class='ocrx_word' id='word_1_704' title='bbox 1033 5349 1130 5404; x_wconf 89' lang='lat' dir='ltr'><strong>per</strong></span> <span class='ocrx_word' id='word_1_705' title='bbox 1163 5335 1360 5391; x_wconf 86' lang='lat' dir='ltr'><strong>Filium</strong></span> <span class='ocrx_word' id='word_1_706' title='bbox 1406 5339 1767 5398; x_wconf 88' lang='lat' dir='ltr'><strong>substantiam</strong></span> <span class='ocrx_word' id='word_1_707' title='bbox 1813 5317 2014 5406; x_wconf 76' lang='lat' dir='ltr'><strong>habere</strong></span> 
     </span>
    </p>
   </div>
   <div class='ocr_carea' id='block_1_92' title="bbox 439 5428 2011 5502">
    <p class='ocr_par' dir='ltr' id='par_1_92' title="bbox 439 5428 2011 5502">
     <span class='ocr_line' id='line_1_92' title="bbox 439 5428 2011 5502; baseline 0.01 -21"><span class='ocrx_word' id='word_1_708' title='bbox 439 5436 721 5490; x_wconf 81' lang='lat' dir='ltr'><strong>asserunt,</strong></span> <span class='ocrx_word' id='word_1_709' title='bbox 751 5436 915 5494; x_wconf 84' lang='lat' dir='ltr'><strong>atque</strong></span> <span class='ocrx_word' id='word_1_710' title='bbox 939 5443 1059 5483; x_wconf 83' lang='lat' dir='ltr'><strong>esse</strong></span> <span class='ocrx_word' id='word_1_711' title='bbox 1081 5442 1144 5482; x_wconf 91' lang='lat' dir='ltr'><strong>ex</strong></span> <span class='ocrx_word' id='word_1_712' title='bbox 1170 5428 1328 5495; x_wconf 83' lang='lat' dir='ltr'><strong>Filio,</strong></span> <span class='ocrx_word' id='word_1_713' title='bbox 1349 5433 1492 5501; x_wconf 90' lang='lat' dir='ltr'><strong>quod</strong></span> <span class='ocrx_word' id='word_1_714' title='bbox 1511 5437 1808 5502; x_wconf 89' lang='lat' dir='ltr'><strong>procedens</strong></span> <span class='ocrx_word' id='word_1_715' title='bbox 1831 5456 2011 5497; x_wconf 89' lang='lat' dir='ltr'><strong>sermo</strong></span> 
     </span>
    </p>
   </div>
   <div class='ocr_carea' id='block_1_93' title="bbox 437 5519 948 5586">
    <p class='ocr_par' dir='ltr' id='par_1_93' title="bbox 437 5519 948 5586">
     <span class='ocr_line' id='line_1_93' title="bbox 437 5519 948 5586; baseline 0.002 -15"><span class='ocrx_word' id='word_1_716' title='bbox 437 5519 684 5586; x_wconf 69' lang='lat' dir='ltr'><strong>apertius</strong></span> <span class='ocrx_word' id='word_1_717' title='bbox 715 5520 948 5575; x_wconf 77' lang='lat' dir='ltr'><strong>dOchil.</strong></span> 
     </span>
    </p>
   </div>
   <div class='ocr_carea' id='block_1_94' title="bbox 517 5656 1674 5730">
    <p class='ocr_par' dir='ltr' id='par_1_94' title="bbox 517 5656 1674 5730">
     <span class='ocr_line' id='line_1_94' title="bbox 517 5656 1674 5730; baseline 0.008 -20"><span class='ocrx_word' id='word_1_718' title='bbox 517 5656 560 5687; x_wconf 66' lang='grc' dir='ltr'><strong>δ’</strong></span> <span class='ocrx_word' id='word_1_719' title='bbox 594 5657 754 5712; x_wconf 80' lang='lat' dir='ltr'><strong>Rom.</strong></span> <span class='ocrx_word' id='word_1_720' title='bbox 786 5675 905 5726; x_wconf 85' lang='lat' dir='ltr'><strong>vm,</strong></span> <span class='ocrx_word' id='word_1_721' title='bbox 941 5659 994 5725; x_wconf 92' lang='lat'><strong>8,</strong></span> <span class='ocrx_word' id='word_1_722' title='bbox 1021 5659 1072 5713; x_wconf 90' lang='lat'><strong>9.</strong></span> <span class='ocrx_word' id='word_1_723' title='bbox 1193 5661 1236 5692; x_wconf 78' lang='lat'><em>“</em></span> <span class='ocrx_word' id='word_1_724' title='bbox 1269 5661 1412 5717; x_wconf 82' lang='lat' dir='ltr'><strong>Psal.</strong></span> <span class='ocrx_word' id='word_1_725' title='bbox 1443 5679 1588 5730; x_wconf 68' lang='grc' dir='ltr'><strong>ειη,</strong></span> <span class='ocrx_word' id='word_1_726' title='bbox 1622 5665 1674 5720; x_wconf 72' lang='grc'><strong>2.</strong></span> 
     </span>
    </p>
   </div>
   <div class='ocr_carea' id='block_1_95' title="bbox 523 5778 1482 5848">
    <p class='ocr_par' dir='ltr' id='par_1_95' title="bbox 523 5778 1482 5848">
     <span class='ocr_line' id='line_1_95' title="bbox 523 5778 1482 5848; baseline -0.005 -8"><span class='ocrx_word' id='word_1_727' title='bbox 523 5778 634 5848; x_wconf 76' lang='lat'><strong>(&#39;52)</strong></span> <span class='ocrx_word' id='word_1_728' title='bbox 678 5780 732 5834; x_wconf 90' lang='lat' dir='ltr'><strong>lu</strong></span> <span class='ocrx_word' id='word_1_729' title='bbox 763 5783 997 5838; x_wconf 85' lang='lat' dir='ltr'><strong>concilio</strong></span> <span class='ocrx_word' id='word_1_730' title='bbox 1021 5782 1482 5838; x_wconf 84' lang='lat' dir='ltr'><strong>Chalcedonensi.</strong></span> 
     </span>
    </p>
   </div>
   <div class='ocr_carea' id='block_1_96' title="bbox 2116 4607 3705 4684">
    <p class='ocr_par' dir='ltr' id='par_1_96' title="bbox 2116 4607 3705 4684">
     <span class='ocr_line' id='line_1_96' title="bbox 2116 4607 3705 4684; baseline 0.001 -22"><span class='ocrx_word' id='word_1_731' title='bbox 2116 4608 2217 4663; x_wconf 88' lang='lat' dir='ltr'><strong>ctis</strong></span> <span class='ocrx_word' id='word_1_732' title='bbox 2249 4607 2498 4664; x_wconf 88' lang='lat' dir='ltr'><strong>Patribus</strong></span> <span class='ocrx_word' id='word_1_733' title='bbox 2535 4618 2659 4662; x_wconf 92' lang='lat' dir='ltr'><strong>tunc</strong></span> <span class='ocrx_word' id='word_1_734' title='bbox 2690 4609 2773 4662; x_wconf 82' lang='lat' dir='ltr'><strong>vel</strong></span> <span class='ocrx_word' id='word_1_735' title='bbox 2803 4608 3135 4673; x_wconf 86' lang='lat' dir='ltr'><strong>existimata,</strong></span> <span class='ocrx_word' id='word_1_736' title='bbox 3171 4609 3255 4662; x_wconf 88' lang='lat' dir='ltr'><strong>vel</strong></span> <span class='ocrx_word' id='word_1_737' title='bbox 3285 4609 3560 4684; x_wconf 64' lang='lat' dir='ltr'><strong>confutata</strong></span> <span class='ocrx_word' id='word_1_738' title='bbox 3598 4624 3705 4664; x_wconf 90' lang='lat' dir='ltr'><strong>non</strong></span> 
     </span>
    </p>
   </div>
   <div class='ocr_carea' id='block_1_97' title="bbox 2119 4697 3707 4769">
    <p class='ocr_par' dir='ltr' id='par_1_97' title="bbox 2119 4697 3707 4769">
     <span class='ocr_line' id='line_1_97' title="bbox 2119 4697 3707 4769; baseline 0 -17"><span class='ocrx_word' id='word_1_739' title='bbox 2119 4698 2304 4765; x_wconf 72' lang='lat' dir='ltr'><strong>fuerit,</strong></span> <span class='ocrx_word' id='word_1_740' title='bbox 2330 4713 2450 4752; x_wconf 89' lang='lat' dir='ltr'><strong>cum</strong></span> <span class='ocrx_word' id='word_1_741' title='bbox 2483 4709 2614 4753; x_wconf 89' lang='lat' dir='ltr'><strong>ante</strong></span> <span class='ocrx_word' id='word_1_742' title='bbox 2640 4697 2790 4752; x_wconf 79' lang='lat' dir='ltr'><strong>illum</strong></span> <span class='ocrx_word' id='word_1_743' title='bbox 2815 4708 2868 4753; x_wconf 90' lang='lat' dir='ltr'><strong>et</strong></span> <span class='ocrx_word' id='word_1_744' title='bbox 2885 4699 3063 4763; x_wconf 86' lang='lat' dir='ltr'><strong>Arius,</strong></span> <span class='ocrx_word' id='word_1_745' title='bbox 3083 4710 3138 4753; x_wconf 90' lang='lat' dir='ltr'><strong>et</strong></span> <span class='ocrx_word' id='word_1_746' title='bbox 3162 4713 3372 4764; x_wconf 88' lang='lat' dir='ltr'><strong>omnes,</strong></span> <span class='ocrx_word' id='word_1_747' title='bbox 3396 4700 3484 4769; x_wconf 91' lang='lat' dir='ltr'><strong>qui</strong></span> <span class='ocrx_word' id='word_1_748' title='bbox 3510 4697 3707 4752; x_wconf 87' lang='lat' dir='ltr'><strong>Filium</strong></span> 
     </span>
    </p>
   </div>
   <div class='ocr_carea' id='block_1_98' title="bbox 2123 4789 3711 4862">
    <p class='ocr_par' dir='ltr' id='par_1_98' title="bbox 2123 4789 3711 4862">
     <span class='ocr_line' id='line_1_98' title="bbox 2123 4789 3711 4862; baseline 0 -18"><span class='ocrx_word' id='word_1_749' title='bbox 2123 4791 2588 4858; x_wconf 86' lang='lat' dir='ltr'><strong>blasphemabant,</strong></span> <span class='ocrx_word' id='word_1_750' title='bbox 2624 4790 2676 4846; x_wconf 91' lang='lat' dir='ltr'><strong>in</strong></span> <span class='ocrx_word' id='word_1_751' title='bbox 2735 4789 2994 4862; x_wconf 80' lang='lat' dir='ltr'><strong>Spiritum</strong></span> <span class='ocrx_word' id='word_1_752' title='bbox 3037 4800 3282 4846; x_wconf 89' lang='lat' dir='ltr'><strong>sanctum</strong></span> <span class='ocrx_word' id='word_1_753' title='bbox 3319 4804 3533 4861; x_wconf 86' lang='lat' dir='ltr'><strong>quoque</strong></span> <span class='ocrx_word' id='word_1_754' title='bbox 3556 4792 3711 4845; x_wconf 81' lang='lat' dir='ltr'><strong>dete-</strong></span> 
     </span>
    </p>
   </div>
   <div class='ocr_carea' id='block_1_99' title="bbox 2122 4879 3711 4952">
    <p class='ocr_par' dir='ltr' id='par_1_99' title="bbox 2122 4879 3711 4952">
     <span class='ocr_line' id='line_1_99' title="bbox 2122 4879 3711 4952; baseline -0.001 -18"><span class='ocrx_word' id='word_1_755' title='bbox 2122 4881 2236 4935; x_wconf 89' lang='lat' dir='ltr'><strong>rius</strong></span> <span class='ocrx_word' id='word_1_756' title='bbox 2260 4879 2559 4950; x_wconf 89' lang='lat' dir='ltr'><strong>blasphemi</strong></span> <span class='ocrx_word' id='word_1_757' title='bbox 2591 4880 2811 4935; x_wconf 79' lang='lat' dir='ltr'><strong>iuerint.</strong></span> <span class='ocrx_word' id='word_1_758' title='bbox 2836 4880 3048 4952; x_wconf 84' lang='lat' dir='ltr'><strong>Quippe</strong></span> <span class='ocrx_word' id='word_1_759' title='bbox 3065 4888 3118 4935; x_wconf 91' lang='lat' dir='ltr'><strong>et</strong></span> <span class='ocrx_word' id='word_1_760' title='bbox 3142 4888 3477 4949; x_wconf 85' lang='lat' dir='ltr'><strong>assumptam</strong></span> <span class='ocrx_word' id='word_1_761' title='bbox 3503 4896 3530 4933; x_wconf 90' lang='lat' dir='ltr'><strong>a</strong></span> <span class='ocrx_word' id='word_1_762' title='bbox 3552 4881 3711 4934; x_wconf 85' lang='lat' dir='ltr'><strong>Chri-</strong></span> 
     </span>
    </p>
   </div>
   <div class='ocr_carea' id='block_1_100' title="bbox 2120 4973 3707 5029">
    <p class='ocr_par' dir='ltr' id='par_1_100' title="bbox 2120 4973 3707 5029">
     <span class='ocr_line' id='line_1_100' title="bbox 2120 4973 3707 5029; baseline -0.001 -1"><span class='ocrx_word' id='word_1_763' title='bbox 2120 4981 2206 5028; x_wconf 90' lang='lat' dir='ltr'><strong>sto</strong></span> <span class='ocrx_word' id='word_1_764' title='bbox 2240 4988 2362 5027; x_wconf 89' lang='lat' dir='ltr'><strong>cum</strong></span> <span class='ocrx_word' id='word_1_765' title='bbox 2393 4987 2556 5028; x_wconf 86' lang='lat' dir='ltr'><strong>carne</strong></span> <span class='ocrx_word' id='word_1_766' title='bbox 2611 4973 2844 5027; x_wconf 87' lang='lat' dir='ltr'><strong>animam</strong></span> <span class='ocrx_word' id='word_1_767' title='bbox 2896 4981 3020 5028; x_wconf 88' lang='lat' dir='ltr'><strong>ante</strong></span> <span class='ocrx_word' id='word_1_768' title='bbox 3076 4973 3232 5028; x_wconf 81' lang='lat' dir='ltr'><strong>Verbi</strong></span> <span class='ocrx_word' id='word_1_769' title='bbox 3278 4974 3707 5029; x_wconf 87' lang='lat' dir='ltr'><strong>incarnationem</strong></span> 
     </span>
    </p>
   </div>
   <div class='ocr_carea' id='block_1_101' title="bbox 2120 5065 3708 5137">
    <p class='ocr_par' dir='ltr' id='par_1_101' title="bbox 2120 5065 3708 5137">
     <span class='ocr_line' id='line_1_101' title="bbox 2120 5065 3708 5137; baseline -0.003 -19"><span class='ocrx_word' id='word_1_770' title='bbox 2120 5066 2524 5136; x_wconf 75' lang='lat' dir='ltr'><strong>prteexstitisse,</strong></span> <span class='ocrx_word' id='word_1_771' title='bbox 2557 5065 2878 5137; x_wconf 70' lang='lat' dir='ltr'><strong>cmlitusque</strong></span> <span class='ocrx_word' id='word_1_772' title='bbox 2902 5065 3051 5120; x_wconf 89' lang='lat' dir='ltr'><strong>illam</strong></span> <span class='ocrx_word' id='word_1_773' title='bbox 3080 5067 3392 5130; x_wconf 89' lang='lat' dir='ltr'><strong>advenisse,</strong></span> <span class='ocrx_word' id='word_1_774' title='bbox 3422 5067 3583 5119; x_wconf 78' lang='lat' dir='ltr'><strong>Arius</strong></span> <span class='ocrx_word' id='word_1_775' title='bbox 3619 5081 3708 5120; x_wconf 86' lang='lat' dir='ltr'><strong>as-</strong></span> 
     </span>
    </p>
   </div>
   <div class='ocr_carea' id='block_1_102' title="bbox 2121 5154 3710 5229">
    <p class='ocr_par' dir='ltr' id='par_1_102' title="bbox 2121 5154 3710 5229">
     <span class='ocr_line' id='line_1_102' title="bbox 2121 5154 3710 5229; baseline -0.002 -15"><span class='ocrx_word' id='word_1_776' title='bbox 2121 5158 2430 5214; x_wconf 86' lang='lat' dir='ltr'><strong>severabat.</strong></span> <span class='ocrx_word' id='word_1_777' title='bbox 2459 5159 2777 5212; x_wconf 83' lang='lat' dir='ltr'><strong>Animarum</strong></span> <span class='ocrx_word' id='word_1_778' title='bbox 2801 5154 3002 5213; x_wconf 88' lang='lat' dir='ltr'><strong>etenim</strong></span> <span class='ocrx_word' id='word_1_779' title='bbox 3030 5159 3489 5229; x_wconf 84' lang='lat' dir='ltr'><strong>praeexsistentias</strong></span> <span class='ocrx_word' id='word_1_780' title='bbox 3516 5167 3570 5211; x_wconf 89' lang='lat' dir='ltr'><strong>et</strong></span> <span class='ocrx_word' id='word_1_781' title='bbox 3595 5157 3710 5226; x_wconf 85' lang='lat' dir='ltr'><strong>ipse</strong></span> 
     </span>
    </p>
   </div>
   <div class='ocr_carea' id='block_1_103' title="bbox 2122 5251 3704 5322">
    <p class='ocr_par' dir='ltr' id='par_1_103' title="bbox 2122 5251 3704 5322">
     <span class='ocr_line' id='line_1_103' title="bbox 2122 5251 3704 5322; baseline -0.003 -17"><span class='ocrx_word' id='word_1_782' title='bbox 2122 5251 2398 5315; x_wconf 85' lang='lat' dir='ltr'><strong>credebat,</strong></span> <span class='ocrx_word' id='word_1_783' title='bbox 2425 5266 2527 5306; x_wconf 85' lang='lat' dir='ltr'><strong>nec</strong></span> <span class='ocrx_word' id='word_1_784' title='bbox 2557 5263 2734 5305; x_wconf 81' lang='lat' dir='ltr'><strong>tamen</strong></span> <span class='ocrx_word' id='word_1_785' title='bbox 2775 5253 2876 5307; x_wconf 91' lang='lat' dir='ltr'><strong>hoc</strong></span> <span class='ocrx_word' id='word_1_786' title='bbox 2916 5251 2990 5308; x_wconf 93' lang='lat' dir='ltr'><strong>illi</strong></span> <span class='ocrx_word' id='word_1_787' title='bbox 3045 5253 3255 5306; x_wconf 90' lang='lat' dir='ltr'><strong>crimen</strong></span> <span class='ocrx_word' id='word_1_788' title='bbox 3287 5251 3558 5322; x_wconf 71' lang='lat' dir='ltr'><strong>obiectum</strong></span> <span class='ocrx_word' id='word_1_789' title='bbox 3599 5260 3704 5314; x_wconf 89' lang='lat' dir='ltr'><strong>est,</strong></span> 
     </span>
    </p>
   </div>
   <div class='ocr_carea' id='block_1_104' title="bbox 2123 5337 3706 5413">
    <p class='ocr_par' dir='ltr' id='par_1_104' title="bbox 2123 5337 3706 5413">
     <span class='ocr_line' id='line_1_104' title="bbox 2123 5337 3706 5413; baseline -0.005 -15"><span class='ocrx_word' id='word_1_790' title='bbox 2123 5346 2404 5412; x_wconf 84' lang='lat' dir='ltr'><strong>solumque</strong></span> <span class='ocrx_word' id='word_1_791' title='bbox 2433 5341 2576 5413; x_wconf 89' lang='lat' dir='ltr'><strong>quod</strong></span> <span class='ocrx_word' id='word_1_792' title='bbox 2601 5343 2794 5398; x_wconf 73' lang='lat' dir='ltr'><strong>Filium</strong></span> <span class='ocrx_word' id='word_1_793' title='bbox 2823 5355 3130 5399; x_wconf 88' lang='lat' dir='ltr'><strong>creaturam</strong></span> <span class='ocrx_word' id='word_1_794' title='bbox 3163 5342 3390 5405; x_wconf 85' lang='lat' dir='ltr'><strong>diceret,</strong></span> <span class='ocrx_word' id='word_1_795' title='bbox 3421 5339 3487 5394; x_wconf 89' lang='lat' dir='ltr'><strong>ab</strong></span> <span class='ocrx_word' id='word_1_796' title='bbox 3517 5337 3706 5393; x_wconf 83' lang='lat' dir='ltr'><strong>Eccle-</strong></span> 
     </span>
    </p>
   </div>
   <div class='ocr_carea' id='block_1_105' title="bbox 2119 5433 3707 5508">
    <p class='ocr_par' dir='ltr' id='par_1_105' title="bbox 2119 5433 3707 5508">
     <span class='ocr_line' id='line_1_105' title="bbox 2119 5433 3707 5508; baseline -0.004 -18"><span class='ocrx_word' id='word_1_797' title='bbox 2119 5440 2197 5490; x_wconf 87' lang='lat' dir='ltr'><strong>sia</strong></span> <span class='ocrx_word' id='word_1_798' title='bbox 2231 5438 2442 5508; x_wconf 76' lang='lat' dir='ltr'><strong>iugatus</strong></span> <span class='ocrx_word' id='word_1_799' title='bbox 2472 5447 2526 5492; x_wconf 90' lang='lat' dir='ltr'><strong>et</strong></span> <span class='ocrx_word' id='word_1_800' title='bbox 2551 5438 2755 5508; x_wconf 67' lang='lat' dir='ltr'><strong>ejegtus</strong></span> <span class='ocrx_word' id='word_1_801' title='bbox 2808 5447 2911 5501; x_wconf 87' lang='lat' dir='ltr'><strong>est,</strong></span> <span class='ocrx_word' id='word_1_802' title='bbox 2983 5445 3301 5508; x_wconf 63' lang='lat' dir='ltr'><strong>casteraeqne</strong></span> <span class='ocrx_word' id='word_1_803' title='bbox 3349 5433 3707 5501; x_wconf 62' lang='lat' dir='ltr'><strong>blasphemiae</strong></span> 
     </span>
    </p>
   </div>
   <div class='ocr_carea' id='block_1_106' title="bbox 2119 5522 3708 5599">
    <p class='ocr_par' dir='ltr' id='par_1_106' title="bbox 2119 5522 3708 5599">
     <span class='ocr_line' id='line_1_106' title="bbox 2119 5522 3708 5599; baseline -0.005 -15"><span class='ocrx_word' id='word_1_804' title='bbox 2119 5529 2260 5584; x_wconf 87' lang='lat' dir='ltr'><strong>illius</strong></span> <span class='ocrx_word' id='word_1_805' title='bbox 2293 5531 2344 5585; x_wconf 90' lang='lat' dir='ltr'><strong>in</strong></span> <span class='ocrx_word' id='word_1_806' title='bbox 2376 5531 2632 5587; x_wconf 85' lang='lat' dir='ltr'><strong>memoria</strong></span> <span class='ocrx_word' id='word_1_807' title='bbox 2662 5545 2766 5586; x_wconf 91' lang='lat' dir='ltr'><strong>non</strong></span> <span class='ocrx_word' id='word_1_808' title='bbox 2786 5536 2931 5597; x_wconf 89' lang='lat' dir='ltr'><strong>sunt,</strong></span> <span class='ocrx_word' id='word_1_809' title='bbox 2966 5543 3142 5599; x_wconf 80' lang='lat' dir='ltr'><strong>neque</strong></span> <span class='ocrx_word' id='word_1_810' title='bbox 3170 5527 3383 5598; x_wconf 84' lang='lat' dir='ltr'><strong>publice</strong></span> <span class='ocrx_word' id='word_1_811' title='bbox 3411 5525 3479 5582; x_wconf 81' lang='lat' dir='ltr'><strong>de</strong></span> <span class='ocrx_word' id='word_1_812' title='bbox 3507 5525 3600 5579; x_wconf 89' lang='lat' dir='ltr'><strong>itto</strong></span> <span class='ocrx_word' id='word_1_813' title='bbox 3627 5522 3708 5577; x_wconf 81' lang='lat' dir='ltr'><strong>di-</strong></span> 
     </span>
    </p>
   </div>
  </div>
