  <div class='ocr_page' id='page_1' title='image "/cluster/home/n/w/nwhite01/storage/ocr_20150623/152/hvd.32044019208404/056.png"; bbox 0 0 4010 6568; ppageno 0'>
   <div class='ocr_carea' id='block_1_1' title="bbox 306 342 3570 446">
    <p class='ocr_par' dir='ltr' id='par_1_1' title="bbox 306 342 3570 446">
     <span class='ocr_line' id='line_1_1' title="bbox 306 342 3570 446; baseline 0.004 -14"><span class='ocrx_word' id='word_1_1' title='bbox 306 375 376 433; x_wconf 82' lang='lat'>93</span> <span class='ocrx_word' id='word_1_2' title='bbox 1386 378 1781 438; x_wconf 78' lang='lat' dir='ltr'><strong>ADVERSUS</strong></span> <span class='ocrx_word' id='word_1_3' title='bbox 1806 375 2116 441; x_wconf 61' lang='lat' dir='ltr'><strong>cumcos</strong></span> <span class='ocrx_word' id='word_1_4' title='bbox 2156 384 2301 445; x_wconf 80' lang='lat' dir='ltr'><strong>un.</strong></span> <span class='ocrx_word' id='word_1_5' title='bbox 2342 342 2421 446; x_wconf 66' lang='lat' dir='ltr'><strong>ii.</strong></span> <span class='ocrx_word' id='word_1_6' title='bbox 3496 381 3570 446; x_wconf 73' lang='lat' dir='ltr'><strong>at</strong></span> 
     </span>
    </p>
   </div>
   <div class='ocr_carea' id='block_1_2' title="bbox 308 475 3568 568">
    <p class='ocr_par' dir='ltr' id='par_1_2' title="bbox 308 475 3568 568">
     <span class='ocr_line' id='line_1_2' title="bbox 308 475 3568 568; baseline 0.007 -44"><span class='ocrx_word' id='word_1_7' title='bbox 308 476 472 537; x_wconf 85' lang='lat' dir='ltr'><strong>citur,</strong></span> <span class='ocrx_word' id='word_1_8' title='bbox 498 475 641 543; x_wconf 88' lang='lat' dir='ltr'><strong>quod</strong></span> <span class='ocrx_word' id='word_1_9' title='bbox 671 476 930 544; x_wconf 84' lang='lat' dir='ltr'><strong>Spiritum</strong></span> <span class='ocrx_word' id='word_1_10' title='bbox 967 495 1214 541; x_wconf 81' lang='lat' dir='ltr'><strong>sanctum</strong></span> <span class='ocrx_word' id='word_1_11' title='bbox 1240 487 1716 556; x_wconf 86' lang='lat' dir='ltr'><strong>blasphemaverit,</strong></span> <span class='ocrx_word' id='word_1_12' title='bbox 1760 508 1884 547; x_wconf 90' lang='lat' dir='ltr'><strong>cum</strong></span> <span class='ocrx_word' id='word_1_13' title='bbox 1918 493 1963 552; x_wconf 76' lang='grc' dir='ltr'><strong>Δ</strong></span> <span class='ocrx_word' id='word_1_14' title='bbox 1987 513 2112 551; x_wconf 87' lang='lat' dir='ltr'><strong>cum</strong></span> <span class='ocrx_word' id='word_1_15' title='bbox 2145 499 2230 553; x_wconf 84' lang='lat' dir='ltr'><strong>vix</strong></span> <span class='ocrx_word' id='word_1_16' title='bbox 2267 500 2454 568; x_wconf 85' lang='lat' dir='ltr'><strong>paucis</strong></span> <span class='ocrx_word' id='word_1_17' title='bbox 2484 507 2609 554; x_wconf 91' lang='lat' dir='ltr'><strong>tunc</strong></span> <span class='ocrx_word' id='word_1_18' title='bbox 2635 508 2784 556; x_wconf 67' lang='lat' dir='ltr'><strong>esQet</strong></span> <span class='ocrx_word' id='word_1_19' title='bbox 2818 496 3134 567; x_wconf 72' lang='lat' dir='ltr'><strong>cognitum?</strong></span> <span class='ocrx_word' id='word_1_20' title='bbox 3171 511 3233 550; x_wconf 83' lang='lat' dir='ltr'><strong>ac</strong></span> <span class='ocrx_word' id='word_1_21' title='bbox 3256 505 3568 565; x_wconf 81' lang='lat' dir='ltr'><strong>propterea,</strong></span> 
     </span>
    </p>
   </div>
   <div class='ocr_carea' id='block_1_3' title="bbox 307 570 1823 639">
    <p class='ocr_par' dir='ltr' id='par_1_3' title="bbox 307 570 1823 639">
     <span class='ocr_line' id='line_1_3' title="bbox 307 570 1823 639; baseline 0.014 -24"><span class='ocrx_word' id='word_1_22' title='bbox 307 574 462 617; x_wconf 89' lang='lat' dir='ltr'><strong>certe</strong></span> <span class='ocrx_word' id='word_1_23' title='bbox 501 576 557 619; x_wconf 87' lang='lat' dir='ltr'><strong>et</strong></span> <span class='ocrx_word' id='word_1_24' title='bbox 586 570 764 623; x_wconf 90' lang='lat' dir='ltr'><strong>sancti</strong></span> <span class='ocrx_word' id='word_1_25' title='bbox 787 570 1024 639; x_wconf 79' lang='lat' dir='ltr'><strong>Spiritus</strong></span> <span class='ocrx_word' id='word_1_26' title='bbox 1056 575 1227 631; x_wconf 87' lang='lat' dir='ltr'><strong>hostis</strong></span> <span class='ocrx_word' id='word_1_27' title='bbox 1263 579 1608 635; x_wconf 74' lang='lat' dir='ltr'><strong>nihilominus</strong></span> <span class='ocrx_word' id='word_1_28' title='bbox 1639 582 1823 637; x_wconf 89' lang='lat' dir='ltr'><strong>fuerit.</strong></span> 
     </span>
    </p>
   </div>
   <div class='ocr_carea' id='block_1_4' title="bbox 380 653 1890 745">
    <p class='ocr_par' dir='ltr' id='par_1_4' title="bbox 380 653 1890 745">
     <span class='ocr_line' id='line_1_4' title="bbox 380 653 1890 745; baseline 0.015 -39"><span class='ocrx_word' id='word_1_29' title='bbox 380 653 537 719; x_wconf 83' lang='lat' dir='ltr'><strong>Quod</strong></span> <span class='ocrx_word' id='word_1_30' title='bbox 570 658 615 711; x_wconf 92' lang='lat' dir='ltr'><strong>si</strong></span> <span class='ocrx_word' id='word_1_31' title='bbox 649 660 772 726; x_wconf 85' lang='lat' dir='ltr'><strong>quis</strong></span> <span class='ocrx_word' id='word_1_32' title='bbox 822 664 1093 731; x_wconf 89' lang='lat' dir='ltr'><strong>opinetur,</strong></span> <span class='ocrx_word' id='word_1_33' title='bbox 1144 667 1395 724; x_wconf 82' lang='lat' dir='ltr'><strong>debuisse</strong></span> <span class='ocrx_word' id='word_1_34' title='bbox 1452 683 1579 727; x_wconf 91' lang='lat' dir='ltr'><strong>tunc</strong></span> <span class='ocrx_word' id='word_1_35' title='bbox 1630 675 1890 745; x_wconf 86' lang='lat' dir='ltr'><strong>synodum</strong></span> 
     </span>
    </p>
   </div>
   <div class='ocr_carea' id='block_1_5' title="bbox 306 746 1891 835">
    <p class='ocr_par' dir='ltr' id='par_1_5' title="bbox 306 746 1891 835">
     <span class='ocr_line' id='line_1_5' title="bbox 306 746 1891 835; baseline 0.015 -38"><span class='ocrx_word' id='word_1_36' title='bbox 306 746 473 799; x_wconf 86' lang='lat' dir='ltr'><strong>etiam</strong></span> <span class='ocrx_word' id='word_1_37' title='bbox 531 749 840 816; x_wconf 78' lang='lat' dir='ltr'><strong>huiusmodi</strong></span> <span class='ocrx_word' id='word_1_38' title='bbox 896 753 1264 825; x_wconf 86' lang='lat' dir='ltr'><strong>hlasphemias</strong></span> <span class='ocrx_word' id='word_1_39' title='bbox 1316 763 1511 817; x_wconf 88' lang='lat' dir='ltr'><strong>saltem</strong></span> <span class='ocrx_word' id='word_1_40' title='bbox 1542 766 1891 835; x_wconf 86' lang='lat' dir='ltr'><strong>redarguere,</strong></span> 
     </span>
    </p>
   </div>
   <div class='ocr_carea' id='block_1_6' title="bbox 311 840 1890 919">
    <p class='ocr_par' dir='ltr' id='par_1_6' title="bbox 311 840 1890 919">
     <span class='ocr_line' id='line_1_6' title="bbox 311 840 1890 919; baseline 0.017 -33"><span class='ocrx_word' id='word_1_41' title='bbox 311 840 710 905; x_wconf 79' lang='lat' dir='ltr'><strong>reprehensum</strong></span> <span class='ocrx_word' id='word_1_42' title='bbox 744 852 871 900; x_wconf 86' lang='lat' dir='ltr'><strong>tunc</strong></span> <span class='ocrx_word' id='word_1_43' title='bbox 902 849 1225 916; x_wconf 84' lang='lat' dir='ltr'><strong>generaliter</strong></span> <span class='ocrx_word' id='word_1_44' title='bbox 1247 854 1449 919; x_wconf 84' lang='lat' dir='ltr'><strong>audiet,</strong></span> <span class='ocrx_word' id='word_1_45' title='bbox 1469 871 1590 911; x_wconf 89' lang='lat' dir='ltr'><strong>cum</strong></span> <span class='ocrx_word' id='word_1_46' title='bbox 1615 859 1890 913; x_wconf 81' lang='lat' dir='ltr'><strong>dicerent:</strong></span> 
     </span>
    </p>
   </div>
   <div class='ocr_carea' id='block_1_7' title="bbox 310 929 1892 1019">
    <p class='ocr_par' dir='ltr' id='par_1_7' title="bbox 310 929 1892 1019">
     <span class='ocr_line' id='line_1_7' title="bbox 310 929 1892 1019; baseline 0.017 -37"><span class='ocrx_word' id='word_1_47' title='bbox 310 929 531 986; x_wconf 77' lang='lat' dir='ltr'><strong>Nemini</strong></span> <span class='ocrx_word' id='word_1_48' title='bbox 583 934 740 990; x_wconf 88' lang='lat' dir='ltr'><strong>fidem</strong></span> <span class='ocrx_word' id='word_1_49' title='bbox 783 939 1009 996; x_wconf 83' lang='lat' dir='ltr'><strong>alteram</strong></span> <span class='ocrx_word' id='word_1_50' title='bbox 1066 943 1332 1012; x_wconf 84' lang='lat' dir='ltr'><strong>proferre.</strong></span> <span class='ocrx_word' id='word_1_51' title='bbox 1392 961 1480 1004; x_wconf 78' lang='lat' dir='ltr'><strong>aut</strong></span> <span class='ocrx_word' id='word_1_52' title='bbox 1521 954 1892 1019; x_wconf 76' lang='lat' dir='ltr'><strong>conscribere,</strong></span> 
     </span>
    </p>
   </div>
   <div class='ocr_carea' id='block_1_8' title="bbox 308 1031 1893 1110">
    <p class='ocr_par' dir='ltr' id='par_1_8' title="bbox 308 1031 1893 1110">
     <span class='ocr_line' id='line_1_8' title="bbox 308 1031 1893 1110; baseline 0.016 -35"><span class='ocrx_word' id='word_1_53' title='bbox 308 1038 409 1077; x_wconf 85' lang='lat' dir='ltr'><strong>seu</strong></span> <span class='ocrx_word' id='word_1_54' title='bbox 440 1040 778 1095; x_wconf 85' lang='lat' dir='ltr'><strong>componere</strong></span> <span class='ocrx_word' id='word_1_55' title='bbox 808 1031 988 1099; x_wconf 89' lang='lat' dir='ltr'><strong>liceat,</strong></span> <span class='ocrx_word' id='word_1_56' title='bbox 1024 1047 1221 1106; x_wconf 69' lang='lat' dir='ltr'><strong>praeter</strong></span> <span class='ocrx_word' id='word_1_57' title='bbox 1240 1054 1384 1107; x_wconf 86' lang='lat' dir='ltr'><strong>eam,</strong></span> <span class='ocrx_word' id='word_1_58' title='bbox 1404 1057 1565 1110; x_wconf 89' lang='lat' dir='ltr'><strong>quam</strong></span> <span class='ocrx_word' id='word_1_59' title='bbox 1591 1046 1764 1100; x_wconf 82' lang='lat' dir='ltr'><strong>sancti</strong></span> <span class='ocrx_word' id='word_1_60' title='bbox 1789 1045 1893 1101; x_wconf 84' lang='lat' dir='ltr'><strong>Pa-</strong></span> 
     </span>
    </p>
   </div>
   <div class='ocr_carea' id='block_1_9' title="bbox 312 1119 1890 1199">
    <p class='ocr_par' dir='ltr' id='par_1_9' title="bbox 312 1119 1890 1199">
     <span class='ocr_line' id='line_1_9' title="bbox 312 1119 1890 1199; baseline 0.016 -34"><span class='ocrx_word' id='word_1_61' title='bbox 312 1122 428 1168; x_wconf 85' lang='lat' dir='ltr'><strong>tres</strong></span> <span class='ocrx_word' id='word_1_62' title='bbox 471 1119 840 1188; x_wconf 89' lang='lat' dir='ltr'><strong>tradiderunt,</strong></span> <span class='ocrx_word' id='word_1_63' title='bbox 872 1122 944 1177; x_wconf 85' lang='lat' dir='ltr'><strong>ita</strong></span> <span class='ocrx_word' id='word_1_64' title='bbox 972 1125 1041 1183; x_wconf 88' lang='lat' dir='ltr'><strong>de</strong></span> <span class='ocrx_word' id='word_1_65' title='bbox 1077 1126 1167 1183; x_wconf 86' lang='lat' dir='ltr'><strong>illa</strong></span> <span class='ocrx_word' id='word_1_66' title='bbox 1196 1140 1498 1188; x_wconf 76' lang='lat' dir='ltr'><strong>statuentes</strong></span> <span class='ocrx_word' id='word_1_67' title='bbox 1527 1136 1890 1199; x_wconf 82' lang='lat' dir='ltr'><strong>sentiendum,</strong></span> 
     </span>
    </p>
   </div>
   <div class='ocr_carea' id='block_1_10' title="bbox 308 1205 1893 1283">
    <p class='ocr_par' dir='ltr' id='par_1_10' title="bbox 308 1205 1893 1283">
     <span class='ocr_line' id='line_1_10' title="bbox 308 1205 1893 1283; baseline 0.016 -26"><span class='ocrx_word' id='word_1_68' title='bbox 308 1205 479 1258; x_wconf 83' lang='lat' dir='ltr'><strong>sicuti</strong></span> <span class='ocrx_word' id='word_1_69' title='bbox 518 1209 826 1277; x_wconf 84' lang='lat' dir='ltr'><strong>symbolum</strong></span> <span class='ocrx_word' id='word_1_70' title='bbox 850 1217 1109 1283; x_wconf 81' lang='lat' dir='ltr'><strong>continet,</strong></span> <span class='ocrx_word' id='word_1_71' title='bbox 1135 1224 1428 1277; x_wconf 83' lang='lat' dir='ltr'><strong>secundum</strong></span> <span class='ocrx_word' id='word_1_72' title='bbox 1460 1224 1712 1281; x_wconf 78' lang='lat' dir='ltr'><strong>videlicet</strong></span> <span class='ocrx_word' id='word_1_73' title='bbox 1751 1229 1893 1283; x_wconf 83' lang='lat' dir='ltr'><strong>beati</strong></span> 
     </span>
    </p>
   </div>
   <div class='ocr_carea' id='block_1_11' title="bbox 312 1294 1893 1386">
    <p class='ocr_par' dir='ltr' id='par_1_11' title="bbox 312 1294 1893 1386">
     <span class='ocr_line' id='line_1_11' title="bbox 312 1294 1893 1386; baseline 0.018 -39"><span class='ocrx_word' id='word_1_74' title='bbox 312 1294 509 1363; x_wconf 82' lang='lat' dir='ltr'><strong>Cyriili</strong></span> <span class='ocrx_word' id='word_1_75' title='bbox 546 1302 969 1368; x_wconf 76' lang='lat' dir='ltr'><strong>expositionem,</strong></span> <span class='ocrx_word' id='word_1_76' title='bbox 1004 1316 1058 1361; x_wconf 90' lang='lat' dir='ltr'><strong>et</strong></span> <span class='ocrx_word' id='word_1_77' title='bbox 1109 1312 1413 1366; x_wconf 90' lang='lat' dir='ltr'><strong>secundum</strong></span> <span class='ocrx_word' id='word_1_78' title='bbox 1448 1314 1728 1383; x_wconf 81' lang='lat' dir='ltr'><strong>epistolas,</strong></span> <span class='ocrx_word' id='word_1_79' title='bbox 1758 1333 1893 1386; x_wconf 84' lang='lat' dir='ltr'><strong>quas</strong></span> 
     </span>
    </p>
   </div>
   <div class='ocr_carea' id='block_1_12' title="bbox 313 1387 1895 1481">
    <p class='ocr_par' dir='ltr' id='par_1_12' title="bbox 313 1387 1895 1481">
     <span class='ocr_line' id='line_1_12' title="bbox 313 1387 1895 1481; baseline 0.018 -43"><span class='ocrx_word' id='word_1_80' title='bbox 313 1387 456 1443; x_wconf 88' lang='lat' dir='ltr'><strong>idem</strong></span> <span class='ocrx_word' id='word_1_81' title='bbox 519 1391 604 1443; x_wconf 82' lang='lat' dir='ltr'><strong>vir</strong></span> <span class='ocrx_word' id='word_1_82' title='bbox 643 1393 712 1447; x_wconf 92' lang='lat' dir='ltr'><strong>ad</strong></span> <span class='ocrx_word' id='word_1_83' title='bbox 762 1394 1067 1453; x_wconf 81' lang='lat' dir='ltr'><strong>Nestorium</strong></span> <span class='ocrx_word' id='word_1_84' title='bbox 1102 1403 1361 1471; x_wconf 82' lang='lat' dir='ltr'><strong>scripsit:</strong></span> <span class='ocrx_word' id='word_1_85' title='bbox 1391 1406 1441 1458; x_wconf 92' lang='lat' dir='ltr'><strong>in</strong></span> <span class='ocrx_word' id='word_1_86' title='bbox 1481 1408 1676 1475; x_wconf 82' lang='lat' dir='ltr'><strong>quibus</strong></span> <span class='ocrx_word' id='word_1_87' title='bbox 1709 1422 1895 1481; x_wconf 82' lang='lat' dir='ltr'><strong>aperte</strong></span> 
     </span>
    </p>
   </div>
   <div class='ocr_carea' id='block_1_13' title="bbox 310 1481 1896 1571">
    <p class='ocr_par' dir='ltr' id='par_1_13' title="bbox 310 1481 1896 1571">
     <span class='ocr_line' id='line_1_13' title="bbox 310 1481 1896 1571; baseline 0.017 -38"><span class='ocrx_word' id='word_1_88' title='bbox 310 1481 614 1536; x_wconf 80' lang='lat' dir='ltr'><strong>conﬁtetur</strong></span> <span class='ocrx_word' id='word_1_89' title='bbox 649 1483 909 1553; x_wconf 88' lang='lat' dir='ltr'><strong>Spiritum</strong></span> <span class='ocrx_word' id='word_1_90' title='bbox 948 1504 1197 1547; x_wconf 86' lang='lat' dir='ltr'><strong>sanctqu</strong></span> <span class='ocrx_word' id='word_1_91' title='bbox 1232 1512 1296 1549; x_wconf 88' lang='lat' dir='ltr'><strong>ex</strong></span> <span class='ocrx_word' id='word_1_92' title='bbox 1331 1496 1485 1561; x_wconf 86' lang='lat' dir='ltr'><strong>Filio.</strong></span> <span class='ocrx_word' id='word_1_93' title='bbox 1507 1511 1669 1570; x_wconf 87' lang='lat' dir='ltr'><strong>atque</strong></span> <span class='ocrx_word' id='word_1_94' title='bbox 1694 1503 1896 1571; x_wconf 61' lang='lat' dir='ltr'><strong>perFL</strong></span> 
     </span>
    </p>
   </div>
   <div class='ocr_carea' id='block_1_14' title="bbox 313 1571 1897 1664">
    <p class='ocr_par' dir='ltr' id='par_1_14' title="bbox 313 1571 1897 1664">
     <span class='ocr_line' id='line_1_14' title="bbox 313 1571 1897 1664; baseline 0.018 -44"><span class='ocrx_word' id='word_1_95' title='bbox 313 1571 448 1623; x_wconf 88' lang='lat' dir='ltr'><strong>lium</strong></span> <span class='ocrx_word' id='word_1_96' title='bbox 490 1573 696 1631; x_wconf 84' lang='lat' dir='ltr'><strong>habere</strong></span> <span class='ocrx_word' id='word_1_97' title='bbox 738 1578 1118 1636; x_wconf 89' lang='lat' dir='ltr'><strong>substantiam.</strong></span> <span class='ocrx_word' id='word_1_98' title='bbox 1157 1583 1252 1639; x_wconf 90' lang='lat' dir='ltr'><strong>Sin</strong></span> <span class='ocrx_word' id='word_1_99' title='bbox 1284 1602 1410 1641; x_wconf 85' lang='lat' dir='ltr'><strong>vero</strong></span> <span class='ocrx_word' id='word_1_100' title='bbox 1439 1603 1750 1646; x_wconf 90' lang='lat' dir='ltr'><strong>sanctorum</strong></span> <span class='ocrx_word' id='word_1_101' title='bbox 1778 1595 1897 1664; x_wconf 89' lang='lat' dir='ltr'><strong>opl-</strong></span> 
     </span>
    </p>
   </div>
   <div class='ocr_carea' id='block_1_15' title="bbox 314 1662 1897 1741">
    <p class='ocr_par' dir='ltr' id='par_1_15' title="bbox 314 1662 1897 1741">
     <span class='ocr_line' id='line_1_15' title="bbox 314 1662 1897 1741; baseline 0.015 -25"><span class='ocrx_word' id='word_1_102' title='bbox 314 1662 539 1727; x_wconf 83' lang='lat' dir='ltr'><strong>nioest,</strong></span> <span class='ocrx_word' id='word_1_103' title='bbox 572 1680 667 1733; x_wconf 90' lang='lat' dir='ltr'><strong>per</strong></span> <span class='ocrx_word' id='word_1_104' title='bbox 703 1666 901 1722; x_wconf 87' lang='lat' dir='ltr'><strong>Filium</strong></span> <span class='ocrx_word' id='word_1_105' title='bbox 951 1669 1214 1741; x_wconf 88' lang='lat' dir='ltr'><strong>Spiritum</strong></span> <span class='ocrx_word' id='word_1_106' title='bbox 1270 1688 1515 1733; x_wconf 87' lang='lat' dir='ltr'><strong>sanctum</strong></span> <span class='ocrx_word' id='word_1_107' title='bbox 1577 1662 1897 1740; x_wconf 79' lang='lat' dir='ltr'><strong>naturaliter</strong></span> 
     </span>
    </p>
   </div>
   <div class='ocr_carea' id='block_1_16' title="bbox 313 1758 1895 1842">
    <p class='ocr_par' dir='ltr' id='par_1_16' title="bbox 313 1758 1895 1842">
     <span class='ocr_line' id='line_1_16' title="bbox 313 1758 1895 1842; baseline 0.018 -39"><span class='ocrx_word' id='word_1_108' title='bbox 313 1762 485 1822; x_wconf 86' lang='lat' dir='ltr'><strong>atque</strong></span> <span class='ocrx_word' id='word_1_109' title='bbox 512 1758 882 1816; x_wconf 87' lang='lat' dir='ltr'><strong>essentialiter</strong></span> <span class='ocrx_word' id='word_1_110' title='bbox 928 1772 981 1818; x_wconf 91' lang='lat' dir='ltr'><strong>et</strong></span> <span class='ocrx_word' id='word_1_111' title='bbox 1001 1774 1204 1820; x_wconf 71' lang='lat' dir='ltr'><strong>aeterne</strong></span> <span class='ocrx_word' id='word_1_112' title='bbox 1256 1772 1572 1837; x_wconf 87' lang='lat' dir='ltr'><strong>procedere,</strong></span> <span class='ocrx_word' id='word_1_113' title='bbox 1605 1779 1895 1842; x_wconf 85' lang='lat' dir='ltr'><strong>procedere</strong></span> 
     </span>
    </p>
   </div>
   <div class='ocr_carea' id='block_1_17' title="bbox 314 1849 1905 1933">
    <p class='ocr_par' dir='ltr' id='par_1_17' title="bbox 314 1849 1905 1933">
     <span class='ocr_line' id='line_1_17' title="bbox 314 1849 1905 1933; baseline 0.021 -39"><span class='ocrx_word' id='word_1_114' title='bbox 314 1851 529 1906; x_wconf 87' lang='lat' dir='ltr'><strong>autem,</strong></span> <span class='ocrx_word' id='word_1_115' title='bbox 548 1849 693 1915; x_wconf 89' lang='lat' dir='ltr'><strong>quod</strong></span> <span class='ocrx_word' id='word_1_116' title='bbox 718 1850 918 1906; x_wconf 87' lang='lat' dir='ltr'><strong>dicitur</strong></span> <span class='ocrx_word' id='word_1_117' title='bbox 935 1870 1032 1922; x_wconf 91' lang='lat' dir='ltr'><strong>per</strong></span> <span class='ocrx_word' id='word_1_118' title='bbox 1048 1873 1388 1925; x_wconf 85' lang='lat' dir='ltr'><strong>processum.</strong></span> <span class='ocrx_word' id='word_1_119' title='bbox 1409 1863 1679 1933; x_wconf 84' lang='lat' dir='ltr'><strong>significat</strong></span> <span class='ocrx_word' id='word_1_120' title='bbox 1705 1869 1905 1928; x_wconf 82' lang='lat' dir='ltr'><strong>habere</strong></span> 
     </span>
    </p>
   </div>
   <div class='ocr_carea' id='block_1_18' title="bbox 315 1937 1906 2021">
    <p class='ocr_par' dir='ltr' id='par_1_18' title="bbox 315 1937 1906 2021">
     <span class='ocr_line' id='line_1_18' title="bbox 315 1937 1906 2021; baseline 0.02 -33"><span class='ocrx_word' id='word_1_121' title='bbox 315 1937 718 2006; x_wconf 86' lang='lat' dir='ltr'><strong>substantiam,</strong></span> <span class='ocrx_word' id='word_1_122' title='bbox 746 1944 892 2000; x_wconf 88' lang='lat' dir='ltr'><strong>sicut</strong></span> <span class='ocrx_word' id='word_1_123' title='bbox 920 1959 974 2002; x_wconf 88' lang='lat' dir='ltr'><strong>et</strong></span> <span class='ocrx_word' id='word_1_124' title='bbox 1010 1952 1156 2005; x_wconf 90' lang='lat' dir='ltr'><strong>nasci</strong></span> <span class='ocrx_word' id='word_1_125' title='bbox 1193 1969 1289 2021; x_wconf 90' lang='lat' dir='ltr'><strong>per</strong></span> <span class='ocrx_word' id='word_1_126' title='bbox 1312 1959 1653 2015; x_wconf 78' lang='lat' dir='ltr'><strong>nativitatem</strong></span> <span class='ocrx_word' id='word_1_127' title='bbox 1677 1979 1693 2019; x_wconf 85' lang='lat'><strong>:</strong></span> <span class='ocrx_word' id='word_1_128' title='bbox 1717 1963 1906 2021; x_wconf 85' lang='lat' dir='ltr'><strong>beatus</strong></span> 
     </span>
    </p>
   </div>
   <div class='ocr_carea' id='block_1_19' title="bbox 320 2028 1906 2120">
    <p class='ocr_par' dir='ltr' id='par_1_19' title="bbox 320 2028 1906 2120">
     <span class='ocr_line' id='line_1_19' title="bbox 320 2028 1906 2120; baseline 0.021 -40"><span class='ocrx_word' id='word_1_129' title='bbox 320 2028 455 2084; x_wconf 87' lang='lat' dir='ltr'><strong>item</strong></span> <span class='ocrx_word' id='word_1_130' title='bbox 486 2032 724 2102; x_wconf 77' lang='lat' dir='ltr'><strong>Cyrilius</strong></span> <span class='ocrx_word' id='word_1_131' title='bbox 760 2053 857 2106; x_wconf 91' lang='lat' dir='ltr'><strong>per</strong></span> <span class='ocrx_word' id='word_1_132' title='bbox 881 2054 1094 2096; x_wconf 90' lang='lat' dir='ltr'><strong>omnem</strong></span> <span class='ocrx_word' id='word_1_133' title='bbox 1124 2044 1295 2103; x_wconf 88' lang='lat' dir='ltr'><strong>ferme</strong></span> <span class='ocrx_word' id='word_1_134' title='bbox 1326 2052 1653 2120; x_wconf 88' lang='lat' dir='ltr'><strong>scriptorum</strong></span> <span class='ocrx_word' id='word_1_135' title='bbox 1682 2070 1906 2112; x_wconf 91' lang='lat' dir='ltr'><strong>suorum</strong></span> 
     </span>
    </p>
   </div>
   <div class='ocr_carea' id='block_1_20' title="bbox 318 2130 1907 2218">
    <p class='ocr_par' dir='ltr' id='par_1_20' title="bbox 318 2130 1907 2218">
     <span class='ocr_line' id='line_1_20' title="bbox 318 2130 1907 2218; baseline 0.02 -44"><span class='ocrx_word' id='word_1_136' title='bbox 318 2132 559 2188; x_wconf 80' lang='lat' dir='ltr'><strong>textum,</strong></span> <span class='ocrx_word' id='word_1_137' title='bbox 592 2130 913 2184; x_wconf 83' lang='lat' dir='ltr'><strong>naturaliter</strong></span> <span class='ocrx_word' id='word_1_138' title='bbox 970 2150 1064 2202; x_wconf 88' lang='lat' dir='ltr'><strong>per</strong></span> <span class='ocrx_word' id='word_1_139' title='bbox 1107 2135 1302 2193; x_wconf 83' lang='lat' dir='ltr'><strong>Filium</strong></span> <span class='ocrx_word' id='word_1_140' title='bbox 1338 2147 1656 2209; x_wconf 86' lang='lat' dir='ltr'><strong>procedere.</strong></span> <span class='ocrx_word' id='word_1_141' title='bbox 1695 2159 1751 2203; x_wconf 93' lang='lat' dir='ltr'><strong>ut</strong></span> <span class='ocrx_word' id='word_1_142' title='bbox 1778 2165 1907 2218; x_wconf 83' lang='lat' dir='ltr'><strong>pro-</strong></span> 
     </span>
    </p>
   </div>
   <div class='ocr_carea' id='block_1_21' title="bbox 324 2218 1907 2307">
    <p class='ocr_par' dir='ltr' id='par_1_21' title="bbox 324 2218 1907 2307">
     <span class='ocr_line' id='line_1_21' title="bbox 324 2218 1907 2307; baseline 0.017 -40"><span class='ocrx_word' id='word_1_143' title='bbox 324 2218 506 2282; x_wconf 74' lang='lat' dir='ltr'><strong>prium</strong></span> <span class='ocrx_word' id='word_1_144' title='bbox 531 2219 703 2287; x_wconf 85' lang='lat' dir='ltr'><strong>ipsius</strong></span> <span class='ocrx_word' id='word_1_145' title='bbox 726 2220 1010 2291; x_wconf 79' lang='lat' dir='ltr'><strong>Spiritum,</strong></span> <span class='ocrx_word' id='word_1_146' title='bbox 1030 2232 1416 2300; x_wconf 85' lang='lat' dir='ltr'><strong>propriamque</strong></span> <span class='ocrx_word' id='word_1_147' title='bbox 1446 2236 1699 2291; x_wconf 83' lang='lat' dir='ltr'><strong>virtutem</strong></span> <span class='ocrx_word' id='word_1_148' title='bbox 1728 2255 1907 2307; x_wconf 86' lang='lat' dir='ltr'><strong>suam,</strong></span> 
     </span>
    </p>
   </div>
   <div class='ocr_carea' id='block_1_22' title="bbox 321 2315 1909 2396">
    <p class='ocr_par' dir='ltr' id='par_1_22' title="bbox 321 2315 1909 2396">
     <span class='ocr_line' id='line_1_22' title="bbox 321 2315 1909 2396; baseline 0.018 -35"><span class='ocrx_word' id='word_1_149' title='bbox 321 2321 494 2378; x_wconf 88' lang='lat' dir='ltr'><strong>atque</strong></span> <span class='ocrx_word' id='word_1_150' title='bbox 546 2326 610 2365; x_wconf 78' lang='lat' dir='ltr'><strong>es</strong></span> <span class='ocrx_word' id='word_1_151' title='bbox 638 2315 758 2383; x_wconf 87' lang='lat' dir='ltr'><strong>ipso</strong></span> <span class='ocrx_word' id='word_1_152' title='bbox 816 2330 957 2381; x_wconf 87' lang='lat' dir='ltr'><strong>esse,</strong></span> <span class='ocrx_word' id='word_1_153' title='bbox 1018 2321 1217 2378; x_wconf 87' lang='lat' dir='ltr'><strong>divinis</strong></span> <span class='ocrx_word' id='word_1_154' title='bbox 1247 2327 1548 2384; x_wconf 76' lang='lat' dir='ltr'><strong>rationibus</strong></span> <span class='ocrx_word' id='word_1_155' title='bbox 1605 2334 1823 2396; x_wconf 80' lang='lat' dir='ltr'><strong>asserit,</strong></span> <span class='ocrx_word' id='word_1_156' title='bbox 1855 2345 1909 2390; x_wconf 89' lang='lat' dir='ltr'><strong>et</strong></span> 
     </span>
    </p>
   </div>
   <div class='ocr_carea' id='block_1_23' title="bbox 322 2407 1907 2483">
    <p class='ocr_par' dir='ltr' id='par_1_23' title="bbox 322 2407 1907 2483">
     <span class='ocr_line' id='line_1_23' title="bbox 322 2407 1907 2483; baseline 0.017 -31"><span class='ocrx_word' id='word_1_157' title='bbox 322 2418 561 2471; x_wconf 67' lang='lat' dir='ltr'><strong>qumque</strong></span> <span class='ocrx_word' id='word_1_158' title='bbox 614 2407 718 2459; x_wconf 88' lang='lat' dir='ltr'><strong>alia</strong></span> <span class='ocrx_word' id='word_1_159' title='bbox 771 2410 1024 2476; x_wconf 61' lang='lat' dir='ltr'><strong>praedicta</strong></span> <span class='ocrx_word' id='word_1_160' title='bbox 1081 2423 1208 2470; x_wconf 92' lang='lat' dir='ltr'><strong>sunt</strong></span> <span class='ocrx_word' id='word_1_161' title='bbox 1243 2430 1260 2467; x_wconf 88' lang='lat'><strong>:</strong></span> <span class='ocrx_word' id='word_1_162' title='bbox 1295 2420 1565 2483; x_wconf 86' lang='lat' dir='ltr'><strong>quomodo</strong></span> <span class='ocrx_word' id='word_1_163' title='bbox 1599 2437 1706 2476; x_wconf 92' lang='lat' dir='ltr'><strong>non</strong></span> <span class='ocrx_word' id='word_1_164' title='bbox 1760 2425 1907 2479; x_wconf 91' lang='lat' dir='ltr'><strong>illum</strong></span> 
     </span>
    </p>
   </div>
   <div class='ocr_carea' id='block_1_24' title="bbox 327 2497 1906 2583">
    <p class='ocr_par' dir='ltr' id='par_1_24' title="bbox 327 2497 1906 2583">
     <span class='ocr_line' id='line_1_24' title="bbox 327 2497 1906 2583; baseline 0.017 -39"><span class='ocrx_word' id='word_1_165' title='bbox 327 2497 608 2551; x_wconf 79' lang='lat' dir='ltr'><strong>hominem</strong></span> <span class='ocrx_word' id='word_1_166' title='bbox 655 2502 834 2570; x_wconf 88' lang='lat' dir='ltr'><strong>arguit</strong></span> <span class='ocrx_word' id='word_1_167' title='bbox 869 2505 1127 2574; x_wconf 85' lang='lat' dir='ltr'><strong>synodus,</strong></span> <span class='ocrx_word' id='word_1_168' title='bbox 1159 2509 1249 2577; x_wconf 91' lang='lat' dir='ltr'><strong>qui</strong></span> <span class='ocrx_word' id='word_1_169' title='bbox 1286 2508 1549 2580; x_wconf 88' lang='lat' dir='ltr'><strong>Spiritum</strong></span> <span class='ocrx_word' id='word_1_170' title='bbox 1592 2530 1687 2583; x_wconf 92' lang='lat' dir='ltr'><strong>per</strong></span> <span class='ocrx_word' id='word_1_171' title='bbox 1709 2514 1906 2571; x_wconf 86' lang='lat' dir='ltr'><strong>Filium</strong></span> 
     </span>
    </p>
   </div>
   <div class='ocr_carea' id='block_1_25' title="bbox 324 2586 1908 2672">
    <p class='ocr_par' dir='ltr' id='par_1_25' title="bbox 324 2586 1908 2672">
     <span class='ocr_line' id='line_1_25' title="bbox 324 2586 1908 2672; baseline 0.016 -37"><span class='ocrx_word' id='word_1_172' title='bbox 324 2586 696 2642; x_wconf 72' lang='lat' dir='ltr'><strong>substantiam</strong></span> <span class='ocrx_word' id='word_1_173' title='bbox 753 2593 951 2650; x_wconf 86' lang='lat' dir='ltr'><strong>habere</strong></span> <span class='ocrx_word' id='word_1_174' title='bbox 1006 2598 1260 2665; x_wconf 83' lang='lat' dir='ltr'><strong>negabat,</strong></span> <span class='ocrx_word' id='word_1_175' title='bbox 1331 2602 1435 2655; x_wconf 91' lang='lat' dir='ltr'><strong>etsi</strong></span> <span class='ocrx_word' id='word_1_176' title='bbox 1488 2602 1554 2656; x_wconf 93' lang='lat' dir='ltr'><strong>de</strong></span> <span class='ocrx_word' id='word_1_177' title='bbox 1604 2604 1908 2672; x_wconf 78' lang='lat' dir='ltr'><strong>huiusmodi</strong></span> 
     </span>
    </p>
   </div>
   <div class='ocr_carea' id='block_1_26' title="bbox 326 2677 1910 2757">
    <p class='ocr_par' dir='ltr' id='par_1_26' title="bbox 326 2677 1910 2757">
     <span class='ocr_line' id='line_1_26' title="bbox 326 2677 1910 2757; baseline 0.018 -33"><span class='ocrx_word' id='word_1_178' title='bbox 326 2677 610 2742; x_wconf 59' lang='lat' dir='ltr'><strong>Opin’one,</strong></span> <span class='ocrx_word' id='word_1_179' title='bbox 641 2692 866 2751; x_wconf 90' lang='lat' dir='ltr'><strong>propter</strong></span> <span class='ocrx_word' id='word_1_180' title='bbox 895 2699 957 2739; x_wconf 90' lang='lat' dir='ltr'><strong>ea</strong></span> <span class='ocrx_word' id='word_1_181' title='bbox 988 2702 1110 2757; x_wconf 75' lang='lat' dir='ltr'><strong>qua:</strong></span> <span class='ocrx_word' id='word_1_182' title='bbox 1140 2689 1399 2756; x_wconf 80' lang='lat' dir='ltr'><strong>diximus,</strong></span> <span class='ocrx_word' id='word_1_183' title='bbox 1424 2692 1583 2747; x_wconf 89' lang='lat' dir='ltr'><strong>latius</strong></span> <span class='ocrx_word' id='word_1_184' title='bbox 1608 2694 1739 2749; x_wconf 85' lang='lat' dir='ltr'><strong>nihil</strong></span> <span class='ocrx_word' id='word_1_185' title='bbox 1762 2696 1910 2751; x_wconf 83' lang='lat' dir='ltr'><strong>dixe-</strong></span> 
     </span>
    </p>
   </div>
   <div class='ocr_carea' id='block_1_27' title="bbox 329 2771 507 2825">
    <p class='ocr_par' dir='ltr' id='par_1_27' title="bbox 329 2771 507 2825">
     <span class='ocr_line' id='line_1_27' title="bbox 329 2771 507 2825; baseline 0.006 -3"><span class='ocrx_word' id='word_1_186' title='bbox 329 2771 507 2825; x_wconf 75' lang='lat' dir='ltr'><strong>runt?</strong></span> 
     </span>
    </p>
   </div>
   <div class='ocr_carea' id='block_1_28' title="bbox 403 2867 1909 2944">
    <p class='ocr_par' dir='ltr' id='par_1_28' title="bbox 403 2867 1909 2944">
     <span class='ocr_line' id='line_1_28' title="bbox 403 2867 1909 2944; baseline 0.016 -28"><span class='ocrx_word' id='word_1_187' title='bbox 403 2869 577 2929; x_wconf 85' lang='lat' dir='ltr'><strong>Quam</strong></span> <span class='ocrx_word' id='word_1_188' title='bbox 607 2867 769 2933; x_wconf 83' lang='lat' dir='ltr'><strong>igitur</strong></span> <span class='ocrx_word' id='word_1_189' title='bbox 802 2868 1092 2925; x_wconf 84' lang='lat' dir='ltr'><strong>absurdum</strong></span> <span class='ocrx_word' id='word_1_190' title='bbox 1124 2884 1227 2935; x_wconf 90' lang='lat' dir='ltr'><strong>est,</strong></span> <span class='ocrx_word' id='word_1_191' title='bbox 1259 2890 1354 2943; x_wconf 91' lang='lat' dir='ltr'><strong>per</strong></span> <span class='ocrx_word' id='word_1_192' title='bbox 1384 2876 1693 2944; x_wconf 75' lang='lat' dir='ltr'><strong>huiusmodi</strong></span> <span class='ocrx_word' id='word_1_193' title='bbox 1739 2882 1909 2939; x_wconf 87' lang='lat' dir='ltr'><strong>silen-</strong></span> 
     </span>
    </p>
   </div>
   <div class='ocr_carea' id='block_1_29' title="bbox 331 2958 1912 3035">
    <p class='ocr_par' dir='ltr' id='par_1_29' title="bbox 331 2958 1912 3035">
     <span class='ocr_line' id='line_1_29' title="bbox 331 2958 1912 3035; baseline 0.014 -26"><span class='ocrx_word' id='word_1_194' title='bbox 331 2958 471 3010; x_wconf 80' lang='lat' dir='ltr'><strong>tium</strong></span> <span class='ocrx_word' id='word_1_195' title='bbox 506 2969 702 3027; x_wconf 88' lang='lat' dir='ltr'><strong>putare</strong></span> <span class='ocrx_word' id='word_1_196' title='bbox 757 2972 1001 3017; x_wconf 83' lang='lat' dir='ltr'><strong>sanctam</strong></span> <span class='ocrx_word' id='word_1_197' title='bbox 1057 2967 1323 3035; x_wconf 84' lang='lat' dir='ltr'><strong>synodum</strong></span> <span class='ocrx_word' id='word_1_198' title='bbox 1386 2969 1622 3025; x_wconf 68' lang='lat' dir='ltr'><strong>haeretici</strong></span> <span class='ocrx_word' id='word_1_199' title='bbox 1674 2973 1912 3031; x_wconf 88' lang='lat' dir='ltr'><strong>hominis</strong></span> 
     </span>
    </p>
   </div>
   <div class='ocr_carea' id='block_1_30' title="bbox 332 3048 1907 3133">
    <p class='ocr_par' dir='ltr' id='par_1_30' title="bbox 332 3048 1907 3133">
     <span class='ocr_line' id='line_1_30' title="bbox 332 3048 1907 3133; baseline 0.014 -34"><span class='ocrx_word' id='word_1_200' title='bbox 332 3048 693 3116; x_wconf 74' lang='lat' dir='ltr'><strong>hiasnhemiis</strong></span> <span class='ocrx_word' id='word_1_201' title='bbox 731 3051 1091 3122; x_wconf 62' lang='lat' dir='ltr'><strong>acquievisse,</strong></span> <span class='ocrx_word' id='word_1_202' title='bbox 1127 3061 1269 3126; x_wconf 91' lang='lat' dir='ltr'><strong>quod</strong></span> <span class='ocrx_word' id='word_1_203' title='bbox 1300 3061 1506 3116; x_wconf 83' lang='lat' dir='ltr'><strong>sciiicet</strong></span> <span class='ocrx_word' id='word_1_204' title='bbox 1534 3063 1770 3133; x_wconf 88' lang='lat' dir='ltr'><strong>Spiritus</strong></span> <span class='ocrx_word' id='word_1_205' title='bbox 1803 3082 1907 3121; x_wconf 91' lang='lat' dir='ltr'><strong>non</strong></span> 
     </span>
    </p>
   </div>
   <div class='ocr_carea' id='block_1_31' title="bbox 2000 586 3567 659">
    <p class='ocr_par' dir='ltr' id='par_1_31' title="bbox 2000 586 3567 659">
     <span class='ocr_line' id='line_1_31' title="bbox 2000 586 3567 659; baseline -0.003 -16"><span class='ocrx_word' id='word_1_206' title='bbox 2000 605 2171 659; x_wconf 84' lang='lat' dir='ltr'><strong>neque</strong></span> <span class='ocrx_word' id='word_1_207' title='bbox 2210 591 2578 646; x_wconf 87' lang='lat' dir='ltr'><strong>ecclesiastica</strong></span> <span class='ocrx_word' id='word_1_208' title='bbox 2603 607 2765 647; x_wconf 86' lang='lat' dir='ltr'><strong>causa</strong></span> <span class='ocrx_word' id='word_1_209' title='bbox 2800 591 3067 646; x_wconf 83' lang='lat' dir='ltr'><strong>inﬁrmior</strong></span> <span class='ocrx_word' id='word_1_210' title='bbox 3114 599 3278 651; x_wconf 82' lang='lat' dir='ltr'><strong>esset,</strong></span> <span class='ocrx_word' id='word_1_211' title='bbox 3310 602 3483 657; x_wconf 89' lang='lat' dir='ltr'><strong>neque</strong></span> <span class='ocrx_word' id='word_1_212' title='bbox 3517 586 3567 640; x_wconf 89' lang='lat' dir='ltr'><strong>id</strong></span> 
     </span>
    </p>
   </div>
   <div class='ocr_carea' id='block_1_32' title="bbox 1998 680 3627 752">
    <p class='ocr_par' dir='ltr' id='par_1_32' title="bbox 1998 680 3627 752">
     <span class='ocr_line' id='line_1_32' title="bbox 1998 680 3627 752; baseline -0.002 -21"><span class='ocrx_word' id='word_1_213' title='bbox 1998 680 2139 736; x_wconf 86' lang='lat' dir='ltr'><strong>nllus</strong></span> <span class='ocrx_word' id='word_1_214' title='bbox 2188 692 2463 751; x_wconf 86' lang='lat' dir='ltr'><strong>argueret.</strong></span> <span class='ocrx_word' id='word_1_215' title='bbox 2522 681 2839 752; x_wconf 83' lang='lat' dir='ltr'><strong>Quanquam</strong></span> <span class='ocrx_word' id='word_1_216' title='bbox 2898 682 3005 737; x_wconf 89' lang='lat' dir='ltr'><strong>dici</strong></span> <span class='ocrx_word' id='word_1_217' title='bbox 3054 691 3259 751; x_wconf 86' lang='lat' dir='ltr'><strong>posset,</strong></span> <span class='ocrx_word' id='word_1_218' title='bbox 3318 687 3563 733; x_wconf 86' lang='lat' dir='ltr'><strong>sanctam</strong></span> <span class='ocrx_word' id='word_1_219' title='bbox 3624 680 3627 683; x_wconf 76' lang='lat'><em>‘</em></span> 
     </span>
    </p>
   </div>
   <div class='ocr_carea' id='block_1_33' title="bbox 1996 770 3567 843">
    <p class='ocr_par' dir='ltr' id='par_1_33' title="bbox 1996 770 3567 843">
     <span class='ocr_line' id='line_1_33' title="bbox 1996 770 3567 843; baseline -0.004 -16"><span class='ocrx_word' id='word_1_220' title='bbox 1996 773 2259 843; x_wconf 86' lang='lat' dir='ltr'><strong>synodum</strong></span> <span class='ocrx_word' id='word_1_221' title='bbox 2298 774 2406 826; x_wconf 90' lang='lat' dir='ltr'><strong>alio</strong></span> <span class='ocrx_word' id='word_1_222' title='bbox 2449 774 2734 837; x_wconf 88' lang='lat' dir='ltr'><strong>intentam,</strong></span> <span class='ocrx_word' id='word_1_223' title='bbox 2769 775 2834 827; x_wconf 80' lang='lat' dir='ltr'><strong>ad</strong></span> <span class='ocrx_word' id='word_1_224' title='bbox 2881 774 3206 828; x_wconf 83' lang='lat' dir='ltr'><strong>calumniam</strong></span> <span class='ocrx_word' id='word_1_225' title='bbox 3259 770 3567 839; x_wconf 85' lang='lat' dir='ltr'><strong>hujusumdi</strong></span> 
     </span>
    </p>
   </div>
   <div class='ocr_carea' id='block_1_34' title="bbox 1999 863 3569 934">
    <p class='ocr_par' dir='ltr' id='par_1_34' title="bbox 1999 863 3569 934">
     <span class='ocr_line' id='line_1_34' title="bbox 1999 863 3569 934; baseline -0.003 -16"><span class='ocrx_word' id='word_1_226' title='bbox 1999 865 2229 919; x_wconf 82' lang='lat' dir='ltr'><strong>fortasse</strong></span> <span class='ocrx_word' id='word_1_227' title='bbox 2261 878 2363 918; x_wconf 91' lang='lat' dir='ltr'><strong>non</strong></span> <span class='ocrx_word' id='word_1_228' title='bbox 2410 865 2543 919; x_wconf 83' lang='lat' dir='ltr'><strong>satis</strong></span> <span class='ocrx_word' id='word_1_229' title='bbox 2574 866 2885 920; x_wconf 86' lang='lat' dir='ltr'><strong>instructam</strong></span> <span class='ocrx_word' id='word_1_230' title='bbox 2910 880 2973 919; x_wconf 87' lang='lat' dir='ltr'><strong>ac</strong></span> <span class='ocrx_word' id='word_1_231' title='bbox 2994 875 3233 934; x_wconf 83' lang='lat' dir='ltr'><strong>paratam</strong></span> <span class='ocrx_word' id='word_1_232' title='bbox 3261 863 3569 923; x_wconf 81' lang='lat' dir='ltr'><strong>advenisse,</strong></span> 
     </span>
    </p>
   </div>
   <div class='ocr_carea' id='block_1_35' title="bbox 2000 954 3568 1028">
    <p class='ocr_par' dir='ltr' id='par_1_35' title="bbox 2000 954 3568 1028">
     <span class='ocr_line' id='line_1_35' title="bbox 2000 954 3568 1028; baseline -0.004 -13"><span class='ocrx_word' id='word_1_233' title='bbox 2000 959 2114 1015; x_wconf 86' lang='lat' dir='ltr'><strong>sive</strong></span> <span class='ocrx_word' id='word_1_234' title='bbox 2146 960 2310 1015; x_wconf 91' lang='lat' dir='ltr'><strong>etiam</strong></span> <span class='ocrx_word' id='word_1_235' title='bbox 2345 969 2581 1028; x_wconf 83' lang='lat' dir='ltr'><strong>putasse,</strong></span> <span class='ocrx_word' id='word_1_236' title='bbox 2628 958 2909 1013; x_wconf 89' lang='lat' dir='ltr'><strong>eiiminato</strong></span> <span class='ocrx_word' id='word_1_237' title='bbox 2938 960 3007 1013; x_wconf 89' lang='lat' dir='ltr'><strong>de</strong></span> <span class='ocrx_word' id='word_1_238' title='bbox 3055 957 3427 1013; x_wconf 84' lang='lat' dir='ltr'><strong>incarnatione</strong></span> <span class='ocrx_word' id='word_1_239' title='bbox 3458 954 3568 1009; x_wconf 88' lang='lat' dir='ltr'><strong>Do-</strong></span> 
     </span>
    </p>
   </div>
   <div class='ocr_carea' id='block_1_36' title="bbox 2001 1050 3577 1121">
    <p class='ocr_par' dir='ltr' id='par_1_36' title="bbox 2001 1050 3577 1121">
     <span class='ocr_line' id='line_1_36' title="bbox 2001 1050 3577 1121; baseline -0.004 -14"><span class='ocrx_word' id='word_1_240' title='bbox 2001 1052 2151 1116; x_wconf 87' lang='lat' dir='ltr'><strong>mini,</strong></span> <span class='ocrx_word' id='word_1_241' title='bbox 2189 1052 2281 1121; x_wconf 91' lang='lat' dir='ltr'><strong>qui</strong></span> <span class='ocrx_word' id='word_1_242' title='bbox 2308 1060 2605 1107; x_wconf 81' lang='lat' dir='ltr'><strong>emerserat</strong></span> <span class='ocrx_word' id='word_1_243' title='bbox 2626 1064 2837 1116; x_wconf 86' lang='lat' dir='ltr'><strong>errore,</strong></span> <span class='ocrx_word' id='word_1_244' title='bbox 2871 1052 3088 1105; x_wconf 87' lang='lat' dir='ltr'><strong>ethunc</strong></span> <span class='ocrx_word' id='word_1_245' title='bbox 3119 1050 3282 1104; x_wconf 88' lang='lat' dir='ltr'><strong>etiam</strong></span> <span class='ocrx_word' id='word_1_246' title='bbox 3313 1062 3419 1103; x_wconf 90' lang='lat' dir='ltr'><strong>una</strong></span> <span class='ocrx_word' id='word_1_247' title='bbox 3450 1060 3577 1117; x_wconf 89' lang='lat' dir='ltr'><strong>pro-</strong></span> 
     </span>
    </p>
   </div>
   <div class='ocr_carea' id='block_1_37' title="bbox 1996 1142 2321 1213">
    <p class='ocr_par' dir='ltr' id='par_1_37' title="bbox 1996 1142 2321 1213">
     <span class='ocr_line' id='line_1_37' title="bbox 1996 1142 2321 1213; baseline 0.006 -18"><span class='ocrx_word' id='word_1_248' title='bbox 1996 1142 2321 1213; x_wconf 84' lang='lat' dir='ltr'><strong>jicieudum.</strong></span> 
     </span>
    </p>
   </div>
   <div class='ocr_carea' id='block_1_38' title="bbox 2073 1230 3568 1302">
    <p class='ocr_par' dir='ltr' id='par_1_38' title="bbox 2073 1230 3568 1302">
     <span class='ocr_line' id='line_1_38' title="bbox 2073 1230 3568 1302; baseline -0.002 -14"><span class='ocrx_word' id='word_1_249' title='bbox 2073 1235 2224 1290; x_wconf 86' lang='lat' dir='ltr'><strong>Hanc</strong></span> <span class='ocrx_word' id='word_1_250' title='bbox 2253 1241 2432 1289; x_wconf 84' lang='lat' dir='ltr'><strong>autem</strong></span> <span class='ocrx_word' id='word_1_251' title='bbox 2468 1233 2778 1302; x_wconf 90' lang='lat' dir='ltr'><strong>opinionem</strong></span> <span class='ocrx_word' id='word_1_252' title='bbox 2815 1231 2986 1287; x_wconf 86' lang='lat' dir='ltr'><strong>fuisse</strong></span> <span class='ocrx_word' id='word_1_253' title='bbox 3014 1230 3273 1296; x_wconf 86' lang='lat' dir='ltr'><strong>Nestorii,</strong></span> <span class='ocrx_word' id='word_1_254' title='bbox 3322 1245 3385 1284; x_wconf 87' lang='lat' dir='ltr'><strong>ex</strong></span> <span class='ocrx_word' id='word_1_255' title='bbox 3418 1239 3568 1285; x_wconf 50' lang='lat' dir='ltr'><strong>rete.</strong></span> 
     </span>
    </p>
   </div>
   <div class='ocr_carea' id='block_1_39' title="bbox 2000 1302 3568 1395">
    <p class='ocr_par' dir='ltr' id='par_1_39' title="bbox 2000 1302 3568 1395">
     <span class='ocr_line' id='line_1_39' title="bbox 2000 1302 3568 1395; baseline -0.004 -14"><span class='ocrx_word' id='word_1_256' title='bbox 2000 1327 2153 1382; x_wconf 89' lang='lat' dir='ltr'><strong>ribus</strong></span> <span class='ocrx_word' id='word_1_257' title='bbox 2195 1302 2383 1394; x_wconf 68' lang='lat' dir='ltr'><strong>liqtiet,</strong></span> <span class='ocrx_word' id='word_1_258' title='bbox 2432 1327 2628 1395; x_wconf 85' lang='lat' dir='ltr'><strong>quibus</strong></span> <span class='ocrx_word' id='word_1_259' title='bbox 2659 1340 2787 1379; x_wconf 83' lang='lat' dir='ltr'><strong>cura</strong></span> <span class='ocrx_word' id='word_1_260' title='bbox 2824 1323 2929 1378; x_wconf 89' lang='lat' dir='ltr'><strong>fuit</strong></span> <span class='ocrx_word' id='word_1_261' title='bbox 2973 1324 3075 1377; x_wconf 89' lang='lat' dir='ltr'><strong>ista</strong></span> <span class='ocrx_word' id='word_1_262' title='bbox 3104 1322 3297 1376; x_wconf 84' lang='lat' dir='ltr'><strong>litteris</strong></span> <span class='ocrx_word' id='word_1_263' title='bbox 3332 1320 3568 1375; x_wconf 84' lang='lat' dir='ltr'><strong>tradere.</strong></span> 
     </span>
    </p>
   </div>
   <div class='ocr_carea' id='block_1_40' title="bbox 2001 1412 3571 1487">
    <p class='ocr_par' dir='ltr' id='par_1_40' title="bbox 2001 1412 3571 1487">
     <span class='ocr_line' id='line_1_40' title="bbox 2001 1412 3571 1487; baseline -0.003 -16"><span class='ocrx_word' id='word_1_264' title='bbox 2001 1418 2133 1473; x_wconf 79' lang='lat' dir='ltr'><strong>Nam</strong></span> <span class='ocrx_word' id='word_1_265' title='bbox 2162 1435 2227 1472; x_wconf 87' lang='lat' dir='ltr'><strong>ex</strong></span> <span class='ocrx_word' id='word_1_266' title='bbox 2265 1418 2387 1472; x_wconf 83' lang='lat' dir='ltr'><strong>fidei</strong></span> <span class='ocrx_word' id='word_1_267' title='bbox 2421 1434 2533 1472; x_wconf 76' lang='lat' dir='ltr'><strong>sua:</strong></span> <span class='ocrx_word' id='word_1_268' title='bbox 2560 1417 2816 1487; x_wconf 81' lang='lat' dir='ltr'><strong>Symbolo</strong></span> <span class='ocrx_word' id='word_1_269' title='bbox 2848 1417 2934 1469; x_wconf 86' lang='lat' dir='ltr'><strong>vix</strong></span> <span class='ocrx_word' id='word_1_270' title='bbox 2976 1424 3211 1478; x_wconf 87' lang='lat' dir='ltr'><strong>constet,</strong></span> <span class='ocrx_word' id='word_1_271' title='bbox 3240 1414 3284 1468; x_wconf 87' lang='lat' dir='ltr'><strong>si</strong></span> <span class='ocrx_word' id='word_1_272' title='bbox 3310 1413 3430 1480; x_wconf 87' lang='lat' dir='ltr'><strong>quis</strong></span> <span class='ocrx_word' id='word_1_273' title='bbox 3458 1412 3571 1480; x_wconf 81' lang='lat' dir='ltr'><strong>pie-</strong></span> 
     </span>
    </p>
   </div>
   <div class='ocr_carea' id='block_1_41' title="bbox 2001 1504 3569 1577">
    <p class='ocr_par' dir='ltr' id='par_1_41' title="bbox 2001 1504 3569 1577">
     <span class='ocr_line' id='line_1_41' title="bbox 2001 1504 3569 1577; baseline -0.003 -15"><span class='ocrx_word' id='word_1_274' title='bbox 2001 1517 2112 1563; x_wconf 83' lang='lat' dir='ltr'><strong>tate</strong></span> <span class='ocrx_word' id='word_1_275' title='bbox 2158 1519 2467 1573; x_wconf 78' lang='lat' dir='ltr'><strong>contentus,</strong></span> <span class='ocrx_word' id='word_1_276' title='bbox 2522 1524 2643 1577; x_wconf 62' lang='lat' dir='ltr'><strong>quae</strong></span> <span class='ocrx_word' id='word_1_277' title='bbox 2686 1507 2777 1561; x_wconf 89' lang='lat' dir='ltr'><strong>ille</strong></span> <span class='ocrx_word' id='word_1_278' title='bbox 2806 1507 2964 1573; x_wconf 83' lang='lat' dir='ltr'><strong>dixit,</strong></span> <span class='ocrx_word' id='word_1_279' title='bbox 3014 1507 3098 1575; x_wconf 86' lang='lat' dir='ltr'><strong>pie</strong></span> <span class='ocrx_word' id='word_1_280' title='bbox 3132 1505 3259 1558; x_wconf 83' lang='lat' dir='ltr'><strong>velit</strong></span> <span class='ocrx_word' id='word_1_281' title='bbox 3302 1504 3569 1572; x_wconf 89' lang='lat' dir='ltr'><strong>accipere.</strong></span> 
     </span>
    </p>
   </div>
   <div class='ocr_carea' id='block_1_42' title="bbox 2002 1599 3572 1675">
    <p class='ocr_par' dir='ltr' id='par_1_42' title="bbox 2002 1599 3572 1675">
     <span class='ocr_line' id='line_1_42' title="bbox 2002 1599 3572 1675; baseline -0.005 -19"><span class='ocrx_word' id='word_1_282' title='bbox 2002 1603 2089 1656; x_wconf 72' lang='lat' dir='ltr'><strong>Ait</strong></span> <span class='ocrx_word' id='word_1_283' title='bbox 2120 1604 2285 1675; x_wconf 74' lang='lat' dir='ltr'><strong>enim,</strong></span> <span class='ocrx_word' id='word_1_284' title='bbox 2310 1618 2329 1652; x_wconf 72' lang='grc' dir='ltr'>ι</span> <span class='ocrx_word' id='word_1_285' title='bbox 2365 1599 2626 1668; x_wconf 87' lang='lat' dir='ltr'><strong>Spiritum</strong></span> <span class='ocrx_word' id='word_1_286' title='bbox 2647 1609 2896 1656; x_wconf 87' lang='lat' dir='ltr'><strong>sanctum</strong></span> <span class='ocrx_word' id='word_1_287' title='bbox 2929 1614 2991 1651; x_wconf 85' lang='lat' dir='ltr'><strong>ex</strong></span> <span class='ocrx_word' id='word_1_288' title='bbox 3020 1600 3127 1652; x_wconf 83' lang='lat' dir='ltr'><strong>Deo</strong></span> <span class='ocrx_word' id='word_1_289' title='bbox 3151 1612 3271 1653; x_wconf 85' lang='lat' dir='ltr'><strong>esse</strong></span> <span class='ocrx_word' id='word_1_290' title='bbox 3299 1604 3572 1665; x_wconf 88' lang='lat' dir='ltr'><strong>putamus,</strong></span> 
     </span>
    </p>
   </div>
   <div class='ocr_carea' id='block_1_43' title="bbox 2002 1681 3577 1777">
    <p class='ocr_par' dir='ltr' id='par_1_43' title="bbox 2002 1681 3577 1777">
     <span class='ocr_line' id='line_1_43' title="bbox 2002 1681 3577 1777; baseline -0.005 -30"><span class='ocrx_word' id='word_1_291' title='bbox 2002 1710 2108 1747; x_wconf 90' lang='lat' dir='ltr'><strong>non</strong></span> <span class='ocrx_word' id='word_1_292' title='bbox 2155 1693 2443 1747; x_wconf 90' lang='lat' dir='ltr'><strong>creationis</strong></span> <span class='ocrx_word' id='word_1_293' title='bbox 2486 1707 2672 1755; x_wconf 85' lang='lat' dir='ltr'><strong>causa,</strong></span> <span class='ocrx_word' id='word_1_294' title='bbox 2732 1681 2831 1777; x_wconf 66' lang='lat' dir='ltr'><strong>sed</strong></span> <span class='ocrx_word' id='word_1_295' title='bbox 2864 1708 2925 1745; x_wconf 88' lang='lat' dir='ltr'><strong>ex</strong></span> <span class='ocrx_word' id='word_1_296' title='bbox 2977 1690 3163 1746; x_wconf 83' lang='lat' dir='ltr'><strong>divina</strong></span> <span class='ocrx_word' id='word_1_297' title='bbox 3214 1689 3577 1751; x_wconf 86' lang='lat' dir='ltr'><strong>essentia;et</strong></span> 
     </span>
    </p>
   </div>
   <div class='ocr_carea' id='block_1_44' title="bbox 2005 1778 3581 1854">
    <p class='ocr_par' dir='ltr' id='par_1_44' title="bbox 2005 1778 3581 1854">
     <span class='ocr_line' id='line_1_44' title="bbox 2005 1778 3581 1854; baseline -0.004 -15"><span class='ocrx_word' id='word_1_298' title='bbox 2005 1801 2180 1854; x_wconf 89' lang='lat' dir='ltr'><strong>neque</strong></span> <span class='ocrx_word' id='word_1_299' title='bbox 2213 1785 2403 1839; x_wconf 84' lang='lat' dir='ltr'><strong>Filium</strong></span> <span class='ocrx_word' id='word_1_300' title='bbox 2439 1793 2712 1851; x_wconf 85' lang='lat' dir='ltr'><strong>putamus,</strong></span> <span class='ocrx_word' id='word_1_301' title='bbox 2746 1799 2921 1853; x_wconf 87' lang='lat' dir='ltr'><strong>neque</strong></span> <span class='ocrx_word' id='word_1_302' title='bbox 2947 1798 3043 1848; x_wconf 85' lang='lat' dir='ltr'><strong>per</strong></span> <span class='ocrx_word' id='word_1_303' title='bbox 3070 1782 3264 1835; x_wconf 82' lang='lat' dir='ltr'><strong>Filium</strong></span> <span class='ocrx_word' id='word_1_304' title='bbox 3298 1778 3581 1848; x_wconf 83' lang='lat' dir='ltr'><strong>accepisse</strong></span> 
     </span>
    </p>
   </div>
   <div class='ocr_carea' id='block_1_45' title="bbox 1935 1848 3579 1945">
    <p class='ocr_par' dir='ltr' id='par_1_45' title="bbox 1935 1848 3579 1945">
     <span class='ocr_line' id='line_1_45' title="bbox 1935 1848 3579 1945; baseline -0.006 -12"><span class='ocrx_word' id='word_1_305' title='bbox 1935 1848 1976 1905; x_wconf 70' lang='grc' dir='ltr'><strong><em>Β</em></strong></span> <span class='ocrx_word' id='word_1_306' title='bbox 2008 1879 2387 1932; x_wconf 80' lang='lat' dir='ltr'><strong>substantiam.</strong></span> <span class='ocrx_word' id='word_1_307' title='bbox 2427 1896 2445 1930; x_wconf 78' lang='grc' dir='ltr'><strong><em>ι</em></strong></span> <span class='ocrx_word' id='word_1_308' title='bbox 2483 1877 2679 1931; x_wconf 89' lang='lat' dir='ltr'><strong>Dicens</strong></span> <span class='ocrx_word' id='word_1_309' title='bbox 2708 1891 2835 1945; x_wconf 88' lang='lat' dir='ltr'><strong>ergo</strong></span> <span class='ocrx_word' id='word_1_310' title='bbox 2866 1891 2931 1929; x_wconf 90' lang='lat' dir='ltr'><strong>ex</strong></span> <span class='ocrx_word' id='word_1_311' title='bbox 2966 1874 3058 1929; x_wconf 90' lang='lat' dir='ltr'><strong>Dei</strong></span> <span class='ocrx_word' id='word_1_312' title='bbox 3110 1875 3335 1928; x_wconf 81' lang='lat' dir='ltr'><strong>essentia</strong></span> <span class='ocrx_word' id='word_1_313' title='bbox 3364 1888 3495 1936; x_wconf 69' lang='lat' dir='ltr'><strong>esse,</strong></span> <span class='ocrx_word' id='word_1_314' title='bbox 3524 1880 3579 1923; x_wconf 92' lang='lat' dir='ltr'><strong>et</strong></span> 
     </span>
    </p>
   </div>
   <div class='ocr_carea' id='block_1_46' title="bbox 2008 1962 3577 2038">
    <p class='ocr_par' dir='ltr' id='par_1_46' title="bbox 2008 1962 3577 2038">
     <span class='ocr_line' id='line_1_46' title="bbox 2008 1962 3577 2038; baseline -0.006 -15"><span class='ocrx_word' id='word_1_315' title='bbox 2008 1985 2172 2038; x_wconf 80' lang='lat' dir='ltr'><strong>neque</strong></span> <span class='ocrx_word' id='word_1_316' title='bbox 2208 1968 2409 2022; x_wconf 83' lang='lat' dir='ltr'><strong>Filium</strong></span> <span class='ocrx_word' id='word_1_317' title='bbox 2439 1978 2707 2036; x_wconf 84' lang='lat' dir='ltr'><strong>putamus,</strong></span> <span class='ocrx_word' id='word_1_318' title='bbox 2748 1967 2974 2035; x_wconf 84' lang='lat' dir='ltr'><strong>intelligi</strong></span> <span class='ocrx_word' id='word_1_319' title='bbox 3011 1965 3129 2031; x_wconf 87' lang='lat' dir='ltr'><strong>dat,</strong></span> <span class='ocrx_word' id='word_1_320' title='bbox 3159 1966 3286 2034; x_wconf 89' lang='lat' dir='ltr'><strong>quia</strong></span> <span class='ocrx_word' id='word_1_321' title='bbox 3317 1962 3577 2031; x_wconf 83' lang='lat' dir='ltr'><strong>Spiritum</strong></span> 
     </span>
    </p>
   </div>
   <div class='ocr_carea' id='block_1_47' title="bbox 2007 2050 3580 2124">
    <p class='ocr_par' dir='ltr' id='par_1_47' title="bbox 2007 2050 3580 2124">
     <span class='ocr_line' id='line_1_47' title="bbox 2007 2050 3580 2124; baseline -0.007 -9"><span class='ocrx_word' id='word_1_322' title='bbox 2007 2061 2224 2115; x_wconf 76' lang='lat' dir='ltr'><strong>inuncet</strong></span> <span class='ocrx_word' id='word_1_323' title='bbox 2277 2077 2339 2115; x_wconf 85' lang='lat' dir='ltr'><strong>ex</strong></span> <span class='ocrx_word' id='word_1_324' title='bbox 2382 2062 2487 2115; x_wconf 87' lang='lat' dir='ltr'><strong>Deo</strong></span> <span class='ocrx_word' id='word_1_325' title='bbox 2539 2075 2678 2124; x_wconf 89' lang='lat' dir='ltr'><strong>esse,</strong></span> <span class='ocrx_word' id='word_1_326' title='bbox 2710 2069 2765 2114; x_wconf 90' lang='lat' dir='ltr'><strong>et</strong></span> <span class='ocrx_word' id='word_1_327' title='bbox 2794 2074 2859 2112; x_wconf 89' lang='lat' dir='ltr'><strong>ex</strong></span> <span class='ocrx_word' id='word_1_328' title='bbox 2904 2050 3049 2113; x_wconf 85' lang='lat' dir='ltr'><strong>illius</strong></span> <span class='ocrx_word' id='word_1_329' title='bbox 3096 2056 3333 2111; x_wconf 89' lang='lat' dir='ltr'><strong>essentia</strong></span> <span class='ocrx_word' id='word_1_330' title='bbox 3383 2053 3580 2115; x_wconf 89' lang='lat' dir='ltr'><strong>credit,</strong></span> 
     </span>
    </p>
   </div>
   <div class='ocr_carea' id='block_1_48' title="bbox 2008 2146 3577 2221">
    <p class='ocr_par' dir='ltr' id='par_1_48' title="bbox 2008 2146 3577 2221">
     <span class='ocr_line' id='line_1_48' title="bbox 2008 2146 3577 2221; baseline -0.006 -15"><span class='ocrx_word' id='word_1_331' title='bbox 2008 2151 2151 2221; x_wconf 90' lang='lat' dir='ltr'><strong>quod</strong></span> <span class='ocrx_word' id='word_1_332' title='bbox 2186 2162 2387 2218; x_wconf 89' lang='lat' dir='ltr'><strong>autem,</strong></span> <span class='ocrx_word' id='word_1_333' title='bbox 2421 2168 2525 2205; x_wconf 87' lang='lat' dir='ltr'><strong>non</strong></span> <span class='ocrx_word' id='word_1_334' title='bbox 2560 2150 2850 2206; x_wconf 82' lang='lat' dir='ltr'><strong>creationis</strong></span> <span class='ocrx_word' id='word_1_335' title='bbox 2883 2166 3073 2213; x_wconf 87' lang='lat' dir='ltr'><strong>causa,</strong></span> <span class='ocrx_word' id='word_1_336' title='bbox 3110 2148 3283 2214; x_wconf 88' lang='lat' dir='ltr'><strong>dicit,</strong></span> <span class='ocrx_word' id='word_1_337' title='bbox 3326 2156 3377 2201; x_wconf 91' lang='lat' dir='ltr'><strong>et</strong></span> <span class='ocrx_word' id='word_1_338' title='bbox 3406 2146 3577 2209; x_wconf 83' lang='lat' dir='ltr'><strong>addit,</strong></span> 
     </span>
    </p>
   </div>
   <div class='ocr_carea' id='block_1_49' title="bbox 2022 2237 3582 2312">
    <p class='ocr_par' dir='ltr' id='par_1_49' title="bbox 2022 2237 3582 2312">
     <span class='ocr_line' id='line_1_49' title="bbox 2022 2237 3582 2312; baseline -0.005 -20"><span class='ocrx_word' id='word_1_339' title='bbox 2022 2260 2041 2292; x_wconf 83' lang='grc'><strong>«</strong></span> <span class='ocrx_word' id='word_1_340' title='bbox 2076 2257 2250 2311; x_wconf 88' lang='lat' dir='ltr'><strong>neque</strong></span> <span class='ocrx_word' id='word_1_341' title='bbox 2297 2258 2391 2312; x_wconf 91' lang='lat' dir='ltr'><strong>per</strong></span> <span class='ocrx_word' id='word_1_342' title='bbox 2434 2241 2627 2296; x_wconf 85' lang='lat' dir='ltr'><strong>Filium</strong></span> <span class='ocrx_word' id='word_1_343' title='bbox 2663 2240 3028 2295; x_wconf 85' lang='lat' dir='ltr'><strong>substantiam</strong></span> <span class='ocrx_word' id='word_1_344' title='bbox 3061 2237 3297 2304; x_wconf 85' lang='lat' dir='ltr'><strong>cepisse,</strong></span> <span class='ocrx_word' id='word_1_345' title='bbox 3337 2254 3354 2286; x_wconf 75' lang='grc' dir='ltr'><strong><em>ι</em></strong></span> <span class='ocrx_word' id='word_1_346' title='bbox 3394 2247 3582 2287; x_wconf 85' lang='lat' dir='ltr'><strong>rursus</strong></span> 
     </span>
    </p>
   </div>
   <div class='ocr_carea' id='block_1_50' title="bbox 2010 2330 3583 2405">
    <p class='ocr_par' dir='ltr' id='par_1_50' title="bbox 2010 2330 3583 2405">
     <span class='ocr_line' id='line_1_50' title="bbox 2010 2330 3583 2405; baseline -0.006 -16"><span class='ocrx_word' id='word_1_347' title='bbox 2010 2335 2416 2404; x_wconf 77' lang='lat' dir='ltr'><strong>intelligendum</strong></span> <span class='ocrx_word' id='word_1_348' title='bbox 2444 2336 2609 2395; x_wconf 87' lang='lat' dir='ltr'><strong>dedit.</strong></span> <span class='ocrx_word' id='word_1_349' title='bbox 2666 2335 2815 2405; x_wconf 88' lang='lat' dir='ltr'><strong>quia,</strong></span> <span class='ocrx_word' id='word_1_350' title='bbox 2848 2348 2952 2385; x_wconf 92' lang='lat' dir='ltr'><strong>non</strong></span> <span class='ocrx_word' id='word_1_351' title='bbox 2984 2330 3125 2385; x_wconf 88' lang='lat' dir='ltr'><strong>sicut</strong></span> <span class='ocrx_word' id='word_1_352' title='bbox 3161 2337 3289 2383; x_wconf 90' lang='lat' dir='ltr'><strong>sunt</strong></span> <span class='ocrx_word' id='word_1_353' title='bbox 3318 2336 3583 2382; x_wconf 64' lang='lat' dir='ltr'><strong>creaturae</strong></span> 
     </span>
    </p>
   </div>
   <div class='ocr_carea' id='block_1_51' title="bbox 2009 2416 3578 2495">
    <p class='ocr_par' dir='ltr' id='par_1_51' title="bbox 2009 2416 3578 2495">
     <span class='ocr_line' id='line_1_51' title="bbox 2009 2416 3578 2495; baseline -0.006 -14"><span class='ocrx_word' id='word_1_354' title='bbox 2009 2443 2074 2481; x_wconf 90' lang='lat' dir='ltr'><strong>ex</strong></span> <span class='ocrx_word' id='word_1_355' title='bbox 2103 2428 2210 2480; x_wconf 90' lang='lat' dir='ltr'><strong>Deo</strong></span> <span class='ocrx_word' id='word_1_356' title='bbox 2250 2442 2345 2495; x_wconf 86' lang='lat' dir='ltr'><strong>per</strong></span> <span class='ocrx_word' id='word_1_357' title='bbox 2376 2426 2588 2490; x_wconf 86' lang='lat' dir='ltr'><strong>Filium,</strong></span> <span class='ocrx_word' id='word_1_358' title='bbox 2622 2427 2694 2479; x_wconf 90' lang='lat' dir='ltr'><strong>ita</strong></span> <span class='ocrx_word' id='word_1_359' title='bbox 2742 2435 2795 2477; x_wconf 90' lang='lat' dir='ltr'><strong>et</strong></span> <span class='ocrx_word' id='word_1_360' title='bbox 2822 2423 3063 2493; x_wconf 86' lang='lat' dir='ltr'><strong>Spiritus</strong></span> <span class='ocrx_word' id='word_1_361' title='bbox 3096 2431 3319 2475; x_wconf 89' lang='lat' dir='ltr'><strong>sanctus</strong></span> <span class='ocrx_word' id='word_1_362' title='bbox 3348 2433 3414 2472; x_wconf 89' lang='lat' dir='ltr'><strong>ex</strong></span> <span class='ocrx_word' id='word_1_363' title='bbox 3464 2416 3578 2471; x_wconf 89' lang='lat' dir='ltr'><strong>Deo</strong></span> 
     </span>
    </p>
   </div>
   <div class='ocr_carea' id='block_1_52' title="bbox 2007 2518 3581 2589">
    <p class='ocr_par' dir='ltr' id='par_1_52' title="bbox 2007 2518 3581 2589">
     <span class='ocr_line' id='line_1_52' title="bbox 2007 2518 3581 2589; baseline -0.005 -16"><span class='ocrx_word' id='word_1_364' title='bbox 2007 2535 2103 2589; x_wconf 87' lang='lat' dir='ltr'><strong>per</strong></span> <span class='ocrx_word' id='word_1_365' title='bbox 2122 2518 2311 2573; x_wconf 86' lang='lat' dir='ltr'><strong>Filium</strong></span> <span class='ocrx_word' id='word_1_366' title='bbox 2336 2518 2693 2572; x_wconf 89' lang='lat' dir='ltr'><strong>substantiam</strong></span> <span class='ocrx_word' id='word_1_367' title='bbox 2720 2518 2909 2581; x_wconf 89' lang='lat' dir='ltr'><strong>habet;</strong></span> <span class='ocrx_word' id='word_1_368' title='bbox 2937 2518 3037 2570; x_wconf 92' lang='lat' dir='ltr'><strong>hoc</strong></span> <span class='ocrx_word' id='word_1_369' title='bbox 3063 2524 3242 2569; x_wconf 89' lang='lat' dir='ltr'><strong>autem</strong></span> <span class='ocrx_word' id='word_1_370' title='bbox 3270 2525 3451 2567; x_wconf 78' lang='lat' dir='ltr'><strong>rerum</strong></span> <span class='ocrx_word' id='word_1_371' title='bbox 3479 2518 3581 2565; x_wconf 89' lang='lat' dir='ltr'><strong>est.</strong></span> 
     </span>
    </p>
   </div>
   <div class='ocr_carea' id='block_1_53' title="bbox 2010 2602 3581 2677">
    <p class='ocr_par' dir='ltr' id='par_1_53' title="bbox 2010 2602 3581 2677">
     <span class='ocr_line' id='line_1_53' title="bbox 2010 2602 3581 2677; baseline -0.007 -10"><span class='ocrx_word' id='word_1_372' title='bbox 2010 2614 2075 2667; x_wconf 85' lang='lat' dir='ltr'><strong>Et</strong></span> <span class='ocrx_word' id='word_1_373' title='bbox 2112 2612 2270 2666; x_wconf 90' lang='lat' dir='ltr'><strong>simul</strong></span> <span class='ocrx_word' id='word_1_374' title='bbox 2298 2612 2349 2664; x_wconf 91' lang='lat' dir='ltr'><strong>id</strong></span> <span class='ocrx_word' id='word_1_375' title='bbox 2381 2618 2632 2675; x_wconf 89' lang='lat' dir='ltr'><strong>constat,</strong></span> <span class='ocrx_word' id='word_1_376' title='bbox 2700 2608 2823 2677; x_wconf 88' lang='lat' dir='ltr'><strong>quia</strong></span> <span class='ocrx_word' id='word_1_377' title='bbox 2866 2608 2934 2662; x_wconf 88' lang='lat' dir='ltr'><strong>de</strong></span> <span class='ocrx_word' id='word_1_378' title='bbox 2976 2622 3061 2671; x_wconf 90' lang='lat' dir='ltr'><strong>eo,</strong></span> <span class='ocrx_word' id='word_1_379' title='bbox 3108 2606 3249 2676; x_wconf 89' lang='lat' dir='ltr'><strong>quod</strong></span> <span class='ocrx_word' id='word_1_380' title='bbox 3278 2619 3383 2658; x_wconf 90' lang='lat' dir='ltr'><strong>non</strong></span> <span class='ocrx_word' id='word_1_381' title='bbox 3424 2602 3496 2657; x_wconf 77' lang='lat' dir='ltr'><strong>sit</strong></span> <span class='ocrx_word' id='word_1_382' title='bbox 3519 2618 3581 2656; x_wconf 83' lang='lat' dir='ltr'><strong>ex</strong></span> 
     </span>
    </p>
   </div>
   <div class='ocr_carea' id='block_1_54' title="bbox 2010 2695 3587 2772">
    <p class='ocr_par' dir='ltr' id='par_1_54' title="bbox 2010 2695 3587 2772">
     <span class='ocr_line' id='line_1_54' title="bbox 2010 2695 3587 2772; baseline -0.007 -12"><span class='ocrx_word' id='word_1_383' title='bbox 2010 2706 2145 2760; x_wconf 86' lang='lat' dir='ltr'><strong>Filio</strong></span> <span class='ocrx_word' id='word_1_384' title='bbox 2185 2704 2443 2772; x_wconf 87' lang='lat' dir='ltr'><strong>Spiritus,</strong></span> <span class='ocrx_word' id='word_1_385' title='bbox 2477 2702 2607 2757; x_wconf 87' lang='lat' dir='ltr'><strong>nihil</strong></span> <span class='ocrx_word' id='word_1_386' title='bbox 2644 2703 2731 2756; x_wconf 91' lang='lat' dir='ltr'><strong>hic</strong></span> <span class='ocrx_word' id='word_1_387' title='bbox 2774 2700 2929 2761; x_wconf 80' lang='lat' dir='ltr'><strong>dixit,</strong></span> <span class='ocrx_word' id='word_1_388' title='bbox 2983 2699 3077 2753; x_wconf 82' lang='lat' dir='ltr'><strong>sed</strong></span> <span class='ocrx_word' id='word_1_389' title='bbox 3120 2697 3262 2751; x_wconf 89' lang='lat' dir='ltr'><strong>enim</strong></span> <span class='ocrx_word' id='word_1_390' title='bbox 3315 2695 3587 2765; x_wconf 89' lang='lat' dir='ltr'><strong>quomodo</strong></span> 
     </span>
    </p>
   </div>
   <div class='ocr_carea' id='block_1_55' title="bbox 2010 2788 3588 2864">
    <p class='ocr_par' dir='ltr' id='par_1_55' title="bbox 2010 2788 3588 2864">
     <span class='ocr_line' id='line_1_55' title="bbox 2010 2788 3588 2864; baseline -0.01 -11"><span class='ocrx_word' id='word_1_391' title='bbox 2010 2813 2114 2853; x_wconf 90' lang='lat' dir='ltr'><strong>non</strong></span> <span class='ocrx_word' id='word_1_392' title='bbox 2146 2797 2315 2851; x_wconf 83' lang='lat' dir='ltr'><strong>Filius</strong></span> <span class='ocrx_word' id='word_1_393' title='bbox 2349 2811 2470 2852; x_wconf 88' lang='lat' dir='ltr'><strong>esse</strong></span> <span class='ocrx_word' id='word_1_394' title='bbox 2504 2804 2808 2864; x_wconf 89' lang='lat' dir='ltr'><strong>putaretur,</strong></span> <span class='ocrx_word' id='word_1_395' title='bbox 2851 2794 2951 2847; x_wconf 88' lang='lat' dir='ltr'><strong>nisi</strong></span> <span class='ocrx_word' id='word_1_396' title='bbox 2983 2806 3077 2863; x_wconf 88' lang='lat' dir='ltr'><strong>per</strong></span> <span class='ocrx_word' id='word_1_397' title='bbox 3113 2788 3305 2843; x_wconf 83' lang='lat' dir='ltr'><strong>Filium</strong></span> <span class='ocrx_word' id='word_1_398' title='bbox 3361 2788 3588 2841; x_wconf 84' lang='lat' dir='ltr'><strong>haberet</strong></span> 
     </span>
    </p>
   </div>
   <div class='ocr_carea' id='block_1_56' title="bbox 2010 2878 3584 2955">
    <p class='ocr_par' dir='ltr' id='par_1_56' title="bbox 2010 2878 3584 2955">
     <span class='ocr_line' id='line_1_56' title="bbox 2010 2878 3584 2955; baseline -0.01 -8"><span class='ocrx_word' id='word_1_399' title='bbox 2010 2889 2395 2948; x_wconf 80' lang='lat' dir='ltr'><strong>substantiam.</strong></span> <span class='ocrx_word' id='word_1_400' title='bbox 2451 2886 2555 2941; x_wconf 92' lang='lat' dir='ltr'><strong>hoc</strong></span> <span class='ocrx_word' id='word_1_401' title='bbox 2590 2897 2692 2949; x_wconf 88' lang='lat' dir='ltr'><strong>cst,</strong></span> <span class='ocrx_word' id='word_1_402' title='bbox 2730 2902 2825 2955; x_wconf 89' lang='lat' dir='ltr'><strong>per</strong></span> <span class='ocrx_word' id='word_1_403' title='bbox 2857 2883 3050 2939; x_wconf 82' lang='lat' dir='ltr'><strong>Filium</strong></span> <span class='ocrx_word' id='word_1_404' title='bbox 3100 2882 3432 2953; x_wconf 88' lang='lat' dir='ltr'><strong>procederet.</strong></span> <span class='ocrx_word' id='word_1_405' title='bbox 3470 2878 3584 2933; x_wconf 86' lang='lat' dir='ltr'><strong>ita-</strong></span> 
     </span>
    </p>
   </div>
   <div class='ocr_carea' id='block_1_57' title="bbox 2009 2965 3594 3047">
    <p class='ocr_par' dir='ltr' id='par_1_57' title="bbox 2009 2965 3594 3047">
     <span class='ocr_line' id='line_1_57' title="bbox 2009 2965 3594 3047; baseline -0.006 -19"><span class='ocrx_word' id='word_1_406' title='bbox 2009 2991 2136 3047; x_wconf 90' lang='lat' dir='ltr'><strong>que,</strong></span> <span class='ocrx_word' id='word_1_407' title='bbox 2166 2976 2427 3045; x_wconf 83' lang='lat' dir='ltr'><strong>siquidem</strong></span> <span class='ocrx_word' id='word_1_408' title='bbox 2456 2975 2541 3027; x_wconf 79' lang='lat' dir='ltr'><strong>liic</strong></span> <span class='ocrx_word' id='word_1_409' title='bbox 2568 2982 2826 3027; x_wconf 66' lang='lat' dir='ltr'><strong>aaternam</strong></span> <span class='ocrx_word' id='word_1_410' title='bbox 2881 2989 2975 3042; x_wconf 85' lang='lat' dir='ltr'><strong>per</strong></span> <span class='ocrx_word' id='word_1_411' title='bbox 2999 2971 3193 3026; x_wconf 83' lang='lat' dir='ltr'><strong>Filium</strong></span> <span class='ocrx_word' id='word_1_412' title='bbox 3226 2965 3594 3023; x_wconf 82' lang='lat' dir='ltr'><strong>substantiam-</strong></span> 
     </span>
    </p>
   </div>
   <div class='ocr_carea' id='block_1_58' title="bbox 2011 3059 3589 3141">
    <p class='ocr_par' dir='ltr' id='par_1_58' title="bbox 2011 3059 3589 3141">
     <span class='ocr_line' id='line_1_58' title="bbox 2011 3059 3589 3141; baseline -0.006 -20"><span class='ocrx_word' id='word_1_413' title='bbox 2011 3070 2525 3141; x_wconf 80' lang='lat' dir='ltr'><strong>processionemque</strong></span> <span class='ocrx_word' id='word_1_414' title='bbox 2546 3068 2795 3132; x_wconf 87' lang='lat' dir='ltr'><strong>denegat,</strong></span> <span class='ocrx_word' id='word_1_415' title='bbox 2820 3066 3091 3131; x_wconf 84' lang='lat' dir='ltr'><strong>quomodo</strong></span> <span class='ocrx_word' id='word_1_416' title='bbox 3116 3079 3224 3117; x_wconf 90' lang='lat' dir='ltr'><strong>non</strong></span> <span class='ocrx_word' id='word_1_417' title='bbox 3252 3062 3459 3115; x_wconf 87' lang='lat' dir='ltr'><strong>sanctis</strong></span> <span class='ocrx_word' id='word_1_418' title='bbox 3488 3059 3589 3112; x_wconf 85' lang='lat' dir='ltr'><strong>Pa-</strong></span> 
     </span>
    </p>
   </div>
   <div class='ocr_carea' id='block_1_59' title="bbox 332 3138 3589 3246">
    <p class='ocr_par' dir='ltr' id='par_1_59' title="bbox 332 3138 3589 3246">
     <span class='ocr_line' id='line_1_59' title="bbox 332 3138 3589 3246; baseline 0.004 -55"><span class='ocrx_word' id='word_1_419' title='bbox 332 3153 432 3204; x_wconf 83' lang='lat' dir='ltr'><strong>per</strong></span> <span class='ocrx_word' id='word_1_420' title='bbox 470 3138 666 3241; x_wconf 75' lang='lat' dir='ltr'><strong>Filium</strong></span> <span class='ocrx_word' id='word_1_421' title='bbox 696 3144 1053 3243; x_wconf 70' lang='lat' dir='ltr'><strong>substantiam</strong></span> <span class='ocrx_word' id='word_1_422' title='bbox 1104 3148 1341 3216; x_wconf 84' lang='lat' dir='ltr'><strong>haberet,</strong></span> <span class='ocrx_word' id='word_1_423' title='bbox 1375 3167 1497 3207; x_wconf 86' lang='lat' dir='ltr'><strong>cum</strong></span> <span class='ocrx_word' id='word_1_424' title='bbox 1545 3156 1595 3208; x_wconf 90' lang='lat' dir='ltr'><strong>id</strong></span> <span class='ocrx_word' id='word_1_425' title='bbox 1628 3155 1911 3213; x_wconf 79' lang='lat' dir='ltr'><strong>manifeste</strong></span> <span class='ocrx_word' id='word_1_426' title='bbox 1939 3191 1979 3246; x_wconf 65' lang='grc' dir='ltr'><em>ε</em></span> <span class='ocrx_word' id='word_1_427' title='bbox 2012 3138 2190 3215; x_wconf 82' lang='lat' dir='ltr'><strong>tribus</strong></span> <span class='ocrx_word' id='word_1_428' title='bbox 2217 3168 2401 3228; x_wconf 88' lang='lat' dir='ltr'><strong>aperte</strong></span> <span class='ocrx_word' id='word_1_429' title='bbox 2432 3156 2777 3227; x_wconf 80' lang='lat' dir='ltr'><strong>refragatur?</strong></span> <span class='ocrx_word' id='word_1_430' title='bbox 2804 3148 2994 3209; x_wconf 80' lang='lat' dir='ltr'><strong>Nunne</strong></span> <span class='ocrx_word' id='word_1_431' title='bbox 3014 3155 3128 3225; x_wconf 81' lang='lat' dir='ltr'><strong>jam</strong></span> <span class='ocrx_word' id='word_1_432' title='bbox 3161 3152 3471 3208; x_wconf 85' lang='lat' dir='ltr'><strong>necessario</strong></span> <span class='ocrx_word' id='word_1_433' title='bbox 3493 3166 3589 3204; x_wconf 85' lang='lat' dir='ltr'><strong>co-</strong></span> 
     </span>
    </p>
   </div>
   <div class='ocr_carea' id='block_1_60' title="bbox 332 3232 1912 3316">
    <p class='ocr_par' dir='ltr' id='par_1_60' title="bbox 332 3232 1912 3316">
     <span class='ocr_line' id='line_1_60' title="bbox 332 3232 1912 3316; baseline 0.015 -34"><span class='ocrx_word' id='word_1_434' title='bbox 332 3232 676 3284; x_wconf 86' lang='lat' dir='ltr'><strong>cnntrarium</strong></span> <span class='ocrx_word' id='word_1_435' title='bbox 731 3234 824 3299; x_wconf 88' lang='lat' dir='ltr'><strong>sit,</strong></span> <span class='ocrx_word' id='word_1_436' title='bbox 872 3244 926 3287; x_wconf 92' lang='lat' dir='ltr'><strong>et</strong></span> <span class='ocrx_word' id='word_1_437' title='bbox 974 3246 1290 3295; x_wconf 89' lang='lat' dir='ltr'><strong>sanctorum</strong></span> <span class='ocrx_word' id='word_1_438' title='bbox 1345 3241 1566 3299; x_wconf 86' lang='lat' dir='ltr'><strong>Patrum</strong></span> <span class='ocrx_word' id='word_1_439' title='bbox 1605 3250 1912 3316; x_wconf 69' lang='lat' dir='ltr'><strong>praeceden-</strong></span> 
     </span>
    </p>
   </div>
   <div class='ocr_carea' id='block_1_61' title="bbox 332 3320 1914 3407">
    <p class='ocr_par' dir='ltr' id='par_1_61' title="bbox 332 3320 1914 3407">
     <span class='ocr_line' id='line_1_61' title="bbox 332 3320 1914 3407; baseline 0.015 -35"><span class='ocrx_word' id='word_1_440' title='bbox 332 3320 495 3381; x_wconf 85' lang='lat' dir='ltr'><strong>tium.</strong></span> <span class='ocrx_word' id='word_1_441' title='bbox 525 3329 581 3376; x_wconf 86' lang='lat' dir='ltr'><strong>et</strong></span> <span class='ocrx_word' id='word_1_442' title='bbox 612 3322 756 3378; x_wconf 88' lang='lat' dir='ltr'><strong>beati</strong></span> <span class='ocrx_word' id='word_1_443' title='bbox 797 3324 979 3395; x_wconf 81' lang='lat' dir='ltr'><strong>Cyrilli</strong></span> <span class='ocrx_word' id='word_1_444' title='bbox 1004 3329 1250 3398; x_wconf 88' lang='lat' dir='ltr'><strong>scriptis,</strong></span> <span class='ocrx_word' id='word_1_445' title='bbox 1288 3348 1409 3402; x_wconf 61' lang='lat' dir='ltr'><strong>quas</strong></span> <span class='ocrx_word' id='word_1_446' title='bbox 1456 3338 1695 3407; x_wconf 82' lang='lat' dir='ltr'><strong>synodus</strong></span> <span class='ocrx_word' id='word_1_447' title='bbox 1728 3350 1914 3396; x_wconf 86' lang='lat' dir='ltr'><strong>secuta</strong></span> 
     </span>
    </p>
   </div>
   <div class='ocr_carea' id='block_1_62' title="bbox 331 3416 1917 3489">
    <p class='ocr_par' dir='ltr' id='par_1_62' title="bbox 331 3416 1917 3489">
     <span class='ocr_line' id='line_1_62' title="bbox 331 3416 1917 3489; baseline 0.013 -21"><span class='ocrx_word' id='word_1_448' title='bbox 331 3425 444 3476; x_wconf 89' lang='lat' dir='ltr'><strong>est,</strong></span> <span class='ocrx_word' id='word_1_449' title='bbox 468 3421 525 3469; x_wconf 90' lang='lat' dir='ltr'><strong>et</strong></span> <span class='ocrx_word' id='word_1_450' title='bbox 560 3416 833 3483; x_wconf 82' lang='lat' dir='ltr'><strong>sequenda</strong></span> <span class='ocrx_word' id='word_1_451' title='bbox 874 3421 1083 3475; x_wconf 83' lang='lat' dir='ltr'><strong>caeteris</strong></span> <span class='ocrx_word' id='word_1_452' title='bbox 1123 3426 1337 3480; x_wconf 88' lang='lat' dir='ltr'><strong>statuit.</strong></span> <span class='ocrx_word' id='word_1_453' title='bbox 1374 3425 1488 3484; x_wconf 87' lang='lat' dir='ltr'><strong>lloc</strong></span> <span class='ocrx_word' id='word_1_454' title='bbox 1516 3432 1658 3486; x_wconf 89' lang='lat' dir='ltr'><strong>enim</strong></span> <span class='ocrx_word' id='word_1_455' title='bbox 1699 3442 1782 3488; x_wconf 88' lang='lat' dir='ltr'><strong>est</strong></span> <span class='ocrx_word' id='word_1_456' title='bbox 1818 3432 1917 3489; x_wconf 79' lang='lat' dir='ltr'><strong>Ec-</strong></span> 
     </span>
    </p>
   </div>
   <div class='ocr_carea' id='block_1_63' title="bbox 332 3506 1387 3576">
    <p class='ocr_par' dir='ltr' id='par_1_63' title="bbox 332 3506 1387 3576">
     <span class='ocr_line' id='line_1_63' title="bbox 332 3506 1387 3576; baseline 0.015 -16"><span class='ocrx_word' id='word_1_457' title='bbox 332 3506 517 3562; x_wconf 72' lang='lat' dir='ltr'><strong>etesia:</strong></span> <span class='ocrx_word' id='word_1_458' title='bbox 548 3521 750 3565; x_wconf 64' lang='lat' dir='ltr'><strong>sanctae</strong></span> <span class='ocrx_word' id='word_1_459' title='bbox 779 3511 1101 3570; x_wconf 88' lang='lat' dir='ltr'><strong>caimnniam</strong></span> <span class='ocrx_word' id='word_1_460' title='bbox 1149 3527 1387 3576; x_wconf 89' lang='lat' dir='ltr'><strong>struere.</strong></span> 
     </span>
    </p>
   </div>
   <div class='ocr_carea' id='block_1_64' title="bbox 405 3586 1915 3689">
    <p class='ocr_par' dir='ltr' id='par_1_64' title="bbox 405 3586 1915 3689">
     <span class='ocr_line' id='line_1_64' title="bbox 405 3586 1915 3689; baseline 0.017 -40"><span class='ocrx_word' id='word_1_461' title='bbox 405 3594 680 3651; x_wconf 71' lang='lat' dir='ltr'><strong>Praeterea</strong></span> <span class='ocrx_word' id='word_1_462' title='bbox 741 3586 1154 3659; x_wconf 80' lang='lat' dir='ltr'><strong>stolidissimum</strong></span> <span class='ocrx_word' id='word_1_463' title='bbox 1211 3610 1439 3665; x_wconf 89' lang='lat' dir='ltr'><strong>omnino</strong></span> <span class='ocrx_word' id='word_1_464' title='bbox 1489 3625 1593 3681; x_wconf 88' lang='lat' dir='ltr'><strong>est,</strong></span> <span class='ocrx_word' id='word_1_465' title='bbox 1644 3617 1749 3683; x_wconf 91' lang='lat' dir='ltr'><strong>his,</strong></span> <span class='ocrx_word' id='word_1_466' title='bbox 1795 3634 1915 3689; x_wconf 70' lang='lat' dir='ltr'><strong>quae</strong></span> 
     </span>
    </p>
   </div>
   <div class='ocr_carea' id='block_1_65' title="bbox 330 3688 1915 3776">
    <p class='ocr_par' dir='ltr' id='par_1_65' title="bbox 330 3688 1915 3776">
     <span class='ocr_line' id='line_1_65' title="bbox 330 3688 1915 3776; baseline 0.015 -34"><span class='ocrx_word' id='word_1_467' title='bbox 330 3688 509 3743; x_wconf 80' lang='lat' dir='ltr'><strong>sancti</strong></span> <span class='ocrx_word' id='word_1_468' title='bbox 540 3690 730 3747; x_wconf 84' lang='lat' dir='ltr'><strong>Patres</strong></span> <span class='ocrx_word' id='word_1_469' title='bbox 761 3692 1063 3752; x_wconf 84' lang='lat' dir='ltr'><strong>innumeris</strong></span> <span class='ocrx_word' id='word_1_470' title='bbox 1092 3697 1146 3752; x_wconf 92' lang='lat' dir='ltr'><strong>in</strong></span> <span class='ocrx_word' id='word_1_471' title='bbox 1172 3699 1304 3756; x_wconf 89' lang='lat' dir='ltr'><strong>locis</strong></span> <span class='ocrx_word' id='word_1_472' title='bbox 1322 3705 1787 3776; x_wconf 84' lang='lat' dir='ltr'><strong>conscripserunt,</strong></span> <span class='ocrx_word' id='word_1_473' title='bbox 1809 3688 1915 3766; x_wconf 86' lang='lat' dir='ltr'><strong>non</strong></span> 
     </span>
    </p>
   </div>
   <div class='ocr_carea' id='block_1_66' title="bbox 332 3784 1917 3859">
    <p class='ocr_par' dir='ltr' id='par_1_66' title="bbox 332 3784 1917 3859">
     <span class='ocr_line' id='line_1_66' title="bbox 332 3784 1917 3859; baseline 0.016 -27"><span class='ocrx_word' id='word_1_474' title='bbox 332 3784 715 3849; x_wconf 88' lang='lat' dir='ltr'><strong>acquiescere,</strong></span> <span class='ocrx_word' id='word_1_475' title='bbox 751 3787 843 3839; x_wconf 78' lang='lat' dir='ltr'><strong>sed</strong></span> <span class='ocrx_word' id='word_1_476' title='bbox 875 3787 953 3842; x_wconf 91' lang='lat' dir='ltr'><strong>eis</strong></span> <span class='ocrx_word' id='word_1_477' title='bbox 990 3790 1253 3859; x_wconf 85' lang='lat' dir='ltr'><strong>neglectis</strong></span> <span class='ocrx_word' id='word_1_478' title='bbox 1296 3808 1357 3849; x_wconf 91' lang='lat' dir='ltr'><strong>ea</strong></span> <span class='ocrx_word' id='word_1_479' title='bbox 1392 3794 1515 3853; x_wconf 86' lang='lat' dir='ltr'><strong>illos</strong></span> <span class='ocrx_word' id='word_1_480' title='bbox 1546 3800 1748 3856; x_wconf 81' lang='lat' dir='ltr'><strong>dixisse</strong></span> <span class='ocrx_word' id='word_1_481' title='bbox 1783 3818 1917 3857; x_wconf 92' lang='lat' dir='ltr'><strong>con-</strong></span> 
     </span>
    </p>
   </div>
   <div class='ocr_carea' id='block_1_67' title="bbox 328 3877 1917 3964">
    <p class='ocr_par' dir='ltr' id='par_1_67' title="bbox 328 3877 1917 3964">
     <span class='ocr_line' id='line_1_67' title="bbox 328 3877 1917 3964; baseline 0.014 -36"><span class='ocrx_word' id='word_1_482' title='bbox 328 3877 531 3944; x_wconf 85' lang='lat' dir='ltr'><strong>jicere,</strong></span> <span class='ocrx_word' id='word_1_483' title='bbox 564 3894 687 3947; x_wconf 76' lang='lat' dir='ltr'><strong>quae</strong></span> <span class='ocrx_word' id='word_1_484' title='bbox 736 3896 1011 3949; x_wconf 89' lang='lat' dir='ltr'><strong>nunquam</strong></span> <span class='ocrx_word' id='word_1_485' title='bbox 1043 3885 1320 3954; x_wconf 85' lang='lat' dir='ltr'><strong>dixerunt,</strong></span> <span class='ocrx_word' id='word_1_486' title='bbox 1363 3899 1525 3961; x_wconf 87' lang='lat' dir='ltr'><strong>atque</strong></span> <span class='ocrx_word' id='word_1_487' title='bbox 1558 3909 1621 3947; x_wconf 83' lang='lat' dir='ltr'><strong>ex</strong></span> <span class='ocrx_word' id='word_1_488' title='bbox 1659 3895 1763 3958; x_wconf 77' lang='lat' dir='ltr'><strong>his,</strong></span> <span class='ocrx_word' id='word_1_489' title='bbox 1800 3912 1917 3964; x_wconf 65' lang='lat' dir='ltr'><strong>quae</strong></span> 
     </span>
    </p>
   </div>
   <div class='ocr_carea' id='block_1_68' title="bbox 334 3966 1916 4052">
    <p class='ocr_par' dir='ltr' id='par_1_68' title="bbox 334 3966 1916 4052">
     <span class='ocr_line' id='line_1_68' title="bbox 334 3966 1916 4052; baseline 0.015 -34"><span class='ocrx_word' id='word_1_490' title='bbox 334 3966 414 4019; x_wconf 90' lang='lat' dir='ltr'><strong>illi</strong></span> <span class='ocrx_word' id='word_1_491' title='bbox 456 3977 767 4034; x_wconf 85' lang='lat' dir='ltr'><strong>tacuerunt,</strong></span> <span class='ocrx_word' id='word_1_492' title='bbox 803 3971 939 4026; x_wconf 88' lang='lat' dir='ltr'><strong>velle</strong></span> <span class='ocrx_word' id='word_1_493' title='bbox 967 3987 1285 4043; x_wconf 84' lang='lat' dir='ltr'><strong>argumenta</strong></span> <span class='ocrx_word' id='word_1_494' title='bbox 1322 3982 1564 4046; x_wconf 85' lang='lat' dir='ltr'><strong>trahere,</strong></span> <span class='ocrx_word' id='word_1_495' title='bbox 1598 3987 1754 4052; x_wconf 89' lang='lat' dir='ltr'><strong>quasi</strong></span> <span class='ocrx_word' id='word_1_496' title='bbox 1807 3990 1916 4041; x_wconf 85' lang='lat' dir='ltr'><strong>dis-</strong></span> 
     </span>
    </p>
   </div>
   <div class='ocr_carea' id='block_1_69' title="bbox 332 4054 1915 4148">
    <p class='ocr_par' dir='ltr' id='par_1_69' title="bbox 332 4054 1915 4148">
     <span class='ocr_line' id='line_1_69' title="bbox 332 4054 1915 4148; baseline 0.016 -40"><span class='ocrx_word' id='word_1_497' title='bbox 332 4063 621 4129; x_wconf 70' lang='lat' dir='ltr'><strong>putatione</strong></span> <span class='ocrx_word' id='word_1_498' title='bbox 671 4054 886 4116; x_wconf 84' lang='lat' dir='ltr'><strong>sublata</strong></span> <span class='ocrx_word' id='word_1_499' title='bbox 924 4064 1096 4119; x_wconf 85' lang='lat' dir='ltr'><strong>solum</strong></span> <span class='ocrx_word' id='word_1_500' title='bbox 1156 4067 1457 4139; x_wconf 87' lang='lat' dir='ltr'><strong>silentium,</strong></span> <span class='ocrx_word' id='word_1_501' title='bbox 1510 4090 1630 4143; x_wconf 74' lang='lat' dir='ltr'><strong>qua:</strong></span> <span class='ocrx_word' id='word_1_502' title='bbox 1683 4078 1733 4130; x_wconf 91' lang='lat' dir='ltr'><strong>in</strong></span> <span class='ocrx_word' id='word_1_503' title='bbox 1768 4095 1915 4148; x_wconf 80' lang='lat' dir='ltr'><strong>qua:—</strong></span> 
     </span>
    </p>
   </div>
   <div class='ocr_carea' id='block_1_70' title="bbox 332 4154 1915 4240">
    <p class='ocr_par' dir='ltr' id='par_1_70' title="bbox 332 4154 1915 4240">
     <span class='ocr_line' id='line_1_70' title="bbox 332 4154 1915 4240; baseline 0.013 -33"><span class='ocrx_word' id='word_1_504' title='bbox 332 4154 515 4209; x_wconf 86' lang='lat' dir='ltr'><strong>stione</strong></span> <span class='ocrx_word' id='word_1_505' title='bbox 544 4165 693 4217; x_wconf 84' lang='lat' dir='ltr'><strong>sunt,</strong></span> <span class='ocrx_word' id='word_1_506' title='bbox 713 4157 1004 4221; x_wconf 83' lang='lat' dir='ltr'><strong>explanare</strong></span> <span class='ocrx_word' id='word_1_507' title='bbox 1039 4160 1287 4227; x_wconf 83' lang='lat' dir='ltr'><strong>sulliciat,</strong></span> <span class='ocrx_word' id='word_1_508' title='bbox 1312 4180 1434 4220; x_wconf 91' lang='lat' dir='ltr'><strong>cum</strong></span> <span class='ocrx_word' id='word_1_509' title='bbox 1461 4180 1608 4223; x_wconf 88' lang='lat' dir='ltr'><strong>certe</strong></span> <span class='ocrx_word' id='word_1_510' title='bbox 1638 4170 1915 4240; x_wconf 85' lang='lat' dir='ltr'><strong>Scriptura</strong></span> 
     </span>
    </p>
   </div>
   <div class='ocr_carea' id='block_1_71' title="bbox 260 4243 1917 4319">
    <p class='ocr_par' dir='ltr' id='par_1_71' title="bbox 260 4243 1917 4319">
     <span class='ocr_line' id='line_1_71' title="bbox 260 4243 1917 4319; baseline 0.014 -24"><span class='ocrx_word' id='word_1_511' title='bbox 260 4274 263 4277; x_wconf 97' lang='lat'><strong><em>-</em></strong></span> <span class='ocrx_word' id='word_1_512' title='bbox 330 4245 485 4297; x_wconf 89' lang='lat' dir='ltr'><strong>dicat</strong></span> <span class='ocrx_word' id='word_1_513' title='bbox 518 4262 533 4297; x_wconf 89' lang='lat'><strong>:</strong></span> <span class='ocrx_word' id='word_1_514' title='bbox 568 4243 650 4297; x_wconf 70' lang='lat' dir='ltr'><strong>Ex</strong></span> <span class='ocrx_word' id='word_1_515' title='bbox 676 4245 843 4299; x_wconf 77' lang='lat' dir='ltr'><strong>verbis</strong></span> <span class='ocrx_word' id='word_1_516' title='bbox 874 4250 972 4301; x_wconf 83' lang='lat' dir='ltr'><strong>tuis</strong></span> <span class='ocrx_word' id='word_1_517' title='bbox 994 4249 1385 4319; x_wconf 76' lang='lat' dir='ltr'><strong>iustiﬁcaberis,</strong></span> <span class='ocrx_word' id='word_1_518' title='bbox 1435 4266 1484 4310; x_wconf 85' lang='lat' dir='ltr'><strong>et</strong></span> <span class='ocrx_word' id='word_1_519' title='bbox 1518 4273 1581 4311; x_wconf 81' lang='lat' dir='ltr'><strong>ea:</strong></span> <span class='ocrx_word' id='word_1_520' title='bbox 1610 4262 1775 4316; x_wconf 84' lang='lat' dir='ltr'><strong>verbis</strong></span> <span class='ocrx_word' id='word_1_521' title='bbox 1816 4266 1917 4318; x_wconf 83' lang='lat' dir='ltr'><strong>tuis</strong></span> 
     </span>
    </p>
   </div>
   <div class='ocr_carea' id='block_1_72' title="bbox 330 4337 1918 4410">
    <p class='ocr_par' dir='ltr' id='par_1_72' title="bbox 330 4337 1918 4410">
     <span class='ocr_line' id='line_1_72' title="bbox 330 4337 1918 4410; baseline 0.014 -22"><span class='ocrx_word' id='word_1_522' title='bbox 330 4337 772 4391; x_wconf 81' lang='lat' dir='ltr'><strong>condemnaberis</strong></span> <span class='ocrx_word' id='word_1_523' title='bbox 805 4338 889 4402; x_wconf 80' lang='lat'><strong>&quot;;</strong></span> <span class='ocrx_word' id='word_1_524' title='bbox 935 4349 1095 4409; x_wconf 88' lang='lat' dir='ltr'><strong>atque</strong></span> <span class='ocrx_word' id='word_1_525' title='bbox 1144 4346 1212 4396; x_wconf 90' lang='lat' dir='ltr'><strong>ita</strong></span> <span class='ocrx_word' id='word_1_526' title='bbox 1254 4345 1411 4400; x_wconf 83' lang='lat' dir='ltr'><strong>facile</strong></span> <span class='ocrx_word' id='word_1_527' title='bbox 1442 4348 1507 4402; x_wconf 83' lang='lat' dir='ltr'><strong>de</strong></span> <span class='ocrx_word' id='word_1_528' title='bbox 1540 4353 1701 4405; x_wconf 88' lang='lat' dir='ltr'><strong>rebus</strong></span> <span class='ocrx_word' id='word_1_529' title='bbox 1733 4356 1918 4410; x_wconf 84' lang='lat' dir='ltr'><strong>arduis</strong></span> 
     </span>
    </p>
   </div>
   <div class='ocr_carea' id='block_1_73' title="bbox 334 4428 1915 4511">
    <p class='ocr_par' dir='ltr' id='par_1_73' title="bbox 334 4428 1915 4511">
     <span class='ocr_line' id='line_1_73' title="bbox 334 4428 1915 4511; baseline 0.013 -31"><span class='ocrx_word' id='word_1_530' title='bbox 334 4428 478 4483; x_wconf 84' lang='lat' dir='ltr'><strong>velle</strong></span> <span class='ocrx_word' id='word_1_531' title='bbox 512 4430 861 4485; x_wconf 89' lang='lat' dir='ltr'><strong>concludere.</strong></span> <span class='ocrx_word' id='word_1_532' title='bbox 894 4432 1054 4500; x_wconf 85' lang='lat' dir='ltr'><strong>Atqui</strong></span> <span class='ocrx_word' id='word_1_533' title='bbox 1098 4438 1392 4490; x_wconf 89' lang='lat' dir='ltr'><strong>secundum</strong></span> <span class='ocrx_word' id='word_1_534' title='bbox 1428 4454 1545 4493; x_wconf 90' lang='lat' dir='ltr'><strong>eam</strong></span> <span class='ocrx_word' id='word_1_535' title='bbox 1580 4442 1915 4511; x_wconf 81' lang='lat' dir='ltr'><strong>facilitatem,</strong></span> 
     </span>
    </p>
   </div>
   <div class='ocr_carea' id='block_1_74' title="bbox 2014 3248 3586 3329">
    <p class='ocr_par' dir='ltr' id='par_1_74' title="bbox 2014 3248 3586 3329">
     <span class='ocr_line' id='line_1_74' title="bbox 2014 3248 3586 3329; baseline -0.009 -22"><span class='ocrx_word' id='word_1_536' title='bbox 2014 3264 2171 3323; x_wconf 89' lang='lat' dir='ltr'><strong>getur</strong></span> <span class='ocrx_word' id='word_1_537' title='bbox 2228 3252 2423 3305; x_wconf 78' lang='lat' dir='ltr'><strong>Filium</strong></span> <span class='ocrx_word' id='word_1_538' title='bbox 2472 3250 2743 3315; x_wconf 76' lang='lat' dir='ltr'><strong>confiteri,</strong></span> <span class='ocrx_word' id='word_1_539' title='bbox 2793 3250 2958 3303; x_wconf 91' lang='lat' dir='ltr'><strong>etiam</strong></span> <span class='ocrx_word' id='word_1_540' title='bbox 3022 3248 3285 3315; x_wconf 82' lang='lat' dir='ltr'><strong>Spiritum</strong></span> <span class='ocrx_word' id='word_1_541' title='bbox 3318 3252 3586 3329; x_wconf 55' lang='lat' dir='ltr'><strong>.sanctum</strong></span> 
     </span>
    </p>
   </div>
   <div class='ocr_carea' id='block_1_75' title="bbox 2017 3336 3586 3414">
    <p class='ocr_par' dir='ltr' id='par_1_75' title="bbox 2017 3336 3586 3414">
     <span class='ocr_line' id='line_1_75' title="bbox 2017 3336 3586 3414; baseline -0.007 -15"><span class='ocrx_word' id='word_1_542' title='bbox 2017 3348 2190 3414; x_wconf 88' lang='lat' dir='ltr'><strong>ipsum</strong></span> <span class='ocrx_word' id='word_1_543' title='bbox 2225 3346 2343 3399; x_wconf 89' lang='lat' dir='ltr'><strong>sine</strong></span> <span class='ocrx_word' id='word_1_544' title='bbox 2368 3343 2545 3397; x_wconf 89' lang='lat' dir='ltr'><strong>medio</strong></span> <span class='ocrx_word' id='word_1_545' title='bbox 2574 3356 2638 3397; x_wconf 79' lang='lat' dir='ltr'><strong>ex</strong></span> <span class='ocrx_word' id='word_1_546' title='bbox 2668 3338 2826 3395; x_wconf 84' lang='lat' dir='ltr'><strong>Patre</strong></span> <span class='ocrx_word' id='word_1_547' title='bbox 2858 3354 2979 3395; x_wconf 84' lang='lat' dir='ltr'><strong>esse</strong></span> <span class='ocrx_word' id='word_1_548' title='bbox 3004 3339 3254 3401; x_wconf 86' lang='lat' dir='ltr'><strong>credens,</strong></span> <span class='ocrx_word' id='word_1_549' title='bbox 3286 3336 3586 3391; x_wconf 87' lang='lat' dir='ltr'><strong>secundum</strong></span> 
     </span>
    </p>
   </div>
   <div class='ocr_carea' id='block_1_76' title="bbox 2014 3430 3247 3505">
    <p class='ocr_par' dir='ltr' id='par_1_76' title="bbox 2014 3430 3247 3505">
     <span class='ocr_line' id='line_1_76' title="bbox 2014 3430 3247 3505; baseline -0.007 -13"><span class='ocrx_word' id='word_1_550' title='bbox 2014 3438 2223 3493; x_wconf 84' lang='lat' dir='ltr'><strong>scilicet</strong></span> <span class='ocrx_word' id='word_1_551' title='bbox 2271 3437 2557 3505; x_wconf 52' lang='lat' dir='ltr'><strong>praedictas</strong></span> <span class='ocrx_word' id='word_1_552' title='bbox 2607 3436 2937 3489; x_wconf 86' lang='lat' dir='ltr'><strong>assertioncs</strong></span> <span class='ocrx_word' id='word_1_553' title='bbox 2984 3430 3247 3485; x_wconf 86' lang='lat' dir='ltr'><strong>Patrum?</strong></span> 
     </span>
    </p>
   </div>
   <div class='ocr_carea' id='block_1_77' title="bbox 2085 3520 3590 3600">
    <p class='ocr_par' dir='ltr' id='par_1_77' title="bbox 2085 3520 3590 3600">
     <span class='ocr_line' id='line_1_77' title="bbox 2085 3520 3590 3600; baseline -0.009 -15"><span class='ocrx_word' id='word_1_554' title='bbox 2085 3530 2218 3585; x_wconf 81' lang='lat' dir='ltr'><strong>Cum</strong></span> <span class='ocrx_word' id='word_1_555' title='bbox 2253 3527 2419 3600; x_wconf 87' lang='lat' dir='ltr'><strong>igitur</strong></span> <span class='ocrx_word' id='word_1_556' title='bbox 2452 3527 2788 3596; x_wconf 81' lang='lat' dir='ltr'><strong>simpliciter,</strong></span> <span class='ocrx_word' id='word_1_557' title='bbox 2828 3542 2891 3581; x_wconf 85' lang='lat' dir='ltr'><strong>ac</strong></span> <span class='ocrx_word' id='word_1_558' title='bbox 2935 3528 3024 3595; x_wconf 89' lang='lat' dir='ltr'><strong>pla</strong></span> <span class='ocrx_word' id='word_1_559' title='bbox 3071 3520 3424 3593; x_wconf 83' lang='lat' dir='ltr'><strong>intelligentia</strong></span> <span class='ocrx_word' id='word_1_560' title='bbox 3462 3533 3590 3589; x_wconf 62' lang='lat' dir='ltr'><strong>potio</strong></span> 
     </span>
    </p>
   </div>
   <div class='ocr_carea' id='block_1_78' title="bbox 2016 3615 3591 3691">
    <p class='ocr_par' dir='ltr' id='par_1_78' title="bbox 2016 3615 3591 3691">
     <span class='ocr_line' id='line_1_78' title="bbox 2016 3615 3591 3691; baseline -0.009 -15"><span class='ocrx_word' id='word_1_561' title='bbox 2016 3622 2087 3677; x_wconf 87' lang='lat' dir='ltr'><strong>sit</strong></span> <span class='ocrx_word' id='word_1_562' title='bbox 2115 3622 2311 3691; x_wconf 87' lang='lat' dir='ltr'><strong>accipi,</strong></span> <span class='ocrx_word' id='word_1_563' title='bbox 2344 3618 2485 3690; x_wconf 92' lang='lat' dir='ltr'><strong>quod</strong></span> <span class='ocrx_word' id='word_1_564' title='bbox 2516 3620 2720 3673; x_wconf 87' lang='lat' dir='ltr'><strong>dictum</strong></span> <span class='ocrx_word' id='word_1_565' title='bbox 2754 3626 2856 3682; x_wconf 89' lang='lat' dir='ltr'><strong>est,</strong></span> <span class='ocrx_word' id='word_1_566' title='bbox 2909 3615 3010 3671; x_wconf 90' lang='lat' dir='ltr'><strong>etsi</strong></span> <span class='ocrx_word' id='word_1_567' title='bbox 3045 3630 3147 3669; x_wconf 89' lang='lat' dir='ltr'><strong>nos</strong></span> <span class='ocrx_word' id='word_1_568' title='bbox 3205 3629 3313 3668; x_wconf 90' lang='lat' dir='ltr'><strong>non</strong></span> <span class='ocrx_word' id='word_1_569' title='bbox 3340 3628 3402 3667; x_wconf 76' lang='lat' dir='ltr'><strong>ea</strong></span> <span class='ocrx_word' id='word_1_570' title='bbox 3439 3628 3591 3664; x_wconf 78' lang='lat' dir='ltr'><strong>men-</strong></span> 
     </span>
    </p>
   </div>
   <div class='ocr_carea' id='block_1_79' title="bbox 2018 3706 3629 3778">
    <p class='ocr_par' dir='ltr' id='par_1_79' title="bbox 2018 3706 3629 3778">
     <span class='ocr_line' id='line_1_79' title="bbox 2018 3706 3629 3778; baseline -0.009 -11"><span class='ocrx_word' id='word_1_571' title='bbox 2018 3724 2070 3767; x_wconf 90' lang='lat' dir='ltr'><strong>te</strong></span> <span class='ocrx_word' id='word_1_572' title='bbox 2099 3715 2301 3768; x_wconf 90' lang='lat' dir='ltr'><strong>dictum</strong></span> <span class='ocrx_word' id='word_1_573' title='bbox 2327 3710 2625 3776; x_wconf 89' lang='lat' dir='ltr'><strong>fateamur;</strong></span> <span class='ocrx_word' id='word_1_574' title='bbox 2661 3719 2823 3778; x_wconf 89' lang='lat' dir='ltr'><strong>atque</strong></span> <span class='ocrx_word' id='word_1_575' title='bbox 2850 3710 2963 3763; x_wconf 58' lang='lat' dir='ltr'><strong>haec</strong></span> <span class='ocrx_word' id='word_1_576' title='bbox 2992 3706 3178 3778; x_wconf 79' lang='lat' dir='ltr'><strong>Opinio</strong></span> <span class='ocrx_word' id='word_1_577' title='bbox 3231 3706 3456 3763; x_wconf 83' lang='lat' dir='ltr'><strong>necdum</strong></span> <span class='ocrx_word' id='word_1_578' title='bbox 3495 3718 3629 3773; x_wconf 62' lang='lat' dir='ltr'><strong>pu-~</strong></span> 
     </span>
    </p>
   </div>
   <div class='ocr_carea' id='block_1_80' title="bbox 2018 3796 3595 3873">
    <p class='ocr_par' dir='ltr' id='par_1_80' title="bbox 2018 3796 3595 3873">
     <span class='ocr_line' id='line_1_80' title="bbox 2018 3796 3595 3873; baseline -0.01 -12"><span class='ocrx_word' id='word_1_579' title='bbox 2018 3806 2183 3870; x_wconf 88' lang='lat' dir='ltr'><strong>blica,</strong></span> <span class='ocrx_word' id='word_1_580' title='bbox 2218 3820 2319 3859; x_wconf 83' lang='lat' dir='ltr'><strong>nec</strong></span> <span class='ocrx_word' id='word_1_581' title='bbox 2352 3803 2562 3873; x_wconf 82' lang='lat' dir='ltr'><strong>vulgata</strong></span> <span class='ocrx_word' id='word_1_582' title='bbox 2595 3812 2763 3865; x_wconf 89' lang='lat' dir='ltr'><strong>esset,</strong></span> <span class='ocrx_word' id='word_1_583' title='bbox 2820 3817 2883 3855; x_wconf 89' lang='lat' dir='ltr'><strong>ac</strong></span> <span class='ocrx_word' id='word_1_584' title='bbox 2915 3809 3200 3869; x_wconf 88' lang='lat' dir='ltr'><strong>propterea</strong></span> <span class='ocrx_word' id='word_1_585' title='bbox 3234 3796 3367 3850; x_wconf 79' lang='lat' dir='ltr'><strong>nihil</strong></span> <span class='ocrx_word' id='word_1_586' title='bbox 3403 3810 3469 3847; x_wconf 85' lang='lat' dir='ltr'><strong>cx</strong></span> <span class='ocrx_word' id='word_1_587' title='bbox 3525 3808 3595 3846; x_wconf 80' lang='lat' dir='ltr'><strong>eo</strong></span> 
     </span>
    </p>
   </div>
   <div class='ocr_carea' id='block_1_81' title="bbox 2020 3885 3595 3962">
    <p class='ocr_par' dir='ltr' id='par_1_81' title="bbox 2020 3885 3595 3962">
     <span class='ocr_line' id='line_1_81' title="bbox 2020 3885 3595 3962; baseline -0.008 -14"><span class='ocrx_word' id='word_1_588' title='bbox 2020 3895 2208 3962; x_wconf 87' lang='lat' dir='ltr'><strong>religio</strong></span> <span class='ocrx_word' id='word_1_589' title='bbox 2231 3890 2543 3948; x_wconf 88' lang='lat' dir='ltr'><strong>Christiana</strong></span> <span class='ocrx_word' id='word_1_590' title='bbox 2576 3891 2885 3955; x_wconf 66' lang='lat' dir='ltr'><strong>lmderctur,</strong></span> <span class='ocrx_word' id='word_1_591' title='bbox 2920 3902 3186 3958; x_wconf 85' lang='lat' dir='ltr'><strong>nemoque</strong></span> <span class='ocrx_word' id='word_1_592' title='bbox 3212 3886 3325 3941; x_wconf 81' lang='lat' dir='ltr'><strong>fere</strong></span> <span class='ocrx_word' id='word_1_593' title='bbox 3362 3885 3595 3941; x_wconf 78' lang='lat' dir='ltr'><strong>insimu-</strong></span> 
     </span>
    </p>
   </div>
   <div class='ocr_carea' id='block_1_82' title="bbox 2018 3980 3593 4054">
    <p class='ocr_par' dir='ltr' id='par_1_82' title="bbox 2018 3980 3593 4054">
     <span class='ocr_line' id='line_1_82' title="bbox 2018 3980 3593 4054; baseline -0.007 -14"><span class='ocrx_word' id='word_1_594' title='bbox 2018 3984 2174 4051; x_wconf 89' lang='lat' dir='ltr'><strong>laret,</strong></span> <span class='ocrx_word' id='word_1_595' title='bbox 2205 3985 2479 4054; x_wconf 87' lang='lat' dir='ltr'><strong>verbaque</strong></span> <span class='ocrx_word' id='word_1_596' title='bbox 2508 3985 2621 4053; x_wconf 86' lang='lat' dir='ltr'><strong>ipsa</strong></span> <span class='ocrx_word' id='word_1_597' title='bbox 2646 3982 2895 4038; x_wconf 90' lang='lat' dir='ltr'><strong>subtilius</strong></span> <span class='ocrx_word' id='word_1_598' title='bbox 2919 3982 3246 4051; x_wconf 87' lang='lat' dir='ltr'><strong>disquircret</strong></span> <span class='ocrx_word' id='word_1_599' title='bbox 3276 3980 3432 4034; x_wconf 90' lang='lat' dir='ltr'><strong>rebus</strong></span> <span class='ocrx_word' id='word_1_600' title='bbox 3456 3993 3593 4046; x_wconf 69' lang='lat' dir='ltr'><strong>pra:-</strong></span> 
     </span>
    </p>
   </div>
   <div class='ocr_carea' id='block_1_83' title="bbox 2020 4071 3602 4145">
    <p class='ocr_par' dir='ltr' id='par_1_83' title="bbox 2020 4071 3602 4145">
     <span class='ocr_line' id='line_1_83' title="bbox 2020 4071 3602 4145; baseline -0.006 -13"><span class='ocrx_word' id='word_1_601' title='bbox 2020 4088 2165 4133; x_wconf 88' lang='lat' dir='ltr'><strong>terea</strong></span> <span class='ocrx_word' id='word_1_602' title='bbox 2227 4078 2463 4131; x_wconf 85' lang='lat' dir='ltr'><strong>maxime</strong></span> <span class='ocrx_word' id='word_1_603' title='bbox 2497 4076 2828 4131; x_wconf 86' lang='lat' dir='ltr'><strong>necessariis</strong></span> <span class='ocrx_word' id='word_1_604' title='bbox 2867 4074 3205 4145; x_wconf 86' lang='lat' dir='ltr'><strong>urgentibus,</strong></span> <span class='ocrx_word' id='word_1_605' title='bbox 3266 4087 3333 4125; x_wconf 89' lang='lat' dir='ltr'><strong>ne</strong></span> <span class='ocrx_word' id='word_1_606' title='bbox 3386 4071 3602 4125; x_wconf 66' lang='lat' dir='ltr'><strong>scilicet.</strong></span> 
     </span>
    </p>
   </div>
   <div class='ocr_carea' id='block_1_84' title="bbox 2021 4164 3601 4233">
    <p class='ocr_par' dir='ltr' id='par_1_84' title="bbox 2021 4164 3601 4233">
     <span class='ocr_line' id='line_1_84' title="bbox 2021 4164 3601 4233; baseline -0.004 -10"><span class='ocrx_word' id='word_1_607' title='bbox 2021 4168 2415 4223; x_wconf 58' lang='lat' dir='ltr'><strong>iurat-nationis</strong></span> <span class='ocrx_word' id='word_1_608' title='bbox 2467 4176 2875 4223; x_wconf 83' lang='lat' dir='ltr'><strong>sacramentum</strong></span> <span class='ocrx_word' id='word_1_609' title='bbox 2929 4166 3094 4221; x_wconf 84' lang='lat' dir='ltr'><strong>verba</strong></span> <span class='ocrx_word' id='word_1_610' title='bbox 3146 4164 3490 4233; x_wconf 80' lang='lat' dir='ltr'><strong>simpliciter,</strong></span> <span class='ocrx_word' id='word_1_611' title='bbox 3529 4178 3601 4216; x_wconf 82' lang='lat' dir='ltr'><strong>ac</strong></span> 
     </span>
    </p>
   </div>
   <div class='ocr_carea' id='block_1_85' title="bbox 2021 4254 3601 4330">
    <p class='ocr_par' dir='ltr' id='par_1_85' title="bbox 2021 4254 3601 4330">
     <span class='ocr_line' id='line_1_85' title="bbox 2021 4254 3601 4330; baseline -0.003 -18"><span class='ocrx_word' id='word_1_612' title='bbox 2021 4259 2336 4330; x_wconf 61' lang='lat' dir='ltr'><strong>pradicatio</strong></span> <span class='ocrx_word' id='word_1_613' title='bbox 2374 4260 2553 4313; x_wconf 87' lang='lat' dir='ltr'><strong>inanis</strong></span> <span class='ocrx_word' id='word_1_614' title='bbox 2586 4256 3236 4326; x_wconf 83' lang='lat' dir='ltr'><strong>videretur:ambagibus</strong></span> <span class='ocrx_word' id='word_1_615' title='bbox 3266 4255 3484 4310; x_wconf 86' lang='lat' dir='ltr'><strong>omissis</strong></span> <span class='ocrx_word' id='word_1_616' title='bbox 3523 4254 3601 4308; x_wconf 76' lang='lat' dir='ltr'><strong>ad.</strong></span> 
     </span>
    </p>
   </div>
   <div class='ocr_carea' id='block_1_86' title="bbox 2021 4345 3597 4421">
    <p class='ocr_par' dir='ltr' id='par_1_86' title="bbox 2021 4345 3597 4421">
     <span class='ocr_line' id='line_1_86' title="bbox 2021 4345 3597 4421; baseline -0.004 -15"><span class='ocrx_word' id='word_1_617' title='bbox 2021 4354 2094 4414; x_wconf 86' lang='lat' dir='ltr'><strong>id.</strong></span> <span class='ocrx_word' id='word_1_618' title='bbox 2120 4362 2336 4421; x_wconf 85' lang='lat' dir='ltr'><strong>prepter</strong></span> <span class='ocrx_word' id='word_1_619' title='bbox 2360 4352 2911 4420; x_wconf 78' lang='lat' dir='ltr'><strong>quodcnnvenerant,</strong></span> <span class='ocrx_word' id='word_1_620' title='bbox 2933 4363 2991 4402; x_wconf 92' lang='lat' dir='ltr'><strong>se</strong></span> <span class='ocrx_word' id='word_1_621' title='bbox 3014 4348 3382 4402; x_wconf 90' lang='lat' dir='ltr'><strong>contulerunt.</strong></span> <span class='ocrx_word' id='word_1_622' title='bbox 3402 4345 3597 4414; x_wconf 80' lang='lat' dir='ltr'><strong>Liquet</strong></span> 
     </span>
    </p>
   </div>
   <div class='ocr_carea' id='block_1_87' title="bbox 2020 4438 3589 4512">
    <p class='ocr_par' dir='ltr' id='par_1_87' title="bbox 2020 4438 3589 4512">
     <span class='ocr_line' id='line_1_87' title="bbox 2020 4438 3589 4512; baseline -0.004 -15"><span class='ocrx_word' id='word_1_623' title='bbox 2020 4453 2224 4507; x_wconf 85' lang='lat' dir='ltr'><strong>autem,</strong></span> <span class='ocrx_word' id='word_1_624' title='bbox 2257 4443 2381 4512; x_wconf 86' lang='lat' dir='ltr'><strong>quia</strong></span> <span class='ocrx_word' id='word_1_625' title='bbox 2411 4441 2501 4511; x_wconf 91' lang='lat' dir='ltr'><strong>qui</strong></span> <span class='ocrx_word' id='word_1_626' title='bbox 2540 4440 2804 4510; x_wconf 89' lang='lat' dir='ltr'><strong>Spiritum</strong></span> <span class='ocrx_word' id='word_1_627' title='bbox 2833 4454 2940 4495; x_wconf 90' lang='lat' dir='ltr'><strong>non</strong></span> <span class='ocrx_word' id='word_1_628' title='bbox 2976 4440 3142 4496; x_wconf 87' lang='lat' dir='ltr'><strong>etiam</strong></span> <span class='ocrx_word' id='word_1_629' title='bbox 3176 4454 3299 4493; x_wconf 85' lang='lat' dir='ltr'><strong>esse</strong></span> <span class='ocrx_word' id='word_1_630' title='bbox 3347 4438 3476 4492; x_wconf 89' lang='lat' dir='ltr'><strong>dicit</strong></span> <span class='ocrx_word' id='word_1_631' title='bbox 3524 4453 3589 4491; x_wconf 79' lang='lat' dir='ltr'><strong>ex</strong></span> 
     </span>
    </p>
   </div>
   <div class='ocr_carea' id='block_1_88' title="bbox 333 4520 3593 4603">
    <p class='ocr_par' dir='ltr' id='par_1_88' title="bbox 333 4520 3593 4603">
     <span class='ocr_line' id='line_1_88' title="bbox 333 4520 3593 4603; baseline 0.004 -32"><span class='ocrx_word' id='word_1_632' title='bbox 333 4532 410 4571; x_wconf 87' lang='lat' dir='ltr'><strong>ne</strong></span> <span class='ocrx_word' id='word_1_633' title='bbox 435 4520 777 4588; x_wconf 86' lang='lat' dir='ltr'><strong>pernlcosam</strong></span> <span class='ocrx_word' id='word_1_634' title='bbox 804 4521 1071 4576; x_wconf 82' lang='lat' dir='ltr'><strong>levitatem</strong></span> <span class='ocrx_word' id='word_1_635' title='bbox 1096 4524 1347 4591; x_wconf 80' lang='lat' dir='ltr'><strong>dixerim,</strong></span> <span class='ocrx_word' id='word_1_636' title='bbox 1377 4527 1637 4597; x_wconf 86' lang='lat' dir='ltr'><strong>Spiritum</strong></span> <span class='ocrx_word' id='word_1_637' title='bbox 1666 4548 1915 4590; x_wconf 87' lang='lat' dir='ltr'><strong>sanctum</strong></span> <span class='ocrx_word' id='word_1_638' title='bbox 1953 4533 1993 4586; x_wconf 84' lang='grc' dir='ltr'><strong>ι)</strong></span> <span class='ocrx_word' id='word_1_639' title='bbox 2025 4536 2178 4601; x_wconf 83' lang='lat' dir='ltr'><strong>Filio,</strong></span> <span class='ocrx_word' id='word_1_640' title='bbox 2204 4538 2475 4591; x_wconf 78' lang='lat' dir='ltr'><strong>Christum</strong></span> <span class='ocrx_word' id='word_1_641' title='bbox 2514 4552 2615 4589; x_wconf 91' lang='lat' dir='ltr'><strong>non</strong></span> <span class='ocrx_word' id='word_1_642' title='bbox 2650 4535 2803 4603; x_wconf 81' lang='lat' dir='ltr'><strong>quasi</strong></span> <span class='ocrx_word' id='word_1_643' title='bbox 2843 4534 3057 4603; x_wconf 90' lang='lat' dir='ltr'><strong>pr0pria</strong></span> <span class='ocrx_word' id='word_1_644' title='bbox 3095 4532 3317 4595; x_wconf 86' lang='lat' dir='ltr'><strong>virtute,</strong></span> <span class='ocrx_word' id='word_1_645' title='bbox 3349 4532 3443 4585; x_wconf 90' lang='lat' dir='ltr'><strong>sed</strong></span> <span class='ocrx_word' id='word_1_646' title='bbox 3479 4529 3593 4583; x_wconf 77' lang='lat' dir='ltr'><strong>Vci-</strong></span> 
     </span>
    </p>
   </div>
   <div class='ocr_carea' id='block_1_89' title="bbox 340 4611 1915 4697">
    <p class='ocr_par' dir='ltr' id='par_1_89' title="bbox 340 4611 1915 4697">
     <span class='ocr_line' id='line_1_89' title="bbox 340 4611 1915 4697; baseline 0.012 -34"><span class='ocrx_word' id='word_1_647' title='bbox 340 4611 514 4663; x_wconf 86' lang='lat' dir='ltr'><strong>Deum</strong></span> <span class='ocrx_word' id='word_1_648' title='bbox 564 4626 752 4664; x_wconf 82' lang='lat' dir='ltr'><strong>verum</strong></span> <span class='ocrx_word' id='word_1_649' title='bbox 804 4614 869 4667; x_wconf 90' lang='lat' dir='ltr'><strong>de</strong></span> <span class='ocrx_word' id='word_1_650' title='bbox 922 4614 1033 4668; x_wconf 84' lang='lat' dir='ltr'><strong>Deo</strong></span> <span class='ocrx_word' id='word_1_651' title='bbox 1072 4631 1201 4670; x_wconf 84' lang='lat' dir='ltr'><strong>vero</strong></span> <span class='ocrx_word' id='word_1_652' title='bbox 1262 4622 1679 4689; x_wconf 86' lang='lat' dir='ltr'><strong>appellabimus,</strong></span> <span class='ocrx_word' id='word_1_653' title='bbox 1742 4643 1915 4697; x_wconf 76' lang='lat' dir='ltr'><strong>neque</strong></span> 
     </span>
    </p>
   </div>
   <div class='ocr_carea' id='block_1_90' title="bbox 338 4701 1917 4787">
    <p class='ocr_par' dir='ltr' id='par_1_90' title="bbox 338 4701 1917 4787">
     <span class='ocr_line' id='line_1_90' title="bbox 338 4701 1917 4787; baseline 0.01 -35"><span class='ocrx_word' id='word_1_654' title='bbox 338 4701 491 4754; x_wconf 83' lang='lat' dir='ltr'><strong>Patri</strong></span> <span class='ocrx_word' id='word_1_655' title='bbox 522 4710 575 4754; x_wconf 91' lang='lat' dir='ltr'><strong>et</strong></span> <span class='ocrx_word' id='word_1_656' title='bbox 607 4702 744 4757; x_wconf 82' lang='lat' dir='ltr'><strong>Filio</strong></span> <span class='ocrx_word' id='word_1_657' title='bbox 798 4705 1317 4764; x_wconf 84' lang='lat' dir='ltr'><strong>consubstantialem</strong></span> <span class='ocrx_word' id='word_1_658' title='bbox 1354 4712 1755 4781; x_wconf 85' lang='lat' dir='ltr'><strong>confitebimur,</strong></span> <span class='ocrx_word' id='word_1_659' title='bbox 1784 4735 1917 4787; x_wconf 85' lang='lat' dir='ltr'><strong>qun-</strong></span> 
     </span>
    </p>
   </div>
   <div class='ocr_carea' id='block_1_91' title="bbox 340 4793 1917 4867">
    <p class='ocr_par' dir='ltr' id='par_1_91' title="bbox 340 4793 1917 4867">
     <span class='ocr_line' id='line_1_91' title="bbox 340 4793 1917 4867; baseline 0.013 -21"><span class='ocrx_word' id='word_1_660' title='bbox 340 4794 495 4846; x_wconf 86' lang='lat' dir='ltr'><strong>niam</strong></span> <span class='ocrx_word' id='word_1_661' title='bbox 532 4794 587 4847; x_wconf 92' lang='lat' dir='ltr'><strong>in</strong></span> <span class='ocrx_word' id='word_1_662' title='bbox 617 4793 874 4862; x_wconf 82' lang='lat' dir='ltr'><strong>Symbolu</strong></span> <span class='ocrx_word' id='word_1_663' title='bbox 904 4797 1052 4861; x_wconf 86' lang='lat' dir='ltr'><strong>fidei,</strong></span> <span class='ocrx_word' id='word_1_664' title='bbox 1089 4815 1193 4853; x_wconf 90' lang='lat' dir='ltr'><strong>non</strong></span> <span class='ocrx_word' id='word_1_665' title='bbox 1230 4812 1287 4855; x_wconf 91' lang='lat' dir='ltr'><strong>ut</strong></span> <span class='ocrx_word' id='word_1_666' title='bbox 1329 4806 1391 4857; x_wconf 86' lang='lat' dir='ltr'><strong>de</strong></span> <span class='ocrx_word' id='word_1_667' title='bbox 1428 4804 1583 4867; x_wconf 84' lang='lat' dir='ltr'><strong>Filio,</strong></span> <span class='ocrx_word' id='word_1_668' title='bbox 1632 4808 1706 4861; x_wconf 90' lang='lat' dir='ltr'><strong>ita</strong></span> <span class='ocrx_word' id='word_1_669' title='bbox 1745 4821 1800 4863; x_wconf 91' lang='lat' dir='ltr'><strong>et</strong></span> <span class='ocrx_word' id='word_1_670' title='bbox 1851 4814 1917 4866; x_wconf 88' lang='lat' dir='ltr'><strong>de</strong></span> 
     </span>
    </p>
   </div>
   <div class='ocr_carea' id='block_1_92' title="bbox 342 4884 1915 4967">
    <p class='ocr_par' dir='ltr' id='par_1_92' title="bbox 342 4884 1915 4967">
     <span class='ocr_line' id='line_1_92' title="bbox 342 4884 1915 4967; baseline 0.013 -30"><span class='ocrx_word' id='word_1_671' title='bbox 342 4884 553 4952; x_wconf 90' lang='lat' dir='ltr'><strong>Spiritu</strong></span> <span class='ocrx_word' id='word_1_672' title='bbox 593 4896 781 4940; x_wconf 88' lang='lat' dir='ltr'><strong>sancto</strong></span> <span class='ocrx_word' id='word_1_673' title='bbox 813 4886 865 4939; x_wconf 91' lang='lat' dir='ltr'><strong>id</strong></span> <span class='ocrx_word' id='word_1_674' title='bbox 901 4900 1149 4943; x_wconf 89' lang='lat' dir='ltr'><strong>notatum</strong></span> <span class='ocrx_word' id='word_1_675' title='bbox 1184 4902 1265 4947; x_wconf 88' lang='lat' dir='ltr'><strong>est</strong></span> <span class='ocrx_word' id='word_1_676' title='bbox 1296 4911 1309 4947; x_wconf 89' lang='lat'>:</span> <span class='ocrx_word' id='word_1_677' title='bbox 1359 4894 1444 4949; x_wconf 90' lang='lat' dir='ltr'><strong>hic</strong></span> <span class='ocrx_word' id='word_1_678' title='bbox 1479 4912 1669 4967; x_wconf 87' lang='lat' dir='ltr'><strong>nempe</strong></span> <span class='ocrx_word' id='word_1_679' title='bbox 1700 4917 1762 4953; x_wconf 86' lang='lat' dir='ltr'><strong>ex</strong></span> <span class='ocrx_word' id='word_1_680' title='bbox 1810 4901 1915 4966; x_wconf 90' lang='lat' dir='ltr'><strong>his.</strong></span> 
     </span>
    </p>
   </div>
   <div class='ocr_carea' id='block_1_93' title="bbox 341 4976 1914 5056">
    <p class='ocr_par' dir='ltr' id='par_1_93' title="bbox 341 4976 1914 5056">
     <span class='ocr_line' id='line_1_93' title="bbox 341 4976 1914 5056; baseline 0.01 -28"><span class='ocrx_word' id='word_1_681' title='bbox 341 4992 473 5044; x_wconf 70' lang='lat' dir='ltr'><strong>quae</strong></span> <span class='ocrx_word' id='word_1_682' title='bbox 506 4976 719 5031; x_wconf 88' lang='lat' dir='ltr'><strong>silentio</strong></span> <span class='ocrx_word' id='word_1_683' title='bbox 753 4992 1043 5046; x_wconf 84' lang='lat' dir='ltr'><strong>suppressa</strong></span> <span class='ocrx_word' id='word_1_684' title='bbox 1086 4989 1233 5044; x_wconf 72' lang='lat' dir='ltr'><strong>sunt,</strong></span> <span class='ocrx_word' id='word_1_685' title='bbox 1282 4986 1581 5039; x_wconf 88' lang='lat' dir='ltr'><strong>volentibus</strong></span> <span class='ocrx_word' id='word_1_686' title='bbox 1635 4988 1914 5056; x_wconf 86' lang='lat' dir='ltr'><strong>malignati</strong></span> 
     </span>
    </p>
   </div>
   <div class='ocr_carea' id='block_1_94' title="bbox 342 5070 1917 5151">
    <p class='ocr_par' dir='ltr' id='par_1_94' title="bbox 342 5070 1917 5151">
     <span class='ocr_line' id='line_1_94' title="bbox 342 5070 1917 5151; baseline 0.008 -28"><span class='ocrx_word' id='word_1_687' title='bbox 342 5072 593 5140; x_wconf 85' lang='lat' dir='ltr'><strong>aperitur</strong></span> <span class='ocrx_word' id='word_1_688' title='bbox 627 5070 825 5124; x_wconf 86' lang='lat' dir='ltr'><strong>aditus.</strong></span> <span class='ocrx_word' id='word_1_689' title='bbox 856 5072 986 5136; x_wconf 82' lang='lat' dir='ltr'><strong>Qme</strong></span> <span class='ocrx_word' id='word_1_690' title='bbox 1018 5087 1144 5127; x_wconf 84' lang='lat' dir='ltr'><strong>vero</strong></span> <span class='ocrx_word' id='word_1_691' title='bbox 1191 5079 1254 5129; x_wconf 88' lang='lat' dir='ltr'><strong>de</strong></span> <span class='ocrx_word' id='word_1_692' title='bbox 1290 5075 1493 5141; x_wconf 85' lang='lat' dir='ltr'><strong>Spiritu</strong></span> <span class='ocrx_word' id='word_1_693' title='bbox 1550 5080 1600 5131; x_wconf 92' lang='lat' dir='ltr'><strong>in</strong></span> <span class='ocrx_word' id='word_1_694' title='bbox 1659 5077 1917 5151; x_wconf 85' lang='lat' dir='ltr'><strong>Symboio</strong></span> 
     </span>
    </p>
   </div>
   <div class='ocr_carea' id='block_1_95' title="bbox 342 5163 1920 5237">
    <p class='ocr_par' dir='ltr' id='par_1_95' title="bbox 342 5163 1920 5237">
     <span class='ocr_line' id='line_1_95' title="bbox 342 5163 1920 5237; baseline 0.008 -21"><span class='ocrx_word' id='word_1_695' title='bbox 342 5165 657 5232; x_wconf 79' lang='lat' dir='ltr'><strong>eon&lt;cripta</strong></span> <span class='ocrx_word' id='word_1_696' title='bbox 712 5177 859 5229; x_wconf 87' lang='lat' dir='ltr'><strong>sunt,</strong></span> <span class='ocrx_word' id='word_1_697' title='bbox 919 5163 1061 5217; x_wconf 84' lang='lat' dir='ltr'><strong>Patri</strong></span> <span class='ocrx_word' id='word_1_698' title='bbox 1121 5164 1365 5237; x_wconf 82' lang='lat' dir='ltr'><strong>FiliOque</strong></span> <span class='ocrx_word' id='word_1_699' title='bbox 1398 5171 1708 5226; x_wconf 79' lang='lat' dir='ltr'><strong>communia</strong></span> <span class='ocrx_word' id='word_1_700' title='bbox 1770 5176 1920 5230; x_wconf 82' lang='lat' dir='ltr'><strong>iuve-</strong></span> 
     </span>
    </p>
   </div>
   <div class='ocr_carea' id='block_1_96' title="bbox 343 5259 1896 5319">
    <p class='ocr_par' dir='ltr' id='par_1_96' title="bbox 343 5259 1896 5319">
     <span class='ocr_line' id='line_1_96' title="bbox 343 5259 1896 5319; baseline 0.008 -12"><span class='ocrx_word' id='word_1_701' title='bbox 343 5259 592 5312; x_wconf 83' lang='lat' dir='ltr'><strong>uiuntur.</strong></span> <span class='ocrx_word' id='word_1_702' title='bbox 1866 5295 1896 5319; x_wconf 63' lang='grc' dir='ltr'><strong>κ</strong></span> 
     </span>
    </p>
   </div>
   <div class='ocr_carea' id='block_1_97' title="bbox 419 5350 1919 5425">
    <p class='ocr_par' dir='ltr' id='par_1_97' title="bbox 419 5350 1919 5425">
     <span class='ocr_line' id='line_1_97' title="bbox 419 5350 1919 5425; baseline 0.009 -25"><span class='ocrx_word' id='word_1_703' title='bbox 419 5350 640 5414; x_wconf 83' lang='lat' dir='ltr'><strong>Quodsi</strong></span> <span class='ocrx_word' id='word_1_704' title='bbox 676 5350 845 5402; x_wconf 85' lang='lat' dir='ltr'><strong>sancti</strong></span> <span class='ocrx_word' id='word_1_705' title='bbox 898 5350 1084 5402; x_wconf 82' lang='lat' dir='ltr'><strong>Patres</strong></span> <span class='ocrx_word' id='word_1_706' title='bbox 1142 5365 1202 5404; x_wconf 87' lang='lat' dir='ltr'><strong>ea</strong></span> <span class='ocrx_word' id='word_1_707' title='bbox 1244 5368 1468 5420; x_wconf 89' lang='lat' dir='ltr'><strong>quorntn</strong></span> <span class='ocrx_word' id='word_1_708' title='bbox 1515 5358 1684 5425; x_wconf 82' lang='lat' dir='ltr'><strong>gratia</strong></span> <span class='ocrx_word' id='word_1_709' title='bbox 1725 5375 1919 5414; x_wconf 85' lang='lat' dir='ltr'><strong>cenve—</strong></span> 
     </span>
    </p>
   </div>
   <div class='ocr_carea' id='block_1_98' title="bbox 344 5446 1920 5522">
    <p class='ocr_par' dir='ltr' id='par_1_98' title="bbox 344 5446 1920 5522">
     <span class='ocr_line' id='line_1_98' title="bbox 344 5446 1920 5522; baseline 0.004 -23"><span class='ocrx_word' id='word_1_710' title='bbox 344 5457 563 5507; x_wconf 86' lang='lat' dir='ltr'><strong>nerant,</strong></span> <span class='ocrx_word' id='word_1_711' title='bbox 596 5460 701 5498; x_wconf 87' lang='lat' dir='ltr'><strong>non</strong></span> <span class='ocrx_word' id='word_1_712' title='bbox 731 5447 1174 5510; x_wconf 85' lang='lat' dir='ltr'><strong>ennntiaverunt,</strong></span> <span class='ocrx_word' id='word_1_713' title='bbox 1208 5446 1259 5499; x_wconf 90' lang='lat' dir='ltr'><strong>iu</strong></span> <span class='ocrx_word' id='word_1_714' title='bbox 1298 5449 1533 5502; x_wconf 87' lang='lat' dir='ltr'><strong>secunda</strong></span> <span class='ocrx_word' id='word_1_715' title='bbox 1571 5451 1779 5505; x_wconf 82' lang='lat' dir='ltr'><strong>scilicet</strong></span> <span class='ocrx_word' id='word_1_716' title='bbox 1827 5468 1920 5522; x_wconf 87' lang='lat' dir='ltr'><strong>sy-</strong></span> 
     </span>
    </p>
   </div>
   <div class='ocr_carea' id='block_1_99' title="bbox 346 5536 1911 5609">
    <p class='ocr_par' dir='ltr' id='par_1_99' title="bbox 346 5536 1911 5609">
     <span class='ocr_line' id='line_1_99' title="bbox 346 5536 1911 5609; baseline 0.004 -18"><span class='ocrx_word' id='word_1_717' title='bbox 346 5539 510 5600; x_wconf 86' lang='lat' dir='ltr'><strong>nodo,</strong></span> <span class='ocrx_word' id='word_1_718' title='bbox 544 5538 748 5591; x_wconf 88' lang='lat' dir='ltr'><strong>cordati</strong></span> <span class='ocrx_word' id='word_1_719' title='bbox 775 5536 897 5589; x_wconf 87' lang='lat' dir='ltr'><strong>licet</strong></span> <span class='ocrx_word' id='word_1_720' title='bbox 932 5546 1097 5604; x_wconf 88' lang='lat' dir='ltr'><strong>atque</strong></span> <span class='ocrx_word' id='word_1_721' title='bbox 1122 5538 1533 5606; x_wconf 78' lang='lat' dir='ltr'><strong>sapientissimi,</strong></span> <span class='ocrx_word' id='word_1_722' title='bbox 1558 5544 1685 5609; x_wconf 84' lang='lat' dir='ltr'><strong>quid</strong></span> <span class='ocrx_word' id='word_1_723' title='bbox 1715 5545 1911 5597; x_wconf 84' lang='lat' dir='ltr'><strong>mirum</strong></span> 
     </span>
    </p>
   </div>
   <div class='ocr_carea' id='block_1_100' title="bbox 340 5631 1913 5701">
    <p class='ocr_par' dir='ltr' id='par_1_100' title="bbox 340 5631 1913 5701">
     <span class='ocr_line' id='line_1_100' title="bbox 340 5631 1913 5701; baseline 0.002 -15"><span class='ocrx_word' id='word_1_724' title='bbox 340 5631 389 5687; x_wconf 73' lang='lat' dir='ltr'><strong>si</strong></span> <span class='ocrx_word' id='word_1_725' title='bbox 422 5631 475 5684; x_wconf 91' lang='lat' dir='ltr'><strong>id</strong></span> <span class='ocrx_word' id='word_1_726' title='bbox 504 5632 810 5685; x_wconf 84' lang='lat' dir='ltr'><strong>omiserunt</strong></span> <span class='ocrx_word' id='word_1_727' title='bbox 843 5639 1064 5699; x_wconf 90' lang='lat' dir='ltr'><strong>propter</strong></span> <span class='ocrx_word' id='word_1_728' title='bbox 1104 5632 1243 5697; x_wconf 89' lang='lat' dir='ltr'><strong>quod</strong></span> <span class='ocrx_word' id='word_1_729' title='bbox 1274 5631 1497 5687; x_wconf 89' lang='lat' dir='ltr'><strong>minimc</strong></span> <span class='ocrx_word' id='word_1_730' title='bbox 1527 5649 1913 5701; x_wconf 78' lang='lat' dir='ltr'><strong>convenerant,</strong></span> 
     </span>
    </p>
   </div>
   <div class='ocr_carea' id='block_1_101' title="bbox 414 5814 1441 5884">
    <p class='ocr_par' dir='ltr' id='par_1_101' title="bbox 414 5814 1441 5884">
     <span class='ocr_line' id='line_1_101' title="bbox 414 5814 1441 5884; baseline 0.005 -17"><span class='ocrx_word' id='word_1_731' title='bbox 414 5816 456 5845; x_wconf 66' lang='grc' dir='ltr'><strong>δ’</strong></span> <span class='ocrx_word' id='word_1_732' title='bbox 491 5814 678 5869; x_wconf 74' lang='lat' dir='ltr'><strong>Matth.</strong></span> <span class='ocrx_word' id='word_1_733' title='bbox 723 5817 935 5884; x_wconf 73' lang='lat'><strong>111,57.</strong></span> <span class='ocrx_word' id='word_1_734' title='bbox 1020 5817 1058 5847; x_wconf 74' lang='grc'><strong>’⁸⁸</strong></span> <span class='ocrx_word' id='word_1_735' title='bbox 1094 5816 1248 5873; x_wconf 70' lang='lat' dir='ltr'><strong>Joan.</strong></span> <span class='ocrx_word' id='word_1_736' title='bbox 1287 5836 1321 5883; x_wconf 86' lang='grc' dir='ltr'><strong>ι,</strong></span> <span class='ocrx_word' id='word_1_737' title='bbox 1363 5820 1441 5875; x_wconf 84' lang='lat' dir='ltr'><strong>ll.</strong></span> 
     </span>
    </p>
   </div>
   <div class='ocr_carea' id='block_1_102' title="bbox 1557 5817 2006 5879">
    <p class='ocr_par' dir='ltr' id='par_1_102' title="bbox 1557 5817 2006 5879">
     <span class='ocr_line' id='line_1_102' title="bbox 1557 5817 2006 5879; baseline 0.002 -8"><span class='ocrx_word' id='word_1_738' title='bbox 1557 5819 1599 5848; x_wconf 73' lang='grc'><strong>⁸⁷</strong></span> <span class='ocrx_word' id='word_1_739' title='bbox 1634 5817 1760 5872; x_wconf 84' lang='lat' dir='ltr'><strong>Luc.</strong></span> <span class='ocrx_word' id='word_1_740' title='bbox 1804 5836 1873 5879; x_wconf 72' lang='grc' dir='ltr'><strong>γι,</strong></span> <span class='ocrx_word' id='word_1_741' title='bbox 1927 5820 2006 5872; x_wconf 70' lang='grc'><strong>19.</strong></span> 
     </span>
    </p>
   </div>
   <div class='ocr_carea' id='block_1_103' title="bbox 2019 4625 3595 4681">
    <p class='ocr_par' dir='ltr' id='par_1_103' title="bbox 2019 4625 3595 4681">
     <span class='ocr_line' id='line_1_103' title="bbox 2019 4625 3595 4681; baseline -0.003 0"><span class='ocrx_word' id='word_1_742' title='bbox 2019 4638 2070 4681; x_wconf 90' lang='lat' dir='ltr'><strong>ut</strong></span> <span class='ocrx_word' id='word_1_743' title='bbox 2112 4629 2286 4681; x_wconf 82' lang='lat' dir='ltr'><strong>aliena</strong></span> <span class='ocrx_word' id='word_1_744' title='bbox 2348 4643 2501 4681; x_wconf 89' lang='lat' dir='ltr'><strong>nsum</strong></span> <span class='ocrx_word' id='word_1_745' title='bbox 2536 4627 2907 4681; x_wconf 82' lang='lat' dir='ltr'><strong>confitebitur.</strong></span> <span class='ocrx_word' id='word_1_746' title='bbox 2942 4626 3109 4681; x_wconf 87' lang='lat' dir='ltr'><strong>Porro</strong></span> <span class='ocrx_word' id='word_1_747' title='bbox 3156 4626 3206 4680; x_wconf 90' lang='lat' dir='ltr'><strong>id</strong></span> <span class='ocrx_word' id='word_1_748' title='bbox 3247 4625 3595 4679; x_wconf 87' lang='lat' dir='ltr'><strong>anathemate</strong></span> 
     </span>
    </p>
   </div>
   <div class='ocr_carea' id='block_1_104' title="bbox 2020 4719 2438 4774">
    <p class='ocr_par' dir='ltr' id='par_1_104' title="bbox 2020 4719 2438 4774">
     <span class='ocr_line' id='line_1_104' title="bbox 2020 4719 2438 4774; baseline -0.01 -1"><span class='ocrx_word' id='word_1_749' title='bbox 2020 4719 2301 4774; x_wconf 74' lang='lat' dir='ltr'><strong>illltilulttiti</strong></span> <span class='ocrx_word' id='word_1_750' title='bbox 2337 4730 2438 4771; x_wconf 80' lang='lat' dir='ltr'><strong>est.</strong></span> 
     </span>
    </p>
   </div>
   <div class='ocr_carea' id='block_1_105' title="bbox 2091 4804 3595 4877">
    <p class='ocr_par' dir='ltr' id='par_1_105' title="bbox 2091 4804 3595 4877">
     <span class='ocr_line' id='line_1_105' title="bbox 2091 4804 3595 4877; baseline -0.004 -14"><span class='ocrx_word' id='word_1_751' title='bbox 2091 4810 2217 4863; x_wconf 86' lang='lat' dir='ltr'><strong>Sive</strong></span> <span class='ocrx_word' id='word_1_752' title='bbox 2256 4808 2436 4877; x_wconf 85' lang='lat' dir='ltr'><strong>igitur,</strong></span> <span class='ocrx_word' id='word_1_753' title='bbox 2478 4808 2960 4877; x_wconf 60' lang='lat' dir='ltr'><strong>quOnianMimago</strong></span> <span class='ocrx_word' id='word_1_754' title='bbox 2999 4805 3173 4861; x_wconf 80' lang='lat' dir='ltr'><strong>Patris</strong></span> <span class='ocrx_word' id='word_1_755' title='bbox 3200 4804 3368 4862; x_wconf 82' lang='lat' dir='ltr'><strong>Filius</strong></span> <span class='ocrx_word' id='word_1_756' title='bbox 3405 4817 3487 4861; x_wconf 87' lang='lat' dir='ltr'><strong>est</strong></span> <span class='ocrx_word' id='word_1_757' title='bbox 3512 4806 3595 4860; x_wconf 83' lang='lat' dir='ltr'><strong>in-</strong></span> 
     </span>
    </p>
   </div>
   <div class='ocr_carea' id='block_1_106' title="bbox 2019 4898 3599 4968">
    <p class='ocr_par' dir='ltr' id='par_1_106' title="bbox 2019 4898 3599 4968">
     <span class='ocr_line' id='line_1_106' title="bbox 2019 4898 3599 4968; baseline -0.003 -13"><span class='ocrx_word' id='word_1_758' title='bbox 2019 4900 2441 4963; x_wconf 82' lang='lat' dir='ltr'><strong>commutabilis,</strong></span> <span class='ocrx_word' id='word_1_759' title='bbox 2469 4901 2758 4968; x_wconf 83' lang='lat' dir='ltr'><strong>omniaque</strong></span> <span class='ocrx_word' id='word_1_760' title='bbox 2786 4900 2965 4953; x_wconf 75' lang='lat' dir='ltr'><strong>Patris</strong></span> <span class='ocrx_word' id='word_1_761' title='bbox 3000 4899 3185 4964; x_wconf 84' lang='lat' dir='ltr'><strong>habet,</strong></span> <span class='ocrx_word' id='word_1_762' title='bbox 3216 4910 3407 4966; x_wconf 62' lang='lat' dir='ltr'><strong>praeter</strong></span> <span class='ocrx_word' id='word_1_763' title='bbox 3426 4898 3476 4951; x_wconf 82' lang='lat' dir='ltr'><strong>id</strong></span> <span class='ocrx_word' id='word_1_764' title='bbox 3504 4913 3599 4951; x_wconf 88' lang='lat' dir='ltr'><strong>so-</strong></span> 
     </span>
    </p>
   </div>
   <div class='ocr_carea' id='block_1_107' title="bbox 2020 4989 3607 5061">
    <p class='ocr_par' dir='ltr' id='par_1_107' title="bbox 2020 4989 3607 5061">
     <span class='ocr_line' id='line_1_107' title="bbox 2020 4989 3607 5061; baseline -0.002 -16"><span class='ocrx_word' id='word_1_765' title='bbox 2020 4992 2154 5055; x_wconf 86' lang='lat' dir='ltr'><strong>lum,</strong></span> <span class='ocrx_word' id='word_1_766' title='bbox 2180 4992 2321 5061; x_wconf 90' lang='lat' dir='ltr'><strong>quod</strong></span> <span class='ocrx_word' id='word_1_767' title='bbox 2345 4991 2507 5045; x_wconf 84' lang='lat' dir='ltr'><strong>Pater</strong></span> <span class='ocrx_word' id='word_1_768' title='bbox 2528 5003 2774 5057; x_wconf 85' lang='lat' dir='ltr'><strong>nonest;</strong></span> <span class='ocrx_word' id='word_1_769' title='bbox 2797 4992 2929 5057; x_wconf 71' lang='lat' dir='ltr'><strong>sive,</strong></span> <span class='ocrx_word' id='word_1_770' title='bbox 2952 4992 3073 5059; x_wconf 82' lang='lat' dir='ltr'><strong>quia</strong></span> <span class='ocrx_word' id='word_1_771' title='bbox 3092 4991 3345 5046; x_wconf 78' lang='lat' dir='ltr'><strong>Christus</strong></span> <span class='ocrx_word' id='word_1_772' title='bbox 3370 4989 3607 5057; x_wconf 60' lang='lat' dir='ltr'><strong>propriax</strong></span> 
     </span>
    </p>
   </div>
   <div class='ocr_carea' id='block_1_108' title="bbox 2020 5081 3595 5152">
    <p class='ocr_par' dir='ltr' id='par_1_108' title="bbox 2020 5081 3595 5152">
     <span class='ocr_line' id='line_1_108' title="bbox 2020 5081 3595 5152; baseline -0.003 -14"><span class='ocrx_word' id='word_1_773' title='bbox 2020 5085 2240 5149; x_wconf 82' lang='lat' dir='ltr'><strong>virtute,</strong></span> <span class='ocrx_word' id='word_1_774' title='bbox 2275 5099 2380 5136; x_wconf 87' lang='lat' dir='ltr'><strong>non</strong></span> <span class='ocrx_word' id='word_1_775' title='bbox 2416 5084 2589 5136; x_wconf 84' lang='lat' dir='ltr'><strong>aliena</strong></span> <span class='ocrx_word' id='word_1_776' title='bbox 2637 5083 2839 5152; x_wconf 83' lang='lat' dir='ltr'><strong>Spiritu</strong></span> <span class='ocrx_word' id='word_1_777' title='bbox 2872 5092 3061 5138; x_wconf 83' lang='lat' dir='ltr'><strong>sancto</strong></span> <span class='ocrx_word' id='word_1_778' title='bbox 3103 5081 3295 5147; x_wconf 86' lang='lat' dir='ltr'><strong>utitur,</strong></span> <span class='ocrx_word' id='word_1_779' title='bbox 3330 5093 3389 5135; x_wconf 93' lang='lat' dir='ltr'><strong>ut</strong></span> <span class='ocrx_word' id='word_1_780' title='bbox 3437 5093 3492 5134; x_wconf 86' lang='lat' dir='ltr'><strong>et</strong></span> <span class='ocrx_word' id='word_1_781' title='bbox 3544 5082 3595 5134; x_wconf 87' lang='lat' dir='ltr'><strong>id</strong></span> 
     </span>
    </p>
   </div>
   <div class='ocr_carea' id='block_1_109' title="bbox 2018 5171 3607 5246">
    <p class='ocr_par' dir='ltr' id='par_1_109' title="bbox 2018 5171 3607 5246">
     <span class='ocr_line' id='line_1_109' title="bbox 2018 5171 3607 5246; baseline -0.004 -13"><span class='ocrx_word' id='word_1_782' title='bbox 2018 5179 2293 5243; x_wconf 79' lang='lat' dir='ltr'><strong>credatur,</strong></span> <span class='ocrx_word' id='word_1_783' title='bbox 2328 5178 2471 5246; x_wconf 88' lang='lat' dir='ltr'><strong>quod</strong></span> <span class='ocrx_word' id='word_1_784' title='bbox 2508 5176 2735 5230; x_wconf 86' lang='lat' dir='ltr'><strong>dicitur:</strong></span> <span class='ocrx_word' id='word_1_785' title='bbox 2772 5173 2993 5229; x_wconf 84' lang='lat' dir='ltr'><strong>Verbum</strong></span> <span class='ocrx_word' id='word_1_786' title='bbox 3028 5192 3155 5230; x_wconf 83' lang='lat' dir='ltr'><strong>caro</strong></span> <span class='ocrx_word' id='word_1_787' title='bbox 3187 5176 3387 5245; x_wconf 79' lang='lat' dir='ltr'><strong>factum</strong></span> <span class='ocrx_word' id='word_1_788' title='bbox 3411 5184 3486 5227; x_wconf 87' lang='lat' dir='ltr'><strong>est</strong></span> <span class='ocrx_word' id='word_1_789' title='bbox 3517 5171 3607 5238; x_wconf 45' lang='lat' dir='ltr'><strong>‘k</strong></span> 
     </span>
    </p>
   </div>
   <div class='ocr_carea' id='block_1_110' title="bbox 2020 5268 3593 5343">
    <p class='ocr_par' dir='ltr' id='par_1_110' title="bbox 2020 5268 3593 5343">
     <span class='ocr_line' id='line_1_110' title="bbox 2020 5268 3593 5343; baseline -0.006 -16"><span class='ocrx_word' id='word_1_790' title='bbox 2020 5289 2241 5327; x_wconf 85' lang='lat' dir='ltr'><strong>necesse</strong></span> <span class='ocrx_word' id='word_1_791' title='bbox 2265 5280 2346 5326; x_wconf 86' lang='lat' dir='ltr'><strong>est</strong></span> <span class='ocrx_word' id='word_1_792' title='bbox 2375 5272 2535 5325; x_wconf 87' lang='lat' dir='ltr'><strong>etiam</strong></span> <span class='ocrx_word' id='word_1_793' title='bbox 2579 5286 2644 5324; x_wconf 88' lang='lat' dir='ltr'><strong>ex</strong></span> <span class='ocrx_word' id='word_1_794' title='bbox 2674 5268 2831 5343; x_wconf 80' lang='lat' dir='ltr'><strong>Filio</strong></span> <span class='ocrx_word' id='word_1_795' title='bbox 2858 5284 2976 5324; x_wconf 89' lang='lat' dir='ltr'><strong>esse</strong></span> <span class='ocrx_word' id='word_1_796' title='bbox 3032 5269 3290 5339; x_wconf 78' lang='lat' dir='ltr'><strong>Spitituui</strong></span> <span class='ocrx_word' id='word_1_797' title='bbox 3347 5277 3593 5320; x_wconf 88' lang='lat' dir='ltr'><strong>sanctum</strong></span> 
     </span>
    </p>
   </div>
   <div class='ocr_carea' id='block_1_111' title="bbox 2020 5360 3594 5426">
    <p class='ocr_par' dir='ltr' id='par_1_111' title="bbox 2020 5360 3594 5426">
     <span class='ocr_line' id='line_1_111' title="bbox 2020 5360 3594 5426; baseline -0.007 -5"><span class='ocrx_word' id='word_1_798' title='bbox 2020 5364 2288 5421; x_wconf 80' lang='lat' dir='ltr'><strong>confiteri.</strong></span> <span class='ocrx_word' id='word_1_799' title='bbox 2337 5363 2448 5419; x_wconf 80' lang='lat' dir='ltr'><strong>Hoc</strong></span> <span class='ocrx_word' id='word_1_800' title='bbox 2490 5366 2635 5419; x_wconf 89' lang='lat' dir='ltr'><strong>enim</strong></span> <span class='ocrx_word' id='word_1_801' title='bbox 2680 5363 2881 5417; x_wconf 87' lang='lat' dir='ltr'><strong>idcirco</strong></span> <span class='ocrx_word' id='word_1_802' title='bbox 2930 5361 3208 5416; x_wconf 79' lang='lat' dir='ltr'><strong>Nestorius</strong></span> <span class='ocrx_word' id='word_1_803' title='bbox 3260 5360 3507 5426; x_wconf 76' lang='lat' dir='ltr'><strong>negabat,</strong></span> <span class='ocrx_word' id='word_1_804' title='bbox 3535 5368 3594 5410; x_wconf 87' lang='lat' dir='ltr'><strong>ut.</strong></span> 
     </span>
    </p>
   </div>
   <div class='ocr_carea' id='block_1_112' title="bbox 2020 5451 3598 5525">
    <p class='ocr_par' dir='ltr' id='par_1_112' title="bbox 2020 5451 3598 5525">
     <span class='ocr_line' id='line_1_112' title="bbox 2020 5451 3598 5525; baseline -0.004 -13"><span class='ocrx_word' id='word_1_805' title='bbox 2020 5467 2208 5512; x_wconf 86' lang='lat' dir='ltr'><strong>contra</strong></span> <span class='ocrx_word' id='word_1_806' title='bbox 2228 5458 2676 5525; x_wconf 77' lang='lat' dir='ltr'><strong>dispensationem</strong></span> <span class='ocrx_word' id='word_1_807' title='bbox 2695 5454 3079 5510; x_wconf 82' lang='lat' dir='ltr'><strong>incarnationis</strong></span> <span class='ocrx_word' id='word_1_808' title='bbox 3106 5469 3162 5506; x_wconf 87' lang='lat' dir='ltr'><strong>se</strong></span> <span class='ocrx_word' id='word_1_809' title='bbox 3179 5451 3414 5522; x_wconf 73' lang='lat' dir='ltr'><strong>apertius</strong></span> <span class='ocrx_word' id='word_1_810' title='bbox 3436 5466 3598 5505; x_wconf 56' lang='lat' dir='ltr'><strong>esse-</strong></span> 
     </span>
    </p>
   </div>
   <div class='ocr_carea' id='block_1_113' title="bbox 2028 5541 3605 5618">
    <p class='ocr_par' dir='ltr' id='par_1_113' title="bbox 2028 5541 3605 5618">
     <span class='ocr_line' id='line_1_113' title="bbox 2028 5541 3605 5618; baseline -0.004 -17"><span class='ocrx_word' id='word_1_811' title='bbox 2028 5561 2188 5606; x_wconf 77' lang='lat' dir='ltr'><strong>reret.</strong></span> <span class='ocrx_word' id='word_1_812' title='bbox 2250 5550 2521 5618; x_wconf 85' lang='lat' dir='ltr'><strong>Scriptum</strong></span> <span class='ocrx_word' id='word_1_813' title='bbox 2572 5559 2653 5603; x_wconf 89' lang='lat' dir='ltr'><strong>est</strong></span> <span class='ocrx_word' id='word_1_814' title='bbox 2708 5550 2833 5601; x_wconf 88' lang='lat' dir='ltr'><strong>item</strong></span> <span class='ocrx_word' id='word_1_815' title='bbox 2913 5546 2966 5600; x_wconf 89' lang='lat' dir='ltr'><strong>in</strong></span> <span class='ocrx_word' id='word_1_816' title='bbox 3019 5544 3347 5614; x_wconf 80' lang='lat' dir='ltr'><strong>Evangelio:</strong></span> <span class='ocrx_word' id='word_1_817' title='bbox 3412 5541 3605 5597; x_wconf 71' lang='lat' dir='ltr'><strong>Sciens</strong></span> 
     </span>
    </p>
   </div>
   <div class='ocr_carea' id='block_1_114' title="bbox 2022 5632 3599 5696">
    <p class='ocr_par' dir='ltr' id='par_1_114' title="bbox 2022 5632 3599 5696">
     <span class='ocr_line' id='line_1_114' title="bbox 2022 5632 3599 5696; baseline -0.004 -2"><span class='ocrx_word' id='word_1_818' title='bbox 2022 5652 2199 5696; x_wconf 80' lang='lat' dir='ltr'><strong>autent</strong></span> <span class='ocrx_word' id='word_1_819' title='bbox 2241 5642 2377 5695; x_wconf 78' lang='lat' dir='ltr'><strong>&#39;esus</strong></span> <span class='ocrx_word' id='word_1_820' title='bbox 2412 5641 2578 5694; x_wconf 68' lang='lat' dir='ltr'><strong>exisse</strong></span> <span class='ocrx_word' id='word_1_821' title='bbox 2606 5656 2668 5694; x_wconf 74' lang='lat' dir='ltr'><strong>ex</strong></span> <span class='ocrx_word' id='word_1_822' title='bbox 2722 5655 2776 5694; x_wconf 82' lang='lat' dir='ltr'><strong>se</strong></span> <span class='ocrx_word' id='word_1_823' title='bbox 2807 5639 3050 5693; x_wconf 83' lang='lat' dir='ltr'><strong>virtutem</strong></span> <span class='ocrx_word' id='word_1_824' title='bbox 3082 5637 3148 5693; x_wconf 70' lang='grc'><strong>⁸⁷.</strong></span> <span class='ocrx_word' id='word_1_825' title='bbox 3178 5632 3254 5692; x_wconf 82' lang='lat' dir='ltr'><strong>Ac</strong></span> <span class='ocrx_word' id='word_1_826' title='bbox 3284 5650 3499 5690; x_wconf 80' lang='lat' dir='ltr'><strong>rursum</strong></span> <span class='ocrx_word' id='word_1_827' title='bbox 3538 5634 3599 5687; x_wconf 76' lang='lat' dir='ltr'><strong>in</strong></span> 
     </span>
    </p>
   </div>
  </div>
