  <div class='ocr_page' id='page_1' title='image "/cluster/home/n/w/nwhite01/storage/ocr_20150623/152/hvd.32044019208404/057.png"; bbox 0 0 4010 6546; ppageno 0'>
   <div class='ocr_carea' id='block_1_1' title="bbox 490 338 3740 432">
    <p class='ocr_par' dir='ltr' id='par_1_1' title="bbox 490 338 3740 432">
     <span class='ocr_line' id='line_1_1' title="bbox 490 338 3740 432; baseline 0.007 -28"><span class='ocrx_word' id='word_1_1' title='bbox 490 338 561 404; x_wconf 70' lang='grc'><strong>9⁸»</strong></span> <span class='ocrx_word' id='word_1_2' title='bbox 1750 352 2135 415; x_wconf 62' lang='lat' dir='ltr'><strong>RIAXUELIS</strong></span> <span class='ocrx_word' id='word_1_3' title='bbox 2177 359 2478 419; x_wconf 61' lang='lat' dir='ltr'><strong>CALECE</strong></span> <span class='ocrx_word' id='word_1_4' title='bbox 3666 368 3740 432; x_wconf 67' lang='lat' dir='ltr'><strong>iiii</strong></span> 
     </span>
    </p>
   </div>
   <div class='ocr_carea' id='block_1_2' title="bbox 489 454 3732 552">
    <p class='ocr_par' dir='ltr' id='par_1_2' title="bbox 489 454 3732 552">
     <span class='ocr_line' id='line_1_2' title="bbox 489 454 3732 552; baseline 0.012 -53"><span class='ocrx_word' id='word_1_5' title='bbox 489 455 674 507; x_wconf 67' lang='lat' dir='ltr'><strong>mutem</strong></span> <span class='ocrx_word' id='word_1_6' title='bbox 704 471 721 510; x_wconf 87' lang='lat'><strong>:</strong></span> <span class='ocrx_word' id='word_1_7' title='bbox 757 454 897 523; x_wconf 83' lang='lat' dir='ltr'><strong>Quia</strong></span> <span class='ocrx_word' id='word_1_8' title='bbox 946 459 1106 510; x_wconf 86' lang='lat' dir='ltr'><strong>virtus</strong></span> <span class='ocrx_word' id='word_1_9' title='bbox 1138 459 1198 512; x_wconf 79' lang='lat' dir='ltr'><strong>de</strong></span> <span class='ocrx_word' id='word_1_10' title='bbox 1244 458 1334 512; x_wconf 83' lang='lat' dir='ltr'><strong>illo</strong></span> <span class='ocrx_word' id='word_1_11' title='bbox 1378 459 1651 526; x_wconf 77' lang='lat' dir='ltr'><strong>e.ribat,et</strong></span> <span class='ocrx_word' id='word_1_12' title='bbox 1689 465 1913 517; x_wconf 78' lang='lat' dir='ltr'><strong>sanabat</strong></span> <span class='ocrx_word' id='word_1_13' title='bbox 1943 482 2054 518; x_wconf 78' lang='grc' dir='ltr'><strong>ωηο</strong></span> <span class='ocrx_word' id='word_1_14' title='bbox 2086 473 2126 526; x_wconf 78' lang='grc' dir='ltr'><strong>Α</strong></span> <span class='ocrx_word' id='word_1_15' title='bbox 2158 484 2219 522; x_wconf 86' lang='lat' dir='ltr'><strong>ex</strong></span> <span class='ocrx_word' id='word_1_16' title='bbox 2261 469 2442 543; x_wconf 86' lang='lat' dir='ltr'><strong>divina</strong></span> <span class='ocrx_word' id='word_1_17' title='bbox 2489 477 2725 529; x_wconf 75' lang='lat' dir='ltr'><strong>essentia</strong></span> <span class='ocrx_word' id='word_1_18' title='bbox 2768 476 2948 531; x_wconf 81' lang='lat' dir='ltr'><strong>divina</strong></span> <span class='ocrx_word' id='word_1_19' title='bbox 3007 481 3216 534; x_wconf 74' lang='lat' dir='ltr'><strong>ratione</strong></span> <span class='ocrx_word' id='word_1_20' title='bbox 3261 481 3498 551; x_wconf 78' lang='lat' dir='ltr'><strong>proﬂuit,</strong></span> <span class='ocrx_word' id='word_1_21' title='bbox 3541 487 3631 552; x_wconf 81' lang='lat' dir='ltr'><strong>qui</strong></span> <span class='ocrx_word' id='word_1_22' title='bbox 3667 502 3732 539; x_wconf 83' lang='lat' dir='ltr'><strong>ex</strong></span> 
     </span>
    </p>
   </div>
   <div class='ocr_carea' id='block_1_3' title="bbox 487 545 2056 617">
    <p class='ocr_par' dir='ltr' id='par_1_3' title="bbox 487 545 2056 617">
     <span class='ocr_line' id='line_1_3' title="bbox 487 545 2056 617; baseline 0.01 -20"><span class='ocrx_word' id='word_1_23' title='bbox 487 559 576 597; x_wconf 77' lang='lat' dir='ltr'><strong>rm</strong></span> <span class='ocrx_word' id='word_1_24' title='bbox 608 545 674 599; x_wconf 78' lang='lat'><strong>“‘.</strong></span> <span class='ocrx_word' id='word_1_25' title='bbox 705 545 956 617; x_wconf 79' lang='lat' dir='ltr'><strong>Languor</strong></span> <span class='ocrx_word' id='word_1_26' title='bbox 984 565 1198 617; x_wconf 88' lang='lat' dir='ltr'><strong>quoque</strong></span> <span class='ocrx_word' id='word_1_27' title='bbox 1223 553 1678 607; x_wconf 71' lang='lat' dir='ltr'><strong>daeutoniacorum</strong></span> <span class='ocrx_word' id='word_1_28' title='bbox 1707 572 1770 609; x_wconf 87' lang='lat' dir='ltr'><strong>ex</strong></span> <span class='ocrx_word' id='word_1_29' title='bbox 1807 558 1887 610; x_wconf 88' lang='lat' dir='ltr'><strong>his</strong></span> <span class='ocrx_word' id='word_1_30' title='bbox 1918 575 2056 613; x_wconf 89' lang='lat' dir='ltr'><strong>unus</strong></span> 
     </span>
    </p>
   </div>
   <div class='ocr_carea' id='block_1_4' title="bbox 486 638 2054 712">
    <p class='ocr_par' dir='ltr' id='par_1_4' title="bbox 486 638 2054 712">
     <span class='ocr_line' id='line_1_4' title="bbox 486 638 2054 712; baseline 0.011 -26"><span class='ocrx_word' id='word_1_31' title='bbox 486 647 622 699; x_wconf 81' lang='lat' dir='ltr'><strong>erat,</strong></span> <span class='ocrx_word' id='word_1_32' title='bbox 650 653 786 703; x_wconf 87' lang='lat' dir='ltr'><strong>quos</strong></span> <span class='ocrx_word' id='word_1_33' title='bbox 832 640 1055 692; x_wconf 87' lang='lat' dir='ltr'><strong>sanabat</strong></span> <span class='ocrx_word' id='word_1_34' title='bbox 1086 638 1269 696; x_wconf 77' lang='lat' dir='ltr'><strong>Jesus.</strong></span> <span class='ocrx_word' id='word_1_35' title='bbox 1302 641 1555 694; x_wconf 83' lang='lat' dir='ltr'><strong>Aiteuim</strong></span> <span class='ocrx_word' id='word_1_36' title='bbox 1593 644 1744 712; x_wconf 84' lang='lat' dir='ltr'><strong>ipse:</strong></span> <span class='ocrx_word' id='word_1_37' title='bbox 1780 645 1839 700; x_wconf 85' lang='lat' dir='ltr'><strong>Si</strong></span> <span class='ocrx_word' id='word_1_38' title='bbox 1879 662 2054 703; x_wconf 85' lang='lat' dir='ltr'><strong>autem</strong></span> 
     </span>
    </p>
   </div>
   <div class='ocr_carea' id='block_1_5' title="bbox 486 725 2052 809">
    <p class='ocr_par' dir='ltr' id='par_1_5' title="bbox 486 725 2052 809">
     <span class='ocr_line' id='line_1_5' title="bbox 486 725 2052 809; baseline 0.011 -31"><span class='ocrx_word' id='word_1_39' title='bbox 486 728 538 779; x_wconf 84' lang='lat' dir='ltr'><strong>in</strong></span> <span class='ocrx_word' id='word_1_40' title='bbox 573 725 773 794; x_wconf 84' lang='lat' dir='ltr'><strong>Spiritu</strong></span> <span class='ocrx_word' id='word_1_41' title='bbox 816 730 911 783; x_wconf 83' lang='lat' dir='ltr'><strong>Dei</strong></span> <span class='ocrx_word' id='word_1_42' title='bbox 955 732 1108 797; x_wconf 81' lang='lat' dir='ltr'><strong>ejicio</strong></span> <span class='ocrx_word' id='word_1_43' title='bbox 1131 733 1384 788; x_wconf 75' lang='lat' dir='ltr'><strong>daemonia</strong></span> <span class='ocrx_word' id='word_1_44' title='bbox 1408 734 1474 788; x_wconf 74' lang='lat'><strong>&quot;’.</strong></span> <span class='ocrx_word' id='word_1_45' title='bbox 1513 733 1667 789; x_wconf 83' lang='lat' dir='ltr'><strong>Patet</strong></span> <span class='ocrx_word' id='word_1_46' title='bbox 1711 738 1896 806; x_wconf 78' lang='lat' dir='ltr'><strong>igitur,</strong></span> <span class='ocrx_word' id='word_1_47' title='bbox 1928 743 2052 809; x_wconf 97' lang='lat' dir='ltr'><strong>quia</strong></span> 
     </span>
    </p>
   </div>
   <div class='ocr_carea' id='block_1_6' title="bbox 485 820 1837 892">
    <p class='ocr_par' dir='ltr' id='par_1_6' title="bbox 485 820 1837 892">
     <span class='ocr_line' id='line_1_6' title="bbox 485 820 1837 892; baseline 0.011 -26"><span class='ocrx_word' id='word_1_48' title='bbox 485 831 710 869; x_wconf 77' lang='lat' dir='ltr'><strong>manans</strong></span> <span class='ocrx_word' id='word_1_49' title='bbox 740 833 803 870; x_wconf 87' lang='lat' dir='ltr'><strong>ex</strong></span> <span class='ocrx_word' id='word_1_50' title='bbox 835 833 899 872; x_wconf 87' lang='lat' dir='ltr'><strong>eo</strong></span> <span class='ocrx_word' id='word_1_51' title='bbox 932 820 1128 885; x_wconf 76' lang='lat' dir='ltr'><strong>\‘irttts,</strong></span> <span class='ocrx_word' id='word_1_52' title='bbox 1161 831 1383 877; x_wconf 85' lang='lat' dir='ltr'><strong>sanctus</strong></span> <span class='ocrx_word' id='word_1_53' title='bbox 1431 824 1670 892; x_wconf 74' lang='lat' dir='ltr'><strong>Spiritus</strong></span> <span class='ocrx_word' id='word_1_54' title='bbox 1699 837 1837 881; x_wconf 88' lang='lat' dir='ltr'><strong>erat.</strong></span> 
     </span>
    </p>
   </div>
   <div class='ocr_carea' id='block_1_7' title="bbox 552 924 2048 1008">
    <p class='ocr_par' dir='ltr' id='par_1_7' title="bbox 552 924 2048 1008">
     <span class='ocr_line' id='line_1_7' title="bbox 552 924 2048 1008; baseline 0.012 -30"><span class='ocrx_word' id='word_1_55' title='bbox 552 924 666 979; x_wconf 83' lang='lat' dir='ltr'><strong>Hoc</strong></span> <span class='ocrx_word' id='word_1_56' title='bbox 695 937 874 982; x_wconf 85' lang='lat' dir='ltr'><strong>autem</strong></span> <span class='ocrx_word' id='word_1_57' title='bbox 907 931 1032 985; x_wconf 87' lang='lat' dir='ltr'><strong>inde</strong></span> <span class='ocrx_word' id='word_1_58' title='bbox 1070 934 1234 988; x_wconf 70' lang='lat' dir='ltr'><strong>etiam</strong></span> <span class='ocrx_word' id='word_1_59' title='bbox 1266 947 1498 1000; x_wconf 83' lang='lat' dir='ltr'><strong>constat,</strong></span> <span class='ocrx_word' id='word_1_60' title='bbox 1523 941 1668 1007; x_wconf 89' lang='lat' dir='ltr'><strong>quod</strong></span> <span class='ocrx_word' id='word_1_61' title='bbox 1705 939 1796 993; x_wconf 86' lang='lat' dir='ltr'><strong>Dei</strong></span> <span class='ocrx_word' id='word_1_62' title='bbox 1832 941 2048 1008; x_wconf 82' lang='lat' dir='ltr'><strong>quidem</strong></span> 
     </span>
    </p>
   </div>
   <div class='ocr_carea' id='block_1_8' title="bbox 477 1019 2045 1089">
    <p class='ocr_par' dir='ltr' id='par_1_8' title="bbox 477 1019 2045 1089">
     <span class='ocr_line' id='line_1_8' title="bbox 477 1019 2045 1089; baseline 0.015 -26"><span class='ocrx_word' id='word_1_63' title='bbox 477 1025 582 1079; x_wconf 85' lang='lat' dir='ltr'><strong>est,</strong></span> <span class='ocrx_word' id='word_1_64' title='bbox 615 1019 796 1071; x_wconf 86' lang='lat' dir='ltr'><strong>omnia</strong></span> <span class='ocrx_word' id='word_1_65' title='bbox 823 1036 1031 1087; x_wconf 82' lang='lat' dir='ltr'><strong>amare,</strong></span> <span class='ocrx_word' id='word_1_66' title='bbox 1066 1025 1236 1079; x_wconf 77' lang='lat' dir='ltr'><strong>virtus</strong></span> <span class='ocrx_word' id='word_1_67' title='bbox 1268 1037 1444 1080; x_wconf 85' lang='lat' dir='ltr'><strong>autem</strong></span> <span class='ocrx_word' id='word_1_68' title='bbox 1475 1028 1562 1080; x_wconf 89' lang='lat' dir='ltr'><strong>illa</strong></span> <span class='ocrx_word' id='word_1_69' title='bbox 1588 1033 1814 1084; x_wconf 81' lang='lat' dir='ltr'><strong>sanabat</strong></span> <span class='ocrx_word' id='word_1_70' title='bbox 1844 1034 2045 1089; x_wconf 89' lang='lat' dir='ltr'><strong>omnia.</strong></span> 
     </span>
    </p>
   </div>
   <div class='ocr_carea' id='block_1_9' title="bbox 478 1101 2047 1188">
    <p class='ocr_par' dir='ltr' id='par_1_9' title="bbox 478 1101 2047 1188">
     <span class='ocr_line' id='line_1_9' title="bbox 478 1101 2047 1188; baseline 0.014 -33"><span class='ocrx_word' id='word_1_71' title='bbox 478 1101 712 1161; x_wconf 81' lang='lat' dir='ltr'><strong>Necesse</strong></span> <span class='ocrx_word' id='word_1_72' title='bbox 767 1119 850 1163; x_wconf 90' lang='lat' dir='ltr'><strong>est</strong></span> <span class='ocrx_word' id='word_1_73' title='bbox 901 1127 1030 1181; x_wconf 87' lang='lat' dir='ltr'><strong>ergo</strong></span> <span class='ocrx_word' id='word_1_74' title='bbox 1078 1113 1241 1167; x_wconf 90' lang='lat' dir='ltr'><strong>Deum</strong></span> <span class='ocrx_word' id='word_1_75' title='bbox 1293 1131 1416 1171; x_wconf 83' lang='lat' dir='ltr'><strong>esse</strong></span> <span class='ocrx_word' id='word_1_76' title='bbox 1464 1117 1723 1188; x_wconf 83' lang='lat' dir='ltr'><strong>Spiritum</strong></span> <span class='ocrx_word' id='word_1_77' title='bbox 1774 1133 2047 1186; x_wconf 88' lang='lat' dir='ltr'><strong>sanctum,</strong></span> 
     </span>
    </p>
   </div>
   <div class='ocr_carea' id='block_1_10' title="bbox 477 1203 2045 1288">
    <p class='ocr_par' dir='ltr' id='par_1_10' title="bbox 477 1203 2045 1288">
     <span class='ocr_line' id='line_1_10' title="bbox 477 1203 2045 1288; baseline 0.015 -36"><span class='ocrx_word' id='word_1_78' title='bbox 477 1214 638 1264; x_wconf 83' lang='lat' dir='ltr'><strong>quem</strong></span> <span class='ocrx_word' id='word_1_79' title='bbox 670 1203 832 1258; x_wconf 89' lang='lat' dir='ltr'><strong>etiam</strong></span> <span class='ocrx_word' id='word_1_80' title='bbox 867 1217 1086 1262; x_wconf 89' lang='lat' dir='ltr'><strong>sanctus</strong></span> <span class='ocrx_word' id='word_1_81' title='bbox 1131 1209 1364 1279; x_wconf 84' lang='lat' dir='ltr'><strong>Cyrillus</strong></span> <span class='ocrx_word' id='word_1_82' title='bbox 1415 1215 1550 1268; x_wconf 91' lang='lat' dir='ltr'><strong>dicit</strong></span> <span class='ocrx_word' id='word_1_83' title='bbox 1593 1230 1714 1270; x_wconf 87' lang='lat' dir='ltr'><strong>esse</strong></span> <span class='ocrx_word' id='word_1_84' title='bbox 1746 1220 2045 1288; x_wconf 87' lang='lat' dir='ltr'><strong>proprium</strong></span> 
     </span>
    </p>
   </div>
   <div class='ocr_carea' id='block_1_11' title="bbox 475 1287 2045 1379">
    <p class='ocr_par' dir='ltr' id='par_1_11' title="bbox 475 1287 2045 1379">
     <span class='ocr_line' id='line_1_11' title="bbox 475 1287 2045 1379; baseline 0.016 -36"><span class='ocrx_word' id='word_1_85' title='bbox 475 1289 620 1355; x_wconf 86' lang='lat' dir='ltr'><strong>Filii,</strong></span> <span class='ocrx_word' id='word_1_86' title='bbox 657 1303 715 1346; x_wconf 92' lang='lat' dir='ltr'><strong>ut</strong></span> <span class='ocrx_word' id='word_1_87' title='bbox 748 1295 1001 1352; x_wconf 71' lang='lat' dir='ltr'><strong>virtutem</strong></span> <span class='ocrx_word' id='word_1_88' title='bbox 1045 1301 1183 1369; x_wconf 85' lang='lat' dir='ltr'><strong>ejus,</strong></span> <span class='ocrx_word' id='word_1_89' title='bbox 1227 1306 1546 1379; x_wconf 73' lang='lat' dir='ltr'><strong>naturaliter</strong></span> <span class='ocrx_word' id='word_1_90' title='bbox 1579 1322 1671 1372; x_wconf 87' lang='lat' dir='ltr'><strong>per</strong></span> <span class='ocrx_word' id='word_1_91' title='bbox 1696 1287 1820 1362; x_wconf 77' lang='lat' dir='ltr'><strong>eum</strong></span> <span class='ocrx_word' id='word_1_92' title='bbox 1856 1287 2045 1379; x_wconf 81' lang='lat' dir='ltr'><strong>proce-</strong></span> 
     </span>
    </p>
   </div>
   <div class='ocr_carea' id='block_1_12' title="bbox 475 1373 1849 1462">
    <p class='ocr_par' dir='ltr' id='par_1_12' title="bbox 475 1373 1849 1462">
     <span class='ocr_line' id='line_1_12' title="bbox 475 1373 1849 1462; baseline 0.015 -30"><span class='ocrx_word' id='word_1_93' title='bbox 475 1380 711 1446; x_wconf 82' lang='lat' dir='ltr'><strong>dentem,</strong></span> <span class='ocrx_word' id='word_1_94' title='bbox 739 1393 900 1452; x_wconf 90' lang='lat' dir='ltr'><strong>atque</strong></span> <span class='ocrx_word' id='word_1_95' title='bbox 932 1387 1050 1442; x_wconf 89' lang='lat' dir='ltr'><strong>ideo</strong></span> <span class='ocrx_word' id='word_1_96' title='bbox 1086 1403 1152 1445; x_wconf 91' lang='lat' dir='ltr'><strong>ne</strong></span> <span class='ocrx_word' id='word_1_97' title='bbox 1185 1373 1416 1446; x_wconf 73' lang='lat' dir='ltr'><strong>alienam</strong></span> <span class='ocrx_word' id='word_1_98' title='bbox 1456 1395 1667 1462; x_wconf 82' lang='lat' dir='ltr'><strong>quidem</strong></span> <span class='ocrx_word' id='word_1_99' title='bbox 1708 1413 1849 1454; x_wconf 83' lang='lat' dir='ltr'><strong>esse.</strong></span> 
     </span>
    </p>
   </div>
   <div class='ocr_carea' id='block_1_13' title="bbox 543 1494 2042 1578">
    <p class='ocr_par' dir='ltr' id='par_1_13' title="bbox 543 1494 2042 1578">
     <span class='ocr_line' id='line_1_13' title="bbox 543 1494 2042 1578; baseline 0.015 -31"><span class='ocrx_word' id='word_1_100' title='bbox 543 1494 822 1552; x_wconf 81' lang='lat' dir='ltr'><strong>Inventum</strong></span> <span class='ocrx_word' id='word_1_101' title='bbox 849 1509 933 1555; x_wconf 88' lang='lat' dir='ltr'><strong>est</strong></span> <span class='ocrx_word' id='word_1_102' title='bbox 955 1515 1083 1570; x_wconf 87' lang='lat' dir='ltr'><strong>ergo</strong></span> <span class='ocrx_word' id='word_1_103' title='bbox 1105 1502 1155 1556; x_wconf 95' lang='lat' dir='ltr'><strong>in</strong></span> <span class='ocrx_word' id='word_1_104' title='bbox 1208 1504 1514 1575; x_wconf 83' lang='lat' dir='ltr'><strong>Evangelio,</strong></span> <span class='ocrx_word' id='word_1_105' title='bbox 1544 1509 1803 1578; x_wconf 76' lang='lat' dir='ltr'><strong>Spiritum</strong></span> <span class='ocrx_word' id='word_1_106' title='bbox 1864 1528 1926 1568; x_wconf 85' lang='lat' dir='ltr'><strong>ex</strong></span> <span class='ocrx_word' id='word_1_107' title='bbox 1953 1514 2042 1568; x_wconf 85' lang='lat' dir='ltr'><strong>Fi-</strong></span> 
     </span>
    </p>
   </div>
   <div class='ocr_carea' id='block_1_14' title="bbox 473 1587 2038 1666">
    <p class='ocr_par' dir='ltr' id='par_1_14' title="bbox 473 1587 2038 1666">
     <span class='ocr_line' id='line_1_14' title="bbox 473 1587 2038 1666; baseline 0.017 -29"><span class='ocrx_word' id='word_1_108' title='bbox 473 1587 545 1638; x_wconf 86' lang='lat' dir='ltr'><strong>lio</strong></span> <span class='ocrx_word' id='word_1_109' title='bbox 577 1591 892 1657; x_wconf 85' lang='lat' dir='ltr'><strong>procedere,</strong></span> <span class='ocrx_word' id='word_1_110' title='bbox 923 1597 1066 1664; x_wconf 88' lang='lat' dir='ltr'><strong>quod</strong></span> <span class='ocrx_word' id='word_1_111' title='bbox 1101 1596 1190 1650; x_wconf 89' lang='lat' dir='ltr'><strong>isti</strong></span> <span class='ocrx_word' id='word_1_112' title='bbox 1221 1607 1297 1652; x_wconf 90' lang='lat' dir='ltr'><strong>tot</strong></span> <span class='ocrx_word' id='word_1_113' title='bbox 1338 1603 1731 1666; x_wconf 60' lang='lat' dir='ltr'><strong>quaestionibus</strong></span> <span class='ocrx_word' id='word_1_114' title='bbox 1760 1595 2038 1663; x_wconf 69' lang='lat' dir='ltr'><strong>ventilant.</strong></span> 
     </span>
    </p>
   </div>
   <div class='ocr_carea' id='block_1_15' title="bbox 471 1671 2036 1761">
    <p class='ocr_par' dir='ltr' id='par_1_15' title="bbox 471 1671 2036 1761">
     <span class='ocr_line' id='line_1_15' title="bbox 471 1671 2036 1761; baseline 0.016 -34"><span class='ocrx_word' id='word_1_115' title='bbox 471 1671 760 1742; x_wconf 68' lang='lat' dir='ltr'><strong>Praeterea,</strong></span> <span class='ocrx_word' id='word_1_116' title='bbox 792 1683 932 1749; x_wconf 90' lang='lat' dir='ltr'><strong>quod</strong></span> <span class='ocrx_word' id='word_1_117' title='bbox 964 1685 1162 1737; x_wconf 85' lang='lat' dir='ltr'><strong>dicitur</strong></span> <span class='ocrx_word' id='word_1_118' title='bbox 1189 1702 1282 1754; x_wconf 88' lang='lat' dir='ltr'><strong>per</strong></span> <span class='ocrx_word' id='word_1_119' title='bbox 1308 1687 1499 1744; x_wconf 90' lang='lat' dir='ltr'><strong>Filium</strong></span> <span class='ocrx_word' id='word_1_120' title='bbox 1541 1697 1852 1761; x_wconf 75' lang='lat' dir='ltr'><strong>procedere,</strong></span> <span class='ocrx_word' id='word_1_121' title='bbox 1890 1699 2036 1752; x_wconf 89' lang='lat' dir='ltr'><strong>omni</strong></span> 
     </span>
    </p>
   </div>
   <div class='ocr_carea' id='block_1_16' title="bbox 469 1771 2111 1855">
    <p class='ocr_par' dir='ltr' id='par_1_16' title="bbox 469 1771 2111 1855">
     <span class='ocr_line' id='line_1_16' title="bbox 469 1771 2111 1855; baseline 0.013 -33"><span class='ocrx_word' id='word_1_122' title='bbox 469 1784 571 1824; x_wconf 89' lang='lat' dir='ltr'><strong>nos</strong></span> <span class='ocrx_word' id='word_1_123' title='bbox 619 1771 925 1837; x_wconf 71' lang='lat' dir='ltr'><strong>huiusmodi</strong></span> <span class='ocrx_word' id='word_1_124' title='bbox 979 1779 1194 1833; x_wconf 90' lang='lat' dir='ltr'><strong>curiosa</strong></span> <span class='ocrx_word' id='word_1_125' title='bbox 1250 1782 1598 1848; x_wconf 82' lang='lat' dir='ltr'><strong>inquisitione</strong></span> <span class='ocrx_word' id='word_1_126' title='bbox 1645 1800 1880 1843; x_wconf 86' lang='lat' dir='ltr'><strong>coercet.</strong></span> <span class='ocrx_word' id='word_1_127' title='bbox 1935 1788 2040 1844; x_wconf 83' lang='lat' dir='ltr'><strong>Per</strong></span> <span class='ocrx_word' id='word_1_128' title='bbox 2071 1801 2111 1855; x_wconf 78' lang='grc' dir='ltr'><strong><em>Β</em></strong></span> 
     </span>
    </p>
   </div>
   <div class='ocr_carea' id='block_1_17' title="bbox 468 1861 2036 1941">
    <p class='ocr_par' dir='ltr' id='par_1_17' title="bbox 468 1861 2036 1941">
     <span class='ocr_line' id='line_1_17' title="bbox 468 1861 2036 1941; baseline 0.017 -31"><span class='ocrx_word' id='word_1_129' title='bbox 468 1861 638 1926; x_wconf 83' lang='lat' dir='ltr'><strong>enim,</strong></span> <span class='ocrx_word' id='word_1_130' title='bbox 669 1873 721 1917; x_wconf 92' lang='lat' dir='ltr'><strong>et</strong></span> <span class='ocrx_word' id='word_1_131' title='bbox 755 1881 842 1928; x_wconf 73' lang='lat' dir='ltr'><strong>ex,</strong></span> <span class='ocrx_word' id='word_1_132' title='bbox 869 1871 1200 1924; x_wconf 88' lang='lat' dir='ltr'><strong>tantumdem</strong></span> <span class='ocrx_word' id='word_1_133' title='bbox 1234 1874 1434 1941; x_wconf 81' lang='lat' dir='ltr'><strong>valere,</strong></span> <span class='ocrx_word' id='word_1_134' title='bbox 1475 1876 1759 1931; x_wconf 90' lang='lat' dir='ltr'><strong>doctorum</strong></span> <span class='ocrx_word' id='word_1_135' title='bbox 1807 1885 2036 1936; x_wconf 84' lang='lat' dir='ltr'><strong>auctori-</strong></span> 
     </span>
    </p>
   </div>
   <div class='ocr_carea' id='block_1_18' title="bbox 470 1956 2034 2042">
    <p class='ocr_par' dir='ltr' id='par_1_18' title="bbox 470 1956 2034 2042">
     <span class='ocr_line' id='line_1_18' title="bbox 470 1956 2034 2042; baseline 0.015 -37"><span class='ocrx_word' id='word_1_136' title='bbox 470 1965 551 2006; x_wconf 74' lang='lat' dir='ltr'><strong>tas</strong></span> <span class='ocrx_word' id='word_1_137' title='bbox 583 1956 785 2023; x_wconf 84' lang='lat' dir='ltr'><strong>docuit,</strong></span> <span class='ocrx_word' id='word_1_138' title='bbox 823 1961 1177 2032; x_wconf 83' lang='lat' dir='ltr'><strong>veritatisque</strong></span> <span class='ocrx_word' id='word_1_139' title='bbox 1221 1968 1359 2020; x_wconf 85' lang='lat' dir='ltr'><strong>ratio</strong></span> <span class='ocrx_word' id='word_1_140' title='bbox 1393 1983 1513 2022; x_wconf 89' lang='lat' dir='ltr'><strong>sese</strong></span> <span class='ocrx_word' id='word_1_141' title='bbox 1556 1971 1792 2040; x_wconf 86' lang='lat' dir='ltr'><strong>undique</strong></span> <span class='ocrx_word' id='word_1_142' title='bbox 1841 1976 2034 2042; x_wconf 87' lang='lat' dir='ltr'><strong>aperit.</strong></span> 
     </span>
    </p>
   </div>
   <div class='ocr_carea' id='block_1_19' title="bbox 469 2039 2034 2120">
    <p class='ocr_par' dir='ltr' id='par_1_19' title="bbox 469 2039 2034 2120">
     <span class='ocr_line' id='line_1_19' title="bbox 469 2039 2034 2120; baseline 0.019 -30"><span class='ocrx_word' id='word_1_143' title='bbox 469 2039 973 2110; x_wconf 81' lang='lat' dir='ltr'><strong>Verumenimvero.</strong></span> <span class='ocrx_word' id='word_1_144' title='bbox 1032 2068 1153 2119; x_wconf 61' lang='lat' dir='ltr'><strong>quae</strong></span> <span class='ocrx_word' id='word_1_145' title='bbox 1190 2070 1219 2108; x_wconf 90' lang='lat' dir='ltr'><strong>a</strong></span> <span class='ocrx_word' id='word_1_146' title='bbox 1251 2058 1456 2111; x_wconf 81' lang='lat' dir='ltr'><strong>sanctis</strong></span> <span class='ocrx_word' id='word_1_147' title='bbox 1520 2057 1771 2115; x_wconf 89' lang='lat' dir='ltr'><strong>Patribus</strong></span> <span class='ocrx_word' id='word_1_148' title='bbox 1802 2063 2034 2120; x_wconf 81' lang='lat' dir='ltr'><strong>lucidius</strong></span> 
     </span>
    </p>
   </div>
   <div class='ocr_carea' id='block_1_20' title="bbox 464 2141 2088 2223">
    <p class='ocr_par' dir='ltr' id='par_1_20' title="bbox 464 2141 2088 2223">
     <span class='ocr_line' id='line_1_20' title="bbox 464 2141 2088 2223; baseline 0.017 -37"><span class='ocrx_word' id='word_1_149' title='bbox 464 2151 682 2203; x_wconf 87' lang='lat' dir='ltr'><strong>quoque</strong></span> <span class='ocrx_word' id='word_1_150' title='bbox 737 2141 804 2194; x_wconf 90' lang='lat' dir='ltr'><strong>de</strong></span> <span class='ocrx_word' id='word_1_151' title='bbox 856 2141 958 2196; x_wconf 87' lang='lat' dir='ltr'><strong>hac</strong></span> <span class='ocrx_word' id='word_1_152' title='bbox 992 2158 1050 2196; x_wconf 88' lang='lat' dir='ltr'><strong>re</strong></span> <span class='ocrx_word' id='word_1_153' title='bbox 1103 2147 1306 2213; x_wconf 86' lang='lat' dir='ltr'><strong>scripta</strong></span> <span class='ocrx_word' id='word_1_154' title='bbox 1359 2149 1686 2218; x_wconf 81' lang='lat' dir='ltr'><strong>sunt,juvat</strong></span> <span class='ocrx_word' id='word_1_155' title='bbox 1741 2169 2032 2223; x_wconf 86' lang='lat' dir='ltr'><strong>apponere.</strong></span> <span class='ocrx_word' id='word_1_156' title='bbox 2079 2191 2088 2204; x_wconf 79' lang='grc' dir='ltr'>ι</span> 
     </span>
    </p>
   </div>
   <div class='ocr_carea' id='block_1_21' title="bbox 463 2226 2030 2308">
    <p class='ocr_par' dir='ltr' id='par_1_21' title="bbox 463 2226 2030 2308">
     <span class='ocr_line' id='line_1_21' title="bbox 463 2226 2030 2308; baseline 0.018 -32"><span class='ocrx_word' id='word_1_157' title='bbox 463 2226 697 2283; x_wconf 79' lang='lat' dir='ltr'><strong>Sanctus</strong></span> <span class='ocrx_word' id='word_1_158' title='bbox 727 2231 870 2284; x_wconf 90' lang='lat' dir='ltr'><strong>enim</strong></span> <span class='ocrx_word' id='word_1_159' title='bbox 922 2232 1157 2304; x_wconf 85' lang='lat' dir='ltr'><strong>Cyrilltts</strong></span> <span class='ocrx_word' id='word_1_160' title='bbox 1190 2239 1460 2304; x_wconf 82' lang='lat' dir='ltr'><strong>quoddam</strong></span> <span class='ocrx_word' id='word_1_161' title='bbox 1493 2244 1784 2308; x_wconf 85' lang='lat' dir='ltr'><strong>capitulum</strong></span> <span class='ocrx_word' id='word_1_162' title='bbox 1818 2263 1854 2301; x_wconf 87' lang='lat' dir='ltr'><strong>tt</strong></span> <span class='ocrx_word' id='word_1_163' title='bbox 1894 2248 2030 2304; x_wconf 81' lang='lat' dir='ltr'><strong>Tlte-</strong></span> 
     </span>
    </p>
   </div>
   <div class='ocr_carea' id='block_1_22' title="bbox 460 2321 2035 2411">
    <p class='ocr_par' dir='ltr' id='par_1_22' title="bbox 460 2321 2035 2411">
     <span class='ocr_line' id='line_1_22' title="bbox 460 2321 2035 2411; baseline 0.018 -43"><span class='ocrx_word' id='word_1_164' title='bbox 460 2333 735 2373; x_wconf 78' lang='lat' dir='ltr'><strong>saurorum</strong></span> <span class='ocrx_word' id='word_1_165' title='bbox 760 2321 902 2388; x_wconf 85' lang='lat' dir='ltr'><strong>libri,</strong></span> <span class='ocrx_word' id='word_1_166' title='bbox 932 2325 1003 2378; x_wconf 89' lang='lat' dir='ltr'><strong>ita</strong></span> <span class='ocrx_word' id='word_1_167' title='bbox 1029 2327 1311 2383; x_wconf 80' lang='lat' dir='ltr'><strong>inscribit:</strong></span> <span class='ocrx_word' id='word_1_168' title='bbox 1340 2331 1490 2396; x_wconf 79' lang='lat' dir='ltr'><strong>Quod</strong></span> <span class='ocrx_word' id='word_1_169' title='bbox 1510 2350 1576 2389; x_wconf 79' lang='lat' dir='ltr'><strong>ea:</strong></span> <span class='ocrx_word' id='word_1_170' title='bbox 1595 2333 1774 2390; x_wconf 82' lang='lat' dir='ltr'><strong>Patris</strong></span> <span class='ocrx_word' id='word_1_171' title='bbox 1805 2337 2035 2411; x_wconf 81' lang='lat' dir='ltr'><strong>Filiique</strong></span> 
     </span>
    </p>
   </div>
   <div class='ocr_carea' id='block_1_23' title="bbox 459 2411 2034 2489">
    <p class='ocr_par' dir='ltr' id='par_1_23' title="bbox 459 2411 2034 2489">
     <span class='ocr_line' id='line_1_23' title="bbox 459 2411 2034 2489; baseline 0.018 -30"><span class='ocrx_word' id='word_1_172' title='bbox 459 2411 756 2465; x_wconf 71' lang='lat' dir='ltr'><strong>substantia</strong></span> <span class='ocrx_word' id='word_1_173' title='bbox 793 2425 1006 2469; x_wconf 76' lang='lat' dir='ltr'><strong>sanctus</strong></span> <span class='ocrx_word' id='word_1_174' title='bbox 1033 2415 1258 2482; x_wconf 75' lang='lat' dir='ltr'><strong>Spiritus</strong></span> <span class='ocrx_word' id='word_1_175' title='bbox 1292 2432 1386 2475; x_wconf 78' lang='lat' dir='ltr'><strong>est.</strong></span> <span class='ocrx_word' id='word_1_176' title='bbox 1421 2423 1574 2489; x_wconf 87' lang='lat' dir='ltr'><strong>Quod</strong></span> <span class='ocrx_word' id='word_1_177' title='bbox 1604 2425 1646 2481; x_wconf 90' lang='lat' dir='ltr'><strong>si</strong></span> <span class='ocrx_word' id='word_1_178' title='bbox 1683 2428 1782 2483; x_wconf 89' lang='lat' dir='ltr'><strong>hoc</strong></span> <span class='ocrx_word' id='word_1_179' title='bbox 1805 2431 1886 2485; x_wconf 84' lang='lat' dir='ltr'><strong>vir</strong></span> <span class='ocrx_word' id='word_1_180' title='bbox 1907 2448 2034 2487; x_wconf 84' lang='lat' dir='ltr'><strong>san-</strong></span> 
     </span>
    </p>
   </div>
   <div class='ocr_carea' id='block_1_24' title="bbox 459 2508 2034 2584">
    <p class='ocr_par' dir='ltr' id='par_1_24' title="bbox 459 2508 2034 2584">
     <span class='ocr_line' id='line_1_24' title="bbox 459 2508 2034 2584; baseline 0.018 -34"><span class='ocrx_word' id='word_1_181' title='bbox 459 2508 582 2553; x_wconf 84' lang='lat' dir='ltr'><strong>ctus</strong></span> <span class='ocrx_word' id='word_1_182' title='bbox 599 2515 978 2573; x_wconf 86' lang='lat' dir='ltr'><strong>proposuerat,</strong></span> <span class='ocrx_word' id='word_1_183' title='bbox 999 2509 1124 2578; x_wconf 90' lang='lat' dir='ltr'><strong>quis</strong></span> <span class='ocrx_word' id='word_1_184' title='bbox 1149 2512 1410 2580; x_wconf 81' lang='lat' dir='ltr'><strong>ambigat,</strong></span> <span class='ocrx_word' id='word_1_185' title='bbox 1441 2518 1774 2584; x_wconf 88' lang='lat' dir='ltr'><strong>propositum</strong></span> <span class='ocrx_word' id='word_1_186' title='bbox 1798 2522 2034 2578; x_wconf 82' lang='lat' dir='ltr'><strong>voluisse</strong></span> 
     </span>
    </p>
   </div>
   <div class='ocr_carea' id='block_1_25' title="bbox 458 2591 2029 2677">
    <p class='ocr_par' dir='ltr' id='par_1_25' title="bbox 458 2591 2029 2677">
     <span class='ocr_line' id='line_1_25' title="bbox 458 2591 2029 2677; baseline 0.015 -33"><span class='ocrx_word' id='word_1_187' title='bbox 458 2591 772 2649; x_wconf 76' lang='lat' dir='ltr'><strong>conﬁcere?</strong></span> <span class='ocrx_word' id='word_1_188' title='bbox 803 2595 854 2648; x_wconf 89' lang='lat' dir='ltr'><strong>In</strong></span> <span class='ocrx_word' id='word_1_189' title='bbox 893 2598 1008 2666; x_wconf 86' lang='lat' dir='ltr'><strong>ipso</strong></span> <span class='ocrx_word' id='word_1_190' title='bbox 1039 2601 1206 2668; x_wconf 79' lang='lat' dir='ltr'><strong>igitur</strong></span> <span class='ocrx_word' id='word_1_191' title='bbox 1238 2603 1309 2655; x_wconf 89' lang='lat' dir='ltr'><strong>ita</strong></span> <span class='ocrx_word' id='word_1_192' title='bbox 1347 2605 1610 2675; x_wconf 88' lang='lat' dir='ltr'><strong>inscripto</strong></span> <span class='ocrx_word' id='word_1_193' title='bbox 1649 2610 1883 2677; x_wconf 89' lang='lat' dir='ltr'><strong>capitulo</strong></span> <span class='ocrx_word' id='word_1_194' title='bbox 1921 2615 2029 2670; x_wconf 88' lang='lat' dir='ltr'><strong>ait:</strong></span> 
     </span>
    </p>
   </div>
   <div class='ocr_carea' id='block_1_26' title="bbox 464 2685 2030 2760">
    <p class='ocr_par' dir='ltr' id='par_1_26' title="bbox 464 2685 2030 2760">
     <span class='ocr_line' id='line_1_26' title="bbox 464 2685 2030 2760; baseline 0.016 -28"><span class='ocrx_word' id='word_1_195' title='bbox 464 2701 484 2733; x_wconf 72' lang='grc' dir='ltr'><strong>ε</strong></span> <span class='ocrx_word' id='word_1_196' title='bbox 523 2685 786 2748; x_wconf 83' lang='lat' dir='ltr'><strong>Quoniam</strong></span> <span class='ocrx_word' id='word_1_197' title='bbox 821 2688 986 2756; x_wconf 77' lang='lat' dir='ltr'><strong>igitur</strong></span> <span class='ocrx_word' id='word_1_198' title='bbox 1036 2691 1275 2760; x_wconf 85' lang='lat' dir='ltr'><strong>Spiritus</strong></span> <span class='ocrx_word' id='word_1_199' title='bbox 1321 2709 1546 2750; x_wconf 78' lang='lat' dir='ltr'><strong>Sanctus</strong></span> <span class='ocrx_word' id='word_1_200' title='bbox 1598 2714 1721 2754; x_wconf 90' lang='lat' dir='ltr'><strong>cum</strong></span> <span class='ocrx_word' id='word_1_201' title='bbox 1761 2702 1813 2754; x_wconf 92' lang='lat' dir='ltr'><strong>in</strong></span> <span class='ocrx_word' id='word_1_202' title='bbox 1875 2707 2030 2759; x_wconf 78' lang='lat' dir='ltr'><strong>nobis</strong></span> 
     </span>
    </p>
   </div>
   <div class='ocr_carea' id='block_1_27' title="bbox 460 2774 2028 2860">
    <p class='ocr_par' dir='ltr' id='par_1_27' title="bbox 460 2774 2028 2860">
     <span class='ocr_line' id='line_1_27' title="bbox 460 2774 2028 2860; baseline 0.018 -37"><span class='ocrx_word' id='word_1_203' title='bbox 460 2774 640 2837; x_wconf 81' lang='lat' dir='ltr'><strong>tuerit,</strong></span> <span class='ocrx_word' id='word_1_204' title='bbox 688 2779 995 2835; x_wconf 79' lang='lat' dir='ltr'><strong>(-onforuics</strong></span> <span class='ocrx_word' id='word_1_205' title='bbox 1023 2798 1120 2837; x_wconf 92' lang='lat' dir='ltr'><strong>nos</strong></span> <span class='ocrx_word' id='word_1_206' title='bbox 1161 2788 1399 2844; x_wconf 74' lang='lat' dir='ltr'><strong>ostendit</strong></span> <span class='ocrx_word' id='word_1_207' title='bbox 1444 2789 1552 2845; x_wconf 86' lang='lat' dir='ltr'><strong>Deo</strong></span> <span class='ocrx_word' id='word_1_208' title='bbox 1588 2809 1603 2845; x_wconf 91' lang='lat'><strong>:</strong></span> <span class='ocrx_word' id='word_1_209' title='bbox 1642 2797 1886 2860; x_wconf 88' lang='lat' dir='ltr'><strong>procedit</strong></span> <span class='ocrx_word' id='word_1_210' title='bbox 1933 2815 2028 2851; x_wconf 90' lang='lat' dir='ltr'><strong>au-</strong></span> 
     </span>
    </p>
   </div>
   <div class='ocr_carea' id='block_1_28' title="bbox 458 2867 2029 2950">
    <p class='ocr_par' dir='ltr' id='par_1_28' title="bbox 458 2867 2029 2950">
     <span class='ocr_line' id='line_1_28' title="bbox 458 2867 2029 2950; baseline 0.018 -35"><span class='ocrx_word' id='word_1_211' title='bbox 458 2873 565 2917; x_wconf 90' lang='lat' dir='ltr'><strong>tem</strong></span> <span class='ocrx_word' id='word_1_212' title='bbox 597 2882 664 2920; x_wconf 87' lang='lat' dir='ltr'><strong>ex</strong></span> <span class='ocrx_word' id='word_1_213' title='bbox 711 2867 870 2925; x_wconf 86' lang='lat' dir='ltr'><strong>Patre</strong></span> <span class='ocrx_word' id='word_1_214' title='bbox 916 2882 969 2925; x_wconf 88' lang='lat' dir='ltr'><strong>et</strong></span> <span class='ocrx_word' id='word_1_215' title='bbox 1008 2874 1166 2940; x_wconf 74' lang='lat' dir='ltr'><strong>Filio,</strong></span> <span class='ocrx_word' id='word_1_216' title='bbox 1213 2891 1445 2944; x_wconf 89' lang='lat' dir='ltr'><strong>constat,</strong></span> <span class='ocrx_word' id='word_1_217' title='bbox 1495 2884 1620 2950; x_wconf 89' lang='lat' dir='ltr'><strong>quia</strong></span> <span class='ocrx_word' id='word_1_218' title='bbox 1668 2887 1867 2943; x_wconf 69' lang='lat' dir='ltr'><strong>dirinzc</strong></span> <span class='ocrx_word' id='word_1_219' title='bbox 1899 2895 2029 2943; x_wconf 89' lang='lat' dir='ltr'><strong>sub-</strong></span> 
     </span>
    </p>
   </div>
   <div class='ocr_carea' id='block_1_29' title="bbox 455 2957 2024 3046">
    <p class='ocr_par' dir='ltr' id='par_1_29' title="bbox 455 2957 2024 3046">
     <span class='ocr_line' id='line_1_29' title="bbox 455 2957 2024 3046; baseline 0.018 -41"><span class='ocrx_word' id='word_1_220' title='bbox 455 2957 670 3011; x_wconf 69' lang='lat' dir='ltr'><strong>stantia:</strong></span> <span class='ocrx_word' id='word_1_221' title='bbox 688 2971 791 3024; x_wconf 87' lang='lat' dir='ltr'><strong>est,</strong></span> <span class='ocrx_word' id='word_1_222' title='bbox 813 2966 1174 3020; x_wconf 87' lang='lat' dir='ltr'><strong>essentialiter</strong></span> <span class='ocrx_word' id='word_1_223' title='bbox 1193 2973 1244 3021; x_wconf 92' lang='lat' dir='ltr'><strong>in</strong></span> <span class='ocrx_word' id='word_1_224' title='bbox 1263 2971 1399 3036; x_wconf 89' lang='lat' dir='ltr'><strong>ipsa,</strong></span> <span class='ocrx_word' id='word_1_225' title='bbox 1419 2984 1469 3026; x_wconf 90' lang='lat' dir='ltr'><strong>et</strong></span> <span class='ocrx_word' id='word_1_226' title='bbox 1487 2990 1552 3028; x_wconf 82' lang='lat' dir='ltr'><strong>ex</strong></span> <span class='ocrx_word' id='word_1_227' title='bbox 1575 2976 1687 3043; x_wconf 89' lang='lat' dir='ltr'><strong>ipsa</strong></span> <span class='ocrx_word' id='word_1_228' title='bbox 1716 2981 1988 3046; x_wconf 86' lang='lat' dir='ltr'><strong>prodiens.</strong></span> <span class='ocrx_word' id='word_1_229' title='bbox 2006 3002 2024 3034; x_wconf 75' lang='grc' dir='ltr'><strong><em>ι</em></strong></span> 
     </span>
    </p>
   </div>
   <div class='ocr_carea' id='block_1_30' title="bbox 457 3047 2028 3142">
    <p class='ocr_par' dir='ltr' id='par_1_30' title="bbox 457 3047 2028 3142">
     <span class='ocr_line' id='line_1_30' title="bbox 457 3047 2028 3142; baseline 0.02 -44"><span class='ocrx_word' id='word_1_230' title='bbox 457 3047 667 3104; x_wconf 78' lang='lat' dir='ltr'><strong>ltursus</strong></span> <span class='ocrx_word' id='word_1_231' title='bbox 687 3053 738 3104; x_wconf 93' lang='lat' dir='ltr'><strong>in</strong></span> <span class='ocrx_word' id='word_1_232' title='bbox 770 3055 991 3110; x_wconf 85' lang='lat' dir='ltr'><strong>eodem:</strong></span> <span class='ocrx_word' id='word_1_233' title='bbox 1019 3075 1037 3108; x_wconf 83' lang='lat' dir='ltr'><strong>t</strong></span> <span class='ocrx_word' id='word_1_234' title='bbox 1061 3058 1324 3128; x_wconf 86' lang='lat' dir='ltr'><strong>Proprius</strong></span> <span class='ocrx_word' id='word_1_235' title='bbox 1353 3074 1434 3118; x_wconf 89' lang='lat' dir='ltr'><strong>est</strong></span> <span class='ocrx_word' id='word_1_236' title='bbox 1457 3076 1634 3120; x_wconf 87' lang='lat' dir='ltr'><strong>autem</strong></span> <span class='ocrx_word' id='word_1_237' title='bbox 1653 3070 1874 3126; x_wconf 92' lang='lat' dir='ltr'><strong>omnino</strong></span> <span class='ocrx_word' id='word_1_238' title='bbox 1903 3073 2028 3142; x_wconf 90' lang='lat' dir='ltr'><strong>Spi-</strong></span> 
     </span>
    </p>
   </div>
   <div class='ocr_carea' id='block_1_31' title="bbox 454 3140 1742 3216">
    <p class='ocr_par' dir='ltr' id='par_1_31' title="bbox 454 3140 1742 3216">
     <span class='ocr_line' id='line_1_31' title="bbox 454 3140 1742 3216; baseline 0.015 -24"><span class='ocrx_word' id='word_1_239' title='bbox 454 3140 591 3194; x_wconf 90' lang='lat' dir='ltr'><strong>ritus</strong></span> <span class='ocrx_word' id='word_1_240' title='bbox 614 3141 957 3216; x_wconf 74' lang='lat' dir='ltr'><strong>Filii,‘neque</strong></span> <span class='ocrx_word' id='word_1_241' title='bbox 989 3150 1325 3208; x_wconf 87' lang='lat' dir='ltr'><strong>extrinsecus</strong></span> <span class='ocrx_word' id='word_1_242' title='bbox 1355 3155 1681 3214; x_wconf 86' lang='lat' dir='ltr'><strong>subsistens.</strong></span> <span class='ocrx_word' id='word_1_243' title='bbox 1723 3179 1742 3211; x_wconf 72' lang='grc' dir='ltr'><strong><em>ι</em></strong></span> 
     </span>
    </p>
   </div>
   <div class='ocr_carea' id='block_1_32' title="bbox 523 3252 2021 3342">
    <p class='ocr_par' dir='ltr' id='par_1_32' title="bbox 523 3252 2021 3342">
     <span class='ocr_line' id='line_1_32' title="bbox 523 3252 2021 3342; baseline 0.018 -38"><span class='ocrx_word' id='word_1_244' title='bbox 523 3252 580 3305; x_wconf 86' lang='lat' dir='ltr'><strong>in</strong></span> <span class='ocrx_word' id='word_1_245' title='bbox 616 3253 722 3305; x_wconf 67' lang='lat' dir='ltr'><strong>alio</strong></span> <span class='ocrx_word' id='word_1_246' title='bbox 761 3255 992 3311; x_wconf 89' lang='lat' dir='ltr'><strong>iterum:</strong></span> <span class='ocrx_word' id='word_1_247' title='bbox 1029 3278 1048 3309; x_wconf 77' lang='grc' dir='ltr'>ι</span> <span class='ocrx_word' id='word_1_248' title='bbox 1085 3259 1280 3333; x_wconf 88' lang='lat' dir='ltr'><strong>Legem</strong></span> <span class='ocrx_word' id='word_1_249' title='bbox 1326 3265 1505 3336; x_wconf 84' lang='lat' dir='ltr'><strong>itaque</strong></span> <span class='ocrx_word' id='word_1_250' title='bbox 1540 3271 1744 3326; x_wconf 83' lang='lat' dir='ltr'><strong>ferente</strong></span> <span class='ocrx_word' id='word_1_251' title='bbox 1784 3274 2021 3342; x_wconf 86' lang='lat' dir='ltr'><strong>Christo,</strong></span> 
     </span>
    </p>
   </div>
   <div class='ocr_carea' id='block_1_33' title="bbox 451 3342 2025 3436">
    <p class='ocr_par' dir='ltr' id='par_1_33' title="bbox 451 3342 2025 3436">
     <span class='ocr_line' id='line_1_33' title="bbox 451 3342 2025 3436; baseline 0.016 -40"><span class='ocrx_word' id='word_1_252' title='bbox 451 3342 686 3410; x_wconf 71' lang='lat' dir='ltr'><strong>Spiritus</strong></span> <span class='ocrx_word' id='word_1_253' title='bbox 718 3347 884 3414; x_wconf 83' lang='lat' dir='ltr'><strong>ipsius</strong></span> <span class='ocrx_word' id='word_1_254' title='bbox 919 3360 973 3402; x_wconf 94' lang='lat' dir='ltr'><strong>ut</strong></span> <span class='ocrx_word' id='word_1_255' title='bbox 1000 3351 1051 3404; x_wconf 92' lang='lat' dir='ltr'><strong>in</strong></span> <span class='ocrx_word' id='word_1_256' title='bbox 1092 3353 1228 3420; x_wconf 86' lang='lat' dir='ltr'><strong>ipso,</strong></span> <span class='ocrx_word' id='word_1_257' title='bbox 1261 3364 1423 3424; x_wconf 87' lang='lat' dir='ltr'><strong>atque</strong></span> <span class='ocrx_word' id='word_1_258' title='bbox 1447 3371 1512 3412; x_wconf 90' lang='lat' dir='ltr'><strong>ex</strong></span> <span class='ocrx_word' id='word_1_259' title='bbox 1536 3359 1671 3429; x_wconf 90' lang='lat' dir='ltr'><strong>ipso,</strong></span> <span class='ocrx_word' id='word_1_260' title='bbox 1695 3366 2025 3436; x_wconf 70' lang='lat' dir='ltr'><strong>naturaliter</strong></span> 
     </span>
    </p>
   </div>
   <div class='ocr_carea' id='block_1_34' title="bbox 446 3436 2020 3513">
    <p class='ocr_par' dir='ltr' id='par_1_34' title="bbox 446 3436 2020 3513">
     <span class='ocr_line' id='line_1_34' title="bbox 446 3436 2020 3513; baseline 0.017 -28"><span class='ocrx_word' id='word_1_261' title='bbox 446 3436 720 3491; x_wconf 64' lang='lat' dir='ltr'><strong>cxsis&#39;ens</strong></span> <span class='ocrx_word' id='word_1_262' title='bbox 757 3437 926 3500; x_wconf 79' lang='lat' dir='ltr'><strong>legem</strong></span> <span class='ocrx_word' id='word_1_263' title='bbox 954 3441 1076 3496; x_wconf 81' lang='lat' dir='ltr'><strong>fert.</strong></span> <span class='ocrx_word' id='word_1_264' title='bbox 1125 3463 1142 3494; x_wconf 78' lang='grc' dir='ltr'><strong><em>ι</em></strong></span> <span class='ocrx_word' id='word_1_265' title='bbox 1175 3445 1252 3497; x_wconf 79' lang='lat' dir='ltr'><strong>Ac</strong></span> <span class='ocrx_word' id='word_1_266' title='bbox 1281 3462 1469 3504; x_wconf 87' lang='lat' dir='ltr'><strong>rursus</strong></span> <span class='ocrx_word' id='word_1_267' title='bbox 1494 3450 1545 3504; x_wconf 93' lang='lat' dir='ltr'><strong>io</strong></span> <span class='ocrx_word' id='word_1_268' title='bbox 1584 3452 1727 3508; x_wconf 89' lang='lat' dir='ltr'><strong>alio:</strong></span> <span class='ocrx_word' id='word_1_269' title='bbox 1757 3474 1774 3506; x_wconf 77' lang='grc' dir='ltr'>ι</span> <span class='ocrx_word' id='word_1_270' title='bbox 1812 3455 2020 3513; x_wconf 88' lang='lat' dir='ltr'><strong>Nullam</strong></span> 
     </span>
    </p>
   </div>
   <div class='ocr_carea' id='block_1_35' title="bbox 449 3524 2019 3612">
    <p class='ocr_par' dir='ltr' id='par_1_35' title="bbox 449 3524 2019 3612">
     <span class='ocr_line' id='line_1_35' title="bbox 449 3524 2019 3612; baseline 0.017 -36"><span class='ocrx_word' id='word_1_271' title='bbox 449 3524 609 3593; x_wconf 79' lang='lat' dir='ltr'><strong>igitur</strong></span> <span class='ocrx_word' id='word_1_272' title='bbox 627 3529 772 3580; x_wconf 76' lang='lat' dir='ltr'><strong>novit</strong></span> <span class='ocrx_word' id='word_1_273' title='bbox 797 3526 997 3585; x_wconf 76' lang='lat' dir='ltr'><strong>Paulus</strong></span> <span class='ocrx_word' id='word_1_274' title='bbox 1029 3545 1234 3590; x_wconf 69' lang='lat' dir='ltr'><strong>natura:</strong></span> <span class='ocrx_word' id='word_1_275' title='bbox 1255 3536 1372 3591; x_wconf 80' lang='lat' dir='ltr'><strong>Filii</strong></span> <span class='ocrx_word' id='word_1_276' title='bbox 1397 3539 1740 3612; x_wconf 85' lang='lat' dir='ltr'><strong>Spiritusque</strong></span> <span class='ocrx_word' id='word_1_277' title='bbox 1762 3546 2019 3602; x_wconf 63' lang='lat' dir='ltr'><strong>differen-</strong></span> 
     </span>
    </p>
   </div>
   <div class='ocr_carea' id='block_1_36' title="bbox 401 3617 2020 3704">
    <p class='ocr_par' dir='ltr' id='par_1_36' title="bbox 401 3617 2020 3704">
     <span class='ocr_line' id='line_1_36' title="bbox 401 3617 2020 3704; baseline 0.015 -37"><span class='ocrx_word' id='word_1_278' title='bbox 401 3650 408 3657; x_wconf 64' lang='grc' dir='ltr'><em>ι</em></span> <span class='ocrx_word' id='word_1_279' title='bbox 446 3617 576 3668; x_wconf 78' lang='lat' dir='ltr'><strong>tiam</strong></span> <span class='ocrx_word' id='word_1_280' title='bbox 603 3636 616 3682; x_wconf 88' lang='lat'><strong>;</strong></span> <span class='ocrx_word' id='word_1_281' title='bbox 645 3620 759 3680; x_wconf 85' lang='lat' dir='ltr'><strong>sed,</strong></span> <span class='ocrx_word' id='word_1_282' title='bbox 781 3631 837 3672; x_wconf 93' lang='lat' dir='ltr'><strong>ut</strong></span> <span class='ocrx_word' id='word_1_283' title='bbox 862 3635 925 3675; x_wconf 88' lang='lat' dir='ltr'><strong>ex</strong></span> <span class='ocrx_word' id='word_1_284' title='bbox 958 3623 1072 3691; x_wconf 88' lang='lat' dir='ltr'><strong>ipso</strong></span> <span class='ocrx_word' id='word_1_285' title='bbox 1091 3628 1438 3682; x_wconf 70' lang='lat' dir='ltr'><strong>exsistentem</strong></span> <span class='ocrx_word' id='word_1_286' title='bbox 1467 3636 1815 3704; x_wconf 65' lang='lat' dir='ltr'><strong>naturaliter,</strong></span> <span class='ocrx_word' id='word_1_287' title='bbox 1845 3638 2020 3692; x_wconf 88' lang='lat' dir='ltr'><strong>domi-</strong></span> 
     </span>
    </p>
   </div>
   <div class='ocr_carea' id='block_1_37' title="bbox 445 3710 2020 3786">
    <p class='ocr_par' dir='ltr' id='par_1_37' title="bbox 445 3710 2020 3786">
     <span class='ocr_line' id='line_1_37' title="bbox 445 3710 2020 3786; baseline 0.018 -28"><span class='ocrx_word' id='word_1_288' title='bbox 445 3710 679 3763; x_wconf 88' lang='lat' dir='ltr'><strong>nationis</strong></span> <span class='ocrx_word' id='word_1_289' title='bbox 708 3714 922 3765; x_wconf 83' lang='lat' dir='ltr'><strong>nomine</strong></span> <span class='ocrx_word' id='word_1_290' title='bbox 953 3717 1205 3783; x_wconf 82' lang='lat' dir='ltr'><strong>appellat.</strong></span> <span class='ocrx_word' id='word_1_291' title='bbox 1243 3739 1258 3769; x_wconf 79' lang='grc' dir='ltr'><strong><em>ι</em></strong></span> <span class='ocrx_word' id='word_1_292' title='bbox 1286 3719 1348 3772; x_wconf 86' lang='lat' dir='ltr'><strong>Et</strong></span> <span class='ocrx_word' id='word_1_293' title='bbox 1378 3723 1568 3776; x_wconf 62' lang='lat' dir='ltr'><strong>iterum</strong></span> <span class='ocrx_word' id='word_1_294' title='bbox 1597 3726 1647 3778; x_wconf 91' lang='lat' dir='ltr'><strong>in</strong></span> <span class='ocrx_word' id='word_1_295' title='bbox 1678 3727 1785 3781; x_wconf 87' lang='lat' dir='ltr'><strong>alio</strong></span> <span class='ocrx_word' id='word_1_296' title='bbox 1813 3746 1827 3784; x_wconf 93' lang='lat'><strong>:</strong></span> <span class='ocrx_word' id='word_1_297' title='bbox 1865 3748 1882 3778; x_wconf 74' lang='grc' dir='ltr'>ι</span> <span class='ocrx_word' id='word_1_298' title='bbox 1914 3729 2020 3786; x_wconf 84' lang='lat' dir='ltr'><strong>Ne-</strong></span> 
     </span>
    </p>
   </div>
   <div class='ocr_carea' id='block_1_38' title="bbox 443 3803 2016 3880">
    <p class='ocr_par' dir='ltr' id='par_1_38' title="bbox 443 3803 2016 3880">
     <span class='ocr_line' id='line_1_38' title="bbox 443 3803 2016 3880; baseline 0.018 -31"><span class='ocrx_word' id='word_1_299' title='bbox 443 3816 596 3853; x_wconf 77' lang='lat' dir='ltr'><strong>cesse</strong></span> <span class='ocrx_word' id='word_1_300' title='bbox 621 3813 704 3855; x_wconf 89' lang='lat' dir='ltr'><strong>est</strong></span> <span class='ocrx_word' id='word_1_301' title='bbox 738 3803 892 3857; x_wconf 76' lang='lat' dir='ltr'><strong>fateri</strong></span> <span class='ocrx_word' id='word_1_302' title='bbox 915 3805 1178 3874; x_wconf 87' lang='lat' dir='ltr'><strong>Spiritum</strong></span> <span class='ocrx_word' id='word_1_303' title='bbox 1199 3826 1261 3864; x_wconf 73' lang='lat' dir='ltr'><strong>ex</strong></span> <span class='ocrx_word' id='word_1_304' title='bbox 1289 3812 1460 3880; x_wconf 90' lang='lat' dir='ltr'><strong>ipsius</strong></span> <span class='ocrx_word' id='word_1_305' title='bbox 1486 3821 1718 3870; x_wconf 86' lang='lat' dir='ltr'><strong>essentia</strong></span> <span class='ocrx_word' id='word_1_306' title='bbox 1740 3818 1864 3876; x_wconf 87' lang='lat' dir='ltr'><strong>Filii</strong></span> <span class='ocrx_word' id='word_1_307' title='bbox 1896 3837 2016 3878; x_wconf 90' lang='lat' dir='ltr'><strong>esse</strong></span> 
     </span>
    </p>
   </div>
   <div class='ocr_carea' id='block_1_39' title="bbox 441 3891 2012 3978">
    <p class='ocr_par' dir='ltr' id='par_1_39' title="bbox 441 3891 2012 3978">
     <span class='ocr_line' id='line_1_39' title="bbox 441 3891 2012 3978; baseline 0.017 -36"><span class='ocrx_word' id='word_1_308' title='bbox 441 3891 825 3948; x_wconf 82' lang='lat' dir='ltr'><strong>substantiam.</strong></span> <span class='ocrx_word' id='word_1_309' title='bbox 859 3913 876 3945; x_wconf 73' lang='grc' dir='ltr'><strong>ι</strong></span> <span class='ocrx_word' id='word_1_310' title='bbox 901 3895 1033 3950; x_wconf 83' lang='lat' dir='ltr'><strong>Etin</strong></span> <span class='ocrx_word' id='word_1_311' title='bbox 1053 3899 1158 3952; x_wconf 90' lang='lat' dir='ltr'><strong>alio</strong></span> <span class='ocrx_word' id='word_1_312' title='bbox 1180 3900 1377 3956; x_wconf 86' lang='lat' dir='ltr'><strong>iterum</strong></span> <span class='ocrx_word' id='word_1_313' title='bbox 1405 3921 1419 3958; x_wconf 90' lang='lat'><strong>:</strong></span> <span class='ocrx_word' id='word_1_314' title='bbox 1455 3924 1474 3956; x_wconf 72' lang='grc' dir='ltr'>ι</span> <span class='ocrx_word' id='word_1_315' title='bbox 1505 3907 1596 3960; x_wconf 83' lang='lat' dir='ltr'><strong>Est</strong></span> <span class='ocrx_word' id='word_1_316' title='bbox 1621 3910 1783 3978; x_wconf 82' lang='lat' dir='ltr'><strong>igitur</strong></span> <span class='ocrx_word' id='word_1_317' title='bbox 1800 3927 1861 3966; x_wconf 86' lang='lat' dir='ltr'><strong>ex</strong></span> <span class='ocrx_word' id='word_1_318' title='bbox 1894 3911 2012 3969; x_wconf 84' lang='lat' dir='ltr'><strong>Filii</strong></span> 
     </span>
    </p>
   </div>
   <div class='ocr_carea' id='block_1_40' title="bbox 440 3985 1020 4055">
    <p class='ocr_par' dir='ltr' id='par_1_40' title="bbox 440 3985 1020 4055">
     <span class='ocr_line' id='line_1_40' title="bbox 440 3985 1020 4055; baseline 0.014 -19"><span class='ocrx_word' id='word_1_319' title='bbox 440 3986 678 4038; x_wconf 76' lang='lat' dir='ltr'><strong>essentia</strong></span> <span class='ocrx_word' id='word_1_320' title='bbox 728 3985 1020 4055; x_wconf 65' lang='lat' dir='ltr'><strong>Spiritus.»</strong></span> 
     </span>
    </p>
   </div>
   <div class='ocr_carea' id='block_1_41' title="bbox 509 4089 2010 4175">
    <p class='ocr_par' dir='ltr' id='par_1_41' title="bbox 509 4089 2010 4175">
     <span class='ocr_line' id='line_1_41' title="bbox 509 4089 2010 4175; baseline 0.018 -27"><span class='ocrx_word' id='word_1_321' title='bbox 509 4096 640 4150; x_wconf 87' lang='lat' dir='ltr'><strong>item</strong></span> <span class='ocrx_word' id='word_1_322' title='bbox 677 4089 842 4168; x_wconf 76' lang='lat' dir='ltr'><strong>super</strong></span> <span class='ocrx_word' id='word_1_323' title='bbox 869 4100 1153 4167; x_wconf 82' lang='lat' dir='ltr'><strong>Joannem,</strong></span> <span class='ocrx_word' id='word_1_324' title='bbox 1185 4122 1349 4174; x_wconf 85' lang='lat' dir='ltr'><strong>super</strong></span> <span class='ocrx_word' id='word_1_325' title='bbox 1386 4111 1561 4166; x_wconf 85' lang='lat' dir='ltr'><strong>illud:</strong></span> <span class='ocrx_word' id='word_1_326' title='bbox 1595 4111 1661 4167; x_wconf 88' lang='lat' dir='ltr'><strong>Et</strong></span> <span class='ocrx_word' id='word_1_327' title='bbox 1716 4115 1855 4172; x_wconf 75' lang='lat' dir='ltr'><strong>Deus</strong></span> <span class='ocrx_word' id='word_1_328' title='bbox 1895 4131 2010 4175; x_wconf 86' lang='lat' dir='ltr'><strong>erat</strong></span> 
     </span>
    </p>
   </div>
   <div class='ocr_carea' id='block_1_42' title="bbox 437 4187 2010 4275">
    <p class='ocr_par' dir='ltr' id='par_1_42' title="bbox 437 4187 2010 4275">
     <span class='ocr_line' id='line_1_42' title="bbox 437 4187 2010 4275; baseline 0.015 -35"><span class='ocrx_word' id='word_1_329' title='bbox 437 4187 669 4253; x_wconf 63' lang='lat' dir='ltr'><strong>verbum,</strong></span> <span class='ocrx_word' id='word_1_330' title='bbox 694 4209 712 4241; x_wconf 83' lang='lat' dir='ltr'><strong>t</strong></span> <span class='ocrx_word' id='word_1_331' title='bbox 753 4189 868 4246; x_wconf 71' lang='lat' dir='ltr'><strong>Non</strong></span> <span class='ocrx_word' id='word_1_332' title='bbox 905 4209 1054 4262; x_wconf 80' lang='lat' dir='ltr'><strong>ergo,</strong></span> <span class='ocrx_word' id='word_1_333' title='bbox 1082 4197 1275 4266; x_wconf 83' lang='lat' dir='ltr'><strong>inquit,</strong></span> <span class='ocrx_word' id='word_1_334' title='bbox 1314 4201 1489 4257; x_wconf 86' lang='lat' dir='ltr'><strong>minor</strong></span> <span class='ocrx_word' id='word_1_335' title='bbox 1511 4214 1613 4266; x_wconf 63' lang='grc' dir='ltr'><strong>(δεῖ,</strong></span> <span class='ocrx_word' id='word_1_336' title='bbox 1636 4207 1727 4275; x_wconf 90' lang='lat' dir='ltr'><strong>qui</strong></span> <span class='ocrx_word' id='word_1_337' title='bbox 1765 4214 2010 4265; x_wconf 87' lang='lat' dir='ltr'><strong>eamdem</strong></span> 
     </span>
    </p>
   </div>
   <div class='ocr_carea' id='block_1_43' title="bbox 435 4282 2011 4370">
    <p class='ocr_par' dir='ltr' id='par_1_43' title="bbox 435 4282 2011 4370">
     <span class='ocr_line' id='line_1_43' title="bbox 435 4282 2011 4370; baseline 0.016 -39"><span class='ocrx_word' id='word_1_338' title='bbox 435 4293 464 4331; x_wconf 94' lang='lat' dir='ltr'><strong>c</strong></span> <span class='ocrx_word' id='word_1_339' title='bbox 489 4295 556 4330; x_wconf 80' lang='lat' dir='ltr'><strong>tm</strong></span> <span class='ocrx_word' id='word_1_340' title='bbox 595 4282 834 4348; x_wconf 76' lang='lat' dir='ltr'><strong>perfecto</strong></span> <span class='ocrx_word' id='word_1_341' title='bbox 860 4284 1021 4340; x_wconf 82' lang='lat' dir='ltr'><strong>Patre</strong></span> <span class='ocrx_word' id='word_1_342' title='bbox 1045 4289 1206 4342; x_wconf 89' lang='lat' dir='ltr'><strong>habet</strong></span> <span class='ocrx_word' id='word_1_343' title='bbox 1231 4293 1602 4357; x_wconf 79' lang='lat' dir='ltr'><strong>operationem</strong></span> <span class='ocrx_word' id='word_1_344' title='bbox 1635 4301 2011 4370; x_wconf 84' lang='lat' dir='ltr'><strong>genitorisque</strong></span> 
     </span>
    </p>
   </div>
   <div class='ocr_carea' id='block_1_44' title="bbox 435 4369 2008 4462">
    <p class='ocr_par' dir='ltr' id='par_1_44' title="bbox 435 4369 2008 4462">
     <span class='ocr_line' id='line_1_44' title="bbox 435 4369 2008 4462; baseline 0.018 -42"><span class='ocrx_word' id='word_1_345' title='bbox 435 4369 487 4432; x_wconf 88' lang='lat' dir='ltr'><strong>S_</strong></span> <span class='ocrx_word' id='word_1_346' title='bbox 514 4370 694 4426; x_wconf 86' lang='lat' dir='ltr'><strong>iritum</strong></span> <span class='ocrx_word' id='word_1_347' title='bbox 746 4378 975 4442; x_wconf 61' lang='lat' dir='ltr'><strong>propria:</strong></span> <span class='ocrx_word' id='word_1_348' title='bbox 1021 4389 1223 4433; x_wconf 77' lang='lat' dir='ltr'><strong>natura:</strong></span> <span class='ocrx_word' id='word_1_349' title='bbox 1254 4381 1415 4436; x_wconf 76' lang='lat' dir='ltr'><strong>habet</strong></span> <span class='ocrx_word' id='word_1_350' title='bbox 1466 4385 1686 4451; x_wconf 80' lang='lat' dir='ltr'><strong>bonum,</strong></span> <span class='ocrx_word' id='word_1_351' title='bbox 1719 4390 2008 4462; x_wconf 74' lang='lat' dir='ltr'><strong>vivumque</strong></span> 
     </span>
    </p>
   </div>
   <div class='ocr_carea' id='block_1_45' title="bbox 2158 572 2463 627">
    <p class='ocr_par' dir='ltr' id='par_1_45' title="bbox 2158 572 2463 627">
     <span class='ocr_line' id='line_1_45' title="bbox 2158 572 2463 627; baseline 0.003 -14"><span class='ocrx_word' id='word_1_352' title='bbox 2158 572 2269 627; x_wconf 74' lang='lat' dir='ltr'><strong>lpSn</strong></span> <span class='ocrx_word' id='word_1_353' title='bbox 2297 573 2401 617; x_wconf 92' lang='lat' dir='ltr'><strong>est.</strong></span> <span class='ocrx_word' id='word_1_354' title='bbox 2444 583 2463 614; x_wconf 73' lang='grc' dir='ltr'><strong><em>ι</em></strong></span> 
     </span>
    </p>
   </div>
   <div class='ocr_carea' id='block_1_46' title="bbox 2225 651 3733 724">
    <p class='ocr_par' dir='ltr' id='par_1_46' title="bbox 2225 651 3733 724">
     <span class='ocr_line' id='line_1_46' title="bbox 2225 651 3733 724; baseline 0.009 -22"><span class='ocrx_word' id='word_1_355' title='bbox 2225 651 2366 704; x_wconf 85' lang='lat' dir='ltr'><strong>Idem</strong></span> <span class='ocrx_word' id='word_1_356' title='bbox 2402 655 2452 707; x_wconf 92' lang='lat' dir='ltr'><strong>in</strong></span> <span class='ocrx_word' id='word_1_357' title='bbox 2481 671 2529 708; x_wconf 77' lang='lat' dir='ltr'><strong>vt</strong></span> <span class='ocrx_word' id='word_1_358' title='bbox 2559 656 2628 709; x_wconf 85' lang='lat' dir='ltr'><strong>ad</strong></span> <span class='ocrx_word' id='word_1_359' title='bbox 2671 657 2939 713; x_wconf 79' lang='lat' dir='ltr'><strong>Hermiam</strong></span> <span class='ocrx_word' id='word_1_360' title='bbox 2971 661 3046 714; x_wconf 87' lang='lat' dir='ltr'><strong>ait</strong></span> <span class='ocrx_word' id='word_1_361' title='bbox 3078 679 3093 716; x_wconf 87' lang='lat'><strong>:</strong></span> <span class='ocrx_word' id='word_1_362' title='bbox 3139 680 3158 712; x_wconf 83' lang='grc'><strong><em>‹</em></strong></span> <span class='ocrx_word' id='word_1_363' title='bbox 3191 661 3278 724; x_wconf 88' lang='lat' dir='ltr'><strong>Et,</strong></span> <span class='ocrx_word' id='word_1_364' title='bbox 3326 663 3370 715; x_wconf 89' lang='lat' dir='ltr'><strong>si</strong></span> <span class='ocrx_word' id='word_1_365' title='bbox 3408 663 3605 717; x_wconf 66' lang='lat' dir='ltr'><strong>divina!</strong></span> <span class='ocrx_word' id='word_1_366' title='bbox 3635 679 3733 716; x_wconf 81' lang='lat' dir='ltr'><strong>na-</strong></span> 
     </span>
    </p>
   </div>
   <div class='ocr_carea' id='block_1_47' title="bbox 2156 746 3727 822">
    <p class='ocr_par' dir='ltr' id='par_1_47' title="bbox 2156 746 3727 822">
     <span class='ocr_line' id='line_1_47' title="bbox 2156 746 3727 822; baseline 0.01 -28"><span class='ocrx_word' id='word_1_367' title='bbox 2156 748 2289 794; x_wconf 64' lang='lat' dir='ltr'><strong>tura:</strong></span> <span class='ocrx_word' id='word_1_368' title='bbox 2319 756 2540 813; x_wconf 86' lang='lat' dir='ltr'><strong>accepto</strong></span> <span class='ocrx_word' id='word_1_369' title='bbox 2563 746 2765 815; x_wconf 90' lang='lat' dir='ltr'><strong>Spiritu</strong></span> <span class='ocrx_word' id='word_1_370' title='bbox 2801 753 3090 819; x_wconf 82' lang='lat' dir='ltr'><strong>participes</strong></span> <span class='ocrx_word' id='word_1_371' title='bbox 3130 753 3418 818; x_wconf 69' lang='lat' dir='ltr'><strong>efficimur,</strong></span> <span class='ocrx_word' id='word_1_372' title='bbox 3456 756 3727 822; x_wconf 86' lang='lat' dir='ltr'><strong>quomodo</strong></span> 
     </span>
    </p>
   </div>
   <div class='ocr_carea' id='block_1_48' title="bbox 2153 835 3726 914">
    <p class='ocr_par' dir='ltr' id='par_1_48' title="bbox 2153 835 3726 914">
     <span class='ocr_line' id='line_1_48' title="bbox 2153 835 3726 914; baseline 0.011 -32"><span class='ocrx_word' id='word_1_373' title='bbox 2153 835 2426 890; x_wconf 89' lang='lat' dir='ltr'><strong>secundus</strong></span> <span class='ocrx_word' id='word_1_374' title='bbox 2471 840 2576 894; x_wconf 90' lang='lat' dir='ltr'><strong>erit</strong></span> <span class='ocrx_word' id='word_1_375' title='bbox 2619 859 2645 892; x_wconf 88' lang='lat' dir='ltr'><strong>a</strong></span> <span class='ocrx_word' id='word_1_376' title='bbox 2682 841 2888 910; x_wconf 88' lang='lat' dir='ltr'><strong>Spiritu</strong></span> <span class='ocrx_word' id='word_1_377' title='bbox 2928 844 3122 906; x_wconf 81' lang='lat' dir='ltr'><strong>Filius,</strong></span> <span class='ocrx_word' id='word_1_378' title='bbox 3170 855 3264 898; x_wconf 87' lang='lat' dir='ltr'><strong>aut</strong></span> <span class='ocrx_word' id='word_1_379' title='bbox 3305 847 3581 914; x_wconf 90' lang='lat' dir='ltr'><strong>quomodo</strong></span> <span class='ocrx_word' id='word_1_380' title='bbox 3617 850 3726 901; x_wconf 87' lang='lat' dir='ltr'><strong>erit</strong></span> 
     </span>
    </p>
   </div>
   <div class='ocr_carea' id='block_1_49' title="bbox 2153 920 3721 1008">
    <p class='ocr_par' dir='ltr' id='par_1_49' title="bbox 2153 920 3721 1008">
     <span class='ocr_line' id='line_1_49' title="bbox 2153 920 3721 1008; baseline 0.011 -34"><span class='ocrx_word' id='word_1_381' title='bbox 2153 920 2398 990; x_wconf 89' lang='lat' dir='ltr'><strong>Spiritus</strong></span> <span class='ocrx_word' id='word_1_382' title='bbox 2451 927 2572 997; x_wconf 90' lang='lat' dir='ltr'><strong>ipso</strong></span> <span class='ocrx_word' id='word_1_383' title='bbox 2607 934 2974 1000; x_wconf 64' lang='lat' dir='ltr'><strong>praestantior,</strong></span> <span class='ocrx_word' id='word_1_384' title='bbox 3029 947 3210 989; x_wconf 86' lang='lat' dir='ltr'><strong>etnon</strong></span> <span class='ocrx_word' id='word_1_385' title='bbox 3251 938 3446 1006; x_wconf 82' lang='lat' dir='ltr'><strong>magis,</strong></span> <span class='ocrx_word' id='word_1_386' title='bbox 3492 947 3551 991; x_wconf 89' lang='lat' dir='ltr'><strong>ut</strong></span> <span class='ocrx_word' id='word_1_387' title='bbox 3577 940 3721 1008; x_wconf 83' lang='lat' dir='ltr'><strong>ipse-</strong></span> 
     </span>
    </p>
   </div>
   <div class='ocr_carea' id='block_1_50' title="bbox 2152 1021 3726 1100">
    <p class='ocr_par' dir='ltr' id='par_1_50' title="bbox 2152 1021 3726 1100">
     <span class='ocr_line' id='line_1_50' title="bbox 2152 1021 3726 1100; baseline 0.012 -34"><span class='ocrx_word' id='word_1_388' title='bbox 2152 1029 2278 1082; x_wconf 89' lang='lat' dir='ltr'><strong>que,</strong></span> <span class='ocrx_word' id='word_1_389' title='bbox 2309 1028 2363 1072; x_wconf 84' lang='lat' dir='ltr'><strong>et</strong></span> <span class='ocrx_word' id='word_1_390' title='bbox 2413 1021 2486 1076; x_wconf 88' lang='lat' dir='ltr'><strong>ab</strong></span> <span class='ocrx_word' id='word_1_391' title='bbox 2534 1023 2651 1092; x_wconf 89' lang='lat' dir='ltr'><strong>ipso</strong></span> <span class='ocrx_word' id='word_1_392' title='bbox 2699 1024 2940 1093; x_wconf 80' lang='lat' dir='ltr'><strong>Spiritus</strong></span> <span class='ocrx_word' id='word_1_393' title='bbox 2973 1026 3091 1095; x_wconf 88' lang='lat' dir='ltr'><strong>ejus</strong></span> <span class='ocrx_word' id='word_1_394' title='bbox 3127 1040 3291 1080; x_wconf 84' lang='lat' dir='ltr'><strong>totam</strong></span> <span class='ocrx_word' id='word_1_395' title='bbox 3349 1030 3554 1084; x_wconf 81' lang='lat' dir='ltr'><strong>habens</strong></span> <span class='ocrx_word' id='word_1_396' title='bbox 3604 1032 3726 1100; x_wconf 84' lang='lat' dir='ltr'><strong>ejus</strong></span> 
     </span>
    </p>
   </div>
   <div class='ocr_carea' id='block_1_51' title="bbox 2150 1109 3722 1185">
    <p class='ocr_par' dir='ltr' id='par_1_51' title="bbox 2150 1109 3722 1185">
     <span class='ocr_line' id='line_1_51' title="bbox 2150 1109 3722 1185; baseline 0.01 -26"><span class='ocrx_word' id='word_1_397' title='bbox 2150 1109 2546 1178; x_wconf 85' lang='lat' dir='ltr'><strong>operationem,</strong></span> <span class='ocrx_word' id='word_1_398' title='bbox 2574 1114 2852 1185; x_wconf 87' lang='lat' dir='ltr'><strong>ipsiusque</strong></span> <span class='ocrx_word' id='word_1_399' title='bbox 2884 1119 3354 1185; x_wconf 86' lang='lat' dir='ltr'><strong>participationem</strong></span> <span class='ocrx_word' id='word_1_400' title='bbox 3390 1122 3676 1176; x_wconf 84' lang='lat' dir='ltr'><strong>tribuens?</strong></span> <span class='ocrx_word' id='word_1_401' title='bbox 3703 1143 3722 1175; x_wconf 74' lang='grc' dir='ltr'><strong><em>ι</em></strong></span> 
     </span>
    </p>
   </div>
   <div class='ocr_carea' id='block_1_52' title="bbox 2217 1198 3727 1281">
    <p class='ocr_par' dir='ltr' id='par_1_52' title="bbox 2217 1198 3727 1281">
     <span class='ocr_line' id='line_1_52' title="bbox 2217 1198 3727 1281; baseline 0.01 -27"><span class='ocrx_word' id='word_1_402' title='bbox 2217 1198 2363 1254; x_wconf 73' lang='lat' dir='ltr'><strong>Idem</strong></span> <span class='ocrx_word' id='word_1_403' title='bbox 2398 1201 2451 1256; x_wconf 92' lang='lat' dir='ltr'><strong>in</strong></span> <span class='ocrx_word' id='word_1_404' title='bbox 2480 1205 2653 1272; x_wconf 89' lang='lat' dir='ltr'><strong>primo</strong></span> <span class='ocrx_word' id='word_1_405' title='bbox 2696 1205 2762 1259; x_wconf 88' lang='lat' dir='ltr'><strong>de</strong></span> <span class='ocrx_word' id='word_1_406' title='bbox 2793 1208 3064 1274; x_wconf 89' lang='lat' dir='ltr'><strong>spirituali</strong></span> <span class='ocrx_word' id='word_1_407' title='bbox 3091 1213 3259 1273; x_wconf 87' lang='lat' dir='ltr'><strong>cultu,</strong></span> <span class='ocrx_word' id='word_1_408' title='bbox 3286 1225 3406 1266; x_wconf 88' lang='lat' dir='ltr'><strong>cum</strong></span> <span class='ocrx_word' id='word_1_409' title='bbox 3432 1228 3727 1281; x_wconf 78' lang='lat' dir='ltr'><strong>exponeret</strong></span> 
     </span>
    </p>
   </div>
   <div class='ocr_carea' id='block_1_53' title="bbox 2149 1289 3730 1368">
    <p class='ocr_par' dir='ltr' id='par_1_53' title="bbox 2149 1289 3730 1368">
     <span class='ocr_line' id='line_1_53' title="bbox 2149 1289 3730 1368; baseline 0.011 -26"><span class='ocrx_word' id='word_1_410' title='bbox 2149 1289 2250 1344; x_wconf 90' lang='lat' dir='ltr'><strong>tria</strong></span> <span class='ocrx_word' id='word_1_411' title='bbox 2292 1289 2432 1344; x_wconf 81' lang='lat' dir='ltr'><strong>facta</strong></span> <span class='ocrx_word' id='word_1_412' title='bbox 2484 1309 2579 1361; x_wconf 89' lang='lat' dir='ltr'><strong>per</strong></span> <span class='ocrx_word' id='word_1_413' title='bbox 2635 1295 2853 1368; x_wconf 74' lang='lat' dir='ltr'><strong>Moysen</strong></span> <span class='ocrx_word' id='word_1_414' title='bbox 2891 1301 3067 1368; x_wconf 83' lang='lat' dir='ltr'><strong>signa,</strong></span> <span class='ocrx_word' id='word_1_415' title='bbox 3102 1301 3152 1352; x_wconf 92' lang='lat' dir='ltr'><strong>in</strong></span> <span class='ocrx_word' id='word_1_416' title='bbox 3200 1301 3304 1356; x_wconf 77' lang='lat' dir='ltr'><strong>fine</strong></span> <span class='ocrx_word' id='word_1_417' title='bbox 3335 1302 3404 1356; x_wconf 86' lang='lat' dir='ltr'><strong>de</strong></span> <span class='ocrx_word' id='word_1_418' title='bbox 3445 1304 3730 1359; x_wconf 87' lang='lat' dir='ltr'><strong>circumci-</strong></span> 
     </span>
    </p>
   </div>
   <div class='ocr_carea' id='block_1_54' title="bbox 2145 1383 3725 1460">
    <p class='ocr_par' dir='ltr' id='par_1_54' title="bbox 2145 1383 3725 1460">
     <span class='ocr_line' id='line_1_54' title="bbox 2145 1383 3725 1460; baseline 0.009 -25"><span class='ocrx_word' id='word_1_419' title='bbox 2145 1383 2300 1438; x_wconf 79' lang='lat' dir='ltr'><strong>sione</strong></span> <span class='ocrx_word' id='word_1_420' title='bbox 2351 1385 2442 1438; x_wconf 82' lang='lat' dir='ltr'><strong>ﬁlii</strong></span> <span class='ocrx_word' id='word_1_421' title='bbox 2468 1387 2630 1458; x_wconf 78' lang='lat' dir='ltr'><strong>Moysi</strong></span> <span class='ocrx_word' id='word_1_422' title='bbox 2671 1393 2943 1446; x_wconf 77' lang='lat' dir='ltr'><strong>disserens</strong></span> <span class='ocrx_word' id='word_1_423' title='bbox 2976 1395 3088 1446; x_wconf 89' lang='lat' dir='ltr'><strong>ait:</strong></span> <span class='ocrx_word' id='word_1_424' title='bbox 3123 1413 3140 1444; x_wconf 76' lang='grc' dir='ltr'>ι</span> <span class='ocrx_word' id='word_1_425' title='bbox 3171 1393 3335 1460; x_wconf 86' lang='lat' dir='ltr'><strong>Quem</strong></span> <span class='ocrx_word' id='word_1_426' title='bbox 3391 1410 3524 1450; x_wconf 88' lang='lat' dir='ltr'><strong>sane</strong></span> <span class='ocrx_word' id='word_1_427' title='bbox 3558 1395 3725 1449; x_wconf 84' lang='lat' dir='ltr'><strong>tilium</strong></span> 
     </span>
    </p>
   </div>
   <div class='ocr_carea' id='block_1_55' title="bbox 2147 1474 3724 1556">
    <p class='ocr_par' dir='ltr' id='par_1_55' title="bbox 2147 1474 3724 1556">
     <span class='ocr_line' id='line_1_55' title="bbox 2147 1474 3724 1556; baseline 0.011 -30"><span class='ocrx_word' id='word_1_428' title='bbox 2147 1474 2526 1534; x_wconf 80' lang='lat' dir='ltr'><strong>intellectualis</strong></span> <span class='ocrx_word' id='word_1_429' title='bbox 2583 1481 2849 1550; x_wconf 87' lang='lat' dir='ltr'><strong>Scphora,</strong></span> <span class='ocrx_word' id='word_1_430' title='bbox 2892 1486 2993 1540; x_wconf 87' lang='lat' dir='ltr'><strong>hoc</strong></span> <span class='ocrx_word' id='word_1_431' title='bbox 3045 1495 3126 1540; x_wconf 88' lang='lat' dir='ltr'><strong>est</strong></span> <span class='ocrx_word' id='word_1_432' title='bbox 3183 1486 3447 1552; x_wconf 77' lang='lat' dir='ltr'><strong>Ecclesia,</strong></span> <span class='ocrx_word' id='word_1_433' title='bbox 3479 1503 3598 1556; x_wconf 71' lang='lat' dir='ltr'><strong>qua:</strong></span> <span class='ocrx_word' id='word_1_434' title='bbox 3661 1505 3724 1542; x_wconf 77' lang='lat' dir='ltr'><strong>ex</strong></span> 
     </span>
    </p>
   </div>
   <div class='ocr_carea' id='block_1_56' title="bbox 2141 1566 3724 1644">
    <p class='ocr_par' dir='ltr' id='par_1_56' title="bbox 2141 1566 3724 1644">
     <span class='ocr_line' id='line_1_56' title="bbox 2141 1566 3724 1644; baseline 0.01 -24"><span class='ocrx_word' id='word_1_435' title='bbox 2141 1566 2354 1625; x_wconf 80' lang='lat' dir='ltr'><strong>Madim</strong></span> <span class='ocrx_word' id='word_1_436' title='bbox 2387 1582 2548 1640; x_wconf 88' lang='lat' dir='ltr'><strong>atque</strong></span> <span class='ocrx_word' id='word_1_437' title='bbox 2577 1589 2638 1628; x_wconf 88' lang='lat' dir='ltr'><strong>ex</strong></span> <span class='ocrx_word' id='word_1_438' title='bbox 2677 1579 2927 1642; x_wconf 84' lang='lat' dir='ltr'><strong>gentibus</strong></span> <span class='ocrx_word' id='word_1_439' title='bbox 2966 1589 3067 1644; x_wconf 90' lang='lat' dir='ltr'><strong>est,</strong></span> <span class='ocrx_word' id='word_1_440' title='bbox 3101 1578 3444 1634; x_wconf 83' lang='lat' dir='ltr'><strong>circumcidit</strong></span> <span class='ocrx_word' id='word_1_441' title='bbox 3492 1582 3724 1636; x_wconf 90' lang='lat' dir='ltr'><strong>calculo.</strong></span> 
     </span>
    </p>
   </div>
   <div class='ocr_carea' id='block_1_57' title="bbox 2141 1659 3725 1739">
    <p class='ocr_par' dir='ltr' id='par_1_57' title="bbox 2141 1659 3725 1739">
     <span class='ocr_line' id='line_1_57' title="bbox 2141 1659 3725 1739; baseline 0.008 -27"><span class='ocrx_word' id='word_1_442' title='bbox 2141 1659 2333 1728; x_wconf 84' lang='lat' dir='ltr'><strong>Figura</strong></span> <span class='ocrx_word' id='word_1_443' title='bbox 2372 1671 2456 1716; x_wconf 84' lang='lat' dir='ltr'><strong>est</strong></span> <span class='ocrx_word' id='word_1_444' title='bbox 2497 1665 2594 1718; x_wconf 78' lang='lat' dir='ltr'><strong>ista</strong></span> <span class='ocrx_word' id='word_1_445' title='bbox 2623 1669 2790 1722; x_wconf 88' lang='lat' dir='ltr'><strong>sancti</strong></span> <span class='ocrx_word' id='word_1_446' title='bbox 2833 1668 3084 1736; x_wconf 87' lang='lat' dir='ltr'><strong>Spiritus,</strong></span> <span class='ocrx_word' id='word_1_447' title='bbox 3125 1681 3344 1739; x_wconf 88' lang='lat' dir='ltr'><strong>propter</strong></span> <span class='ocrx_word' id='word_1_448' title='bbox 3432 1674 3725 1727; x_wconf 85' lang='lat' dir='ltr'><strong>maximam</strong></span> 
     </span>
    </p>
   </div>
   <div class='ocr_carea' id='block_1_58' title="bbox 2139 1750 3726 1834">
    <p class='ocr_par' dir='ltr' id='par_1_58' title="bbox 2139 1750 3726 1834">
     <span class='ocr_line' id='line_1_58' title="bbox 2139 1750 3726 1834; baseline 0.01 -32"><span class='ocrx_word' id='word_1_449' title='bbox 2139 1750 2256 1819; x_wconf 82' lang='lat' dir='ltr'><strong>ejus</strong></span> <span class='ocrx_word' id='word_1_450' title='bbox 2311 1754 2702 1826; x_wconf 79' lang='lat' dir='ltr'><strong>inlractamque</strong></span> <span class='ocrx_word' id='word_1_451' title='bbox 2749 1763 3086 1828; x_wconf 82' lang='lat' dir='ltr'><strong>potentiam;</strong></span> <span class='ocrx_word' id='word_1_452' title='bbox 3137 1765 3260 1832; x_wconf 87' lang='lat' dir='ltr'><strong>quia</strong></span> <span class='ocrx_word' id='word_1_453' title='bbox 3317 1767 3481 1819; x_wconf 88' lang='lat' dir='ltr'><strong>etiam</strong></span> <span class='ocrx_word' id='word_1_454' title='bbox 3537 1782 3599 1818; x_wconf 86' lang='lat' dir='ltr'><strong>ex</strong></span> <span class='ocrx_word' id='word_1_455' title='bbox 3626 1781 3726 1834; x_wconf 85' lang='lat' dir='ltr'><strong>pe-</strong></span> 
     </span>
    </p>
   </div>
   <div class='ocr_carea' id='block_1_59' title="bbox 2141 1843 3730 1924">
    <p class='ocr_par' dir='ltr' id='par_1_59' title="bbox 2141 1843 3730 1924">
     <span class='ocr_line' id='line_1_59' title="bbox 2141 1843 3730 1924; baseline 0.011 -32"><span class='ocrx_word' id='word_1_456' title='bbox 2141 1847 2224 1895; x_wconf 88' lang='lat' dir='ltr'><strong>tra</strong></span> <span class='ocrx_word' id='word_1_457' title='bbox 2253 1859 2268 1907; x_wconf 90' lang='lat'><strong>;</strong></span> <span class='ocrx_word' id='word_1_458' title='bbox 2306 1843 2555 1910; x_wconf 76' lang='lat' dir='ltr'><strong>Christus</strong></span> <span class='ocrx_word' id='word_1_459' title='bbox 2579 1849 2724 1903; x_wconf 90' lang='lat' dir='ltr'><strong>enim</strong></span> <span class='ocrx_word' id='word_1_460' title='bbox 2755 1861 2837 1906; x_wconf 88' lang='lat' dir='ltr'><strong>est</strong></span> <span class='ocrx_word' id='word_1_461' title='bbox 2857 1853 3114 1917; x_wconf 89' lang='lat' dir='ltr'><strong>Spiritus,</strong></span> <span class='ocrx_word' id='word_1_462' title='bbox 3149 1865 3296 1924; x_wconf 88' lang='lat' dir='ltr'><strong>petra</strong></span> <span class='ocrx_word' id='word_1_463' title='bbox 3334 1866 3512 1910; x_wconf 87' lang='lat' dir='ltr'><strong>autem</strong></span> <span class='ocrx_word' id='word_1_464' title='bbox 3568 1857 3730 1910; x_wconf 81' lang='lat' dir='ltr'><strong>Chri-</strong></span> 
     </span>
    </p>
   </div>
   <div class='ocr_carea' id='block_1_60' title="bbox 2137 1937 3568 2011">
    <p class='ocr_par' dir='ltr' id='par_1_60' title="bbox 2137 1937 3568 2011">
     <span class='ocr_line' id='line_1_60' title="bbox 2137 1937 3568 2011; baseline 0.008 -23"><span class='ocrx_word' id='word_1_465' title='bbox 2137 1943 2276 1999; x_wconf 89' lang='lat' dir='ltr'><strong>stus,</strong></span> <span class='ocrx_word' id='word_1_466' title='bbox 2301 1937 2445 1992; x_wconf 85' lang='lat' dir='ltr'><strong>sicut</strong></span> <span class='ocrx_word' id='word_1_467' title='bbox 2473 1949 2526 1993; x_wconf 89' lang='lat' dir='ltr'><strong>et</strong></span> <span class='ocrx_word' id='word_1_468' title='bbox 2561 1939 2754 1996; x_wconf 81' lang='lat' dir='ltr'><strong>Paulus</strong></span> <span class='ocrx_word' id='word_1_469' title='bbox 2783 1955 2831 1998; x_wconf 87' lang='lat' dir='ltr'><strong>et</strong></span> <span class='ocrx_word' id='word_1_470' title='bbox 2868 1945 3265 2011; x_wconf 82' lang='lat' dir='ltr'><strong>sapientissime</strong></span> <span class='ocrx_word' id='word_1_471' title='bbox 3294 1947 3433 2002; x_wconf 84' lang='lat' dir='ltr'><strong>dixit</strong></span> <span class='ocrx_word' id='word_1_472' title='bbox 3456 1949 3522 2001; x_wconf 83' lang='lat'><strong>&quot;.</strong></span> <span class='ocrx_word' id='word_1_473' title='bbox 3550 1968 3568 1999; x_wconf 76' lang='grc' dir='ltr'><strong><em>ι</em></strong></span> 
     </span>
    </p>
   </div>
   <div class='ocr_carea' id='block_1_61' title="bbox 2207 2047 3724 2130">
    <p class='ocr_par' dir='ltr' id='par_1_61' title="bbox 2207 2047 3724 2130">
     <span class='ocr_line' id='line_1_61' title="bbox 2207 2047 3724 2130; baseline 0.012 -30"><span class='ocrx_word' id='word_1_474' title='bbox 2207 2047 2339 2102; x_wconf 89' lang='lat' dir='ltr'><strong>Item</strong></span> <span class='ocrx_word' id='word_1_475' title='bbox 2363 2052 2428 2102; x_wconf 87' lang='lat' dir='ltr'><strong>ad</strong></span> <span class='ocrx_word' id='word_1_476' title='bbox 2467 2049 2762 2106; x_wconf 83' lang='lat' dir='ltr'><strong>Palladium</strong></span> <span class='ocrx_word' id='word_1_477' title='bbox 2825 2058 3073 2113; x_wconf 84' lang='lat' dir='ltr'><strong>scribens</strong></span> <span class='ocrx_word' id='word_1_478' title='bbox 3119 2059 3173 2112; x_wconf 92' lang='lat' dir='ltr'><strong>in</strong></span> <span class='ocrx_word' id='word_1_479' title='bbox 3228 2060 3403 2130; x_wconf 87' lang='lat' dir='ltr'><strong>primo</strong></span> <span class='ocrx_word' id='word_1_480' title='bbox 3425 2062 3632 2116; x_wconf 79' lang='lat' dir='ltr'><strong>scilicet</strong></span> <span class='ocrx_word' id='word_1_481' title='bbox 3655 2064 3724 2118; x_wconf 83' lang='lat' dir='ltr'><strong>de</strong></span> 
     </span>
    </p>
   </div>
   <div class='ocr_carea' id='block_1_62' title="bbox 2135 2140 3725 2226">
    <p class='ocr_par' dir='ltr' id='par_1_62' title="bbox 2135 2140 3725 2226">
     <span class='ocr_line' id='line_1_62' title="bbox 2135 2140 3725 2226; baseline 0.012 -36"><span class='ocrx_word' id='word_1_482' title='bbox 2135 2140 2358 2206; x_wconf 84' lang='lat' dir='ltr'><strong>spiritali</strong></span> <span class='ocrx_word' id='word_1_483' title='bbox 2382 2141 2549 2196; x_wconf 88' lang='lat' dir='ltr'><strong>cultu:</strong></span> <span class='ocrx_word' id='word_1_484' title='bbox 2586 2162 2604 2195; x_wconf 74' lang='grc' dir='ltr'>ι</span> <span class='ocrx_word' id='word_1_485' title='bbox 2634 2142 2947 2208; x_wconf 78' lang='lat' dir='ltr'><strong>Variabilis,</strong></span> <span class='ocrx_word' id='word_1_486' title='bbox 2995 2149 3192 2218; x_wconf 52' lang='lat' dir='ltr'><strong>inquin</strong></span> <span class='ocrx_word' id='word_1_487' title='bbox 3242 2152 3483 2226; x_wconf 75' lang='lat' dir='ltr'><strong>profecto</strong></span> <span class='ocrx_word' id='word_1_488' title='bbox 3549 2154 3725 2223; x_wconf 71' lang='lat' dir='ltr'><strong>Spiri-</strong></span> 
     </span>
    </p>
   </div>
   <div class='ocr_carea' id='block_1_63' title="bbox 2135 2237 3716 2324">
    <p class='ocr_par' dir='ltr' id='par_1_63' title="bbox 2135 2237 3716 2324">
     <span class='ocr_line' id='line_1_63' title="bbox 2135 2237 3716 2324; baseline 0.007 -42"><span class='ocrx_word' id='word_1_489' title='bbox 2135 2237 2225 2283; x_wconf 92' lang='lat' dir='ltr'><strong>tus</strong></span> <span class='ocrx_word' id='word_1_490' title='bbox 2283 2246 2386 2284; x_wconf 93' lang='lat' dir='ltr'><strong>non</strong></span> <span class='ocrx_word' id='word_1_491' title='bbox 2422 2243 2554 2298; x_wconf 86' lang='lat' dir='ltr'><strong>est;</strong></span> <span class='ocrx_word' id='word_1_492' title='bbox 2595 2245 2691 2289; x_wconf 87' lang='lat' dir='ltr'><strong>aut</strong></span> <span class='ocrx_word' id='word_1_493' title='bbox 2731 2237 2774 2290; x_wconf 89' lang='lat' dir='ltr'><strong>si</strong></span> <span class='ocrx_word' id='word_1_494' title='bbox 2843 2240 3157 2294; x_wconf 81' lang='lat' dir='ltr'><strong>rariationis</strong></span> <span class='ocrx_word' id='word_1_495' title='bbox 3218 2244 3460 2313; x_wconf 86' lang='lat' dir='ltr'><strong>subjacet</strong></span> <span class='ocrx_word' id='word_1_496' title='bbox 3499 2247 3716 2324; x_wconf 66' lang='lat' dir='ltr'><strong>morbii,</strong></span> 
     </span>
    </p>
   </div>
   <div class='ocr_carea' id='block_1_64' title="bbox 2135 2320 3724 2404">
    <p class='ocr_par' dir='ltr' id='par_1_64' title="bbox 2135 2320 3724 2404">
     <span class='ocr_line' id='line_1_64' title="bbox 2135 2320 3724 2404; baseline 0.013 -34"><span class='ocrx_word' id='word_1_497' title='bbox 2135 2321 2200 2372; x_wconf 87' lang='lat' dir='ltr'><strong>ad</strong></span> <span class='ocrx_word' id='word_1_498' title='bbox 2233 2320 2402 2387; x_wconf 84' lang='lat' dir='ltr'><strong>ipsam</strong></span> <span class='ocrx_word' id='word_1_499' title='bbox 2437 2322 2676 2378; x_wconf 79' lang='lat' dir='ltr'><strong>divinam</strong></span> <span class='ocrx_word' id='word_1_500' title='bbox 2713 2338 2958 2380; x_wconf 88' lang='lat' dir='ltr'><strong>naturam</strong></span> <span class='ocrx_word' id='word_1_501' title='bbox 2985 2333 3215 2385; x_wconf 87' lang='lat' dir='ltr'><strong>recurrit</strong></span> <span class='ocrx_word' id='word_1_502' title='bbox 3263 2320 3724 2404; x_wconf 25' lang='lat' dir='ltr'><strong>maculaFSiqeii-</strong></span> 
     </span>
    </p>
   </div>
   <div class='ocr_carea' id='block_1_65' title="bbox 2134 2411 3718 2496">
    <p class='ocr_par' dir='ltr' id='par_1_65' title="bbox 2134 2411 3718 2496">
     <span class='ocr_line' id='line_1_65' title="bbox 2134 2411 3718 2496; baseline 0.012 -32"><span class='ocrx_word' id='word_1_503' title='bbox 2134 2411 2254 2465; x_wconf 89' lang='lat' dir='ltr'><strong>dem</strong></span> <span class='ocrx_word' id='word_1_504' title='bbox 2293 2422 2374 2468; x_wconf 88' lang='lat' dir='ltr'><strong>est</strong></span> <span class='ocrx_word' id='word_1_505' title='bbox 2409 2414 2522 2480; x_wconf 88' lang='lat' dir='ltr'><strong>Dei,</strong></span> <span class='ocrx_word' id='word_1_506' title='bbox 2555 2426 2607 2471; x_wconf 89' lang='lat' dir='ltr'><strong>et</strong></span> <span class='ocrx_word' id='word_1_507' title='bbox 2632 2416 2833 2481; x_wconf 84' lang='lat' dir='ltr'><strong>Patris,</strong></span> <span class='ocrx_word' id='word_1_508' title='bbox 2861 2422 2951 2474; x_wconf 85' lang='lat' dir='ltr'><strong>sed</strong></span> <span class='ocrx_word' id='word_1_509' title='bbox 2987 2434 3038 2478; x_wconf 91' lang='lat' dir='ltr'><strong>et</strong></span> <span class='ocrx_word' id='word_1_510' title='bbox 3063 2421 3183 2478; x_wconf 84' lang='lat' dir='ltr'><strong>Filii</strong></span> <span class='ocrx_word' id='word_1_511' title='bbox 3235 2423 3498 2496; x_wconf 78' lang='lat' dir='ltr'><strong>Spiritus,</strong></span> <span class='ocrx_word' id='word_1_512' title='bbox 3526 2445 3718 2482; x_wconf 80' lang='lat' dir='ltr'><strong>esst-n-</strong></span> 
     </span>
    </p>
   </div>
   <div class='ocr_carea' id='block_1_66' title="bbox 2135 2501 3722 2582">
    <p class='ocr_par' dir='ltr' id='par_1_66' title="bbox 2135 2501 3722 2582">
     <span class='ocr_line' id='line_1_66' title="bbox 2135 2501 3722 2582; baseline 0.009 -31"><span class='ocrx_word' id='word_1_513' title='bbox 2135 2501 2334 2556; x_wconf 87' lang='lat' dir='ltr'><strong>tialiter</strong></span> <span class='ocrx_word' id='word_1_514' title='bbox 2352 2517 2416 2559; x_wconf 89' lang='lat' dir='ltr'><strong>ex</strong></span> <span class='ocrx_word' id='word_1_515' title='bbox 2441 2514 2690 2575; x_wconf 88' lang='lat' dir='ltr'><strong>utroque,</strong></span> <span class='ocrx_word' id='word_1_516' title='bbox 2723 2523 2784 2562; x_wconf 84' lang='lat' dir='ltr'><strong>ex</strong></span> <span class='ocrx_word' id='word_1_517' title='bbox 2811 2507 2968 2564; x_wconf 85' lang='lat' dir='ltr'><strong>Patre</strong></span> <span class='ocrx_word' id='word_1_518' title='bbox 2995 2511 3198 2567; x_wconf 89' lang='lat' dir='ltr'><strong>scilicet</strong></span> <span class='ocrx_word' id='word_1_519' title='bbox 3223 2529 3317 2582; x_wconf 89' lang='lat' dir='ltr'><strong>per</strong></span> <span class='ocrx_word' id='word_1_520' title='bbox 3348 2513 3541 2568; x_wconf 88' lang='lat' dir='ltr'><strong>Filium</strong></span> <span class='ocrx_word' id='word_1_521' title='bbox 3599 2533 3665 2568; x_wconf 80' lang='lat' dir='ltr'><strong>Ill:</strong></span> <span class='ocrx_word' id='word_1_522' title='bbox 3685 2542 3722 2559; x_wconf 76' lang='grc' dir='ltr'><strong><em>ο</em></strong></span> 
     </span>
    </p>
   </div>
   <div class='ocr_carea' id='block_1_67' title="bbox 2134 2608 2348 2649">
    <p class='ocr_par' dir='ltr' id='par_1_67' title="bbox 2134 2608 2348 2649">
     <span class='ocr_line' id='line_1_67' title="bbox 2134 2608 2348 2649; baseline 0 -3"><span class='ocrx_word' id='word_1_523' title='bbox 2134 2608 2289 2649; x_wconf 57' lang='lat' dir='ltr'><strong>&quot;illis.</strong></span> <span class='ocrx_word' id='word_1_524' title='bbox 2328 2613 2348 2646; x_wconf 66' lang='grc' dir='ltr'><strong>ι</strong></span> 
     </span>
    </p>
   </div>
   <div class='ocr_carea' id='block_1_68' title="bbox 2204 2708 3717 2790">
    <p class='ocr_par' dir='ltr' id='par_1_68' title="bbox 2204 2708 3717 2790">
     <span class='ocr_line' id='line_1_68' title="bbox 2204 2708 3717 2790; baseline 0.012 -30"><span class='ocrx_word' id='word_1_525' title='bbox 2204 2708 2346 2762; x_wconf 86' lang='lat' dir='ltr'><strong>idem</strong></span> <span class='ocrx_word' id='word_1_526' title='bbox 2396 2711 2449 2765; x_wconf 88' lang='lat' dir='ltr'><strong>iu</strong></span> <span class='ocrx_word' id='word_1_527' title='bbox 2479 2712 2702 2779; x_wconf 88' lang='lat' dir='ltr'><strong>epistola</strong></span> <span class='ocrx_word' id='word_1_528' title='bbox 2739 2715 2804 2769; x_wconf 87' lang='lat' dir='ltr'><strong>ad</strong></span> <span class='ocrx_word' id='word_1_529' title='bbox 2839 2714 3144 2772; x_wconf 77' lang='lat' dir='ltr'><strong>Nestorium</strong></span> <span class='ocrx_word' id='word_1_530' title='bbox 3182 2721 3364 2786; x_wconf 90' lang='lat' dir='ltr'><strong>tertia,</strong></span> <span class='ocrx_word' id='word_1_531' title='bbox 3397 2722 3552 2790; x_wconf 65' lang='lat' dir='ltr'><strong>cuj’us</strong></span> <span class='ocrx_word' id='word_1_532' title='bbox 3610 2725 3717 2778; x_wconf 83' lang='lat' dir='ltr'><strong>ini-</strong></span> 
     </span>
    </p>
   </div>
   <div class='ocr_carea' id='block_1_69' title="bbox 2135 2802 3716 2886">
    <p class='ocr_par' dir='ltr' id='par_1_69' title="bbox 2135 2802 3716 2886">
     <span class='ocr_line' id='line_1_69' title="bbox 2135 2802 3716 2886; baseline 0.013 -35"><span class='ocrx_word' id='word_1_533' title='bbox 2135 2802 2264 2854; x_wconf 89' lang='lat' dir='ltr'><strong>tium</strong></span> <span class='ocrx_word' id='word_1_534' title='bbox 2288 2813 2373 2858; x_wconf 88' lang='lat' dir='ltr'><strong>est</strong></span> <span class='ocrx_word' id='word_1_535' title='bbox 2408 2822 2423 2858; x_wconf 94' lang='lat'><strong>:</strong></span> <span class='ocrx_word' id='word_1_536' title='bbox 2464 2803 2568 2870; x_wconf 84' lang='lat' dir='ltr'><strong>Qui</strong></span> <span class='ocrx_word' id='word_1_537' title='bbox 2590 2816 2734 2860; x_wconf 86' lang='lat' dir='ltr'><strong>amat</strong></span> <span class='ocrx_word' id='word_1_538' title='bbox 2789 2817 2991 2875; x_wconf 85' lang='lat' dir='ltr'><strong>patrem</strong></span> <span class='ocrx_word' id='word_1_539' title='bbox 3027 2821 3118 2864; x_wconf 86' lang='lat' dir='ltr'><strong>aut</strong></span> <span class='ocrx_word' id='word_1_540' title='bbox 3161 2823 3378 2867; x_wconf 83' lang='lat' dir='ltr'><strong>matrem</strong></span> <span class='ocrx_word' id='word_1_541' title='bbox 3409 2815 3526 2882; x_wconf 78' lang='lat' dir='ltr'><strong>plus</strong></span> <span class='ocrx_word' id='word_1_542' title='bbox 3554 2833 3716 2886; x_wconf 82' lang='lat' dir='ltr'><strong>quant</strong></span> 
     </span>
    </p>
   </div>
   <div class='ocr_carea' id='block_1_70' title="bbox 2134 2899 3714 2972">
    <p class='ocr_par' dir='ltr' id='par_1_70' title="bbox 2134 2899 3714 2972">
     <span class='ocr_line' id='line_1_70' title="bbox 2134 2899 3714 2972; baseline 0.013 -29"><span class='ocrx_word' id='word_1_543' title='bbox 2134 2908 2231 2957; x_wconf 85' lang='lat' dir='ltr'><strong>me,</strong></span> <span class='ocrx_word' id='word_1_544' title='bbox 2257 2910 2359 2948; x_wconf 74' lang='lat' dir='ltr'><strong>non</strong></span> <span class='ocrx_word' id='word_1_545' title='bbox 2384 2907 2457 2948; x_wconf 76' lang='lat' dir='ltr'><strong>est</strong></span> <span class='ocrx_word' id='word_1_546' title='bbox 2490 2913 2569 2950; x_wconf 86' lang='lat' dir='ltr'><strong>me</strong></span> <span class='ocrx_word' id='word_1_547' title='bbox 2621 2899 2812 2967; x_wconf 83' lang='lat' dir='ltr'><strong>dignus</strong></span> <span class='ocrx_word' id='word_1_548' title='bbox 2843 2903 2910 2965; x_wconf 79' lang='lat'><strong>&quot;,</strong></span> <span class='ocrx_word' id='word_1_549' title='bbox 2944 2920 2964 2954; x_wconf 84' lang='grc'><em>‹</em></span> <span class='ocrx_word' id='word_1_550' title='bbox 3016 2903 3145 2970; x_wconf 82' lang='lat' dir='ltr'><strong>Etsi,</strong></span> <span class='ocrx_word' id='word_1_551' title='bbox 3183 2905 3381 2972; x_wconf 86' lang='lat' dir='ltr'><strong>inquit,</strong></span> <span class='ocrx_word' id='word_1_552' title='bbox 3408 2907 3460 2960; x_wconf 88' lang='lat' dir='ltr'><strong>in</strong></span> <span class='ocrx_word' id='word_1_553' title='bbox 3491 2911 3714 2971; x_wconf 86' lang='lat' dir='ltr'><strong>speciali</strong></span> 
     </span>
    </p>
   </div>
   <div class='ocr_carea' id='block_1_71' title="bbox 2132 2985 3714 3068">
    <p class='ocr_par' dir='ltr' id='par_1_71' title="bbox 2132 2985 3714 3068">
     <span class='ocr_line' id='line_1_71' title="bbox 2132 2985 3714 3068; baseline 0.013 -33"><span class='ocrx_word' id='word_1_554' title='bbox 2132 2985 2430 3040; x_wconf 88' lang='lat' dir='ltr'><strong>substantia</strong></span> <span class='ocrx_word' id='word_1_555' title='bbox 2453 2999 2533 3041; x_wconf 90' lang='lat' dir='ltr'><strong>est</strong></span> <span class='ocrx_word' id='word_1_556' title='bbox 2553 2989 2788 3060; x_wconf 88' lang='lat' dir='ltr'><strong>Spiritus</strong></span> <span class='ocrx_word' id='word_1_557' title='bbox 2806 3002 3044 3058; x_wconf 88' lang='lat' dir='ltr'><strong>sanctus,</strong></span> <span class='ocrx_word' id='word_1_558' title='bbox 3066 3010 3128 3048; x_wconf 87' lang='lat' dir='ltr'><strong>ac</strong></span> <span class='ocrx_word' id='word_1_559' title='bbox 3149 2998 3446 3052; x_wconf 84' lang='lat' dir='ltr'><strong>secundum</strong></span> <span class='ocrx_word' id='word_1_560' title='bbox 3469 3002 3714 3068; x_wconf 76' lang='lat' dir='ltr'><strong>seipsum</strong></span> 
     </span>
    </p>
   </div>
   <div class='ocr_carea' id='block_1_72' title="bbox 2133 3074 3714 3154">
    <p class='ocr_par' dir='ltr' id='par_1_72' title="bbox 2133 3074 3714 3154">
     <span class='ocr_line' id='line_1_72' title="bbox 2133 3074 3714 3154; baseline 0.014 -29"><span class='ocrx_word' id='word_1_561' title='bbox 2133 3074 2468 3146; x_wconf 81' lang='lat' dir='ltr'><strong>intelligitur,</strong></span> <span class='ocrx_word' id='word_1_562' title='bbox 2507 3083 2806 3138; x_wconf 88' lang='lat' dir='ltr'><strong>secundum</strong></span> <span class='ocrx_word' id='word_1_563' title='bbox 2843 3085 2985 3154; x_wconf 88' lang='lat' dir='ltr'><strong>quod</strong></span> <span class='ocrx_word' id='word_1_564' title='bbox 3033 3085 3268 3153; x_wconf 89' lang='lat' dir='ltr'><strong>Spiritus</strong></span> <span class='ocrx_word' id='word_1_565' title='bbox 3318 3102 3418 3154; x_wconf 90' lang='lat' dir='ltr'><strong>est,</strong></span> <span class='ocrx_word' id='word_1_566' title='bbox 3481 3100 3534 3145; x_wconf 93' lang='lat' dir='ltr'><strong>et</strong></span> <span class='ocrx_word' id='word_1_567' title='bbox 3604 3107 3714 3147; x_wconf 89' lang='lat' dir='ltr'><strong>non</strong></span> 
     </span>
    </p>
   </div>
   <div class='ocr_carea' id='block_1_73' title="bbox 2055 3140 3710 3250">
    <p class='ocr_par' dir='ltr' id='par_1_73' title="bbox 2055 3140 3710 3250">
     <span class='ocr_line' id='line_1_73' title="bbox 2055 3140 3710 3250; baseline 0.011 -31"><span class='ocrx_word' id='word_1_568' title='bbox 2055 3140 2095 3212; x_wconf 57' lang='grc' dir='ltr'><strong>(ἶ</strong></span> <span class='ocrx_word' id='word_1_569' title='bbox 2131 3167 2317 3234; x_wconf 84' lang='lat' dir='ltr'><strong>Filius,</strong></span> <span class='ocrx_word' id='word_1_570' title='bbox 2355 3188 2461 3226; x_wconf 90' lang='lat' dir='ltr'><strong>non</strong></span> <span class='ocrx_word' id='word_1_571' title='bbox 2497 3184 2578 3228; x_wconf 89' lang='lat' dir='ltr'><strong>est</strong></span> <span class='ocrx_word' id='word_1_572' title='bbox 2609 3184 2786 3230; x_wconf 88' lang='lat' dir='ltr'><strong>tamen</strong></span> <span class='ocrx_word' id='word_1_573' title='bbox 2832 3178 2899 3232; x_wconf 86' lang='lat' dir='ltr'><strong>ab</strong></span> <span class='ocrx_word' id='word_1_574' title='bbox 2925 3194 2989 3233; x_wconf 91' lang='lat' dir='ltr'><strong>eo</strong></span> <span class='ocrx_word' id='word_1_575' title='bbox 3017 3179 3243 3234; x_wconf 81' lang='lat' dir='ltr'><strong>alienus.</strong></span> <span class='ocrx_word' id='word_1_576' title='bbox 3283 3180 3515 3250; x_wconf 83' lang='lat' dir='ltr'><strong>Spiritus</strong></span> <span class='ocrx_word' id='word_1_577' title='bbox 3565 3186 3710 3240; x_wconf 90' lang='lat' dir='ltr'><strong>enim</strong></span> 
     </span>
    </p>
   </div>
   <div class='ocr_carea' id='block_1_74' title="bbox 2127 3261 3716 3341">
    <p class='ocr_par' dir='ltr' id='par_1_74' title="bbox 2127 3261 3716 3341">
     <span class='ocr_line' id='line_1_74' title="bbox 2127 3261 3716 3341; baseline 0.013 -30"><span class='ocrx_word' id='word_1_578' title='bbox 2127 3261 2370 3316; x_wconf 82' lang='lat' dir='ltr'><strong>veritatis</strong></span> <span class='ocrx_word' id='word_1_579' title='bbox 2405 3266 2712 3322; x_wconf 89' lang='lat' dir='ltr'><strong>nominatus</strong></span> <span class='ocrx_word' id='word_1_580' title='bbox 2759 3280 2862 3333; x_wconf 89' lang='lat' dir='ltr'><strong>est,</strong></span> <span class='ocrx_word' id='word_1_581' title='bbox 2891 3278 2943 3323; x_wconf 92' lang='lat' dir='ltr'><strong>et</strong></span> <span class='ocrx_word' id='word_1_582' title='bbox 2971 3280 3054 3325; x_wconf 89' lang='lat' dir='ltr'><strong>est</strong></span> <span class='ocrx_word' id='word_1_583' title='bbox 3084 3272 3332 3328; x_wconf 81' lang='lat' dir='ltr'><strong>Christus</strong></span> <span class='ocrx_word' id='word_1_584' title='bbox 3385 3276 3607 3341; x_wconf 87' lang='lat' dir='ltr'><strong>veritas,</strong></span> <span class='ocrx_word' id='word_1_585' title='bbox 3631 3291 3716 3332; x_wconf 84' lang='lat' dir='ltr'><strong>at-</strong></span> 
     </span>
    </p>
   </div>
   <div class='ocr_carea' id='block_1_75' title="bbox 2125 3353 3527 3424">
    <p class='ocr_par' dir='ltr' id='par_1_75' title="bbox 2125 3353 3527 3424">
     <span class='ocr_line' id='line_1_75' title="bbox 2125 3353 3527 3424; baseline 0.014 -22"><span class='ocrx_word' id='word_1_586' title='bbox 2125 3367 2228 3420; x_wconf 86' lang='lat' dir='ltr'><strong>que</strong></span> <span class='ocrx_word' id='word_1_587' title='bbox 2258 3353 2324 3406; x_wconf 92' lang='lat' dir='ltr'><strong>ab</strong></span> <span class='ocrx_word' id='word_1_588' title='bbox 2354 3371 2417 3410; x_wconf 89' lang='lat' dir='ltr'><strong>eo</strong></span> <span class='ocrx_word' id='word_1_589' title='bbox 2448 3357 2684 3424; x_wconf 78' lang='lat' dir='ltr'><strong>profluit,</strong></span> <span class='ocrx_word' id='word_1_590' title='bbox 2708 3363 2865 3415; x_wconf 89' lang='lat' dir='ltr'><strong>sicuti</strong></span> <span class='ocrx_word' id='word_1_591' title='bbox 2897 3375 2949 3416; x_wconf 89' lang='lat' dir='ltr'><strong>et</strong></span> <span class='ocrx_word' id='word_1_592' title='bbox 2981 3380 3009 3416; x_wconf 89' lang='lat' dir='ltr'><strong>a</strong></span> <span class='ocrx_word' id='word_1_593' title='bbox 3044 3363 3203 3419; x_wconf 83' lang='lat' dir='ltr'><strong>Patre</strong></span> <span class='ocrx_word' id='word_1_594' title='bbox 3233 3367 3463 3422; x_wconf 90' lang='lat' dir='ltr'><strong>scilicet.</strong></span> <span class='ocrx_word' id='word_1_595' title='bbox 3507 3389 3527 3421; x_wconf 80' lang='grc' dir='ltr'><strong><em>ι</em></strong></span> 
     </span>
    </p>
   </div>
   <div class='ocr_carea' id='block_1_76' title="bbox 2196 3441 3711 3527">
    <p class='ocr_par' dir='ltr' id='par_1_76' title="bbox 2196 3441 3711 3527">
     <span class='ocr_line' id='line_1_76' title="bbox 2196 3441 3711 3527; baseline 0.013 -33"><span class='ocrx_word' id='word_1_596' title='bbox 2196 3441 2338 3496; x_wconf 90' lang='lat' dir='ltr'><strong>Idem</strong></span> <span class='ocrx_word' id='word_1_597' title='bbox 2371 3461 2532 3514; x_wconf 79' lang='lat' dir='ltr'><strong>super</strong></span> <span class='ocrx_word' id='word_1_598' title='bbox 2567 3445 2696 3514; x_wconf 87' lang='lat' dir='ltr'><strong>loel,</strong></span> <span class='ocrx_word' id='word_1_599' title='bbox 2726 3465 2848 3504; x_wconf 91' lang='lat' dir='ltr'><strong>cum</strong></span> <span class='ocrx_word' id='word_1_600' title='bbox 2878 3452 3006 3506; x_wconf 91' lang='lat' dir='ltr'><strong>illud</strong></span> <span class='ocrx_word' id='word_1_601' title='bbox 3042 3466 3334 3524; x_wconf 79' lang='lat' dir='ltr'><strong>exponeret</strong></span> <span class='ocrx_word' id='word_1_602' title='bbox 3364 3477 3378 3511; x_wconf 92' lang='lat'><strong>:</strong></span> <span class='ocrx_word' id='word_1_603' title='bbox 3418 3457 3711 3527; x_wconf 74' lang='lat' dir='ltr'><strong>Eﬂuudam</strong></span> 
     </span>
    </p>
   </div>
   <div class='ocr_carea' id='block_1_77' title="bbox 2122 3533 3712 3616">
    <p class='ocr_par' dir='ltr' id='par_1_77' title="bbox 2122 3533 3712 3616">
     <span class='ocr_line' id='line_1_77' title="bbox 2122 3533 3712 3616; baseline 0.014 -30"><span class='ocrx_word' id='word_1_604' title='bbox 2122 3535 2185 3588; x_wconf 81' lang='lat' dir='ltr'><strong>de</strong></span> <span class='ocrx_word' id='word_1_605' title='bbox 2214 3533 2418 3601; x_wconf 80' lang='lat' dir='ltr'><strong>Spiritu</strong></span> <span class='ocrx_word' id='word_1_606' title='bbox 2454 3555 2565 3593; x_wconf 78' lang='grc' dir='ltr'><strong>η.εο</strong></span> <span class='ocrx_word' id='word_1_607' title='bbox 2589 3540 2668 3604; x_wconf 85' lang='grc'><strong>⁸³,</strong></span> <span class='ocrx_word' id='word_1_608' title='bbox 2707 3561 2726 3593; x_wconf 79' lang='lat' dir='ltr'><strong>t</strong></span> <span class='ocrx_word' id='word_1_609' title='bbox 2765 3541 3069 3599; x_wconf 91' lang='lat' dir='ltr'><strong>Secundum</strong></span> <span class='ocrx_word' id='word_1_610' title='bbox 3091 3548 3231 3599; x_wconf 83' lang='lat' dir='ltr'><strong>enim</strong></span> <span class='ocrx_word' id='word_1_611' title='bbox 3269 3550 3408 3616; x_wconf 60' lang='lat' dir='ltr'><strong>quod</strong></span> <span class='ocrx_word' id='word_1_612' title='bbox 3436 3551 3573 3605; x_wconf 87' lang='lat' dir='ltr'><strong>Deus</strong></span> <span class='ocrx_word' id='word_1_613' title='bbox 3626 3565 3712 3608; x_wconf 87' lang='lat' dir='ltr'><strong>est</strong></span> 
     </span>
    </p>
   </div>
   <div class='ocr_carea' id='block_1_78' title="bbox 2124 3632 3707 3699">
    <p class='ocr_par' dir='ltr' id='par_1_78' title="bbox 2124 3632 3707 3699">
     <span class='ocr_line' id='line_1_78' title="bbox 2124 3632 3707 3699; baseline 0.013 -21"><span class='ocrx_word' id='word_1_614' title='bbox 2124 3637 2283 3694; x_wconf 85' lang='lat' dir='ltr'><strong>atque</strong></span> <span class='ocrx_word' id='word_1_615' title='bbox 2312 3645 2376 3683; x_wconf 89' lang='lat' dir='ltr'><strong>ex</strong></span> <span class='ocrx_word' id='word_1_616' title='bbox 2410 3632 2517 3685; x_wconf 88' lang='lat' dir='ltr'><strong>Deo</strong></span> <span class='ocrx_word' id='word_1_617' title='bbox 2545 3635 2840 3688; x_wconf 88' lang='lat' dir='ltr'><strong>secundum</strong></span> <span class='ocrx_word' id='word_1_618' title='bbox 2878 3648 3120 3691; x_wconf 89' lang='lat' dir='ltr'><strong>naturam</strong></span> <span class='ocrx_word' id='word_1_619' title='bbox 3142 3637 3350 3696; x_wconf 86' lang='lat' dir='ltr'><strong>Filius:</strong></span> <span class='ocrx_word' id='word_1_620' title='bbox 3377 3657 3535 3698; x_wconf 88' lang='lat' dir='ltr'><strong>natus</strong></span> <span class='ocrx_word' id='word_1_621' title='bbox 3559 3645 3707 3699; x_wconf 89' lang='lat' dir='ltr'><strong>enim</strong></span> 
     </span>
    </p>
   </div>
   <div class='ocr_carea' id='block_1_79' title="bbox 2121 3719 3709 3800">
    <p class='ocr_par' dir='ltr' id='par_1_79' title="bbox 2121 3719 3709 3800">
     <span class='ocr_line' id='line_1_79' title="bbox 2121 3719 3709 3800; baseline 0.01 -30"><span class='ocrx_word' id='word_1_622' title='bbox 2121 3729 2205 3770; x_wconf 85' lang='lat' dir='ltr'><strong>est</strong></span> <span class='ocrx_word' id='word_1_623' title='bbox 2235 3732 2297 3772; x_wconf 85' lang='lat' dir='ltr'><strong>ex</strong></span> <span class='ocrx_word' id='word_1_624' title='bbox 2334 3719 2441 3774; x_wconf 90' lang='lat' dir='ltr'><strong>Deo</strong></span> <span class='ocrx_word' id='word_1_625' title='bbox 2472 3730 2525 3774; x_wconf 90' lang='lat' dir='ltr'><strong>et</strong></span> <span class='ocrx_word' id='word_1_626' title='bbox 2577 3721 2756 3786; x_wconf 89' lang='lat' dir='ltr'><strong>Patre,</strong></span> <span class='ocrx_word' id='word_1_627' title='bbox 2787 3726 3039 3794; x_wconf 90' lang='lat' dir='ltr'><strong>proprius</strong></span> <span class='ocrx_word' id='word_1_628' title='bbox 3091 3728 3282 3796; x_wconf 89' lang='lat' dir='ltr'><strong>ipsius,</strong></span> <span class='ocrx_word' id='word_1_629' title='bbox 3315 3740 3367 3783; x_wconf 89' lang='lat' dir='ltr'><strong>et</strong></span> <span class='ocrx_word' id='word_1_630' title='bbox 3390 3731 3442 3784; x_wconf 93' lang='lat' dir='ltr'><strong>in</strong></span> <span class='ocrx_word' id='word_1_631' title='bbox 3477 3733 3616 3800; x_wconf 91' lang='lat' dir='ltr'><strong>ipso,</strong></span> <span class='ocrx_word' id='word_1_632' title='bbox 3650 3745 3709 3788; x_wconf 90' lang='lat' dir='ltr'><strong>et</strong></span> 
     </span>
    </p>
   </div>
   <div class='ocr_carea' id='block_1_80' title="bbox 2119 3809 3707 3892">
    <p class='ocr_par' dir='ltr' id='par_1_80' title="bbox 2119 3809 3707 3892">
     <span class='ocr_line' id='line_1_80' title="bbox 2119 3809 3707 3892; baseline 0.013 -32"><span class='ocrx_word' id='word_1_633' title='bbox 2119 3823 2182 3861; x_wconf 85' lang='lat' dir='ltr'><strong>ex</strong></span> <span class='ocrx_word' id='word_1_634' title='bbox 2205 3809 2322 3879; x_wconf 90' lang='lat' dir='ltr'><strong>ipso</strong></span> <span class='ocrx_word' id='word_1_635' title='bbox 2352 3823 2432 3866; x_wconf 90' lang='lat' dir='ltr'><strong>est</strong></span> <span class='ocrx_word' id='word_1_636' title='bbox 2458 3811 2716 3880; x_wconf 87' lang='lat' dir='ltr'><strong>Spiritus,</strong></span> <span class='ocrx_word' id='word_1_637' title='bbox 2748 3834 2766 3868; x_wconf 76' lang='grc' dir='ltr'><strong><em>ι</em></strong></span> <span class='ocrx_word' id='word_1_638' title='bbox 2800 3817 2942 3873; x_wconf 88' lang='lat' dir='ltr'><strong>sicut</strong></span> <span class='ocrx_word' id='word_1_639' title='bbox 2976 3821 3229 3875; x_wconf 78' lang='lat' dir='ltr'><strong>videlicet</strong></span> <span class='ocrx_word' id='word_1_640' title='bbox 3265 3837 3326 3874; x_wconf 88' lang='lat' dir='ltr'><strong>ex</strong></span> <span class='ocrx_word' id='word_1_641' title='bbox 3361 3826 3474 3892; x_wconf 84' lang='lat' dir='ltr'><strong>ipso</strong></span> <span class='ocrx_word' id='word_1_642' title='bbox 3507 3825 3615 3880; x_wconf 84' lang='lat' dir='ltr'><strong>Deo</strong></span> <span class='ocrx_word' id='word_1_643' title='bbox 3647 3839 3707 3880; x_wconf 82' lang='lat' dir='ltr'><strong>et</strong></span> 
     </span>
    </p>
   </div>
   <div class='ocr_carea' id='block_1_81' title="bbox 2118 3899 2648 3975">
    <p class='ocr_par' dir='ltr' id='par_1_81' title="bbox 2118 3899 2648 3975">
     <span class='ocr_line' id='line_1_81' title="bbox 2118 3899 2648 3975; baseline 0.015 -23"><span class='ocrx_word' id='word_1_644' title='bbox 2118 3899 2278 3956; x_wconf 84' lang='lat' dir='ltr'><strong>Patre</strong></span> <span class='ocrx_word' id='word_1_645' title='bbox 2310 3905 2648 3975; x_wconf 76' lang='lat' dir='ltr'><strong>intelligitur.</strong></span> 
     </span>
    </p>
   </div>
   <div class='ocr_carea' id='block_1_82' title="bbox 2191 4012 3707 4094">
    <p class='ocr_par' dir='ltr' id='par_1_82' title="bbox 2191 4012 3707 4094">
     <span class='ocr_line' id='line_1_82' title="bbox 2191 4012 3707 4094; baseline 0.011 -26"><span class='ocrx_word' id='word_1_646' title='bbox 2191 4012 2402 4070; x_wconf 88' lang='lat' dir='ltr'><strong>ldemin</strong></span> <span class='ocrx_word' id='word_1_647' title='bbox 2435 4017 2680 4074; x_wconf 88' lang='lat' dir='ltr'><strong>laudibus</strong></span> <span class='ocrx_word' id='word_1_648' title='bbox 2703 4019 2990 4078; x_wconf 87' lang='lat' dir='ltr'><strong>Theodosii</strong></span> <span class='ocrx_word' id='word_1_649' title='bbox 3024 4023 3365 4094; x_wconf 87' lang='lat' dir='ltr'><strong>imperatoris</strong></span> <span class='ocrx_word' id='word_1_650' title='bbox 3389 4029 3506 4081; x_wconf 87' lang='lat' dir='ltr'><strong>ait:</strong></span> <span class='ocrx_word' id='word_1_651' title='bbox 3547 4050 3565 4081; x_wconf 75' lang='grc' dir='ltr'><strong>ε</strong></span> <span class='ocrx_word' id='word_1_652' title='bbox 3603 4030 3707 4084; x_wconf 76' lang='lat' dir='ltr'><strong>Ba-</strong></span> 
     </span>
    </p>
   </div>
   <div class='ocr_carea' id='block_1_83' title="bbox 2115 4097 3699 4193">
    <p class='ocr_par' dir='ltr' id='par_1_83' title="bbox 2115 4097 3699 4193">
     <span class='ocr_line' id='line_1_83' title="bbox 2115 4097 3699 4193; baseline 0.01 -32"><span class='ocrx_word' id='word_1_653' title='bbox 2115 4110 2424 4180; x_wconf 86' lang='lat' dir='ltr'><strong>ptizantem,</strong></span> <span class='ocrx_word' id='word_1_654' title='bbox 2451 4097 2645 4180; x_wconf 68' lang='lat' dir='ltr'><strong>inquit,</strong></span> <span class='ocrx_word' id='word_1_655' title='bbox 2677 4114 2840 4184; x_wconf 88' lang='lat' dir='ltr'><strong>igitur</strong></span> <span class='ocrx_word' id='word_1_656' title='bbox 2872 4117 2924 4169; x_wconf 89' lang='lat' dir='ltr'><strong>in</strong></span> <span class='ocrx_word' id='word_1_657' title='bbox 2959 4116 3082 4186; x_wconf 82' lang='lat' dir='ltr'><strong>igne</strong></span> <span class='ocrx_word' id='word_1_658' title='bbox 3104 4129 3157 4172; x_wconf 90' lang='lat' dir='ltr'><strong>et</strong></span> <span class='ocrx_word' id='word_1_659' title='bbox 3200 4131 3393 4175; x_wconf 89' lang='lat' dir='ltr'><strong>sancto</strong></span> <span class='ocrx_word' id='word_1_660' title='bbox 3449 4122 3655 4193; x_wconf 83' lang='lat' dir='ltr'><strong>Spiritu</strong></span> <span class='ocrx_word' id='word_1_661' title='bbox 3684 4144 3699 4191; x_wconf 92' lang='lat'><strong>;</strong></span> 
     </span>
    </p>
   </div>
   <div class='ocr_carea' id='block_1_84' title="bbox 2114 4200 3699 4279">
    <p class='ocr_par' dir='ltr' id='par_1_84' title="bbox 2114 4200 3699 4279">
     <span class='ocr_line' id='line_1_84' title="bbox 2114 4200 3699 4279; baseline 0.009 -28"><span class='ocrx_word' id='word_1_662' title='bbox 2114 4213 2218 4252; x_wconf 91' lang='lat' dir='ltr'><strong>non</strong></span> <span class='ocrx_word' id='word_1_663' title='bbox 2250 4200 2486 4254; x_wconf 87' lang='lat' dir='ltr'><strong>alienum</strong></span> <span class='ocrx_word' id='word_1_664' title='bbox 2520 4202 2803 4268; x_wconf 86' lang='lat' dir='ltr'><strong>haptizatis</strong></span> <span class='ocrx_word' id='word_1_665' title='bbox 2857 4204 3172 4276; x_wconf 80' lang='lat' dir='ltr'><strong>largientem</strong></span> <span class='ocrx_word' id='word_1_666' title='bbox 3229 4210 3490 4279; x_wconf 88' lang='lat' dir='ltr'><strong>Spiritum</strong></span> <span class='ocrx_word' id='word_1_667' title='bbox 3512 4255 3527 4278; x_wconf 93' lang='lat'><strong>,</strong></span> <span class='ocrx_word' id='word_1_668' title='bbox 3555 4217 3699 4268; x_wconf 71' lang='lat' dir='ltr'><strong>servi</strong></span> 
     </span>
    </p>
   </div>
   <div class='ocr_carea' id='block_1_85' title="bbox 2113 4287 3697 4364">
    <p class='ocr_par' dir='ltr' id='par_1_85' title="bbox 2113 4287 3697 4364">
     <span class='ocr_line' id='line_1_85' title="bbox 2113 4287 3697 4364; baseline 0.013 -26"><span class='ocrx_word' id='word_1_669' title='bbox 2113 4287 2318 4341; x_wconf 81' lang='lat' dir='ltr'><strong>scilicet</strong></span> <span class='ocrx_word' id='word_1_670' title='bbox 2378 4303 2440 4342; x_wconf 82' lang='lat' dir='ltr'><strong>ac</strong></span> <span class='ocrx_word' id='word_1_671' title='bbox 2509 4291 2746 4346; x_wconf 76' lang='lat' dir='ltr'><strong>miniSIri</strong></span> <span class='ocrx_word' id='word_1_672' title='bbox 2807 4293 2859 4348; x_wconf 91' lang='lat' dir='ltr'><strong>in</strong></span> <span class='ocrx_word' id='word_1_673' title='bbox 2921 4311 3170 4351; x_wconf 88' lang='lat' dir='ltr'><strong>morem:</strong></span> <span class='ocrx_word' id='word_1_674' title='bbox 3238 4303 3355 4364; x_wconf 80' lang='lat' dir='ltr'><strong>Sed,</strong></span> <span class='ocrx_word' id='word_1_675' title='bbox 3411 4311 3468 4355; x_wconf 93' lang='lat' dir='ltr'><strong>ut</strong></span> <span class='ocrx_word' id='word_1_676' title='bbox 3527 4303 3697 4358; x_wconf 85' lang='lat' dir='ltr'><strong>Deum</strong></span> 
     </span>
    </p>
   </div>
   <div class='ocr_carea' id='block_1_86' title="bbox 2112 4380 3697 4460">
    <p class='ocr_par' dir='ltr' id='par_1_86' title="bbox 2112 4380 3697 4460">
     <span class='ocr_line' id='line_1_86' title="bbox 2112 4380 3697 4460; baseline 0.011 -30"><span class='ocrx_word' id='word_1_677' title='bbox 2112 4380 2410 4432; x_wconf 78' lang='lat' dir='ltr'><strong>secundum</strong></span> <span class='ocrx_word' id='word_1_678' title='bbox 2459 4391 2730 4448; x_wconf 87' lang='lat' dir='ltr'><strong>naturam,</strong></span> <span class='ocrx_word' id='word_1_679' title='bbox 2758 4399 2880 4438; x_wconf 90' lang='lat' dir='ltr'><strong>cum</strong></span> <span class='ocrx_word' id='word_1_680' title='bbox 2931 4401 3180 4455; x_wconf 89' lang='lat' dir='ltr'><strong>suprema</strong></span> <span class='ocrx_word' id='word_1_681' title='bbox 3231 4402 3500 4460; x_wconf 88' lang='lat' dir='ltr'><strong>potestate</strong></span> <span class='ocrx_word' id='word_1_682' title='bbox 3538 4410 3697 4448; x_wconf 90' lang='lat' dir='ltr'><strong>suum</strong></span> 
     </span>
    </p>
   </div>
   <div class='ocr_carea' id='block_1_87' title="bbox 433 4465 3694 4554">
    <p class='ocr_par' dir='ltr' id='par_1_87' title="bbox 433 4465 3694 4554">
     <span class='ocr_line' id='line_1_87' title="bbox 433 4465 3694 4554; baseline 0.014 -43"><span class='ocrx_word' id='word_1_683' title='bbox 433 4473 486 4512; x_wconf 67' lang='grc' dir='ltr'><strong>ίξι</strong></span> <span class='ocrx_word' id='word_1_684' title='bbox 512 4465 938 4520; x_wconf 61' lang='grc' dir='ltr'><strong>ειὼδιιιηιὶάιὶῑθι·</strong></span> <span class='ocrx_word' id='word_1_685' title='bbox 971 4469 1212 4531; x_wconf 71' lang='grc' dir='ltr'><strong>ἱιιδίιιιηι,</strong></span> <span class='ocrx_word' id='word_1_686' title='bbox 1253 4474 1389 4527; x_wconf 75' lang='grc' dir='ltr'><strong>εἱοηῑ</strong></span> <span class='ocrx_word' id='word_1_687' title='bbox 1428 4475 1674 4532; x_wconf 63' lang='lat' dir='ltr'><strong>videlicet</strong></span> <span class='ocrx_word' id='word_1_688' title='bbox 1701 4492 1754 4534; x_wconf 89' lang='lat' dir='ltr'><strong>et</strong></span> <span class='ocrx_word' id='word_1_689' title='bbox 1787 4481 1997 4539; x_wconf 60' lang='lat' dir='ltr'><strong>Pater.»</strong></span> <span class='ocrx_word' id='word_1_690' title='bbox 2037 4476 2080 4528; x_wconf 68' lang='grc' dir='ltr'><strong>η</strong></span> <span class='ocrx_word' id='word_1_691' title='bbox 2112 4471 2407 4539; x_wconf 45' lang='lat' dir='ltr'><strong>Proprium,</strong></span> <span class='ocrx_word' id='word_1_692' title='bbox 2458 4481 2514 4528; x_wconf 58' lang='lat' dir='ltr'><strong>et</strong></span> <span class='ocrx_word' id='word_1_693' title='bbox 2554 4475 2645 4543; x_wconf 69' lang='lat' dir='ltr'><strong>qui</strong></span> <span class='ocrx_word' id='word_1_694' title='bbox 2689 4491 2750 4529; x_wconf 56' lang='grc' dir='ltr'><strong>οι</strong></span> <span class='ocrx_word' id='word_1_695' title='bbox 2802 4478 2918 4546; x_wconf 69' lang='lat' dir='ltr'><strong>ipso</strong></span> <span class='ocrx_word' id='word_1_696' title='bbox 2961 4490 3065 4534; x_wconf 66' lang='lat' dir='ltr'><strong>es&quot;</strong></span> <span class='ocrx_word' id='word_1_697' title='bbox 3120 4499 3140 4532; x_wconf 73' lang='grc'><strong><em>³</em></strong></span> <span class='ocrx_word' id='word_1_698' title='bbox 3179 4483 3241 4534; x_wconf 65' lang='lat' dir='ltr'><strong>El</strong></span> <span class='ocrx_word' id='word_1_699' title='bbox 3291 4495 3411 4552; x_wconf 65' lang='grc' dir='ltr'><strong>Ροδί</strong></span> <span class='ocrx_word' id='word_1_700' title='bbox 3475 4502 3645 4554; x_wconf 59' lang='lat' dir='ltr'><strong>pauc“</strong></span> <span class='ocrx_word' id='word_1_701' title='bbox 3680 4505 3694 4540; x_wconf 60' lang='grc' dir='ltr'><strong>ἶ</strong></span> 
     </span>
    </p>
   </div>
   <div class='ocr_carea' id='block_1_88' title="bbox 434 4553 2000 4635">
    <p class='ocr_par' dir='ltr' id='par_1_88' title="bbox 434 4553 2000 4635">
     <span class='ocr_line' id='line_1_88' title="bbox 434 4553 2000 4635; baseline 0.016 -30"><span class='ocrx_word' id='word_1_702' title='bbox 434 4553 576 4605; x_wconf 81' lang='lat' dir='ltr'><strong>Idem</strong></span> <span class='ocrx_word' id='word_1_703' title='bbox 614 4571 779 4622; x_wconf 89' lang='lat' dir='ltr'><strong>super</strong></span> <span class='ocrx_word' id='word_1_704' title='bbox 804 4558 968 4614; x_wconf 90' lang='lat' dir='ltr'><strong>illud:</strong></span> <span class='ocrx_word' id='word_1_705' title='bbox 1015 4560 1083 4613; x_wconf 84' lang='lat' dir='ltr'><strong>Et</strong></span> <span class='ocrx_word' id='word_1_706' title='bbox 1114 4579 1205 4632; x_wconf 85' lang='lat' dir='ltr'><strong>ego</strong></span> <span class='ocrx_word' id='word_1_707' title='bbox 1250 4566 1440 4635; x_wconf 86' lang='lat' dir='ltr'><strong>rogabo</strong></span> <span class='ocrx_word' id='word_1_708' title='bbox 1477 4567 1707 4635; x_wconf 79' lang='lat' dir='ltr'><strong>Patrem,</strong></span> <span class='ocrx_word' id='word_1_709' title='bbox 1744 4584 1791 4626; x_wconf 87' lang='lat' dir='ltr'><strong>ct</strong></span> <span class='ocrx_word' id='word_1_710' title='bbox 1838 4576 2000 4630; x_wconf 83' lang='lat' dir='ltr'><strong>alium</strong></span> 
     </span>
    </p>
   </div>
   <div class='ocr_carea' id='block_1_89' title="bbox 433 4645 2003 4734">
    <p class='ocr_par' dir='ltr' id='par_1_89' title="bbox 433 4645 2003 4734">
     <span class='ocr_line' id='line_1_89' title="bbox 433 4645 2003 4734; baseline 0.017 -38"><span class='ocrx_word' id='word_1_711' title='bbox 433 4645 767 4700; x_wconf 73' lang='lat' dir='ltr'><strong>Paraclelum</strong></span> <span class='ocrx_word' id='word_1_712' title='bbox 797 4653 943 4704; x_wconf 89' lang='lat' dir='ltr'><strong>dabit</strong></span> <span class='ocrx_word' id='word_1_713' title='bbox 971 4657 1111 4708; x_wconf 77' lang='lat' dir='ltr'><strong>robis</strong></span> <span class='ocrx_word' id='word_1_714' title='bbox 1141 4659 1207 4721; x_wconf 74' lang='grc' dir='ltr'><strong>δ’,</strong></span> <span class='ocrx_word' id='word_1_715' title='bbox 1237 4679 1254 4708; x_wconf 78' lang='lat' dir='ltr'><strong>t</strong></span> <span class='ocrx_word' id='word_1_716' title='bbox 1301 4660 1389 4714; x_wconf 80' lang='lat' dir='ltr'><strong>Dei</strong></span> <span class='ocrx_word' id='word_1_717' title='bbox 1420 4663 1585 4729; x_wconf 89' lang='lat' dir='ltr'><strong>enim,</strong></span> <span class='ocrx_word' id='word_1_718' title='bbox 1607 4665 1800 4734; x_wconf 87' lang='lat' dir='ltr'><strong>inquit,</strong></span> <span class='ocrx_word' id='word_1_719' title='bbox 1828 4681 1879 4723; x_wconf 93' lang='lat' dir='ltr'><strong>ct</strong></span> <span class='ocrx_word' id='word_1_720' title='bbox 1905 4671 2003 4723; x_wconf 83' lang='lat' dir='ltr'><strong>Pa-</strong></span> 
     </span>
    </p>
   </div>
   <div class='ocr_carea' id='block_1_90' title="bbox 432 4739 2055 4824">
    <p class='ocr_par' dir='ltr' id='par_1_90' title="bbox 432 4739 2055 4824">
     <span class='ocr_line' id='line_1_90' title="bbox 432 4739 2055 4824; baseline 0.02 -36"><span class='ocrx_word' id='word_1_721' title='bbox 432 4739 529 4789; x_wconf 87' lang='lat' dir='ltr'><strong>tris</strong></span> <span class='ocrx_word' id='word_1_722' title='bbox 571 4743 899 4796; x_wconf 89' lang='lat' dir='ltr'><strong>naturalium</strong></span> <span class='ocrx_word' id='word_1_723' title='bbox 941 4749 1199 4800; x_wconf 80' lang='lat' dir='ltr'><strong>bonorum</strong></span> <span class='ocrx_word' id='word_1_724' title='bbox 1225 4767 1447 4824; x_wconf 57' lang='lat' dir='ltr'><strong>cyisors</strong></span> <span class='ocrx_word' id='word_1_725' title='bbox 1470 4759 1834 4812; x_wconf 85' lang='lat' dir='ltr'><strong>essentialiter</strong></span> <span class='ocrx_word' id='word_1_726' title='bbox 1856 4764 2001 4816; x_wconf 86' lang='lat' dir='ltr'><strong>exsi-</strong></span> <span class='ocrx_word' id='word_1_727' title='bbox 2047 4810 2055 4820; x_wconf 92' lang='lat'><strong>.</strong></span> 
     </span>
    </p>
   </div>
   <div class='ocr_carea' id='block_1_91' title="bbox 430 4831 1996 4912">
    <p class='ocr_par' dir='ltr' id='par_1_91' title="bbox 430 4831 1996 4912">
     <span class='ocr_line' id='line_1_91' title="bbox 430 4831 1996 4912; baseline 0.018 -28"><span class='ocrx_word' id='word_1_728' title='bbox 430 4842 577 4884; x_wconf 59' lang='lat' dir='ltr'><strong>stetzs</strong></span> <span class='ocrx_word' id='word_1_729' title='bbox 604 4831 794 4900; x_wconf 84' lang='lat' dir='ltr'><strong>Filius,</strong></span> <span class='ocrx_word' id='word_1_730' title='bbox 828 4837 987 4891; x_wconf 87' lang='lat' dir='ltr'><strong>habet</strong></span> <span class='ocrx_word' id='word_1_731' title='bbox 1012 4839 1275 4908; x_wconf 86' lang='lat' dir='ltr'><strong>Spiritum</strong></span> <span class='ocrx_word' id='word_1_732' title='bbox 1298 4849 1592 4901; x_wconf 89' lang='lat' dir='ltr'><strong>secundum</strong></span> <span class='ocrx_word' id='word_1_733' title='bbox 1615 4853 1861 4907; x_wconf 80' lang='lat' dir='ltr'><strong>eumdem</strong></span> <span class='ocrx_word' id='word_1_734' title='bbox 1881 4873 1996 4912; x_wconf 84' lang='lat' dir='ltr'><strong>mo-</strong></span> 
     </span>
    </p>
   </div>
   <div class='ocr_carea' id='block_1_92' title="bbox 429 4925 1996 5014">
    <p class='ocr_par' dir='ltr' id='par_1_92' title="bbox 429 4925 1996 5014">
     <span class='ocr_line' id='line_1_92' title="bbox 429 4925 1996 5014; baseline 0.018 -38"><span class='ocrx_word' id='word_1_735' title='bbox 429 4925 576 4983; x_wconf 86' lang='lat' dir='ltr'><strong>dum,</strong></span> <span class='ocrx_word' id='word_1_736' title='bbox 611 4926 906 4980; x_wconf 81' lang='lat' dir='ltr'><strong>sccundum</strong></span> <span class='ocrx_word' id='word_1_737' title='bbox 936 4946 1093 4997; x_wconf 87' lang='lat' dir='ltr'><strong>quem</strong></span> <span class='ocrx_word' id='word_1_738' title='bbox 1124 4943 1177 4986; x_wconf 91' lang='lat' dir='ltr'><strong>et</strong></span> <span class='ocrx_word' id='word_1_739' title='bbox 1213 4935 1371 4988; x_wconf 74' lang='lat' dir='ltr'><strong>Pater</strong></span> <span class='ocrx_word' id='word_1_740' title='bbox 1409 4939 1606 4994; x_wconf 88' lang='lat' dir='ltr'><strong>habere</strong></span> <span class='ocrx_word' id='word_1_741' title='bbox 1641 4942 1996 5014; x_wconf 85' lang='lat' dir='ltr'><strong>intelligitur:</strong></span> 
     </span>
    </p>
   </div>
   <div class='ocr_carea' id='block_1_93' title="bbox 428 5019 1994 5094">
    <p class='ocr_par' dir='ltr' id='par_1_93' title="bbox 428 5019 1994 5094">
     <span class='ocr_line' id='line_1_93' title="bbox 428 5019 1994 5094; baseline 0.017 -26"><span class='ocrx_word' id='word_1_742' title='bbox 428 5032 461 5068; x_wconf 75' lang='lat' dir='ltr'><strong>tt</strong></span> <span class='ocrx_word' id='word_1_743' title='bbox 505 5033 536 5068; x_wconf 90' lang='lat' dir='ltr'><strong>n</strong></span> <span class='ocrx_word' id='word_1_744' title='bbox 595 5019 958 5086; x_wconf 83' lang='lat' dir='ltr'><strong>inductitium,</strong></span> <span class='ocrx_word' id='word_1_745' title='bbox 1009 5040 1180 5094; x_wconf 86' lang='lat' dir='ltr'><strong>neque</strong></span> <span class='ocrx_word' id='word_1_746' title='bbox 1210 5030 1547 5085; x_wconf 77' lang='lat' dir='ltr'><strong>extrinsecus</strong></span> <span class='ocrx_word' id='word_1_747' title='bbox 1597 5035 1994 5094; x_wconf 74' lang='lat' dir='ltr'><strong>advenientem.</strong></span> 
     </span>
    </p>
   </div>
   <div class='ocr_carea' id='block_1_94' title="bbox 427 5111 2000 5190">
    <p class='ocr_par' dir='ltr' id='par_1_94' title="bbox 427 5111 2000 5190">
     <span class='ocr_line' id='line_1_94' title="bbox 427 5111 2000 5190; baseline 0.017 -28"><span class='ocrx_word' id='word_1_748' title='bbox 427 5111 660 5164; x_wconf 74' lang='lat' dir='ltr'><strong>Sutitum</strong></span> <span class='ocrx_word' id='word_1_749' title='bbox 712 5115 909 5183; x_wconf 89' lang='lat' dir='ltr'><strong>quippe</strong></span> <span class='ocrx_word' id='word_1_750' title='bbox 961 5128 1017 5170; x_wconf 87' lang='lat' dir='ltr'><strong>et</strong></span> <span class='ocrx_word' id='word_1_751' title='bbox 1075 5119 1324 5172; x_wconf 89' lang='lat' dir='ltr'><strong>insanuut</strong></span> <span class='ocrx_word' id='word_1_752' title='bbox 1358 5134 1461 5190; x_wconf 89' lang='lat' dir='ltr'><strong>est,</strong></span> <span class='ocrx_word' id='word_1_753' title='bbox 1518 5125 1591 5178; x_wconf 87' lang='lat' dir='ltr'><strong>ita</strong></span> <span class='ocrx_word' id='word_1_754' title='bbox 1629 5130 1857 5185; x_wconf 77' lang='lat' dir='ltr'><strong>sentire.</strong></span> <span class='ocrx_word' id='word_1_755' title='bbox 1889 5131 2000 5189; x_wconf 86' lang='lat' dir='ltr'><strong>Sed</strong></span> 
     </span>
    </p>
   </div>
   <div class='ocr_carea' id='block_1_95' title="bbox 422 5203 1996 5286">
    <p class='ocr_par' dir='ltr' id='par_1_95' title="bbox 422 5203 1996 5286">
     <span class='ocr_line' id='line_1_95' title="bbox 422 5203 1996 5286; baseline 0.016 -34"><span class='ocrx_word' id='word_1_756' title='bbox 422 5203 564 5256; x_wconf 83' lang='lat' dir='ltr'><strong>sicut</strong></span> <span class='ocrx_word' id='word_1_757' title='bbox 599 5204 760 5259; x_wconf 76' lang='lat' dir='ltr'><strong>etiam</strong></span> <span class='ocrx_word' id='word_1_758' title='bbox 803 5206 1175 5277; x_wconf 80' lang='lat' dir='ltr'><strong>unusquisque</strong></span> <span class='ocrx_word' id='word_1_759' title='bbox 1233 5222 1477 5265; x_wconf 90' lang='lat' dir='ltr'><strong>nostrum</strong></span> <span class='ocrx_word' id='word_1_760' title='bbox 1526 5218 1803 5286; x_wconf 89' lang='lat' dir='ltr'><strong>proprium</strong></span> <span class='ocrx_word' id='word_1_761' title='bbox 1840 5219 1892 5274; x_wconf 91' lang='lat' dir='ltr'><strong>in</strong></span> <span class='ocrx_word' id='word_1_762' title='bbox 1935 5238 1996 5277; x_wconf 88' lang='lat' dir='ltr'><strong>se</strong></span> 
     </span>
    </p>
   </div>
   <div class='ocr_carea' id='block_1_96' title="bbox 419 5297 1998 5370">
    <p class='ocr_par' dir='ltr' id='par_1_96' title="bbox 419 5297 1998 5370">
     <span class='ocr_line' id='line_1_96' title="bbox 419 5297 1998 5370; baseline 0.015 -24"><span class='ocrx_word' id='word_1_763' title='bbox 419 5297 536 5363; x_wconf 10' lang='lat' dir='ltr'><strong>ipto</strong></span> <span class='ocrx_word' id='word_1_764' title='bbox 573 5299 820 5368; x_wconf 84' lang='lat' dir='ltr'><strong>spiritum</strong></span> <span class='ocrx_word' id='word_1_765' title='bbox 853 5303 1118 5364; x_wconf 88' lang='lat' dir='ltr'><strong>continet,</strong></span> <span class='ocrx_word' id='word_1_766' title='bbox 1149 5315 1200 5357; x_wconf 92' lang='lat' dir='ltr'><strong>et</strong></span> <span class='ocrx_word' id='word_1_767' title='bbox 1251 5321 1315 5359; x_wconf 89' lang='lat' dir='ltr'><strong>ex</strong></span> <span class='ocrx_word' id='word_1_768' title='bbox 1341 5305 1548 5364; x_wconf 91' lang='lat' dir='ltr'><strong>intimis</strong></span> <span class='ocrx_word' id='word_1_769' title='bbox 1587 5309 1890 5367; x_wconf 75' lang='lat' dir='ltr'><strong>visceribus</strong></span> <span class='ocrx_word' id='word_1_770' title='bbox 1930 5316 1998 5370; x_wconf 87' lang='lat' dir='ltr'><strong>ad</strong></span> 
     </span>
    </p>
   </div>
   <div class='ocr_carea' id='block_1_97' title="bbox 415 5393 1993 5477">
    <p class='ocr_par' dir='ltr' id='par_1_97' title="bbox 415 5393 1993 5477">
     <span class='ocr_line' id='line_1_97' title="bbox 415 5393 1993 5477; baseline 0.011 -35"><span class='ocrx_word' id='word_1_771' title='bbox 415 5393 686 5446; x_wconf 69' lang='lat' dir='ltr'><strong>exteriora</strong></span> <span class='ocrx_word' id='word_1_772' title='bbox 713 5393 1009 5461; x_wconf 76' lang='lat' dir='ltr'><strong>profundit.</strong></span> <span class='ocrx_word' id='word_1_773' title='bbox 1044 5395 1254 5451; x_wconf 85' lang='lat' dir='ltr'><strong>idcirco</strong></span> <span class='ocrx_word' id='word_1_774' title='bbox 1278 5399 1420 5452; x_wconf 90' lang='lat' dir='ltr'><strong>enim</strong></span> <span class='ocrx_word' id='word_1_775' title='bbox 1454 5409 1507 5454; x_wconf 90' lang='lat' dir='ltr'><strong>et</strong></span> <span class='ocrx_word' id='word_1_776' title='bbox 1535 5406 1892 5473; x_wconf 87' lang='lat' dir='ltr'><strong>corporaliter</strong></span> <span class='ocrx_word' id='word_1_777' title='bbox 1913 5409 1993 5477; x_wconf 82' lang='lat' dir='ltr'><strong>ip-</strong></span> 
     </span>
    </p>
   </div>
   <div class='ocr_carea' id='block_1_98' title="bbox 415 5483 1993 5562">
    <p class='ocr_par' dir='ltr' id='par_1_98' title="bbox 415 5483 1993 5562">
     <span class='ocr_line' id='line_1_98' title="bbox 415 5483 1993 5562; baseline 0.015 -32"><span class='ocrx_word' id='word_1_778' title='bbox 415 5497 533 5531; x_wconf 75' lang='lat' dir='ltr'><strong>sum</strong></span> <span class='ocrx_word' id='word_1_779' title='bbox 569 5483 861 5538; x_wconf 61' lang='lat' dir='ltr'><strong>insutllavit</strong></span> <span class='ocrx_word' id='word_1_780' title='bbox 900 5484 1176 5549; x_wconf 73' lang='lat' dir='ltr'><strong>Christus,</strong></span> <span class='ocrx_word' id='word_1_781' title='bbox 1230 5501 1286 5541; x_wconf 89' lang='lat' dir='ltr'><strong>ut</strong></span> <span class='ocrx_word' id='word_1_782' title='bbox 1323 5491 1653 5557; x_wconf 86' lang='lat' dir='ltr'><strong>ostenderet,</strong></span> <span class='ocrx_word' id='word_1_783' title='bbox 1689 5497 1813 5562; x_wconf 90' lang='lat' dir='ltr'><strong>quia</strong></span> <span class='ocrx_word' id='word_1_784' title='bbox 1851 5499 1993 5553; x_wconf 89' lang='lat' dir='ltr'><strong>sicut</strong></span> 
     </span>
    </p>
   </div>
   <div class='ocr_carea' id='block_1_99' title="bbox 410 5575 1988 5656">
    <p class='ocr_par' dir='ltr' id='par_1_99' title="bbox 410 5575 1988 5656">
     <span class='ocr_line' id='line_1_99' title="bbox 410 5575 1988 5656; baseline 0.013 -32"><span class='ocrx_word' id='word_1_785' title='bbox 410 5587 473 5624; x_wconf 69' lang='lat' dir='ltr'><strong>ei</strong></span> <span class='ocrx_word' id='word_1_786' title='bbox 510 5575 745 5628; x_wconf 81' lang='lat' dir='ltr'><strong>humano</strong></span> <span class='ocrx_word' id='word_1_787' title='bbox 776 5593 874 5631; x_wconf 88' lang='lat' dir='ltr'><strong>ore</strong></span> <span class='ocrx_word' id='word_1_788' title='bbox 909 5581 1266 5645; x_wconf 84' lang='lat' dir='ltr'><strong>corporaliter</strong></span> <span class='ocrx_word' id='word_1_789' title='bbox 1323 5586 1566 5648; x_wconf 82' lang='lat' dir='ltr'><strong>procedit</strong></span> <span class='ocrx_word' id='word_1_790' title='bbox 1614 5587 1879 5656; x_wconf 87' lang='lat' dir='ltr'><strong>spiritus:</strong></span> <span class='ocrx_word' id='word_1_791' title='bbox 1915 5591 1988 5645; x_wconf 84' lang='lat' dir='ltr'><strong>ita</strong></span> 
     </span>
    </p>
   </div>
   <div class='ocr_carea' id='block_1_100' title="bbox 481 5687 1508 5758">
    <p class='ocr_par' dir='ltr' id='par_1_100' title="bbox 481 5687 1508 5758">
     <span class='ocr_line' id='line_1_100' title="bbox 481 5687 1508 5758; baseline 0.014 -21"><span class='ocrx_word' id='word_1_792' title='bbox 481 5687 523 5715; x_wconf 74' lang='lat'>“</span> <span class='ocrx_word' id='word_1_793' title='bbox 566 5687 694 5740; x_wconf 73' lang='lat' dir='ltr'><strong>Luc.</strong></span> <span class='ocrx_word' id='word_1_794' title='bbox 730 5705 799 5749; x_wconf 68' lang='grc' dir='ltr'><strong>τι.</strong></span> <span class='ocrx_word' id='word_1_795' title='bbox 835 5695 918 5748; x_wconf 78' lang='grc'><strong>19.</strong></span> <span class='ocrx_word' id='word_1_796' title='bbox 1001 5696 1042 5725; x_wconf 71' lang='grc'><strong>⁸⁵</strong></span> <span class='ocrx_word' id='word_1_797' title='bbox 1078 5696 1264 5748; x_wconf 65' lang='grc' dir='ltr'><strong>Μειιιι.</strong></span> <span class='ocrx_word' id='word_1_798' title='bbox 1302 5713 1395 5758; x_wconf 83' lang='lat' dir='ltr'><strong>xit,</strong></span> <span class='ocrx_word' id='word_1_799' title='bbox 1420 5699 1508 5752; x_wconf 71' lang='lat'><strong>9.8.</strong></span> 
     </span>
    </p>
   </div>
   <div class='ocr_carea' id='block_1_101' title="bbox 407 5758 1480 5829">
    <p class='ocr_par' dir='ltr' id='par_1_101' title="bbox 407 5758 1480 5829">
     <span class='ocr_line' id='line_1_101' title="bbox 407 5758 1480 5829; baseline 0.031 -41"><span class='ocrx_word' id='word_1_800' title='bbox 407 5759 475 5790; x_wconf 69' lang='lat' dir='ltr'><strong>at.</strong></span> <span class='ocrx_word' id='word_1_801' title='bbox 509 5758 524 5786; x_wconf 71' lang='grc' dir='ltr'>ε</span> <span class='ocrx_word' id='word_1_802' title='bbox 554 5760 706 5812; x_wconf 43' lang='lat' dir='ltr'><strong>god&quot;.</strong></span> <span class='ocrx_word' id='word_1_803' title='bbox 745 5777 830 5829; x_wconf 54' lang='lat' dir='ltr'><strong>xx,</strong></span> <span class='ocrx_word' id='word_1_804' title='bbox 869 5767 956 5819; x_wconf 57' lang='grc' dir='ltr'><strong>ἥ,</strong></span> <span class='ocrx_word' id='word_1_805' title='bbox 1033 5767 1076 5798; x_wconf 84' lang='grc'><strong><em>⁶⁹</em></strong></span> <span class='ocrx_word' id='word_1_806' title='bbox 1102 5765 1233 5819; x_wconf 66' lang='lat' dir='ltr'><strong>Joatt</strong></span> <span class='ocrx_word' id='word_1_807' title='bbox 1287 5784 1341 5821; x_wconf 85' lang='lat' dir='ltr'><strong>tu</strong></span> <span class='ocrx_word' id='word_1_808' title='bbox 1395 5770 1480 5823; x_wconf 74' lang='grc'><strong>51.</strong></span> 
     </span>
    </p>
   </div>
   <div class='ocr_carea' id='block_1_102' title="bbox 1588 5703 3127 5784">
    <p class='ocr_par' dir='ltr' id='par_1_102' title="bbox 1588 5703 3127 5784">
     <span class='ocr_line' id='line_1_102' title="bbox 1588 5703 3127 5784; baseline -0.003 -25"><span class='ocrx_word' id='word_1_809' title='bbox 1588 5703 1632 5736; x_wconf 85' lang='grc'><strong>⁵⁸</strong></span> <span class='ocrx_word' id='word_1_810' title='bbox 1663 5704 1820 5761; x_wconf 80' lang='lat' dir='ltr'><strong>Joan.</strong></span> <span class='ocrx_word' id='word_1_811' title='bbox 1851 5725 1961 5771; x_wconf 73' lang='lat' dir='ltr'><strong>Xtv,</strong></span> <span class='ocrx_word' id='word_1_812' title='bbox 2010 5710 2087 5763; x_wconf 83' lang='lat' dir='ltr'><strong>l6.</strong></span> <span class='ocrx_word' id='word_1_813' title='bbox 2155 5715 2196 5744; x_wconf 85' lang='lat'><strong>&quot;</strong></span> <span class='ocrx_word' id='word_1_814' title='bbox 2236 5714 2253 5768; x_wconf 75' lang='grc' dir='ltr'>Ι</span> <span class='ocrx_word' id='word_1_815' title='bbox 2291 5716 2410 5770; x_wconf 65' lang='grc' dir='ltr'><strong>(ζων,</strong></span> <span class='ocrx_word' id='word_1_816' title='bbox 2448 5736 2496 5778; x_wconf 50' lang='grc' dir='ltr'><strong>χ,</strong></span> <span class='ocrx_word' id='word_1_817' title='bbox 2535 5721 2583 5772; x_wconf 64' lang='grc'><strong>4,</strong></span> <span class='ocrx_word' id='word_1_818' title='bbox 2662 5721 2915 5779; x_wconf 48' lang='grc' dir='ltr'><strong>δικαίη),</strong></span> <span class='ocrx_word' id='word_1_819' title='bbox 2950 5742 3000 5784; x_wconf 50' lang='grc' dir='ltr'><strong>χ’</strong></span> <span class='ocrx_word' id='word_1_820' title='bbox 3040 5727 3127 5780; x_wconf 46' lang='grc' dir='ltr'><strong>ετ.</strong></span> 
     </span>
    </p>
   </div>
   <div class='ocr_carea' id='block_1_103' title="bbox 2115 4561 3696 4647">
    <p class='ocr_par' dir='ltr' id='par_1_103' title="bbox 2115 4561 3696 4647">
     <span class='ocr_line' id='line_1_103' title="bbox 2115 4561 3696 4647; baseline 0.011 -33"><span class='ocrx_word' id='word_1_821' title='bbox 2115 4581 2134 4614; x_wconf 74' lang='grc' dir='ltr'>ι</span> <span class='ocrx_word' id='word_1_822' title='bbox 2166 4561 2394 4617; x_wconf 77' lang='lat' dir='ltr'><strong>Peccato</strong></span> <span class='ocrx_word' id='word_1_823' title='bbox 2438 4565 2725 4621; x_wconf 77' lang='lat' dir='ltr'><strong>absolvens</strong></span> <span class='ocrx_word' id='word_1_824' title='bbox 2761 4582 2904 4633; x_wconf 91' lang='lat' dir='ltr'><strong>eum,</strong></span> <span class='ocrx_word' id='word_1_825' title='bbox 2929 4572 3019 4636; x_wconf 87' lang='lat' dir='ltr'><strong>qui</strong></span> <span class='ocrx_word' id='word_1_826' title='bbox 3052 4573 3153 4626; x_wconf 89' lang='lat' dir='ltr'><strong>sibi</strong></span> <span class='ocrx_word' id='word_1_827' title='bbox 3190 4575 3428 4630; x_wconf 71' lang='lat' dir='ltr'><strong>colitcret</strong></span> <span class='ocrx_word' id='word_1_828' title='bbox 3475 4581 3696 4647; x_wconf 88' lang='lat' dir='ltr'><strong>proprio</strong></span> 
     </span>
    </p>
   </div>
   <div class='ocr_carea' id='block_1_104' title="bbox 2111 4655 3692 4736">
    <p class='ocr_par' dir='ltr' id='par_1_104' title="bbox 2111 4655 3692 4736">
     <span class='ocr_line' id='line_1_104' title="bbox 2111 4655 3692 4736; baseline 0.013 -29"><span class='ocrx_word' id='word_1_829' title='bbox 2111 4657 2317 4726; x_wconf 88' lang='lat' dir='ltr'><strong>iuungit</strong></span> <span class='ocrx_word' id='word_1_830' title='bbox 2347 4655 2575 4726; x_wconf 88' lang='lat' dir='ltr'><strong>Spiritu,</strong></span> <span class='ocrx_word' id='word_1_831' title='bbox 2604 4675 2764 4729; x_wconf 90' lang='lat' dir='ltr'><strong>quem</strong></span> <span class='ocrx_word' id='word_1_832' title='bbox 2799 4661 3042 4718; x_wconf 89' lang='lat' dir='ltr'><strong>immittit</strong></span> <span class='ocrx_word' id='word_1_833' title='bbox 3075 4667 3192 4735; x_wconf 89' lang='lat' dir='ltr'><strong>ipse</strong></span> <span class='ocrx_word' id='word_1_834' title='bbox 3225 4669 3470 4736; x_wconf 78' lang='lat' dir='ltr'><strong>quidem,</strong></span> <span class='ocrx_word' id='word_1_835' title='bbox 3530 4684 3587 4725; x_wconf 92' lang='lat' dir='ltr'><strong>ut</strong></span> <span class='ocrx_word' id='word_1_836' title='bbox 3628 4690 3692 4728; x_wconf 89' lang='lat' dir='ltr'><strong>ex</strong></span> 
     </span>
    </p>
   </div>
   <div class='ocr_carea' id='block_1_105' title="bbox 2113 4747 3694 4830">
    <p class='ocr_par' dir='ltr' id='par_1_105' title="bbox 2113 4747 3694 4830">
     <span class='ocr_line' id='line_1_105' title="bbox 2113 4747 3694 4830; baseline 0.012 -31"><span class='ocrx_word' id='word_1_837' title='bbox 2113 4748 2218 4802; x_wconf 77' lang='lat' dir='ltr'><strong>Deo</strong></span> <span class='ocrx_word' id='word_1_838' title='bbox 2237 4747 2398 4802; x_wconf 82' lang='lat' dir='ltr'><strong>Patre</strong></span> <span class='ocrx_word' id='word_1_839' title='bbox 2431 4748 2689 4815; x_wconf 74' lang='lat' dir='ltr'><strong>Verbum,</strong></span> <span class='ocrx_word' id='word_1_840' title='bbox 2726 4762 2890 4822; x_wconf 86' lang='lat' dir='ltr'><strong>atque</strong></span> <span class='ocrx_word' id='word_1_841' title='bbox 2925 4771 2988 4809; x_wconf 83' lang='lat' dir='ltr'><strong>ex</strong></span> <span class='ocrx_word' id='word_1_842' title='bbox 3029 4760 3243 4827; x_wconf 89' lang='lat' dir='ltr'><strong>propria</strong></span> <span class='ocrx_word' id='word_1_843' title='bbox 3284 4764 3440 4816; x_wconf 89' lang='lat' dir='ltr'><strong>nobis</strong></span> <span class='ocrx_word' id='word_1_844' title='bbox 3469 4764 3694 4830; x_wconf 77' lang='lat' dir='ltr'><strong>proruu—</strong></span> 
     </span>
    </p>
   </div>
   <div class='ocr_carea' id='block_1_106' title="bbox 2104 4839 3692 4920">
    <p class='ocr_par' dir='ltr' id='par_1_106' title="bbox 2104 4839 3692 4920">
     <span class='ocr_line' id='line_1_106' title="bbox 2104 4839 3692 4920; baseline 0.009 -28"><span class='ocrx_word' id='word_1_845' title='bbox 2104 4839 2181 4892; x_wconf 92' lang='lat' dir='ltr'><strong>dit</strong></span> <span class='ocrx_word' id='word_1_846' title='bbox 2206 4851 2420 4894; x_wconf 90' lang='lat' dir='ltr'><strong>natura.</strong></span> <span class='ocrx_word' id='word_1_847' title='bbox 2448 4839 2800 4896; x_wconf 87' lang='lat' dir='ltr'><strong>Communem</strong></span> <span class='ocrx_word' id='word_1_848' title='bbox 2833 4859 2984 4909; x_wconf 84' lang='lat' dir='ltr'><strong>vero,</strong></span> <span class='ocrx_word' id='word_1_849' title='bbox 3024 4856 3277 4915; x_wconf 89' lang='lat' dir='ltr'><strong>tanquam</strong></span> <span class='ocrx_word' id='word_1_850' title='bbox 3312 4865 3426 4905; x_wconf 89' lang='lat' dir='ltr'><strong>rem</strong></span> <span class='ocrx_word' id='word_1_851' title='bbox 3469 4854 3692 4920; x_wconf 77' lang='lat' dir='ltr'><strong>dispen-</strong></span> 
     </span>
    </p>
   </div>
   <div class='ocr_carea' id='block_1_107' title="bbox 2098 4933 3692 5004">
    <p class='ocr_par' dir='ltr' id='par_1_107' title="bbox 2098 4933 3692 5004">
     <span class='ocr_line' id='line_1_107' title="bbox 2098 4933 3692 5004; baseline 0.008 -18"><span class='ocrx_word' id='word_1_852' title='bbox 2098 4933 2295 4986; x_wconf 88' lang='lat' dir='ltr'><strong>sationi</strong></span> <span class='ocrx_word' id='word_1_853' title='bbox 2347 4935 2527 4988; x_wconf 85' lang='lat' dir='ltr'><strong>carnis</strong></span> <span class='ocrx_word' id='word_1_854' title='bbox 2579 4935 2896 5004; x_wconf 86' lang='lat' dir='ltr'><strong>adjuugens,</strong></span> <span class='ocrx_word' id='word_1_855' title='bbox 2962 4950 3014 4993; x_wconf 89' lang='lat' dir='ltr'><strong>et</strong></span> <span class='ocrx_word' id='word_1_856' title='bbox 3048 4950 3104 4992; x_wconf 92' lang='lat' dir='ltr'><strong>ut</strong></span> <span class='ocrx_word' id='word_1_857' title='bbox 3154 4941 3314 4996; x_wconf 86' lang='lat' dir='ltr'><strong>homo</strong></span> <span class='ocrx_word' id='word_1_858' title='bbox 3375 4945 3692 4999; x_wconf 75' lang='lat' dir='ltr'><strong>insumabat</strong></span> 
     </span>
    </p>
   </div>
   <div class='ocr_carea' id='block_1_108' title="bbox 2096 5025 3686 5104">
    <p class='ocr_par' dir='ltr' id='par_1_108' title="bbox 2096 5025 3686 5104">
     <span class='ocr_line' id='line_1_108' title="bbox 2096 5025 3686 5104; baseline 0.009 -26"><span class='ocrx_word' id='word_1_859' title='bbox 2096 5025 2472 5092; x_wconf 86' lang='lat' dir='ltr'><strong>corporaliter.</strong></span> <span class='ocrx_word' id='word_1_860' title='bbox 2499 5027 2794 5081; x_wconf 80' lang='lat' dir='ltr'><strong>lnsutilavit</strong></span> <span class='ocrx_word' id='word_1_861' title='bbox 2815 5031 2982 5093; x_wconf 88' lang='lat' dir='ltr'><strong>enim,</strong></span> <span class='ocrx_word' id='word_1_862' title='bbox 3015 5043 3065 5085; x_wconf 90' lang='lat' dir='ltr'><strong>et</strong></span> <span class='ocrx_word' id='word_1_863' title='bbox 3087 5033 3261 5086; x_wconf 88' lang='lat' dir='ltr'><strong>dixit:</strong></span> <span class='ocrx_word' id='word_1_864' title='bbox 3299 5036 3529 5104; x_wconf 80' lang='lat' dir='ltr'><strong>Accipite</strong></span> <span class='ocrx_word' id='word_1_865' title='bbox 3559 5037 3686 5104; x_wconf 83' lang='lat' dir='ltr'><strong>Spi-</strong></span> 
     </span>
    </p>
   </div>
   <div class='ocr_carea' id='block_1_109' title="bbox 2096 5118 3687 5186">
    <p class='ocr_par' dir='ltr' id='par_1_109' title="bbox 2096 5118 3687 5186">
     <span class='ocr_line' id='line_1_109' title="bbox 2096 5118 3687 5186; baseline 0.011 -18"><span class='ocrx_word' id='word_1_866' title='bbox 2096 5118 2253 5168; x_wconf 83' lang='lat' dir='ltr'><strong>ritum</strong></span> <span class='ocrx_word' id='word_1_867' title='bbox 2301 5128 2540 5171; x_wconf 77' lang='lat' dir='ltr'><strong>sauctum</strong></span> <span class='ocrx_word' id='word_1_868' title='bbox 2563 5121 2703 5174; x_wconf 74' lang='lat'><strong>“&#39;&quot;.</strong></span> <span class='ocrx_word' id='word_1_869' title='bbox 2730 5118 2793 5174; x_wconf 84' lang='lat' dir='ltr'><strong>Et</strong></span> <span class='ocrx_word' id='word_1_870' title='bbox 2836 5121 2993 5176; x_wconf 84' lang='lat' dir='ltr'><strong>:Nou</strong></span> <span class='ocrx_word' id='word_1_871' title='bbox 3010 5123 3078 5176; x_wconf 84' lang='lat' dir='ltr'><strong>ad</strong></span> <span class='ocrx_word' id='word_1_872' title='bbox 3099 5141 3396 5179; x_wconf 77' lang='lat' dir='ltr'><strong>mensuram</strong></span> <span class='ocrx_word' id='word_1_873' title='bbox 3421 5131 3517 5182; x_wconf 90' lang='lat' dir='ltr'><strong>dat</strong></span> <span class='ocrx_word' id='word_1_874' title='bbox 3548 5131 3687 5186; x_wconf 72' lang='lat' dir='ltr'><strong>Deus</strong></span> 
     </span>
    </p>
   </div>
   <div class='ocr_carea' id='block_1_110' title="bbox 2093 5208 3684 5288">
    <p class='ocr_par' dir='ltr' id='par_1_110' title="bbox 2093 5208 3684 5288">
     <span class='ocr_line' id='line_1_110' title="bbox 2093 5208 3684 5288; baseline 0.009 -26"><span class='ocrx_word' id='word_1_875' title='bbox 2093 5208 2544 5280; x_wconf 78' lang='lat' dir='ltr'><strong>Spiritum,juxta</strong></span> <span class='ocrx_word' id='word_1_876' title='bbox 2600 5211 2822 5269; x_wconf 87' lang='lat' dir='ltr'><strong>Joannis</strong></span> <span class='ocrx_word' id='word_1_877' title='bbox 2847 5231 3030 5270; x_wconf 84' lang='lat' dir='ltr'><strong>vocem</strong></span> <span class='ocrx_word' id='word_1_878' title='bbox 3049 5218 3132 5282; x_wconf 64' lang='lat'><strong>5°;</strong></span> <span class='ocrx_word' id='word_1_879' title='bbox 3168 5220 3259 5273; x_wconf 89' lang='lat' dir='ltr'><strong>sed</strong></span> <span class='ocrx_word' id='word_1_880' title='bbox 3290 5220 3405 5288; x_wconf 90' lang='lat' dir='ltr'><strong>ipse</strong></span> <span class='ocrx_word' id='word_1_881' title='bbox 3439 5223 3684 5278; x_wconf 89' lang='lat' dir='ltr'><strong>itumittit</strong></span> 
     </span>
    </p>
   </div>
   <div class='ocr_carea' id='block_1_111' title="bbox 2101 5299 3702 5368">
    <p class='ocr_par' dir='ltr' id='par_1_111' title="bbox 2101 5299 3702 5368">
     <span class='ocr_line' id='line_1_111' title="bbox 2101 5299 3702 5368; baseline 0.007 -16"><span class='ocrx_word' id='word_1_882' title='bbox 2101 5315 2166 5352; x_wconf 76' lang='lat' dir='ltr'><strong>ex</strong></span> <span class='ocrx_word' id='word_1_883' title='bbox 2206 5301 2405 5368; x_wconf 88' lang='lat' dir='ltr'><strong>seipso,</strong></span> <span class='ocrx_word' id='word_1_884' title='bbox 2444 5302 2602 5356; x_wconf 91' lang='lat' dir='ltr'><strong>sicuti</strong></span> <span class='ocrx_word' id='word_1_885' title='bbox 2636 5303 2883 5358; x_wconf 70' lang='lat' dir='ltr'><strong>videlicet</strong></span> <span class='ocrx_word' id='word_1_886' title='bbox 2909 5319 2963 5359; x_wconf 86' lang='lat' dir='ltr'><strong>et</strong></span> <span class='ocrx_word' id='word_1_887' title='bbox 2986 5305 3164 5360; x_wconf 80' lang='lat' dir='ltr'><strong>Pater.</strong></span> <span class='ocrx_word' id='word_1_888' title='bbox 3199 5327 3219 5360; x_wconf 75' lang='grc' dir='ltr'><strong><em>ι</em></strong></span> <span class='ocrx_word' id='word_1_889' title='bbox 3688 5299 3702 5309; x_wconf 71' lang='grc'><strong>“</strong></span> 
     </span>
    </p>
   </div>
   <div class='ocr_carea' id='block_1_112' title="bbox 2183 5400 3683 5497">
    <p class='ocr_par' dir='ltr' id='par_1_112' title="bbox 2183 5400 3683 5497">
     <span class='ocr_line' id='line_1_112' title="bbox 2183 5400 3683 5497; baseline 0.014 -30"><span class='ocrx_word' id='word_1_890' title='bbox 2183 5414 2240 5468; x_wconf 87' lang='lat' dir='ltr'><strong>In</strong></span> <span class='ocrx_word' id='word_1_891' title='bbox 2297 5415 2463 5486; x_wconf 85' lang='lat' dir='ltr'><strong>gestis</strong></span> <span class='ocrx_word' id='word_1_892' title='bbox 2497 5418 2623 5472; x_wconf 90' lang='lat' dir='ltr'><strong>item</strong></span> <span class='ocrx_word' id='word_1_893' title='bbox 2679 5420 2866 5488; x_wconf 78' lang='lat' dir='ltr'><strong>prima:</strong></span> <span class='ocrx_word' id='word_1_894' title='bbox 2917 5421 2969 5475; x_wconf 92' lang='lat' dir='ltr'><strong>in</strong></span> <span class='ocrx_word' id='word_1_895' title='bbox 3012 5422 3188 5479; x_wconf 69' lang='lat' dir='ltr'><strong>Nicma</strong></span> <span class='ocrx_word' id='word_1_896' title='bbox 3240 5400 3467 5497; x_wconf 58' lang='lat' dir='ltr'><strong>synodi:</strong></span> <span class='ocrx_word' id='word_1_897' title='bbox 3513 5429 3569 5484; x_wconf 91' lang='lat' dir='ltr'><strong>in</strong></span> <span class='ocrx_word' id='word_1_898' title='bbox 3598 5432 3683 5488; x_wconf 92' lang='lat' dir='ltr'><strong>his</strong></span> 
     </span>
    </p>
   </div>
   <div class='ocr_carea' id='block_1_113' title="bbox 2098 5507 3677 5586">
    <p class='ocr_par' dir='ltr' id='par_1_113' title="bbox 2098 5507 3677 5586">
     <span class='ocr_line' id='line_1_113' title="bbox 2098 5507 3677 5586; baseline 0.014 -32"><span class='ocrx_word' id='word_1_899' title='bbox 2098 5520 2218 5572; x_wconf 73' lang='lat' dir='ltr'><strong>qua:</strong></span> <span class='ocrx_word' id='word_1_900' title='bbox 2274 5507 2526 5563; x_wconf 89' lang='lat' dir='ltr'><strong>dixerunt</strong></span> <span class='ocrx_word' id='word_1_901' title='bbox 2553 5507 2747 5566; x_wconf 89' lang='lat' dir='ltr'><strong>Patres</strong></span> <span class='ocrx_word' id='word_1_902' title='bbox 2773 5526 2869 5581; x_wconf 87' lang='lat' dir='ltr'><strong>per</strong></span> <span class='ocrx_word' id='word_1_903' title='bbox 2895 5515 3207 5584; x_wconf 89' lang='lat' dir='ltr'><strong>cpisc0pum</strong></span> <span class='ocrx_word' id='word_1_904' title='bbox 3231 5517 3568 5586; x_wconf 44' lang='lat' dir='ltr'><strong>.Leontium,</strong></span> <span class='ocrx_word' id='word_1_905' title='bbox 3605 5524 3677 5576; x_wconf 84' lang='lat' dir='ltr'><strong>ita</strong></span> 
     </span>
    </p>
   </div>
   <div class='ocr_carea' id='block_1_114' title="bbox 2097 5597 3677 5681">
    <p class='ocr_par' dir='ltr' id='par_1_114' title="bbox 2097 5597 3677 5681">
     <span class='ocr_line' id='line_1_114' title="bbox 2097 5597 3677 5681; baseline 0.013 -35"><span class='ocrx_word' id='word_1_906' title='bbox 2097 5597 2364 5653; x_wconf 85' lang='lat' dir='ltr'><strong>habetur:</strong></span> <span class='ocrx_word' id='word_1_907' title='bbox 2404 5619 2423 5652; x_wconf 71' lang='grc' dir='ltr'><strong><em>ι</em></strong></span> <span class='ocrx_word' id='word_1_908' title='bbox 2456 5600 2710 5658; x_wconf 72' lang='lat' dir='ltr'><strong>Inventus</strong></span> <span class='ocrx_word' id='word_1_909' title='bbox 2727 5616 2809 5659; x_wconf 89' lang='lat' dir='ltr'><strong>est</strong></span> <span class='ocrx_word' id='word_1_910' title='bbox 2841 5605 3098 5676; x_wconf 90' lang='lat' dir='ltr'><strong>Spiritus,</strong></span> <span class='ocrx_word' id='word_1_911' title='bbox 3125 5613 3423 5676; x_wconf 84' lang='lat' dir='ltr'><strong>procedens</strong></span> <span class='ocrx_word' id='word_1_912' title='bbox 3451 5616 3677 5681; x_wconf 83' lang='lat' dir='ltr'><strong>quidem</strong></span> 
     </span>
    </p>
   </div>
   <div class='ocr_carea' id='block_1_115' title="bbox 3244 5725 3669 5795">
    <p class='ocr_par' dir='ltr' id='par_1_115' title="bbox 3244 5725 3669 5795">
     <span class='ocr_line' id='line_1_115' title="bbox 3244 5725 3669 5795; baseline 0.014 -15"><span class='ocrx_word' id='word_1_913' title='bbox 3244 5728 3287 5758; x_wconf 80' lang='grc'><strong>⁸³</strong></span> <span class='ocrx_word' id='word_1_914' title='bbox 3321 5725 3456 5784; x_wconf 64' lang='grc' dir='ltr'><strong>Ῐοςὶ.</strong></span> <span class='ocrx_word' id='word_1_915' title='bbox 3493 5747 3551 5795; x_wconf 85' lang='lat' dir='ltr'><strong>It,</strong></span> <span class='ocrx_word' id='word_1_916' title='bbox 3581 5735 3669 5791; x_wconf 74' lang='lat'><strong>‘28.</strong></span> 
     </span>
    </p>
   </div>
  </div>
