4010 6572
296 508 370 570 εγ
850 471 858 477 ’
1426 498 1883 560 AprEasUSt

1996 499 2179 557 ECUS
2220 500 2264 558 L
2277 500 2368 562 lB.
2415 500 2494 559 il.
3493 493 3560 556 93

291 620 559 679 mpure,
581 614 832 684 proprius
856 621 1032 664 autem
1053 607 1195 673 Filii,
1215 616 1372 677 atque
1392 622 1455 662 es
1480 608 1598 676 ipso
1620 620 1897 660 manans.»
1931 610 1979 666 Α
2010 609 2224 680 pionem
2263 625 2276 661 :
2315 607 2460 662 Unus
2505 607 2642 662 enim
2665 649 2680 677 ,
2711 607 2906 679 inquit,
2940 605 3135 674 Filius,
3165 624 3281 661 eum
3308 610 3375 662 sit
3397 612 3568 664 vivens

361 707 594 774 stagnans
636 718 852 772 quoque
903 700 1235 755 Athanasius
1275 696 1328 750 in
1363 696 1502 750 libro
1521 695 1595 750 De
1613 697 1886 761 dispensa-

290 805 434 851 tione
461 797 870 856 incarnationis,
905 793 1060 861 cujus
1110 790 1321 844 initium
1354 802 1438 844 est
1468 807 1481 842 :
1516 787 1619 854 Qui
1653 804 1888 858 peruerse

289 890 502 940 divinas
530 887 839 954 Scripturus
873 883 1044 936 colunt
1071 880 1359 950 intelligere
1391 919 1405 942 ,
1448 899 1464 930 ‹
1510 879 1650 948 Ipse,
1691 879 1884 948 inquit,

287 996 418 1031 eum
469 994 708 1046 superne
749 975 892 1028 inisit
943 975 1100 1031 Deus,
1151 987 1202 1025 et
1250 975 1363 1040 ipse
1403 987 1522 1025 eum
1561 972 1784 1024 inferius
1829 979 1888 1023 ut

291 1072 459 1123 lmtttu
496 1069 758 1136 suscepit.
811 1066 885 1119 Et
923 1070 1036 1134 ipso
1065 1066 1230 1133 igitur
1263 1066 1314 1116 in
1367 1079 1542 1132 ipsum
1605 1061 1886 1116 descendit

287 1178 356 1214 ex
394 1163 598 1214 deitate
636 1164 703 1213 in.
733 1160 1127 1211 humanitatem
1182 1155 1319 1223 ejus.
1353 1175 1371 1206 ι
1401 1155 1636 1209 Sanctus
1665 1168 1886 1223 Quoque

286 1254 742 1323 Cliiysustomus,
777 1251 829 1303 in
874 1263 1125 1303 sermone
1178 1249 1242 1300 de
1296 1247 1638 1300 humanitate
1670 1247 1885 1298 Domini

289 1343 473 1394 nostri
534 1340 692 1394 Jesus
737 1339 963 1402 CitIlSli,
1012 1336 1167 1405 cujus
1191 1336 1406 1389 initium
1461 1344 1589 1390 est:
1632 1332 1760 1387 Vere
1789 1350 1884 1403 ap-

283 1434 478 1502 par-uit
531 1433 678 1485 nobis
738 1430 912 1500 gratia
966 1429 1058 1481 Dei
1098 1468 1112 1492 ,
1160 1447 1177 1478 ‹
1243 1425 1423 1492 Venit,
1469 1427 1661 1495 inquit,
1693 1431 1757 1478 ad
1787 1441 1884 1479 nos

290 1528 580 1590 Christus,
609 1523 757 1578 dedit
782 1523 937 1576 nobis
962 1520 1224 1590 Spiritum
1246 1535 1309 1574 ex
1329 1533 1387 1573 se
1418 1529 1748 1576 manantem.
1785 1533 1882 1570 no-

291 1628 592 1685 strumque
624 1617 864 1683 suscepit
895 1627 1110 1680 corpus.
1160 1628 1179 1660 ι

368 1710 517 1762 Ideni
571 1708 623 1760 in
671 1721 944 1769 sermone,
989 1707 1082 1772 qui
1135 1703 1452 1757 inscribitur
1503 1701 1874 1771 Προφυὶακτι-

291 1801 392 1853 κδν
429 1817 537 1866 quo
572 1799 783 1852 scilicet
817 1797 1077 1850 adversus
1125 1797 1355 1850 ὕδει-ρεαδ
1419 1795 1600 1847 lidcles
1634 1794 1885 1847 homines

289 1891 633 1962 prwmunire
669 1889 888 1956 satagit,
911 1887 1062 1953 cujus
1097 1887 1312 1938 initium
1347 1898 1427 1938 est
1464 1903 1476 1938 :
1515 1885 1780 1950 Quoniam
1812 1889 1881 1938 ad

2011 700 2254 762 Vtrbum,
2299 715 2458 753 unam
2508 715 2620 753 esse
2672 708 2870 768 oportet
2909 699 3188 769 perfectam
3241 717 3304 754 ac
3336 702 3565 769 plenam,

1994 793 2415 860 sanctiﬁcantem
2454 800 2500 843 et
2547 791 2929 844 illuminantem
2963 791 3144 855 vitam,
3187 807 3303 860 qua:
3332 792 3568 860 operatio

1993 885 2159 955 ipsius
2184 892 2230 936 et
2280 897 2470 934 munus
2532 890 2630 948 est,
2677 898 2794 949 qua:
2851 896 2916 933 ea:
2949 879 3106 934 l’atre
3155 885 3432 948 procedere
3485 883 3566 934 di-

1993 979 2150 1038 citur;
2215 973 2465 1041 quoniam
2531 989 2562 1025 a
2634 970 2794 1036 Filio,
2838 973 2924 1041 qui
2981 991 3045 1028 ex
3095 974 3260 1029 Patre
3282 992 3392 1029 esse
3445 992 3569 1030 cou-

1991 1068 2217 1127 ceditur,
2289 1065 2501 1130 emicat,
2561 1075 2606 1116 et
2669 1063 2916 1128 mittitur,
2977 1075 3028 1118 et
3081 1073 3262 1119 datur.

2064 1158 2200 1211 item
2246 1158 2295 1209 in
2356 1157 2699 1211 tonlessioue
2756 1156 2878 1210 lidei
2935 1171 3067 1222 Sua',
3127 1158 3282 1226 cujus
3348 1159 3563 1212 initium

1992 1259 2074 1303 est
2115 1265 2128 1300 :
2168 1248 2478 1316 Quicunque
2508 1249 2612 1300 vult
2656 1250 2833 1299 salvus
2881 1263 3011 1310 esse,
3047 1256 3164 1299 ante
3205 1248 3384 1301 omnia
3436 1265 3565 1315 opus

1991 1351 2089 1404 est,
2138 1353 2190 1392 ut
2233 1351 2402 1392 teneat
2443 1337 2753 1391 catholicam
2797 1338 2980 1406 ﬁdem,
3021 1338 3137 1391 ait:
3171 1337 3403 1406 Spiritus
3435 1357 3565 1393 san-

1990 1441 2104 1484 ctus
2145 1446 2210 1484 ea:
2239 1428 2397 1483 Patre
2441 1441 2486 1482 et
2532 1427 2670 1500 Filio
2700 1441 2797 1497 est,
2843 1445 2945 1484 non
2980 1430 3178 1499 factus,
3221 1448 3324 1484 non
3354 1445 3564 1486 creatus

1993 1539 2083 1576 nec
2105 1524 2328 1592 genitus,
2360 1523 2448 1574 sed
2483 1521 2788 1589 procedens.

2069 1612 2300 1667 Sanctus
2328 1611 2682 1682 Epiphanius,
2710 1613 2763 1666 in
2801 1613 2939 1666 libro
2963 1627 3084 1678 suo,
3107 1629 3266 1682 quem
3290 1613 3566 1684 inscripsit

1997 1706 2294 1759 Anc/torum
2325 1723 2337 1758 :
2377 1704 2610 1773 Spiritus
2634 1743 2650 1766 ,
2713 1705 2828 1768 ait,
2887 1707 3070 1771 incom,
3097 1707 3420 1759 rcltensibilis
3467 1719 3565 1770 est,

1947 1871 1950 1873 _
1995 1813 2096 1847 non
2148 1795 2350 1846 alienus
2402 1812 2430 1845 a
2462 1795 2624 1851 Patre
2683 1807 2732 1848 ct
2776 1794 2934 1859 Filio,
2986 1812 3147 1866 neque
3189 1798 3565 1866 conglutinatio

1985 1896 2059 1938 est
2106 1885 2285 1938 Putris
2339 1903 2400 1937 ac
2445 1884 2594 1940 Filii.
2636 1887 2696 1940 Et
2741 1898 2861 1956 post
2891 1904 3109 1956 pauca:
3148 1886 3376 1956 Spiritus
3434 1907 3562 1942 sau-

289 1990 493 2036 bonum
520 1980 683 2033 Deum
707 1985 987 2044 tendimus,
1033 1997 1050 2029 ι
1093 1977 1475 2032 Observandus
1513 1989 1567 2030 ct
1613 1979 1884 2031 cavendus
1921 1978 1961 2033 Β
1989 1985 2103 2026 ctus
2155 1991 2258 2027 non
2325 1975 2502 2028 Patris
2558 1975 2766 2043 frater,
2830 1977 2920 2029 sed
2951 1991 3014 2029 ea:
3086 1979 3265 2030 eadem
3341 1983 3566 2030 essentia

291 2074 456 2126 nobis
488 2073 614 2127 boni
647 2072 994 2124 adversarius
1027 2070 1296 2132 diabolus,
1335 2070 1429 2132 ait,
1463 2080 1515 2123 et
1561 2071 1630 2122 ita
1657 2085 1757 2124 nos
1787 2084 1881 2122 cu-

290 2165 496 2220 stodiet
521 2163 760 2231 Spiritus
790 2180 818 2214 a
843 2161 1072 2220 _Cltristo
1119 2176 1367 2223 manans,
1400 2163 1451 2213 in
1483 2161 1624 2214 dictu
1689 2161 1882 2216 futura:

290 2255 709 2326 rcdctnptimzis.
747 2272 764 2304 ι

370 2353 591 2405 Simcon
627 2364 840 2418 quoque
879 2345 1273 2415 {lictapbrasms
1331 2344 1689 2398 cmiscribcus
1753 2359 1882 2414 pas-

291 2435 712 2499 sioncmsancti
748 2439 987 2510 Dionysii
1021 2438 1380 2506 Areopagitae,
1442 2440 1514 2491 ita
1562 2437 1875 2491 inclinavit:

301 2549 324 2581 ι
387 2531 527 2584 Olim
564 2531 782 2598 quidem
809 2530 996 2596 [ἰδίη-ιε
1023 2535 1075 2579 et
1100 2526 1478 2594 aenigmatibus
1508 2527 1628 2579 ἢδεί
1682 2535 1880 2596 myste-

293 2621 382 2672 ria
449 2621 877 2682 immittebantur,
936 2628 988 2669 ct
1029 2618 1291 2692 _vcritatis
1340 2613 1503 2684 jubar
1564 2615 1877 2669 umbrarum

295 2713 448 2764 nube
480 2711 780 2779 tegebatur.
813 2708 1005 2762 l’Ostca
1071 2723 1194 2760 vero
1221 2723 1380 2774 quam
1407 2723 1658 2774 magnum
1685 2709 1878 2763 salutis

293 2812 700 2856 sacramentum
729 2803 883 2855 nobis
914 2809 1282 2869 comparatum
1317 2810 1417 2863 cst,
1445 2809 1497 2852 et
1526 2802 1569 2852 is
1591 2801 1680 2870 qui
1716 2802 1876 2856 corda

293 2907 488 2950 nostra
545 2895 897 2963 singulariter
949 2894 1124 2955 linXtt,
1182 2893 1399 2960 proprie
1427 2892 1568 2944 circa
1598 2908 1693 2946 nos
1723 2894 1877 2947 beni-

296 2988 530 3061 gnitatis
582 2987 935 3039 miseratione
973 2985 1089 3038 sine
1135 2993 1358 3053 peccato
1395 2986 1568 3036 lactus
1611 2993 1694 3036 est
1722 2984 1879 3036 simi-

297 3082 364 3133 iis
419 3078 579 3132 nobis
610 3093 625 3143 ;
662 3079 872 3144 aliaque
898 3079 1085 3139 subiit,
1113 3091 1231 3145 qua:
1258 3081 1505 3128 humana:
1538 3075 1878 3129 infirmitatis

296 3174 448 3226 Sunt,
484 3179 542 3220 ut
570 3185 668 3235 ego
697 3167 926 3235 primum
961 3164 1214 3232 recipiant
1253 3165 1610 3225 nobilitatem,
1665 3179 1728 3218 ac
1761 3166 1901 3216 ωηο·

1992 2064 2168 2118 Patris
2197 2082 2256 2117 ac
2276 2063 2426 2119 Filii.
2455 2065 2576 2136 Ipse
2604 2069 2739 2120 enim
2772 2063 3074 2137 Unigenitus
3103 2067 3279 2121 l’attis
3309 2052 3566 2137 Spiritum

1986 2162 2143 2220 dixit.
2197 2170 2348 2227 atque
2403 2177 2466 2213 ex
2512 2161 2673 2214 Patre
2725 2163 3155 2229 procedentem:
3215 2165 3353 2214 etde
3414 2177 3562 2224 meo,

1993 2253 2186 2320 inquit,
2246 2253 2505 2319 accipiet;
2580 2268 2640 2305 ne
2687 2252 2918 2305 alienant
2962 2269 2991 2304 a
3033 2249 3211 2316 Patre,
3257 2253 3384 2305 vela
3423 2251 3562 2304 Filio

1991 2345 2277 2398 existimes.
2312 2344 2374 2395 Et
2411 2353 2529 2411 post
2569 2359 2733 2412 pauca
2771 2361 2783 2396 :
2811 2341 2892 2394 Ea:
2926 2342 3084 2395 Patre
3109 2355 3156 2395 et
3190 2341 3350 2404 Filio,
3376 2348 3564 2396 tertius

1990 2434 2358 2500 appellatione.
2417 2435 2478 2487 Et
2515 2445 2634 2502 post
2689 2435 2858 2488 multa
2893 2449 2906 2486 :
2938 2436 3104 2487 Ambo
3158 2436 3211 2487 in
3243 2436 3450 2488 homine
3471 2435 3566 2504 ju-

1987 2538 2066 2578 sto
2117 2527 2435 2591 inhabitant,
2485 2525 2726 2580 Christus
2769 2539 2816 2581 et
2863 2527 3091 2595 Spiritus
3136 2529 3272 2597 ejus.
3302 2528 3360 2584 Si
3387 2541 3564 2583 autim

1987 2616 2222 2671 Christus
2252 2635 2314 2671 ea:
2349 2617 2509 2672 Patre
2539 2620 2770 2674 creditur
2812 2619 2949 2672 De!“
2988 2637 3050 2673 ex
3075 2620 3204 2684 Deo,
3247 2632 3297 2673 et
3326 2620 3560 2688 Spiritus

1989 2726 2019 2761 a
2068 2707 2298 2776 Clu-isto,
2353 2712 2460 2764 sive
2490 2709 2551 2763 ab
2600 2724 2842 2779 utroque,
2892 2720 2948 2764 ut
2992 2712 3065 2764 ait
3114 2713 3374 2774 Christus,
3411 2715 3498 2782 qui
3531 2732 3562 2764 α

1989 2795 2151 2851 Patre
2208 2801 2463 2866 procedit,
2516 2810 2565 2854 et
2622 2802 2703 2853 hic
2733 2805 2797 2855 de
2862 2819 2974 2855 meo
3023 2805 3266 2870 accipiet.
3326 2803 3391 2856 Et
3443 2816 3566 2874 post

1989 2907 2156 2948 pauca
2189 2910 2198 2945 :
2237 2892 2339 2947 Sed
2377 2898 2510 2948 dicet
2534 2895 2760 2964 aliquis:
2805 2892 2945 2964 Ergo
2973 2895 3108 2948 duos
3153 2912 3264 2950 esse
3304 2896 3445 2965 ﬁlios
3483 2901 3566 2950 ai-

1988 2988 2184 3046 cimus.’
2216 2985 2283 3038 Et
2313 2990 2573 3056 qttomodo
2624 2989 2723 3038 erit
2781 2985 3090 3055 L’itigeuitus
3114 2988 3139 3040 .9
3178 3005 3196 3038 ι
3236 2985 3310 3040 Tu
3339 2991 3454 3057 quis
3473 3007 3526 3042 es
3547 3030 3561 3052 ,

1989 3085 2077 3150 qui
2102 3083 2414 3151 respondeas
2445 3081 2546 3134 Deo
2567 3081 2658 3134 “‘i
2713 3098 2729 3130 ι
2765 3081 2828 3134 Si
2861 3080 2997 3132 enim
3029 3077 3224 3132 Filium
3259 3092 3400 3134 vocat
3424 3097 3487 3134 ea:
3511 3099 3565 3134 re

1991 3187 2195 3237 natum,
2235 3174 2489 3242 Spiritum
2522 3185 2698 3227 autem
2750 3184 3008 3234 sanctum,
3067 3174 3158 3241 qui
3220 3172 3284 3225 ab
3342 3183 3564 3241 utroque

299 3263 426 3312 dem
455 3260 637 3312 crucis
663 3259 928 3327 supplicio
961 3257 1182 3311 alii-ctus
1208 3267 1292 3311 est
1345 3265 1683 3326 mortemque
1715 3257 1882 3309 susti-

1991 3279 2063 3322 est
2097 3284 2110 3320 :
2143 3282 2260 3334 qua:
2318 3265 2487 3318 solum
2529 3265 2894 3334 intelliguntur
2927 3281 2958 3316 a
2993 3266 3214 3327 sanctis,
3245 3263 3444 3329 lucida,
3481 3263 3562 3316 lu-

298 3350 443 3402 nuit.
513 3351 576 3401 Et
617 3367 680 3400 ne
741 3347 950 3416 singula
976 3361 1321 3414 persequar:
1381 3347 1544 3398 multa
1599 3346 1742 3399 enim
1829 3348 1880 3400 in

301 3443 488 3494 uredio
518 3440 736 3495 fuerunt
765 3442 908 3506 eius
943 3439 1366 3507 dispensationis
1399 3449 1744 3490 sacramenta
1773 3454 1788 3503 ;
1821 3442 1882 3488 li-

297 3555 424 3590 nem
450 3536 570 3602 eius
601 3531 908 3602 corporalis
947 3530 1270 3584 inhabitatio
1303 3530 1537 3596 Suscepit
1565 3545 1578 3580 :
1613 3529 1882 3596 Spiritus-

294 3626 640 3698 queintboat
670 3628 865 3695 gratia,
887 3632 940 3678 et
969 3623 1020 3676 in
1045 3623 1209 3677 caelos
1233 3637 1384 3673 meus
1413 3620 1663 3675 Clu-ustus
1688 3602 1886 3687 l'ertur,

299 3733 354 3773 at
379 3735 467 3787 ,ue
525 3720 588 3772 ad
624 3729 911 3787 paternum
969 3717 1163 3769 solium
1198 3716 1360 3776 redit,
1390 3715 1886 3782 procedentemth

296 3829 361 3865 ex
386 3828 445 3866 se
481 3811 747 3880 Spiritum
793 3825 892 3878 pro
939 3801 1294 3861 informsndis
1348 3805 1657 3858 inﬁdelibus
1704 3806 1883 3874 genti-

296 3904 401 3956 bus
437 3903 719 3967 dist‘ipulis
749 3902 932 3954 mittit.
984 3918 1002 3950 ι

373 3993 613 4047 Sanctus
652 3993 979 4045 Anasntsius
1027 3989 1402 4042 Antiocbenus
1459 3985 1774 4057 patriarcha
1829 3986 1882 4041 iu

301 4087 442 4139 libro
489 4085 568 4138 De
617 4085 770 4137 rectis
825 4082 1070 4135 li'tci'esiu:
1094 4083 1444 4150 dogmatibus,
1476 4081 1553 4132 ait
1590 4095 1603 4131 :
1640 4079 1886 4148 Corporis

303 4197 423 4233 rero
453 4181 827 4247 proprietatem
878 4192 971 4243 pro
1016 4176 1246 4240 exemplo
1305 4185 1564 4225 sumentes
1586 4171 1883 4223 divinarum

302 4288 648 4339 personarum
713 4275 779 4321 ad
834 4269 1072 4332 invicem,
1097 4265 1333 4318 habitum
1395 4279 1486 4332 per
1533 4262 1882 4313 membrorum

301 4365 735 4436 pro,ortionent,
765 4377 825 4413 ac
877 4361 1285 4412 similitudinem
1339 4357 1703 4408 commendare
1734 4355 1888 4406 insti-

306 4459 525 4509 tuimus.
590 4453 694 4505 llic
751 4454 939 4505 etenim
984 4454 1200 4520 spiritus
1234 4465 1340 4502 oris
1382 4447 1495 4515 ejus
1523 4448 1564 4476 “
1591 4487 1604 4512 ,
1651 4447 1885 4499 uidelicet

309 4549 401 4602 Det
434 4549 669 4616 Spiritus
723 4558 933 4597 sanctus
976 4543 1192 4605 dicitur,
1220 4557 1333 4593 cum
1370 4558 1425 4592 os
1459 4538 1767 4608 Unigenitus
1795 4538 1887 4603 sit;

2001 3366 2183 3435 ciflua,
2235 3365 2570 3430 lncidamque
2615 3362 2943 3430 efﬁcientiam
2986 3363 3250 3417 habentia.
3308 3363 3384 3416 Ac
3443 3371 3566 3432 post

1994 3472 2162 3526 pauca
2211 3476 2224 3510 :
2275 3454 2510 3521 Spiritus
2553 3463 2769 3506 sanctus
2829 3454 3047 3520 spiritus
3082 3455 3317 3511 veritatis
3349 3468 3448 3524 est,
3477 3458 3564 3510 lu-

1992 3565 2108 3603 men
2166 3547 2380 3600 tertium
2435 3563 2465 3597 a
2525 3543 2687 3598 Patre
2735 3555 2782 3597 ct
2827 3545 2990 3600 lilio.
3056 3545 3120 3598 Et
3155 3557 3274 3614 post
3335 3564 3558 3619 panea:

1993 3634 2442 3699 Quemadmodum
2474 3634 2611 3686 enim
2639 3631 2849 3685 Patrem
2883 3650 3031 3687 nemo
3065 3637 3220 3698 novit,
3246 3639 3347 3691 nisi
3371 3637 3560 3700 Filius,

1992 3742 2152 3794 neque
2171 3723 2368 3778 Filium
2396 3725 2497 3778 nisi
2530 3723 2710 3780 Pater:
2740 3725 2816 3776 ita
2850 3726 3016 3776 audeo
3039 3725 3229 3791 dicere,
3259 3745 3417 3798 neque
3441 3730 3563 3797 Sp;-

1990 3821 2146 3873 ritum
2173 3829 2430 3879 sanctum,
2465 3817 2566 3870 nisi
2602 3813 2764 3869 Pater
2792 3826 2839 3868 et
2872 3815 3071 3878 Fitius,
3101 3835 3134 3869 α
3156 3835 3256 3888 quo
3305 3826 3559 3886 procedit,

1995 3921 2042 3964 et
2097 3929 2127 3964 a
2183 3927 2282 3978 quo
2343 3909 2549 3976 accipit.
2606 3907 2674 3961 Et
2721 3923 2883 3978 neque
2953 3907 3172 3973 Filium,
3248 3922 3298 3965 et
3347 3911 3558 3966 Patrem

1992 4003 2094 4056 nisi
2139 4003 2365 4069 S;,iiitus
2416 4009 2655 4067 sanctus,
2719 4000 2808 4068 qui
2863 4001 3113 4052 veraciter
3152 4000 3434 4070 gloriﬁcat,
3473 4006 3561 4072 qui

1991 4095 2142 4145 docet
2197 4092 2392 4151 omnia,
2449 4095 2537 4159 qui
2591 4106 2621 4141 α
2675 4087 2838 4142 I’atre
2885 4100 2933 4142 et
2981 4089 3117 4142 l‘ilio
3177 4101 3274 4144 est.

2060 4185 2125 4237 Et
2175 4185 2444 4252 aliquibus
2508 4182 2847 4249 interpositis
2898 4200 2910 4232 ;
2955 4180 3142 4250 Itaque
3183 4197 3227 4236 et
3261 4183 3424 4238 Pater
3449 4196 3559 4237 erat

1986 4292 2209 4342 semper,
2233 4286 2278 4327 et
2338 4271 2507 4326 Fitius
2541 4285 2650 4326 erat
2704 4289 2924 4342 semper,
2965 4283 3011 4325 et
3067 4271 3300 4341 Spintus
3345 4287 3557 4330 sanctus

1987 4386 2052 4423 ex
2098 4367 2256 4421 l‘utre
2297 4367 2461 4434 spirat
2510 4378 2554 4419 et
2610 4365 2767 4418 Filio.
2829 4363 2892 4440 Et
2965 4379 3152 4416 rursus
3210 4366 3260 4418 in
3324 4369 3555 4419 eodem:

1997 4482 2015 4513 ι
2079 4460 2268 4513 Enntte
2301 4500 2316 4526 ,
2372 4460 2445 4512 ait
2497 4457 2708 4519 David,
2761 4455 2928 4507 lucem
2986 4443 3154 4518 tuam,
3219 4467 3265 4510 et
3296 4469 3558 4510 raritatem

2334 4570 2350 4599 ι
2408 4549 2528 4617 Ipse
2562 4560 2633 4602 est
2691 4548 2968 4610 Dominus,
3033 4548 3121 4612 qui
3177 4547 3304 4599 dixit
3353 4563 3368 4598 :

1991 4562 2134 4605 tuam
2196 4553 2262 4605 ‘3.
2334 4570 2350 4599 ι
2408 4549 2528 4605 lose
2562 4560 2633 4602 est
2691 4548 2968 4605 Dominus,
3033 4548 3121 4605 qui
3177 4547 3304 4599 dixit
3353 4563 3368 4598 :
3427 4566 3446 4595 ι
3493 4547 3558 4598 lu

307 4654 352 4694 et
379 4642 612 4708 S,.iritus
645 4653 858 4688 rursum
888 4651 951 4687 ex
983 4638 1092 4702 ipso
1123 4635 1405 4702 procedens
1427 4669 1441 4695 ,
1482 4642 1528 4683 et
1557 4645 1748 4681 missus
1782 4645 1880 4680 non

1992 4646 2287 4700 novissimis
2335 4643 2517 4696 diebus
2565 4641 2826 4708 eﬂundum
2859 4643 2920 4693 de
2979 4638 3185 4706 Spiritu
3245 4658 3353 4692 meo
3407 4657 3560 4706 :upir

308 4738 478 4785 solum
505 4748 537 4783 a
578 4728 766 4794 Putre,
819 4728 907 4779 sed
946 4730 1105 4778 etiam
1161 4743 1191 4776 a
1228 4722 1394 4776 Filio.
1435 4724 1497 4774 lit
1543 4739 1654 4789 pos.
1694 4737 1884 4789 puca:

1989 4752 2190 4791 onmem
2248 4751 2477 4800 carnem,
2553 4746 2597 4786 et
2667 4734 3054 4802 prop/tetabuttt
3111 4731 3212 4799 filii
3274 4745 3556 4794 eorum,ct

311 4825 545 4893 Apostot’i
579 4823 719 4875 enim
758 4824 1116 4887 deprecantes,
1146 4828 1194 4871 et
1227 4826 1279 4868 ut
1331 4817 1550 4868 Domino
1594 4814 1890 4880 suppticun-
1959 4830 2196 4897 juvenes
2226 4843 2405 4880 εονηηι
2436 4826 2655 4879 είδίοηε,
2696 4827 2937 4878 manu,“
2973 4825 3038 4878 es.

313 4923 516 4983 tentiis
569 4917 659 4985 qui
685 4914 828 4967 it’lius
881 4915 1103 4964 adventu
1165 4911 1309 4978 digiti
1371 4921 1578 4968 essent,
1632 4905 1890 4972 S‘ititum

315 5018 595 5070 sanctum,
661 5017 712 5056 ut
761 5007 832 5054 ita
881 5003 1145 5066 dixerim,
1201 5002 1526 5053 extrinsecus
1579 4998 1892 5065 inferebant.

315 5103 560 5159 Saluator
597 5112 774 5151 autem
806 5107 1002 5160 noster,
1041 5099 1310 5163 exseipso,
1351 5095 1504 5147 vetuti
1559 5108 1621 5145 ex
1647 5098 1888 5144 thesauro

314 5202 566 5266 quodam,
591 5194 698 5255 liis,
742 5193 829 5258 qui
862 5204 954 5254 per
1011 5189 1128 5240 tito:
1181 5188 1495 5239 munditiam
1526 5185 1698 5237 idonei
1724 5195 1770 5237 et
1807 5186 1889 5237 di-

316 5290 398 5358 gni
449 5297 621 5350 erant,
654 5283 806 5335 iitum
855 5283 1140 5350 prwbebat.
1201 5280 1344 5333 Idem
1398 5284 1448 5332 in
1485 5289 1668 5332 cudctn
1706 5284 1882 5330 Ιιιηυε

318 5382 544 5449 Spiritus
569 5393 810 5442 sunc.us,
845 5379 1039 5444 inquit,
1065 5375 1284 5442 spiritus
1308 5375 1411 5425 oris
1438 5371 1532 5425 Dei
1566 5373 1882 5441 ttppt’llutttt‘.

321 5474 387 5526 Us
410 5473 546 5526 enim
585 5469 803 5532 Putris,
854 5467 1044 5520 Filius.
1092 5470 1304 5519 l’utt‘sus
1357 5466 1408 5516 iu
1445 5467 1634 5516 eodem
1669 5481 1681 5516 :
1717 5464 1886 5529 Spiri-

320 5574 398 5618 tus
447 5573 663 5615 sanctus
715 5561 1056 5616 veritatzmest
1087 5557 1346 5624 spiritus:
1391 5555 1472 5606 ltic
1517 5570 1546 5605 a
1580 5552 1744 5605 Putre
1773 5557 1894 5622 qui-

319 5658 426 5709 dem
448 5656 709 5723 procedit,
737 5651 930 5719 accipit
961 5659 1134 5701 autem
1175 5665 1204 5699 a
1233 5645 1396 5700 Filio.

387 5748 609 5817 Magnus
668 5758 795 5798 ttcm
840 5743 1191 5805 Athanasius,
1259 5743 1310 5792 in
1354 5740 1578 5808 cpistola
1625 5738 1691 5792 ad
1726 5738 1889 5793 Scra-

423 5936 466 5966 “
498 5938 636 5991 [δραι.
671 5953 835 5998 xuii,
882 5941 932 5991 ti.
1012 5938 1053 5966 "
1089 5935 1248 5991 Rom.
1282 5949 1359 5999 l.\',
1391 5931 1481 5987 20.

1583 5931 1626 5963 ⁸³
1663 5928 1806 5988 Psal.
1841 5948 1968 5995 λιιι,
2006 5934 2055 5987 3.

2061 4920 2128 4973 Et
2173 4937 2232 4972 ea
2279 4919 2514 4988 quidem,
2567 4931 2686 4986 quas
2729 4935 2757 4970 a
2793 4923 2993 4973 sanctis
3051 4920 3301 4972 dicuntur
3373 4917 3556 4988 hujus-

1992 5015 2153 5077 modi,
2204 5015 2275 5066 ita
2314 5023 2496 5081 aperta
2543 5023 2667 5065 sunt
2711 5027 2881 5080 pauca
2929 5027 2991 5066 es
3029 5013 3270 5080 pluribus
3311 5013 3552 5066 collecta.

1995 5106 2260 5172 Quoniam
2311 5106 2471 5174 igitur
2518 5121 2738 5172 magnus
2789 5105 3052 5170 Bisdius,
3105 5106 3156 5157 in
3205 5105 3428 5171 ‹·μιδιυι.ι
3489 5109 3553 5154 at

1998 5199 2305 5251 Terentium
2360 5197 2646 5260 comitem,
2681 5193 2758 5247 ait
2799 5213 2812 5247 :
2859 5195 3030 5259 Quum
3095 5197 3342 5246 rationem
3405 5196 3553 5246 liabet

1992 5298 2260 5336 commune
2299 5285 2366 5333 ad
2407 5296 2696 5349 pro,.r.um,
2725 5283 3044 5351 Itanc_ltubet
3085 5284 3304 5336 essentia
3336 5285 3402 5334 ad
3429 5284 3552 5334 sult-

1996 5375 2264 5427 stantiam.
2309 5372 2375 5425 Et
2413 5375 2552 5427 idem
2585 5389 2770 5427 rursus
2802 5375 2855 5426 in
2896 5375 3115 5442 epistola
3141 5376 3206 5427 ad
3237 5374 3552 5442 Gregorium

1998 5465 2216 5519 fratrem
2251 5466 2315 5518 de
2362 5466 2659 5519 diﬂercntia
2714 5475 2967 5520 essentne
3020 5479 3176 5536 atque
3216 5467 3551 5530 substantiae,

1991 5559 2166 5626 inquit
2208 5574 2221 5610 :
2269 5555 2669 5610 Communitatis
2723 5557 2933 5627 quidem
2993 5561 3125 5610 ratio
3164 5559 3229 5612 ad
3278 5561 3550 5614 essentiam

1991 5649 2235 5715 refertur.
2295 5648 2607 5701 Substantia
2679 5665 2791 5701 vero
2845 5653 3115 5716 proprium
3171 5650 3417 5720 cujusque
3473 5656 3551 5704 si-

1990 5757 2148 5808 gnum
2183 5752 2279 5792 εδι.
2318 5742 2677 5794 Damasccnus
2718 5757 2929 5809 quoque
2979 5744 3030 5795 in
3081 5761 3191 5798 διιεδ
3239 5733 3564 5814 incompti;

2177 5932 2216 5962 “
2247 5931 2359 5985 incl
2396 5947 2454 5993 lt,
2499 5932 2587 5986 '28.
