4010 6552
493 505 561 575 9t

1745 496 2140 558 MANUEHS
2182 497 2481 557 CALECE

3643 499 3744 564 100

488 626 737 695 capitulis
789 642 802 677 :
855 620 1161 677 Substantia
1210 628 1283 672 est
1331 634 1602 672 commune
1643 634 1758 670 cum
1804 617 2059 684 proprio,
2089 619 2135 671 Λ
2164 619 2483 668 stantiarum
2544 615 2809 685 intelligo,
2855 614 3140 686 perfectum
3203 614 3368 669 Deum
3420 617 3584 683 ipsam
3636 633 3747 670 esse

489 730 713 781 constat,
749 717 904 786 quia,
943 715 1153 780 quando
1200 712 1481 780 conjuncte
1526 711 1745 764 dicimus
1783 709 2062 763 essentiam

492 808 642 869 Filii,
689 807 933 876 quoniam
979 803 1151 857 Filius
1220 821 1407 857 nomen
1443 819 1505 857 ex
1527 804 1751 873 propriis
1779 813 1877 865 est,
1919 816 2065 854 com-

491 919 647 955 mune
671 917 785 953 cum
813 899 1040 967 propriis
1073 899 1458 969 signiﬁcamus.
1491 898 1597 952 Sed
1634 911 1916 951 commune
1944 910 2065 950 cum

492 994 706 1061 proprio
752 991 1052 1044 substantia
1106 1003 1209 1045 est.
1253 992 1329 1045 [ta
1354 993 1495 1044 enim
1533 988 1897 1042 Damascenus
1936 986 2069 1040 deii-

492 1084 590 1137 uit.
656 1082 847 1153 Itaque
901 1083 1155 1151 quoniam
1187 1098 1253 1135 ex
1310 1080 1545 1135 essentia
1594 1077 1713 1133 Filii
1772 1079 1944 1133 dictus
1987 1088 2068 1131 est

490 1174 769 1240 Spiritus,
824 1189 888 1228 ex
942 1174 1241 1228 substantia
1290 1173 1408 1241 ejus
1443 1172 1619 1227 dictus
1668 1180 1750 1225 est
1792 1188 1807 1224 :
1848 1170 2066 1239 sicque,

492 1265 636 1331 quod
662 1264 1029 1334 quaerebatur,
1069 1264 1394 1318 invenimus.

565 1355 716 1422 Quod
745 1366 921 1409 autem
946 1354 998 1408 in
1020 1355 1217 1409 divinis
1238 1353 1534 1423 Scripturis
1552 1352 1693 1407 idem
1710 1353 2067 1419 sit,quantum

493 1447 558 1499 ad
617 1463 750 1509 rem,
798 1446 1102 1516 proprietas
1150 1454 1311 1513 atque
1353 1444 1692 1508 substantia,
1747 1445 1860 1498 siVe
1904 1443 2067 1497 etiam

496 1553 755 1609 persona,
799 1538 1145 1592 manitestum
1176 1547 1280 1592 est.
1315 1536 1608 1607 Gregorius
1638 1536 1778 1591 enim
1840 1534 2071 1590 Theolo-

498 1646 596 1699 gus
628 1630 679 1683 in
734 1644 992 1684 sermone
1022 1628 1088 1683 ad
1128 1629 1333 1683 lumina
1376 1630 1510 1681 dixit
1544 1646 1557 1684 :
1598 1626 1691 1680 Dei
1744 1635 1918 1679 autem
1953 1641 2071 1679 cum

494 1722 806 1783 dixero,uno
849 1720 1044 1775 lumine
1077 1738 1135 1774 ac
1158 1721 1319 1775 tribus
1345 1720 1685 1773 illustramini
1710 1736 1727 1773 :
1755 1719 1920 1772 tribus
1951 1719 2070 1786 qui-

492 1812 634 1875 dem,
676 1812 960 1866 secundum
990 1814 1359 1880 proprietates.
1382 1812 1777 1881 Esponensque
1804 1811 1936 1881 quid
1991 1811 2073 1864 di-

497 1904 641 1956 xerit
675 1903 1060 1973 proprietates,
1111 1904 1382 1975 adjnngit,
1428 1905 1532 1958 siue
1577 1903 1921 1967 substantias,
1965 1903 2072 1958 sive

494 2013 746 2065 personas
802 2012 989 2050 vocare
1050 1996 1238 2064 placet.
1298 1997 1430 2048 Item
1463 1996 1512 2048 in
1575 1995 1827 2050 laudibus
1897 1996 2070 2050 sancti

497 2088 799 2155 Athanasii,
849 2104 972 2143 cum
1009 2089 1230 2142 dixisset
1277 2104 1290 2141 :
1333 2085 1448 2140 Una
1484 2089 1618 2140 enim
1644 2087 1909 2150 essentia,
1947 2094 2079 2140 tres-

494 2198 594 2251 que
631 2181 963 2244 substantia;
1001 2195 1123 2234 cum
1159 2180 1408 2233 dicantur
1437 2179 1653 2248 quidem
1700 2193 1728 2231 a
1775 2179 1949 2243 nobis,
1992 2177 2079 2247 pie

495 2275 741 2344 protinus
790 2274 1034 2342 adjunxit
1092 2291 1105 2325 :
1154 2271 1318 2327 Aliud
1374 2273 1513 2325 enim
1562 2279 1806 2324 naturam
1834 2270 2073 2333 indicat;

498 2366 647 2419 aliud
690 2366 846 2420 trium
896 2364 1262 2433 proprietates.
1312 2362 1424 2417 lllic
1455 2376 1583 2429 ergo
1621 2377 1746 2417 cum
1774 2360 2076 2432 proprieta-

499 2467 577 2510 tes
610 2455 909 2523 posuisset,
950 2454 1283 2509 substantias
1313 2452 1595 2522 exposuit:
1631 2452 1716 2505 hic
1736 2460 1913 2506 autem
1944 2450 2074 2505 sub-

498 2542 767 2611 stantias,
818 2547 1199 2615 proprietates.
1248 2543 1323 2599 Ex
1374 2560 1479 2614 quo
1527 2558 1658 2600 sane
1713 2543 2069 2598 manifestum

501 2648 585 2692 est
615 2639 738 2706 quia
770 2638 1154 2708 proprietatem
1196 2646 1250 2690 et
1277 2635 1636 2691 substantiam
1676 2635 1819 2689 idem
1843 2634 2072 2703 intelligi

496 2730 647 2793 vult,
678 2728 948 2798 simulque
998 2738 1246 2782 naturam
1278 2742 1333 2781 et
1367 2728 1668 2782 essentiam
1700 2727 1753 2781 in
1787 2726 1896 2781 Deo
1923 2726 2075 2781 acsti-

499 2830 629 2885 mat;
661 2836 824 2876 unam
854 2822 998 2876 enim
1032 2820 1327 2875 essentiam
1360 2827 1610 2874 naturam
1631 2820 1898 2888 exposuit.
1923 2818 2072 2885 Quo-

500 2914 647 2967 niam
694 2914 858 2985 igitur
914 2928 1202 2968 commune
1250 2913 1301 2967 in
1333 2913 1441 2967 Deo
1482 2913 1729 2967 essentia:
1784 2922 1892 2967 tres
1944 2910 2075 2965 sub-

500 3006 714 3059 stantia:
765 3015 913 3071 sunt,
958 3020 1352 3074 communeque
1399 3005 1511 3058 haec
1545 3012 1627 3058 est
1672 3020 1789 3072 qua:
1844 3002 2072 3071 singulis

498 3106 581 3151 est
612 3108 663 3151 et
703 3098 924 3168 propria
969 3098 1236 3161 essentia;
1273 3112 1379 3150 una
1430 3096 1632 3166 quippe
1681 3112 1755 3175 ex.
1775 3094 1947 3149 tribus
1985 3102 2072 3147 est

500 3188 679 3257 aliqua
725 3204 993 3259 persona;
1037 3190 1287 3257 quodque
1334 3188 1531 3256 enique
1565 3194 1680 3252 est,
1714 3187 1813 3240 hoc
1844 3184 2071 3238 mirabi-

2178 710 2284 761 scio
2313 710 2699 777 perfectamque
2734 709 3248 763 essentiam.Dicilur
3286 717 3463 763 autent
3509 724 3574 763 ex
3609 708 3729 762 Filii

2168 803 2403 855 essentia
2454 816 2572 855 esse
2607 800 2842 871 Spiritus
2894 819 2908 854 :
2959 801 3303 857 manifestum
3335 810 3454 866 est,
3508 801 3631 870 quia
3671 816 3739 855 es

2168 893 2472 946 substantia
2507 893 2676 962 ipsius
2700 909 2817 948 esse
2840 894 3056 950 dicitur.
3088 893 3427 961 thuoniam
3465 893 3516 946 in
3538 892 3741 946 eisdem

2169 984 2243 1037 ait
2279 1002 2292 1037 :
2328 984 2460 1050 Quia
2500 986 2648 1039 solus
2684 985 2853 1039 Filius
2886 988 3100 1055 genitus
3130 998 3251 1049 est;
3282 1001 3343 1039 ex
3378 984 3553 1038 Patris
3596 985 3743 1037 enim

2168 1078 2405 1130 essentia
2456 1076 2573 1131 sine
2601 1078 2866 1147 principio
2892 1086 2945 1131 et
2992 1077 3111 1131 sine
3159 1082 3402 1145 tempore
3436 1084 3519 1128 est
3546 1084 3742 1137 natus;

2170 1180 2225 1223 et
2273 1169 2422 1223 solus
2469 1168 2704 1237 Spiritus
2748 1178 2966 1225 sanctus
3012 1184 3082 1225 ex
3128 1166 3303 1222 Patris
3347 1167 3586 1223 essentia
3637 1182 3748 1219 nun

2169 1264 2416 1333 genitus,
2472 1263 2566 1318 sed
2634 1265 2929 1332 procedens
2987 1272 3124 1317 est:
3172 1277 3236 1315 ex
3300 1260 3477 1315 Patris
3564 1270 3749 1313 autem

2170 1356 2408 1410 essentia
2428 1396 2443 1423 ,
2474 1370 2570 1423 pro
2595 1368 2657 1409 eo
2684 1394 2697 1417 ,
2727 1356 2867 1426 quod
2900 1363 3013 1420 est,
3043 1370 3108 1409 ex
3146 1352 3322 1407 Patris
3356 1350 3661 1407 substantia
3685 1357 3744 1403 et

2173 1434 2287 1501 iste
2322 1447 2484 1500 tradit
2518 1456 2571 1499 et
2596 1458 2785 1500 omnes
2808 1446 3177 1511 consentiunt,
3209 1444 3334 1513 quia
3366 1444 3597 1513 Spiritus
3620 1457 3751 1496 san-

2171 1548 2289 1593 ctus
2320 1548 2442 1591 cum
2498 1552 2563 1591 ex
2615 1536 2735 1591 Filii
2789 1537 3018 1591 essentia
3068 1552 3098 1591 a
3148 1535 3410 1606 theologis
3456 1535 3748 1596 asseritur,

2170 1641 2225 1687 et
2252 1632 2417 1701 ipsius
2449 1630 2751 1685 substantia
2796 1640 2880 1684 est
2908 1646 2920 1682 :
2956 1629 3096 1683 idem
3130 1629 3273 1684 enim
3302 1629 3534 1684 essentia
3587 1636 3753 1697 atque

2173 1723 2475 1778 substantia
2502 1723 2553 1776 in
2580 1723 2687 1777 Deo
2713 1731 2796 1778 est
2825 1722 3122 1777 secundum
3158 1737 3294 1774 rem.

2243 1814 2411 1868 Porro
2443 1816 2486 1871 si
2522 1816 2642 1883 quis
2668 1814 2768 1870 ista
2801 1816 2957 1870 aliter
2987 1816 3261 1885 accipiens
3282 1814 3411 1868 velit
3435 1811 3578 1867 aliud
3628 1812 3747 1880 qui-

2176 1910 2293 1963 dem
2320 1908 2374 1963 in
2422 1908 2532 1963 Deo
2564 1911 2889 1977 essentiam,
2936 1908 3079 1963 aliud
3135 1907 3490 1962 substantiam
3542 1906 3752 1976 signiti-

2181 2016 2305 2056 care
2331 2042 2344 2064 ,
2402 2001 2710 2055 necessario
2760 1999 2915 2054 lateri
2967 2001 3257 2056 essentiam
3292 2001 3408 2053 sine
3442 1996 3752 2053 substantia

2182 2093 2642 2164 substantiamque
2686 2094 2805 2148 sine
2854 2094 3093 2147 essentia
3151 2102 3398 2162 cogetur.
3453 2091 3532 2144 Ad
3578 2105 3744 2159 quam

2181 2186 2573 2241 absurditatem
2625 2201 2851 2257 magnus
2900 2200 3115 2255 quoque
3149 2184 3381 2240 Basilius
3413 2184 3465 2238 in
3496 2184 3751 2253 prmdicta

2180 2278 2247 2332 ad
2272 2277 2585 2334 Terentium
2619 2279 2873 2333 comitem
2918 2276 3145 2347 epistola
3176 2278 3476 2332 orationem
3504 2288 3754 2329 necessa-
3841 2279 3849 2285 '

2180 2371 2261 2424 rio
2307 2368 2547 2424 deduxit.
2596 2367 2664 2423 Et
2721 2369 2977 2439 quoniam
3048 2368 3465 2424 indeterminate
3514 2365 3751 2434 theologi

2178 2462 2244 2517 de
2302 2463 2483 2518 divina
2527 2460 2649 2517 Filii
2706 2462 2990 2518 nativitate
3030 2462 3355 2517 disserentes
3408 2461 3581 2532 ipsum
3648 2460 3755 2513 ali-

2177 2552 2398 2622 quando
2426 2552 2649 2622 quidem
2687 2565 2751 2604 ex
2781 2550 2962 2606 Patris
3009 2551 3267 2616 essentia,
3299 2548 3592 2621 aliquando
3620 2564 3751 2603 vero

2182 2658 2245 2697 ex
2274 2642 2415 2695 illius
2446 2641 2751 2696 substantia
2783 2650 2993 2695 natum'
3020 2648 3303 2701 asserunt;
3330 2650 3419 2695 aut
3452 2642 3585 2695 duos
3607 2639 3755 2694 filios

2178 2742 2338 2789 natos
2402 2734 2753 2789 confitebitur
2790 2774 2806 2799 ,
2843 2733 3006 2787 alium
3074 2733 3290 2801 quidem
3346 2748 3415 2788 ex
3474 2732 3751 2797 essentia,

2174 2824 2336 2878 alium
2372 2837 2499 2878 vero
2533 2839 2595 2878 ex
2631 2822 2969 2890 substantia,
3010 2833 3100 2877 aut
3119 2838 3223 2875 non
3245 2836 3365 2877 esse
3395 2819 3514 2874 Filii
3536 2801 3749 2874 unicam

2172 2930 2237 2971 ac
2270 2916 2568 2985 simplicem
2620 2916 2960 2970 nativitatem
3011 2916 3176 2969 dicet.
3207 2913 3351 2968 idem
3404 2928 3535 2967 vero
3598 2913 3751 2967 etde

2176 3006 2378 3078 Spiritu
2437 3016 2627 3061 sancto
2681 3008 2909 3061 dicetur.
2964 3004 3029 3058 Et
3054 3016 3201 3060 certe
3245 3007 3290 3060 si
3344 3004 3559 3073 quidem
3618 3011 3748 3055 sunt

2176 3110 2285 3154 tres
2331 3100 2645 3155 differentes
2699 3097 2953 3167 aliudque
2984 3096 3157 3152 Patris
3217 3096 3541 3167 proprietas,
3603 3093 3748 3148 aliud

2172 3190 2350 3248 Patris
2391 3207 2652 3262 persona,
2691 3190 2836 3244 aliud
2888 3200 3108 3258 paterna
3144 3187 3478 3252 substantia,
3515 3195 3569 3240 et
3602 3186 3745 3237 aliud

499 3279 623 3334 “te?
653 3280 816 3334 etiam
848 3294 1132 3335 Commune
1159 3288 1272 3346 68ίὶ
1311 3296 1476 3333 unum
1517 3280 1660 3333 Θιιίιιὶ
1699 3279 1826 3340 lt‘ia.
1878 3285 1933 3330 ει
1967 3277 2067 3329 "i3
2093 3279 2139 3338 C
2170 3283 2352 3348 Pater,
2401 3283 2656 3353 aliudque
2684 3298 2896 3337 rursum
2934 3282 3167 3337 essentia
3201 3280 3369 3343 illius;
3398 3279 3647 3346 idemque
3681 3276 3750 3331 de

499 3391 662 3429 unum
689 3384 847 3442 sunt;
875 3375 928 3429 in
960 3376 1155 3443 quibus
1177 3383 1259 3429 est
1289 3376 1484 3439 deitas,
1512 3374 1626 3429 sive
1667 3384 1724 3429 ut
1753 3372 2065 3441 diligentius

460 3462 750 3532 ‘dixerim,
771 3483 891 3537 qua:
910 3469 1079 3521 deitas
1105 3477 1185 3521 est
1207 3468 1362 3535 juxta
1398 3466 1699 3535 theologum
1722 3465 2063 3534 Gregorium,

500 3559 847 3615 manifestum
899 3568 1021 3620 est,
1082 3560 1335 3627 quoniam
1399 3558 1537 3611 sicut
1601 3557 1759 3611 trium
1826 3555 2063 3610 essentia

498 3650 803 3705 substantia
836 3658 951 3715 est,
986 3651 1058 3702 ita
1092 3663 1319 3719 qumque
1360 3649 1787 3702 substantiarum
1828 3645 2066 3700 essentia

497 3752 553 3795 et
605 3742 911 3797 substantia
961 3750 1064 3794 est.
1100 3740 1205 3793 Sed
1238 3748 1347 3794 tres
1378 3739 1689 3794 substantiae
1711 3738 1874 3791 Pater
1901 3744 1985 3791 est
2012 3746 2066 3790 et

494 3834 664 3890 Filius
716 3844 770 3889 et
829 3834 1065 3903 Spiritus
1105 3845 1379 3897 sanctus;
1422 3831 1716 3886 secundum
1761 3828 1906 3883 cnim
1952 3829 2066 3884 haec

494 3927 722 3981 relativa
757 3928 821 3980 ad
848 3926 1078 3979 invicem
1114 3926 1329 3994 proprie
1364 3925 1724 3989 accipiuntur.

569 4017 755 4084 itaque
807 4030 991 4069 verum
1032 4014 1272 4083 proiecto
1308 4022 1390 4068 est
1446 4013 1588 4081 quod
1636 4013 1861 4079 dicitur,
1919 4011 2063 4082 quod

494 4110 714 4178 quando
765 4106 1052 4176 conjuncte
1110 4106 1231 4161 Filii
1284 4107 1576 4161 essentiam
1626 4106 1877 4170 dicimus,
1932 4102 2065 4158 sub-

496 4199 750 4252 stantiam
810 4198 926 4268 ejus
976 4198 1094 4253 sive
1146 4214 1430 4268 personam
1490 4198 1891 4265 signiﬁcamus;
1941 4210 2061 4249 cum

499 4306 781 4344 commune
810 4291 1023 4358 quidem
1052 4290 1341 4343 essentiam
1374 4289 1601 4343 dicendo
1645 4289 1912 4360 signetur,
1940 4299 2066 4354 pro-

494 4383 610 4449 pria
644 4396 772 4436 vero
817 4383 1115 4437 substantia
1179 4396 1274 4449 per
1331 4380 1611 4433 relativum
1680 4393 1875 4431 nomen
1938 4375 2060 4429 Filii

500 4474 801 4526 insinuetur
857 4487 871 4523 :
923 4472 1221 4525 substantia
1249 4471 1445 4539 quippe
1466 4483 1756 4524 commune
1786 4481 1905 4519 cum
1939 4481 2062 4533 pro-

492 4564 619 4631 prio
660 4572 740 4616 est
771 4562 936 4615 dicta.
979 4562 1130 4627 Quod
1178 4576 1299 4613 cum
1332 4576 1395 4611 ex
1438 4558 1556 4613 Filii
1592 4556 1826 4613 essentia
1864 4556 2059 4609 dicitur

499 4654 735 4721 Spiritus
765 4664 1006 4713 sanctus,
1042 4667 1104 4704 ex
1143 4650 1256 4716 ejus
1302 4648 1632 4703 substantia“
1665 4647 1885 4701 dicitur.
1918 4645 2062 4699 Idem

490 4745 665 4809 enim,
735 4753 993 4812 quantum
1057 4743 1122 4793 ad
1159 4756 1314 4805 rem,
1379 4738 1613 4794 essentia
1663 4748 1717 4791 et
1763 4738 2064 4790 substantia

496 4845 603 4888 est.

572 4924 938 4979 Damasceuus
986 4921 1318 4992 pratereaitt
1369 4919 1484 4974 suis
1519 4917 1837 4987 thenlogicis
1858 4917 2064 4986 capitu-

494 5016 586 5079 lis,
630 5016 836 5079 Deitas,
876 5016 1081 5083 inquit,
1126 5022 1373 5065 naturam
1446 5011 1723 5075 insinuat;
1767 5008 1930 5061 Pater
1964 5024 2059 5061 au-

490 5118 601 5162 tem
656 5110 791 5177 quod
832 5111 1027 5160 dicitur
1077 5106 1444 5170 substantiam,
1480 5104 1634 5156 sicuti
1663 5114 1714 5155 et
1758 5102 2061 5153 humanitas

493 5212 743 5254 staturam
810 5200 1189 5263 commendat;
1234 5198 1421 5251 Petrus
1496 5212 1616 5249 vero
1692 5193 2060 5247 substantiam.

496 5292 634 5358 Quia
696 5294 855 5361 igitur
914 5290 1365 5362 quemadmodum
1424 5287 1605 5342 Pater.
1673 5289 1742 5339 ita
1801 5295 1855 5339 et
1893 5282 2064 5337 Filius

498 5386 745 5438 similiter
823 5382 1183 5439 substantiam
1265 5379 1491 5444 indicat;
1570 5378 1870 5433 substantia
1933 5389 2063 5428 vero

492 5490 781 5529 commune
814 5490 931 5528 cum
966 5472 1218 5543 preprio,
1256 5472 1394 5525 sicut
1430 5472 1545 5537 ipse
1592 5468 1837 5525 delinivit
1866 5483 1881 5532 ;
1910 5482 2061 5519 com-

495 5586 658 5623 mune
702 5582 877 5623 autem
932 5570 1112 5622 Deitas
1146 5566 1232 5621 vel
1262 5578 1487 5629 natura,
1536 5565 1618 5617 vel
1664 5562 1897 5617 essentia
1956 5570 2059 5614 eat.

501 5662 706 5715 Dicitur
762 5671 934 5715 autem
1006 5674 1071 5713 es
1147 5656 1271 5711 ιῖίιὶί
1317 5658 1549 5711 essentia
1604 5670 1725 5709 esse
1800 5653 2058 5721 Spiritum

496 5742 780 5818 sam-tnui;
817 5750 1155 5805 manifestum
1192 5758 1307 5808 est,
1344 5726 1596 5815 quoniam
1645 5759 1706 5798 ex
1760 5743 2057 5799 substantia

500 5848 667 5915 ipsius
699 5858 800 5901 CSl.

568 5936 827 6003 Quoniam
854 5952 976 6009 vero
999 5936 1135 5991 idem
1156 5935 1207 5989 in
1239 5933 1425 5988 iisdem
1452 5932 1526 5985 ait
1554 5946 1565 5981 :
1597 5926 1909 5982 Cllill‘tiiﬂltl
1941 5929 2065 5980 sub-

2096 4529 2145 4586 Ι)

2171 3375 2397 3443 reliquis
2430 3375 2752 3430 substantiis
2777 3374 3064 3429 dicendum
3098 3390 3111 3426 :
3146 3373 3342 3441 partim
3376 3371 3593 3442 quidem
3626 3367 3748 3422 Tri-

2169 3468 2312 3522 nitas
2357 3468 2513 3523 nobis
2555 3467 2858 3529 auferetur,
2898 3477 2951 3520 et
2985 3466 3234 3534 peribunt
3283 3463 3466 3517 omnia
3515 3476 3634 3531 quae
3680 3462 3747 3515 de

2170 3558 2283 3631 ipsa
2338 3560 2423 3626 pie
2471 3558 2668 3612 tradita
2750 3557 3091 3625 suscepimus
3124 3572 3137 3609 :
3170 3555 3364 3626 partim
3412 3553 3749 3623 compositus

2171 3651 2276 3706 erit
2324 3650 2483 3715 Deus,
2515 3665 2579 3703 ex
2630 3657 2739 3701 tam
2780 3648 3149 3703 ddIerentibus
3183 3648 3247 3699 ad
3278 3648 3507 3701 invicem
3543 3659 3741 3699 secun-

2169 3745 2293 3798 dum
2338 3758 2450 3796 rem
2496 3749 2772 3796 constans.
2798 3741 2902 3797 Sed
2934 3741 3075 3796 enim
3114 3741 3213 3794 ista
3247 3739 3485 3794 absurda
3520 3750 3655 3793 sunt
3690 3747 3745 3793 et

2167 3833 2356 3903 impia.
2386 3832 2451 3886 Et
2485 3832 2611 3886 illud
2650 3832 2810 3900 igitur
2837 3833 3124 3886 absurdum
3163 3830 3380 3902 pen'tus
3412 3841 3465 3884 et
3491 3830 3741 3898 impium,

2148 3941 2274 3995 .qno
2309 3925 2483 3994 posito
2516 3926 2615 3980 ista
2651 3934 2971 3993 sequuntur.

2241 4016 2506 4082 Quoniam
2564 4014 2728 4084 igitur
2782 4013 3084 4069 substantia
3130 4012 3346 4083 quidem
3406 4020 3459 4067 et
3506 4026 3742 4081 persona

2172 4107 2313 4161 idem
2340 4116 2444 4167 est,
2486 4106 2786 4160 substantia
2816 4121 2947 4161 vero
2972 4116 3023 4160 et
3055 4106 3356 4174 proprietas
3389 4120 3541 4173 atque
3592 4105 3737 4156 idem

2166 4208 2267 4263 est,
2300 4199 2607 4253 substantia
2655 4207 2836 4251 autent
2868 4199 3102 4252 essentia
3124 4205 3229 4263 est,
3320 4204 3378 4248 ut
3403 4210 3467 4250 ex
3507 4196 3590 4250 his
3622 4210 3741 4263 qua:

2168 4306 2325 4361 supra
2356 4290 2584 4344 diximus
2615 4298 2847 4354 constat,
2907 4290 3259 4344 manifestum
3309 4299 3391 4343 est
3415 4289 3529 4342 haec
3558 4288 3739 4340 omnia

2168 4382 2309 4437 idem
2360 4382 2411 4436 in
2469 4381 2575 4437 Deo
2626 4398 2749 4437 esse
2794 4385 3087 4438 secundum
3142 4397 3278 4436 rem.
3331 4380 3395 4433 Et
3430 4380 3560 4433 illud
3610 4379 3736 4432 item

2168 4472 2508 4525 manifestum
2566 4473 2841 4542 estquod,
2873 4472 2916 4527 si
2941 4473 3083 4526 aliud
3107 4471 3365 4535 essentia,
3399 4470 3545 4525 aliud
3605 4469 3737 4522 sub-

2175 4564 2373 4617 stantia
2408 4579 2434 4615 a
2468 4565 2675 4618 sanctis
2702 4565 2918 4631 dicitur;
2967 4566 3058 4618 sed
3088 4574 3263 4617 tamen
3292 4562 3589 4618 secundum
3621 4573 3735 4614 rem

2170 4655 2425 4709 dixerunt
2481 4670 2583 4709 non
2626 4654 2767 4709 aliud
2811 4655 3129 4718 essentiam,
3166 4654 3310 4708 aliud
3340 4668 3458 4708 esse
3489 4653 3737 4706 substan-

2168 4747 2319 4810 tiam,
2341 4746 2431 4801 sed
2459 4748 2752 4799 secundum
2778 4746 2917 4814 quod
2944 4761 3046 4799 una
3071 4758 3232 4815 atque
3254 4745 3439 4800 eadem
3468 4759 3553 4798 res
3578 4743 3736 4797 aliter

2166 4838 2382 4903 quidem
2427 4837 2671 4905 signatur
2717 4850 2781 4887 ex
2816 4837 3029 4887 nomine
3050 4835 3303 4889 essentia;
3333 4849 3429 4888 seu
3482 4842 3693 4886 natura:
3716 4872 3733 4893 .
3760 4843 3767 4848 '

2166 4926 2325 4980 aliter
2344 4940 2408 4979 ex
2444 4926 2659 4980 nomine
2693 4925 3007 4979 substantia}
3026 4924 3137 4979 sive
3154 4921 3562 4993 personaeJllud
3586 4922 3733 4976 enim

2165 5017 2523 5071 communiter
2571 5024 2626 5068 et
2674 5013 2953 5078 absolute,
2988 5016 3092 5068 hoc
3124 5021 3301 5067 autem
3350 5011 3566 5081 proprie
3623 5024 3735 5063 ma-

2167 5110 2265 5177 gis,
2300 5123 2420 5161 cum
2457 5121 2519 5161 eo
2552 5105 2764 5160 scilicet
2812 5104 2951 5172 quod
2988 5106 3054 5158 ad
3091 5102 3297 5172 aliquid
3336 5100 3733 5171 quodammodo

2167 5202 2363 5253 habeat
2399 5216 2412 5249 :
2456 5198 2581 5267 quia
2635 5200 2778 5251 enim
2814 5196 3060 5251 absoluta
3093 5194 3159 5248 ab
3194 5193 3279 5247 Itis
3328 5208 3446 5263 qua:
3471 5191 3729 5246 dicuntur

2164 5293 2229 5344 ad
2259 5290 2483 5358 aliquid,
2508 5287 2779 5353 dilIerunt;
2815 5301 3000 5341 eorum
3025 5300 3152 5339 vero
3177 5300 3295 5354 qum
3322 5284 3372 5337 in
3399 5283 3509 5336 Deo
3539 5282 3729 5335 dicun-

2170 5391 2285 5447 tur,
2321 5382 2672 5450 alia.quidcm
2724 5379 2970 5434 absoluta
3010 5370 3151 5432 sunt
3182 5378 3392 5431 nomina
3420 5390 3537 5444 qua:
3562 5391 3726 5428 unum

2165 5474 2328 5529 Deum
2361 5474 2651 5527 indiscrete
2683 5471 3009 5539 signiﬁcant,
3065 5469 3168 5523 alia
3208 5483 3335 5522 vero
3384 5468 3604 5520 relative
3630 5468 3725 5517 ba-

2162 5568 2288 5619 bent
2320 5579 2439 5633 qute
2480 5563 2683 5617 anobis
2740 5562 3063 5616 Trinitatem
3120 5560 3515 5620 commendant,
3565 5568 3615 5611 et
3645 5572 3730 5610 se-

2160 5658 2392 5709 cundum
2437 5670 2496 5705 ea
2549 5653 2800 5721 quidem,
2848 5668 2967 5721 quas
3006 5652 3252 5706 absoluta
3309 5659 3363 5704 et.
3414 5648 3723 5723 communia

2164 5757 2319 5809 sunt,
2367 5746 2513 5797 unita
2558 5744 2850 5813 Theologia
2896 5753 3139 5803 constat.
3188 5741 3481 5795 secundum
3515 5754 3723 5794 reoca

2167 5855 2283 5905 quae
2321 5837 2384 5888 ad
2407 5836 2634 5889 invicem
2665 5836 2886 5888 relative
2922 5844 3083 5898 sunt,
3120 5844 3173 5887 et
3203 5835 3494 5887 secundum
3518 5849 3575 5886 ea
3605 5848 3723 5899 qua:

2178 5932 2239 5981 ad
2276 5929 2473 5999 aliquid
2523 5928 2740 5991 habent,
2798 5929 3027 5981 discreta
3074 5931 3378 5980 contexitur
3415 5924 3722 5991 theologia;

3782 5447 3813 5457 κ
