  <div class='ocr_page' id='page_1' title='image "/cluster/home/n/w/nwhite01/storage/ocr_20150623/152/hvd.32044019208404/060.png"; bbox 0 0 4010 6576; ppageno 0'>
   <div class='ocr_carea' id='block_1_1' title="bbox 336 463 463 525">
    <p class='ocr_par' dir='ltr' id='par_1_1' title="bbox 336 463 463 525">
     <span class='ocr_line' id='line_1_1' title="bbox 336 463 463 525; baseline 0.008 -1"><span class='ocrx_word' id='word_1_1' title='bbox 336 463 463 525; x_wconf 37' lang='lat' dir='ltr'><strong>“alii</strong></span> 
     </span>
    </p>
   </div>
   <div class='ocr_carea' id='block_1_2' title="bbox 1452 470 3621 559">
    <p class='ocr_par' dir='ltr' id='par_1_2' title="bbox 1452 470 3621 559">
     <span class='ocr_line' id='line_1_2' title="bbox 1452 470 3621 559; baseline 0.006 -31"><span class='ocrx_word' id='word_1_2' title='bbox 1452 470 1848 530; x_wconf 79' lang='lat' dir='ltr'><strong>ADVERSUS</strong></span> <span class='ocrx_word' id='word_1_3' title='bbox 1879 472 2189 532; x_wconf 65' lang='grc' dir='ltr'><strong>(ΞΗ.ἘοΟὸ</strong></span> <span class='ocrx_word' id='word_1_4' title='bbox 2220 475 2361 536; x_wconf 80' lang='lat' dir='ltr'><strong>LIB.</strong></span> <span class='ocrx_word' id='word_1_5' title='bbox 2410 480 2488 539; x_wconf 84' lang='lat' dir='ltr'><strong>ll.</strong></span> <span class='ocrx_word' id='word_1_6' title='bbox 3515 492 3621 559; x_wconf 62' lang='grc' dir='ltr'><strong>περ</strong></span> 
     </span>
    </p>
   </div>
   <div class='ocr_carea' id='block_1_3' title="bbox 366 560 3617 663">
    <p class='ocr_par' dir='ltr' id='par_1_3' title="bbox 366 560 3617 663">
     <span class='ocr_line' id='line_1_3' title="bbox 366 560 3617 663; baseline 0.007 -30"><span class='ocrx_word' id='word_1_7' title='bbox 366 583 543 634; x_wconf 87' lang='lat' dir='ltr'><strong>unitio</strong></span> <span class='ocrx_word' id='word_1_8' title='bbox 599 560 726 634; x_wconf 78' lang='lat' dir='ltr'><strong>vero</strong></span> <span class='ocrx_word' id='word_1_9' title='bbox 775 591 934 651; x_wconf 83' lang='lat' dir='ltr'><strong>atque</strong></span> <span class='ocrx_word' id='word_1_10' title='bbox 970 581 1222 636; x_wconf 76' lang='lat' dir='ltr'><strong>discretio</strong></span> <span class='ocrx_word' id='word_1_11' title='bbox 1272 596 1376 637; x_wconf 91' lang='lat' dir='ltr'><strong>non</strong></span> <span class='ocrx_word' id='word_1_12' title='bbox 1426 582 1565 637; x_wconf 90' lang='lat' dir='ltr'><strong>idem</strong></span> <span class='ocrx_word' id='word_1_13' title='bbox 1601 593 1715 647; x_wconf 77' lang='lat' dir='ltr'><strong>est;</strong></span> <span class='ocrx_word' id='word_1_14' title='bbox 1774 599 1944 650; x_wconf 86' lang='lat' dir='ltr'><strong>neque</strong></span> <span class='ocrx_word' id='word_1_15' title='bbox 1977 592 2018 646; x_wconf 73' lang='grc' dir='ltr'><strong>Α</strong></span> <span class='ocrx_word' id='word_1_16' title='bbox 2049 587 2346 639; x_wconf 87' lang='lat' dir='ltr'><strong>secundum</strong></span> <span class='ocrx_word' id='word_1_17' title='bbox 2394 589 2752 656; x_wconf 75' lang='lat' dir='ltr'><strong>proprietates</strong></span> <span class='ocrx_word' id='word_1_18' title='bbox 2800 610 2920 663; x_wconf 68' lang='lat' dir='ltr'><strong>qua!</strong></span> <span class='ocrx_word' id='word_1_19' title='bbox 2983 598 3317 654; x_wconf 74' lang='lat' dir='ltr'><strong>substantias</strong></span> <span class='ocrx_word' id='word_1_20' title='bbox 3367 607 3617 657; x_wconf 81' lang='lat' dir='ltr'><strong>ostende-</strong></span> 
     </span>
    </p>
   </div>
   <div class='ocr_carea' id='block_1_4' title="bbox 363 673 1940 728">
    <p class='ocr_par' dir='ltr' id='par_1_4' title="bbox 363 673 1940 728">
     <span class='ocr_line' id='line_1_4' title="bbox 363 673 1940 728; baseline 0.002 -4"><span class='ocrx_word' id='word_1_21' title='bbox 363 675 509 725; x_wconf 84' lang='lat' dir='ltr'><strong>cnim</strong></span> <span class='ocrx_word' id='word_1_22' title='bbox 558 673 840 727; x_wconf 81' lang='lat' dir='ltr'><strong>relativum</strong></span> <span class='ocrx_word' id='word_1_23' title='bbox 875 685 929 728; x_wconf 83' lang='lat' dir='ltr'><strong>et</strong></span> <span class='ocrx_word' id='word_1_24' title='bbox 978 674 1282 727; x_wconf 90' lang='lat' dir='ltr'><strong>absolutum</strong></span> <span class='ocrx_word' id='word_1_25' title='bbox 1333 674 1471 727; x_wconf 90' lang='lat' dir='ltr'><strong>idem</strong></span> <span class='ocrx_word' id='word_1_26' title='bbox 1505 677 1799 727; x_wconf 89' lang='lat' dir='ltr'><strong>secundum</strong></span> <span class='ocrx_word' id='word_1_27' title='bbox 1840 676 1940 727; x_wconf 91' lang='lat' dir='ltr'><strong>hoc</strong></span> 
     </span>
    </p>
   </div>
   <div class='ocr_carea' id='block_1_5' title="bbox 362 766 1942 834">
    <p class='ocr_par' dir='ltr' id='par_1_5' title="bbox 362 766 1942 834">
     <span class='ocr_line' id='line_1_5' title="bbox 362 766 1942 834; baseline 0.003 -20"><span class='ocrx_word' id='word_1_28' title='bbox 362 767 572 816; x_wconf 84' lang='lat' dir='ltr'><strong>dictum</strong></span> <span class='ocrx_word' id='word_1_29' title='bbox 605 775 723 819; x_wconf 86' lang='lat' dir='ltr'><strong>est:</strong></span> <span class='ocrx_word' id='word_1_30' title='bbox 750 767 992 833; x_wconf 82' lang='lat' dir='ltr'><strong>sequitur</strong></span> <span class='ocrx_word' id='word_1_31' title='bbox 1014 781 1120 818; x_wconf 90' lang='lat' dir='ltr'><strong>non</strong></span> <span class='ocrx_word' id='word_1_32' title='bbox 1152 767 1289 819; x_wconf 88' lang='lat' dir='ltr'><strong>idem</strong></span> <span class='ocrx_word' id='word_1_33' title='bbox 1321 780 1440 819; x_wconf 86' lang='lat' dir='ltr'><strong>esse</strong></span> <span class='ocrx_word' id='word_1_34' title='bbox 1464 766 1754 820; x_wconf 68' lang='lat' dir='ltr'><strong>essentiam</strong></span> <span class='ocrx_word' id='word_1_35' title='bbox 1780 775 1942 834; x_wconf 89' lang='lat' dir='ltr'><strong>atque</strong></span> 
     </span>
    </p>
   </div>
   <div class='ocr_carea' id='block_1_6' title="bbox 361 855 1941 925">
    <p class='ocr_par' dir='ltr' id='par_1_6' title="bbox 361 855 1941 925">
     <span class='ocr_line' id='line_1_6' title="bbox 361 855 1941 925; baseline 0.002 -18"><span class='ocrx_word' id='word_1_36' title='bbox 361 856 753 925; x_wconf 70' lang='lat' dir='ltr'><strong>substantiam,</strong></span> <span class='ocrx_word' id='word_1_37' title='bbox 806 855 1068 910; x_wconf 70' lang='lat' dir='ltr'><strong>Essentis:</strong></span> <span class='ocrx_word' id='word_1_38' title='bbox 1113 858 1256 911; x_wconf 88' lang='lat' dir='ltr'><strong>enim</strong></span> <span class='ocrx_word' id='word_1_39' title='bbox 1283 872 1477 910; x_wconf 83' lang='lat' dir='ltr'><strong>nomen</strong></span> <span class='ocrx_word' id='word_1_40' title='bbox 1504 856 1754 925; x_wconf 81' lang='lat' dir='ltr'><strong>quiddam</strong></span> <span class='ocrx_word' id='word_1_41' title='bbox 1782 856 1941 910; x_wconf 89' lang='lat' dir='ltr'><strong>abso-</strong></span> 
     </span>
    </p>
   </div>
   <div class='ocr_carea' id='block_1_7' title="bbox 361 948 1939 1021">
    <p class='ocr_par' dir='ltr' id='par_1_7' title="bbox 361 948 1939 1021">
     <span class='ocr_line' id='line_1_7' title="bbox 361 948 1939 1021; baseline 0.003 -23"><span class='ocrx_word' id='word_1_42' title='bbox 361 948 541 999; x_wconf 88' lang='lat' dir='ltr'><strong>lutum</strong></span> <span class='ocrx_word' id='word_1_43' title='bbox 593 949 792 1014; x_wconf 74' lang='lat' dir='ltr'><strong>signat,</strong></span> <span class='ocrx_word' id='word_1_44' title='bbox 859 950 1160 1003; x_wconf 73' lang='lat' dir='ltr'><strong>substantia</strong></span> <span class='ocrx_word' id='word_1_45' title='bbox 1205 950 1315 1021; x_wconf 70' lang='lat'><strong>(33)</strong></span> <span class='ocrx_word' id='word_1_46' title='bbox 1350 964 1476 1002; x_wconf 85' lang='lat' dir='ltr'><strong>vero</strong></span> <span class='ocrx_word' id='word_1_47' title='bbox 1525 949 1796 1017; x_wconf 83' lang='lat' dir='ltr'><strong>prOpriam</strong></span> <span class='ocrx_word' id='word_1_48' title='bbox 1841 964 1939 1004; x_wconf 91' lang='lat' dir='ltr'><strong>cu-</strong></span> 
     </span>
    </p>
   </div>
   <div class='ocr_carea' id='block_1_8' title="bbox 353 1038 1936 1112">
    <p class='ocr_par' dir='ltr' id='par_1_8' title="bbox 353 1038 1936 1112">
     <span class='ocr_line' id='line_1_8' title="bbox 353 1038 1936 1112; baseline 0.006 -22"><span class='ocrx_word' id='word_1_49' title='bbox 353 1038 563 1106; x_wconf 84' lang='lat' dir='ltr'><strong>jusque</strong></span> <span class='ocrx_word' id='word_1_50' title='bbox 620 1049 805 1093; x_wconf 88' lang='lat' dir='ltr'><strong>notam</strong></span> <span class='ocrx_word' id='word_1_51' title='bbox 882 1047 1246 1106; x_wconf 83' lang='lat' dir='ltr'><strong>commendat,</strong></span> <span class='ocrx_word' id='word_1_52' title='bbox 1299 1044 1596 1097; x_wconf 86' lang='lat' dir='ltr'><strong>secundum</strong></span> <span class='ocrx_word' id='word_1_53' title='bbox 1655 1058 1812 1112; x_wconf 86' lang='lat' dir='ltr'><strong>quam</strong></span> <span class='ocrx_word' id='word_1_54' title='bbox 1870 1047 1936 1099; x_wconf 85' lang='lat' dir='ltr'><strong>ad</strong></span> 
     </span>
    </p>
   </div>
   <div class='ocr_carea' id='block_1_9' title="bbox 358 1123 1130 1199">
    <p class='ocr_par' dir='ltr' id='par_1_9' title="bbox 358 1123 1130 1199">
     <span class='ocr_line' id='line_1_9' title="bbox 358 1123 1130 1199; baseline 0.01 -20"><span class='ocrx_word' id='word_1_55' title='bbox 358 1128 526 1180; x_wconf 84' lang='lat' dir='ltr'><strong>aliam</strong></span> <span class='ocrx_word' id='word_1_56' title='bbox 562 1129 796 1185; x_wconf 75' lang='lat' dir='ltr'><strong>refertur</strong></span> <span class='ocrx_word' id='word_1_57' title='bbox 825 1123 1130 1199; x_wconf 81' lang='lat' dir='ltr'><strong>personam.</strong></span> 
     </span>
    </p>
   </div>
   <div class='ocr_carea' id='block_1_10' title="bbox 436 1218 1934 1295">
    <p class='ocr_par' dir='ltr' id='par_1_10' title="bbox 436 1218 1934 1295">
     <span class='ocr_line' id='line_1_10' title="bbox 436 1218 1934 1295; baseline 0.007 -25"><span class='ocrx_word' id='word_1_58' title='bbox 436 1218 573 1271; x_wconf 78' lang='lat' dir='ltr'><strong>Nam</strong></span> <span class='ocrx_word' id='word_1_59' title='bbox 600 1220 829 1289; x_wconf 80' lang='lat' dir='ltr'><strong>exempli</strong></span> <span class='ocrx_word' id='word_1_60' title='bbox 861 1235 1047 1285; x_wconf 89' lang='lat' dir='ltr'><strong>causa,</strong></span> <span class='ocrx_word' id='word_1_61' title='bbox 1081 1222 1268 1277; x_wconf 84' lang='lat' dir='ltr'><strong>dexter</strong></span> <span class='ocrx_word' id='word_1_62' title='bbox 1304 1225 1465 1277; x_wconf 92' lang='lat' dir='ltr'><strong>homo</strong></span> <span class='ocrx_word' id='word_1_63' title='bbox 1494 1227 1562 1278; x_wconf 89' lang='lat' dir='ltr'><strong>ab</strong></span> <span class='ocrx_word' id='word_1_64' title='bbox 1598 1240 1663 1279; x_wconf 89' lang='lat' dir='ltr'><strong>eo</strong></span> <span class='ocrx_word' id='word_1_65' title='bbox 1689 1226 1779 1295; x_wconf 89' lang='lat' dir='ltr'><strong>qui</strong></span> <span class='ocrx_word' id='word_1_66' title='bbox 1804 1227 1934 1281; x_wconf 76' lang='lat' dir='ltr'><strong>sim-</strong></span> 
     </span>
    </p>
   </div>
   <div class='ocr_carea' id='block_1_11' title="bbox 356 1309 1935 1385">
    <p class='ocr_par' dir='ltr' id='par_1_11' title="bbox 356 1309 1935 1385">
     <span class='ocr_line' id='line_1_11' title="bbox 356 1309 1935 1385; baseline 0.007 -25"><span class='ocrx_word' id='word_1_67' title='bbox 356 1309 579 1377; x_wconf 80' lang='lat' dir='ltr'><strong>pliciter</strong></span> <span class='ocrx_word' id='word_1_68' title='bbox 630 1311 792 1365; x_wconf 91' lang='lat' dir='ltr'><strong>homo</strong></span> <span class='ocrx_word' id='word_1_69' title='bbox 833 1323 915 1366; x_wconf 91' lang='lat' dir='ltr'><strong>est</strong></span> <span class='ocrx_word' id='word_1_70' title='bbox 968 1315 1264 1368; x_wconf 88' lang='lat' dir='ltr'><strong>secundum</strong></span> <span class='ocrx_word' id='word_1_71' title='bbox 1319 1317 1461 1384; x_wconf 91' lang='lat' dir='ltr'><strong>quod</strong></span> <span class='ocrx_word' id='word_1_72' title='bbox 1512 1316 1830 1385; x_wconf 76' lang='lat' dir='ltr'><strong>simpliciter</strong></span> <span class='ocrx_word' id='word_1_73' title='bbox 1882 1329 1935 1371; x_wconf 89' lang='lat' dir='ltr'><strong>et</strong></span> 
     </span>
    </p>
   </div>
   <div class='ocr_carea' id='block_1_12' title="bbox 354 1401 1934 1479">
    <p class='ocr_par' dir='ltr' id='par_1_12' title="bbox 354 1401 1934 1479">
     <span class='ocr_line' id='line_1_12' title="bbox 354 1401 1934 1479; baseline 0.008 -29"><span class='ocrx_word' id='word_1_74' title='bbox 354 1401 548 1467; x_wconf 76' lang='lat' dir='ltr'><strong>aliquo</strong></span> <span class='ocrx_word' id='word_1_75' title='bbox 572 1404 753 1467; x_wconf 87' lang='lat' dir='ltr'><strong>modo,</strong></span> <span class='ocrx_word' id='word_1_76' title='bbox 775 1404 890 1459; x_wconf 77' lang='lat' dir='ltr'><strong>sive</strong></span> <span class='ocrx_word' id='word_1_77' title='bbox 929 1408 1221 1459; x_wconf 88' lang='lat' dir='ltr'><strong>secundum</strong></span> <span class='ocrx_word' id='word_1_78' title='bbox 1255 1422 1540 1461; x_wconf 82' lang='lat' dir='ltr'><strong>commune</strong></span> <span class='ocrx_word' id='word_1_79' title='bbox 1568 1418 1620 1461; x_wconf 88' lang='lat' dir='ltr'><strong>et</strong></span> <span class='ocrx_word' id='word_1_80' title='bbox 1657 1410 1934 1479; x_wconf 91' lang='lat' dir='ltr'><strong>proprium</strong></span> 
     </span>
    </p>
   </div>
   <div class='ocr_carea' id='block_1_13' title="bbox 353 1492 1928 1566">
    <p class='ocr_par' dir='ltr' id='par_1_13' title="bbox 353 1492 1928 1566">
     <span class='ocr_line' id='line_1_13' title="bbox 353 1492 1928 1566; baseline 0.008 -23"><span class='ocrx_word' id='word_1_81' title='bbox 353 1492 545 1547; x_wconf 83' lang='lat' dir='ltr'><strong>differt</strong></span> <span class='ocrx_word' id='word_1_82' title='bbox 566 1534 580 1558; x_wconf 92' lang='lat'><strong>,</strong></span> <span class='ocrx_word' id='word_1_83' title='bbox 636 1496 738 1549; x_wconf 87' lang='lat' dir='ltr'><strong>etsi</strong></span> <span class='ocrx_word' id='word_1_84' title='bbox 766 1498 1056 1550; x_wconf 87' lang='lat' dir='ltr'><strong>secundum</strong></span> <span class='ocrx_word' id='word_1_85' title='bbox 1110 1514 1222 1552; x_wconf 90' lang='lat' dir='ltr'><strong>rem</strong></span> <span class='ocrx_word' id='word_1_86' title='bbox 1253 1499 1393 1553; x_wconf 89' lang='lat' dir='ltr'><strong>idem</strong></span> <span class='ocrx_word' id='word_1_87' title='bbox 1422 1501 1492 1553; x_wconf 91' lang='lat' dir='ltr'><strong>sit</strong></span> <span class='ocrx_word' id='word_1_88' title='bbox 1523 1502 1711 1555; x_wconf 80' lang='lat' dir='ltr'><strong>dexter</strong></span> <span class='ocrx_word' id='word_1_89' title='bbox 1737 1502 1928 1566; x_wconf 91' lang='lat' dir='ltr'><strong>homo;</strong></span> 
     </span>
    </p>
   </div>
   <div class='ocr_carea' id='block_1_14' title="bbox 355 1579 1931 1662">
    <p class='ocr_par' dir='ltr' id='par_1_14' title="bbox 355 1579 1931 1662">
     <span class='ocr_line' id='line_1_14' title="bbox 355 1579 1931 1662; baseline 0.008 -28"><span class='ocrx_word' id='word_1_90' title='bbox 355 1586 561 1653; x_wconf 85' lang='lat' dir='ltr'><strong>quippe</strong></span> <span class='ocrx_word' id='word_1_91' title='bbox 610 1598 661 1639; x_wconf 90' lang='lat' dir='ltr'><strong>et</strong></span> <span class='ocrx_word' id='word_1_92' title='bbox 684 1587 873 1641; x_wconf 77' lang='lat' dir='ltr'><strong>Petrus</strong></span> <span class='ocrx_word' id='word_1_93' title='bbox 923 1588 1085 1644; x_wconf 89' lang='lat' dir='ltr'><strong>homo</strong></span> <span class='ocrx_word' id='word_1_94' title='bbox 1130 1600 1210 1644; x_wconf 86' lang='lat' dir='ltr'><strong>est</strong></span> <span class='ocrx_word' id='word_1_95' title='bbox 1242 1599 1295 1645; x_wconf 89' lang='lat' dir='ltr'><strong>et</strong></span> <span class='ocrx_word' id='word_1_96' title='bbox 1327 1579 1475 1645; x_wconf 82' lang='lat' dir='ltr'><strong>ﬁlius</strong></span> <span class='ocrx_word' id='word_1_97' title='bbox 1521 1592 1708 1658; x_wconf 68' lang='lat' dir='ltr'><strong>Jonm;</strong></span> <span class='ocrx_word' id='word_1_98' title='bbox 1756 1609 1931 1662; x_wconf 89' lang='lat' dir='ltr'><strong>neque</strong></span> 
     </span>
    </p>
   </div>
   <div class='ocr_carea' id='block_1_15' title="bbox 355 1678 1927 1748">
    <p class='ocr_par' dir='ltr' id='par_1_15' title="bbox 355 1678 1927 1748">
     <span class='ocr_line' id='line_1_15' title="bbox 355 1678 1927 1748; baseline 0.006 -21"><span class='ocrx_word' id='word_1_99' title='bbox 355 1679 598 1729; x_wconf 73' lang='lat' dir='ltr'><strong>alterunt</strong></span> <span class='ocrx_word' id='word_1_100' title='bbox 649 1678 914 1746; x_wconf 82' lang='lat' dir='ltr'><strong>signiﬁcat</strong></span> <span class='ocrx_word' id='word_1_101' title='bbox 971 1681 1060 1748; x_wconf 87' lang='lat' dir='ltr'><strong>qui</strong></span> <span class='ocrx_word' id='word_1_102' title='bbox 1097 1683 1344 1735; x_wconf 82' lang='lat' dir='ltr'><strong>eumdem</strong></span> <span class='ocrx_word' id='word_1_103' title='bbox 1385 1681 1600 1736; x_wconf 85' lang='lat' dir='ltr'><strong>Petrum</strong></span> <span class='ocrx_word' id='word_1_104' title='bbox 1656 1684 1927 1737; x_wconf 79' lang='lat' dir='ltr'><strong>hominem</strong></span> 
     </span>
    </p>
   </div>
   <div class='ocr_carea' id='block_1_16' title="bbox 354 1768 1933 1833">
    <p class='ocr_par' dir='ltr' id='par_1_16' title="bbox 354 1768 1933 1833">
     <span class='ocr_line' id='line_1_16' title="bbox 354 1768 1933 1833; baseline 0.006 -13"><span class='ocrx_word' id='word_1_105' title='bbox 354 1768 514 1833; x_wconf 85' lang='lat' dir='ltr'><strong>dicit;</strong></span> <span class='ocrx_word' id='word_1_106' title='bbox 548 1768 776 1821; x_wconf 81' lang='lat' dir='ltr'><strong>alterum</strong></span> <span class='ocrx_word' id='word_1_107' title='bbox 801 1784 952 1833; x_wconf 87' lang='lat' dir='ltr'><strong>vero,</strong></span> <span class='ocrx_word' id='word_1_108' title='bbox 988 1784 1105 1824; x_wconf 89' lang='lat' dir='ltr'><strong>cum</strong></span> <span class='ocrx_word' id='word_1_109' title='bbox 1134 1773 1379 1827; x_wconf 89' lang='lat' dir='ltr'><strong>eumdem</strong></span> <span class='ocrx_word' id='word_1_110' title='bbox 1413 1772 1578 1831; x_wconf 88' lang='lat' dir='ltr'><strong>ﬁlium</strong></span> <span class='ocrx_word' id='word_1_111' title='bbox 1605 1773 1751 1830; x_wconf 63' lang='lat' dir='ltr'><strong>Jonas</strong></span> <span class='ocrx_word' id='word_1_112' title='bbox 1782 1776 1933 1829; x_wconf 77' lang='lat' dir='ltr'><strong>dixe—</strong></span> 
     </span>
    </p>
   </div>
   <div class='ocr_carea' id='block_1_17' title="bbox 355 1857 1929 1937">
    <p class='ocr_par' dir='ltr' id='par_1_17' title="bbox 355 1857 1929 1937">
     <span class='ocr_line' id='line_1_17' title="bbox 355 1857 1929 1937; baseline 0.006 -28"><span class='ocrx_word' id='word_1_113' title='bbox 355 1862 450 1912; x_wconf 92' lang='lat' dir='ltr'><strong>rit.</strong></span> <span class='ocrx_word' id='word_1_114' title='bbox 494 1857 806 1913; x_wconf 81' lang='lat' dir='ltr'><strong>Secundum</strong></span> <span class='ocrx_word' id='word_1_115' title='bbox 865 1875 1023 1923; x_wconf 87' lang='lat' dir='ltr'><strong>vero,</strong></span> <span class='ocrx_word' id='word_1_116' title='bbox 1079 1863 1220 1933; x_wconf 85' lang='lat' dir='ltr'><strong>quod</strong></span> <span class='ocrx_word' id='word_1_117' title='bbox 1245 1863 1568 1929; x_wconf 87' lang='lat' dir='ltr'><strong>simpliciter</strong></span> <span class='ocrx_word' id='word_1_118' title='bbox 1626 1876 1681 1919; x_wconf 89' lang='lat' dir='ltr'><strong>et</strong></span> <span class='ocrx_word' id='word_1_119' title='bbox 1750 1867 1929 1937; x_wconf 87' lang='lat' dir='ltr'><strong>aliquo</strong></span> 
     </span>
    </p>
   </div>
   <div class='ocr_carea' id='block_1_18' title="bbox 2046 678 3612 757">
    <p class='ocr_par' dir='ltr' id='par_1_18' title="bbox 2046 678 3612 757">
     <span class='ocr_line' id='line_1_18' title="bbox 2046 678 3612 757; baseline 0.014 -30"><span class='ocrx_word' id='word_1_120' title='bbox 2046 685 2187 739; x_wconf 89' lang='lat' dir='ltr'><strong>rent,</strong></span> <span class='ocrx_word' id='word_1_121' title='bbox 2218 678 2451 731; x_wconf 88' lang='lat' dir='ltr'><strong>uolebat.</strong></span> <span class='ocrx_word' id='word_1_122' title='bbox 2506 680 2561 737; x_wconf 91' lang='lat' dir='ltr'><strong>Si</strong></span> <span class='ocrx_word' id='word_1_123' title='bbox 2596 684 2713 750; x_wconf 89' lang='lat' dir='ltr'><strong>quis</strong></span> <span class='ocrx_word' id='word_1_124' title='bbox 2739 688 2881 740; x_wconf 88' lang='lat' dir='ltr'><strong>enim</strong></span> <span class='ocrx_word' id='word_1_125' title='bbox 2937 700 3213 757; x_wconf 87' lang='lat' dir='ltr'><strong>paternam</strong></span> <span class='ocrx_word' id='word_1_126' title='bbox 3258 693 3612 749; x_wconf 83' lang='lat' dir='ltr'><strong>substantiam</strong></span> 
     </span>
    </p>
   </div>
   <div class='ocr_carea' id='block_1_19' title="bbox 2046 765 3611 852">
    <p class='ocr_par' dir='ltr' id='par_1_19' title="bbox 2046 765 3611 852">
     <span class='ocr_line' id='line_1_19' title="bbox 2046 765 3611 852; baseline 0.015 -34"><span class='ocrx_word' id='word_1_127' title='bbox 2046 765 2325 821; x_wconf 90' lang='lat' dir='ltr'><strong>relativum</strong></span> <span class='ocrx_word' id='word_1_128' title='bbox 2354 769 2534 834; x_wconf 89' lang='lat' dir='ltr'><strong>dicat,</strong></span> <span class='ocrx_word' id='word_1_129' title='bbox 2583 788 2804 832; x_wconf 83' lang='lat' dir='ltr'><strong>necesse</strong></span> <span class='ocrx_word' id='word_1_130' title='bbox 2834 787 2937 843; x_wconf 88' lang='lat' dir='ltr'><strong>est,</strong></span> <span class='ocrx_word' id='word_1_131' title='bbox 2977 789 3029 834; x_wconf 88' lang='lat' dir='ltr'><strong>ct</strong></span> <span class='ocrx_word' id='word_1_132' title='bbox 3062 782 3127 837; x_wconf 88' lang='lat' dir='ltr'><strong>ad</strong></span> <span class='ocrx_word' id='word_1_133' title='bbox 3164 785 3304 852; x_wconf 85' lang='lat' dir='ltr'><strong>quod</strong></span> <span class='ocrx_word' id='word_1_134' title='bbox 3343 786 3611 851; x_wconf 80' lang='lat' dir='ltr'><strong>refertur,</strong></span> 
     </span>
    </p>
   </div>
   <div class='ocr_carea' id='block_1_20' title="bbox 2052 856 3610 939">
    <p class='ocr_par' dir='ltr' id='par_1_20' title="bbox 2052 856 3610 939">
     <span class='ocr_line' id='line_1_20' title="bbox 2052 856 3610 939; baseline 0.013 -30"><span class='ocrx_word' id='word_1_135' title='bbox 2052 856 2211 910; x_wconf 80' lang='lat' dir='ltr'><strong>simul</strong></span> <span class='ocrx_word' id='word_1_136' title='bbox 2236 862 2501 915; x_wconf 80' lang='lat' dir='ltr'><strong>conﬁteri.</strong></span> <span class='ocrx_word' id='word_1_137' title='bbox 2526 862 2838 933; x_wconf 86' lang='lat' dir='ltr'><strong>llujttsmodi</strong></span> <span class='ocrx_word' id='word_1_138' title='bbox 2866 872 3065 939; x_wconf 81' lang='lat' dir='ltr'><strong>quippe</strong></span> <span class='ocrx_word' id='word_1_139' title='bbox 3091 884 3280 926; x_wconf 86' lang='lat' dir='ltr'><strong>natura</strong></span> <span class='ocrx_word' id='word_1_140' title='bbox 3307 886 3395 929; x_wconf 87' lang='lat' dir='ltr'><strong>est</strong></span> <span class='ocrx_word' id='word_1_141' title='bbox 3424 892 3610 935; x_wconf 85' lang='lat' dir='ltr'><strong>earum</strong></span> 
     </span>
    </p>
   </div>
   <div class='ocr_carea' id='block_1_21' title="bbox 2044 953 3611 1025">
    <p class='ocr_par' dir='ltr' id='par_1_21' title="bbox 2044 953 3611 1025">
     <span class='ocr_line' id='line_1_21' title="bbox 2044 953 3611 1025; baseline 0.013 -23"><span class='ocrx_word' id='word_1_142' title='bbox 2044 966 2222 1004; x_wconf 91' lang='lat' dir='ltr'><strong>rerum</strong></span> <span class='ocrx_word' id='word_1_143' title='bbox 2260 967 2378 1021; x_wconf 70' lang='lat' dir='ltr'><strong>qua:</strong></span> <span class='ocrx_word' id='word_1_144' title='bbox 2406 953 2472 1006; x_wconf 87' lang='lat' dir='ltr'><strong>ad</strong></span> <span class='ocrx_word' id='word_1_145' title='bbox 2520 956 2721 1025; x_wconf 89' lang='lat' dir='ltr'><strong>aliquid</strong></span> <span class='ocrx_word' id='word_1_146' title='bbox 2755 959 3028 1019; x_wconf 82' lang='lat' dir='ltr'><strong>dicuntur.</strong></span> <span class='ocrx_word' id='word_1_147' title='bbox 3085 964 3227 1025; x_wconf 83' lang='lat' dir='ltr'><strong>Idem</strong></span> <span class='ocrx_word' id='word_1_148' title='bbox 3279 982 3404 1022; x_wconf 64' lang='lat' dir='ltr'><strong>vero</strong></span> <span class='ocrx_word' id='word_1_149' title='bbox 3450 981 3501 1023; x_wconf 84' lang='lat' dir='ltr'><strong>et</strong></span> <span class='ocrx_word' id='word_1_150' title='bbox 3560 972 3611 1023; x_wconf 90' lang='lat' dir='ltr'><strong>in</strong></span> 
     </span>
    </p>
   </div>
   <div class='ocr_carea' id='block_1_22' title="bbox 2043 1042 3612 1118">
    <p class='ocr_par' dir='ltr' id='par_1_22' title="bbox 2043 1042 3612 1118">
     <span class='ocr_line' id='line_1_22' title="bbox 2043 1042 3612 1118; baseline 0.013 -25"><span class='ocrx_word' id='word_1_151' title='bbox 2043 1042 2345 1095; x_wconf 80' lang='lat' dir='ltr'><strong>substantia</strong></span> <span class='ocrx_word' id='word_1_152' title='bbox 2402 1045 2579 1112; x_wconf 80' lang='lat' dir='ltr'><strong>genita</strong></span> <span class='ocrx_word' id='word_1_153' title='bbox 2616 1056 2669 1100; x_wconf 87' lang='lat' dir='ltr'><strong>et</strong></span> <span class='ocrx_word' id='word_1_154' title='bbox 2716 1048 2767 1100; x_wconf 91' lang='lat' dir='ltr'><strong>iu</strong></span> <span class='ocrx_word' id='word_1_155' title='bbox 2823 1052 3144 1118; x_wconf 80' lang='lat' dir='ltr'><strong>procedente</strong></span> <span class='ocrx_word' id='word_1_156' title='bbox 3180 1056 3466 1113; x_wconf 88' lang='lat' dir='ltr'><strong>dicendum</strong></span> <span class='ocrx_word' id='word_1_157' title='bbox 3510 1070 3612 1115; x_wconf 91' lang='lat' dir='ltr'><strong>est.</strong></span> 
     </span>
    </p>
   </div>
   <div class='ocr_carea' id='block_1_23' title="bbox 2046 1130 3617 1207">
    <p class='ocr_par' dir='ltr' id='par_1_23' title="bbox 2046 1130 3617 1207">
     <span class='ocr_line' id='line_1_23' title="bbox 2046 1130 3617 1207; baseline 0.013 -23"><span class='ocrx_word' id='word_1_158' title='bbox 2046 1130 2157 1185; x_wconf 80' lang='lat' dir='ltr'><strong>Hoc</strong></span> <span class='ocrx_word' id='word_1_159' title='bbox 2189 1145 2370 1187; x_wconf 89' lang='lat' dir='ltr'><strong>autem</strong></span> <span class='ocrx_word' id='word_1_160' title='bbox 2404 1136 2453 1187; x_wconf 90' lang='lat' dir='ltr'><strong>in</strong></span> <span class='ocrx_word' id='word_1_161' title='bbox 2489 1135 2595 1190; x_wconf 88' lang='lat' dir='ltr'><strong>Deo</strong></span> <span class='ocrx_word' id='word_1_162' title='bbox 2623 1140 2798 1207; x_wconf 90' lang='lat' dir='ltr'><strong>posito</strong></span> <span class='ocrx_word' id='word_1_163' title='bbox 2820 1180 2834 1205; x_wconf 92' lang='lat'><strong>,</strong></span> <span class='ocrx_word' id='word_1_164' title='bbox 2864 1157 3083 1199; x_wconf 80' lang='lat' dir='ltr'><strong>necesse</strong></span> <span class='ocrx_word' id='word_1_165' title='bbox 3112 1155 3197 1200; x_wconf 84' lang='lat' dir='ltr'><strong>est</strong></span> <span class='ocrx_word' id='word_1_166' title='bbox 3224 1159 3332 1203; x_wconf 89' lang='lat' dir='ltr'><strong>tres</strong></span> <span class='ocrx_word' id='word_1_167' title='bbox 3367 1152 3617 1207; x_wconf 78' lang='lat' dir='ltr'><strong>substan-</strong></span> 
     </span>
    </p>
   </div>
   <div class='ocr_carea' id='block_1_24' title="bbox 2044 1223 3615 1311">
    <p class='ocr_par' dir='ltr' id='par_1_24' title="bbox 2044 1223 3615 1311">
     <span class='ocr_line' id='line_1_24' title="bbox 2044 1223 3615 1311; baseline 0.013 -36"><span class='ocrx_word' id='word_1_168' title='bbox 2044 1223 2167 1287; x_wconf 83' lang='lat' dir='ltr'><strong>tias,</strong></span> <span class='ocrx_word' id='word_1_169' title='bbox 2204 1239 2297 1278; x_wconf 86' lang='lat' dir='ltr'><strong>seu</strong></span> <span class='ocrx_word' id='word_1_170' title='bbox 2325 1235 2436 1280; x_wconf 90' lang='lat' dir='ltr'><strong>tres</strong></span> <span class='ocrx_word' id='word_1_171' title='bbox 2470 1244 2727 1297; x_wconf 85' lang='lat' dir='ltr'><strong>personas</strong></span> <span class='ocrx_word' id='word_1_172' title='bbox 2774 1232 2935 1286; x_wconf 90' lang='lat' dir='ltr'><strong>Deum</strong></span> <span class='ocrx_word' id='word_1_173' title='bbox 2992 1239 3286 1292; x_wconf 78' lang='lat' dir='ltr'><strong>secundum</strong></span> <span class='ocrx_word' id='word_1_174' title='bbox 3326 1242 3440 1295; x_wconf 83' lang='lat' dir='ltr'><strong>ﬁdei</strong></span> <span class='ocrx_word' id='word_1_175' title='bbox 3471 1247 3615 1311; x_wconf 83' lang='lat' dir='ltr'><strong>pusi-</strong></span> 
     </span>
    </p>
   </div>
   <div class='ocr_carea' id='block_1_25' title="bbox 2044 1315 3615 1402">
    <p class='ocr_par' dir='ltr' id='par_1_25' title="bbox 2044 1315 3615 1402">
     <span class='ocr_line' id='line_1_25' title="bbox 2044 1315 3615 1402; baseline 0.013 -35"><span class='ocrx_word' id='word_1_176' title='bbox 2044 1315 2246 1369; x_wconf 91' lang='lat' dir='ltr'><strong>tionem</strong></span> <span class='ocrx_word' id='word_1_177' title='bbox 2283 1333 2348 1371; x_wconf 81' lang='lat' dir='ltr'><strong>ex</strong></span> <span class='ocrx_word' id='word_1_178' title='bbox 2402 1321 2776 1387; x_wconf 84' lang='lat' dir='ltr'><strong>processibus,</strong></span> <span class='ocrx_word' id='word_1_179' title='bbox 2807 1323 2921 1378; x_wconf 80' lang='lat' dir='ltr'><strong>sive</strong></span> <span class='ocrx_word' id='word_1_180' title='bbox 2966 1327 3317 1385; x_wconf 69' lang='lat' dir='ltr'><strong>rrlat&#39;ouibus</strong></span> <span class='ocrx_word' id='word_1_181' title='bbox 3350 1348 3615 1402; x_wconf 74' lang='lat' dir='ltr'><strong>apparen-</strong></span> 
     </span>
    </p>
   </div>
   <div class='ocr_carea' id='block_1_26' title="bbox 2043 1408 3609 1492">
    <p class='ocr_par' dir='ltr' id='par_1_26' title="bbox 2043 1408 3609 1492">
     <span class='ocr_line' id='line_1_26' title="bbox 2043 1408 3609 1492; baseline 0.015 -33"><span class='ocrx_word' id='word_1_182' title='bbox 2043 1416 2122 1460; x_wconf 88' lang='lat' dir='ltr'><strong>tes</strong></span> <span class='ocrx_word' id='word_1_183' title='bbox 2144 1408 2406 1474; x_wconf 88' lang='lat' dir='ltr'><strong>conﬁteri,</strong></span> <span class='ocrx_word' id='word_1_184' title='bbox 2432 1410 2571 1479; x_wconf 86' lang='lat' dir='ltr'><strong>quod</strong></span> <span class='ocrx_word' id='word_1_185' title='bbox 2596 1423 2709 1466; x_wconf 90' lang='lat' dir='ltr'><strong>erat</strong></span> <span class='ocrx_word' id='word_1_186' title='bbox 2729 1419 3054 1472; x_wconf 89' lang='lat' dir='ltr'><strong>contrarium</strong></span> <span class='ocrx_word' id='word_1_187' title='bbox 3075 1419 3292 1476; x_wconf 83' lang='lat' dir='ltr'><strong>Sabellii</strong></span> <span class='ocrx_word' id='word_1_188' title='bbox 3318 1431 3609 1492; x_wconf 76' lang='lat' dir='ltr'><strong>proposito.</strong></span> 
     </span>
    </p>
   </div>
   <div class='ocr_carea' id='block_1_27' title="bbox 2076 1494 3611 1578">
    <p class='ocr_par' dir='ltr' id='par_1_27' title="bbox 2076 1494 3611 1578">
     <span class='ocr_line' id='line_1_27' title="bbox 2076 1494 3611 1578; baseline 0.014 -32"><span class='ocrx_word' id='word_1_189' title='bbox 2076 1494 2151 1547; x_wconf 82' lang='lat' dir='ltr'><strong>De</strong></span> <span class='ocrx_word' id='word_1_190' title='bbox 2181 1495 2282 1552; x_wconf 88' lang='lat' dir='ltr'><strong>hoc</strong></span> <span class='ocrx_word' id='word_1_191' title='bbox 2313 1500 2453 1565; x_wconf 84' lang='lat' dir='ltr'><strong>quod</strong></span> <span class='ocrx_word' id='word_1_192' title='bbox 2490 1502 2823 1568; x_wconf 79' lang='lat' dir='ltr'><strong>prepositum</strong></span> <span class='ocrx_word' id='word_1_193' title='bbox 2872 1513 2976 1567; x_wconf 87' lang='lat' dir='ltr'><strong>est,</strong></span> <span class='ocrx_word' id='word_1_194' title='bbox 3000 1515 3055 1560; x_wconf 88' lang='lat' dir='ltr'><strong>et</strong></span> <span class='ocrx_word' id='word_1_195' title='bbox 3108 1523 3330 1578; x_wconf 80' lang='lat' dir='ltr'><strong>magnus</strong></span> <span class='ocrx_word' id='word_1_196' title='bbox 3376 1509 3611 1567; x_wconf 74' lang='lat' dir='ltr'><strong>Basilius</strong></span> 
     </span>
    </p>
   </div>
   <div class='ocr_carea' id='block_1_28' title="bbox 2042 1585 3607 1669">
    <p class='ocr_par' dir='ltr' id='par_1_28' title="bbox 2042 1585 3607 1669">
     <span class='ocr_line' id='line_1_28' title="bbox 2042 1585 3607 1669; baseline 0.012 -30"><span class='ocrx_word' id='word_1_197' title='bbox 2042 1585 2093 1639; x_wconf 91' lang='lat' dir='ltr'><strong>in</strong></span> <span class='ocrx_word' id='word_1_198' title='bbox 2129 1587 2427 1655; x_wconf 82' lang='lat' dir='ltr'><strong>exemplari</strong></span> <span class='ocrx_word' id='word_1_199' title='bbox 2460 1588 2675 1643; x_wconf 73' lang='lat' dir='ltr'><strong>dictante</strong></span> <span class='ocrx_word' id='word_1_200' title='bbox 2702 1597 2767 1645; x_wconf 90' lang='lat' dir='ltr'><strong>ab</strong></span> <span class='ocrx_word' id='word_1_201' title='bbox 2793 1608 2857 1649; x_wconf 85' lang='lat' dir='ltr'><strong>eo</strong></span> <span class='ocrx_word' id='word_1_202' title='bbox 2888 1594 3031 1660; x_wconf 87' lang='lat' dir='ltr'><strong>ﬁdei,</strong></span> <span class='ocrx_word' id='word_1_203' title='bbox 3060 1598 3216 1669; x_wconf 87' lang='lat' dir='ltr'><strong>cujus</strong></span> <span class='ocrx_word' id='word_1_204' title='bbox 3248 1600 3453 1655; x_wconf 88' lang='lat' dir='ltr'><strong>initium</strong></span> <span class='ocrx_word' id='word_1_205' title='bbox 3484 1614 3565 1659; x_wconf 89' lang='lat' dir='ltr'><strong>est</strong></span> <span class='ocrx_word' id='word_1_206' title='bbox 3594 1624 3607 1658; x_wconf 91' lang='lat'>:</span> 
     </span>
    </p>
   </div>
   <div class='ocr_carea' id='block_1_29' title="bbox 2041 1674 3607 1755">
    <p class='ocr_par' dir='ltr' id='par_1_29' title="bbox 2041 1674 3607 1755">
     <span class='ocr_line' id='line_1_29' title="bbox 2041 1674 3607 1755; baseline 0.012 -27"><span class='ocrx_word' id='word_1_207' title='bbox 2041 1674 2144 1729; x_wconf 79' lang='lat' dir='ltr'><strong>Eos</strong></span> <span class='ocrx_word' id='word_1_208' title='bbox 2178 1678 2263 1747; x_wconf 82' lang='lat' dir='ltr'><strong>qui</strong></span> <span class='ocrx_word' id='word_1_209' title='bbox 2290 1682 2538 1745; x_wconf 71' lang='lat' dir='ltr'><strong>praventi</strong></span> <span class='ocrx_word' id='word_1_210' title='bbox 2602 1691 2723 1734; x_wconf 81' lang='lat' dir='ltr'><strong>sunt</strong></span> <span class='ocrx_word' id='word_1_211' title='bbox 2762 1686 2868 1737; x_wconf 89' lang='lat' dir='ltr'><strong>alia</strong></span> <span class='ocrx_word' id='word_1_212' title='bbox 2902 1687 3025 1752; x_wconf 79' lang='lat' dir='ltr'><strong>ﬁdei</strong></span> <span class='ocrx_word' id='word_1_213' title='bbox 3081 1689 3423 1755; x_wconf 67' lang='lat' dir='ltr'><strong>Confessione,</strong></span> <span class='ocrx_word' id='word_1_214' title='bbox 3478 1695 3546 1745; x_wconf 92' lang='lat' dir='ltr'><strong>ait</strong></span> <span class='ocrx_word' id='word_1_215' title='bbox 3591 1711 3607 1747; x_wconf 90' lang='lat'><strong>:</strong></span> 
     </span>
    </p>
   </div>
   <div class='ocr_carea' id='block_1_30' title="bbox 2041 1767 3605 1847">
    <p class='ocr_par' dir='ltr' id='par_1_30' title="bbox 2041 1767 3605 1847">
     <span class='ocr_line' id='line_1_30' title="bbox 2041 1767 3605 1847; baseline 0.012 -28"><span class='ocrx_word' id='word_1_216' title='bbox 2041 1767 2264 1831; x_wconf 80' lang='lat' dir='ltr'><strong>Quidam</strong></span> <span class='ocrx_word' id='word_1_217' title='bbox 2300 1786 2417 1824; x_wconf 79' lang='lat' dir='ltr'><strong>vero</strong></span> <span class='ocrx_word' id='word_1_218' title='bbox 2471 1771 2535 1822; x_wconf 83' lang='lat' dir='ltr'><strong>ab</strong></span> <span class='ocrx_word' id='word_1_219' title='bbox 2574 1774 2839 1841; x_wconf 79' lang='lat' dir='ltr'><strong>impietate</strong></span> <span class='ocrx_word' id='word_1_220' title='bbox 2895 1778 3017 1845; x_wconf 79' lang='lat' dir='ltr'><strong>Afri</strong></span> <span class='ocrx_word' id='word_1_221' title='bbox 3062 1777 3283 1835; x_wconf 87' lang='lat' dir='ltr'><strong>Sabellii</strong></span> <span class='ocrx_word' id='word_1_222' title='bbox 3325 1785 3605 1847; x_wconf 74' lang='lat' dir='ltr'><strong>venientes,</strong></span> 
     </span>
    </p>
   </div>
   <div class='ocr_carea' id='block_1_31' title="bbox 2037 1860 3607 1940">
    <p class='ocr_par' dir='ltr' id='par_1_31' title="bbox 2037 1860 3607 1940">
     <span class='ocr_line' id='line_1_31' title="bbox 2037 1860 3607 1940; baseline 0.014 -29"><span class='ocrx_word' id='word_1_223' title='bbox 2037 1860 2388 1915; x_wconf 89' lang='lat' dir='ltr'><strong>substantiam</strong></span> <span class='ocrx_word' id='word_1_224' title='bbox 2423 1862 2777 1938; x_wconf 57' lang='lat' dir='ltr'><strong>[ItypostasinI</strong></span> <span class='ocrx_word' id='word_1_225' title='bbox 2805 1880 2959 1940; x_wconf 86' lang='lat' dir='ltr'><strong>atque</strong></span> <span class='ocrx_word' id='word_1_226' title='bbox 3000 1875 3279 1928; x_wconf 76' lang='lat' dir='ltr'><strong>essentiam</strong></span> <span class='ocrx_word' id='word_1_227' title='bbox 3310 1876 3443 1929; x_wconf 81' lang='lat' dir='ltr'><strong>idem</strong></span> <span class='ocrx_word' id='word_1_228' title='bbox 3497 1894 3607 1933; x_wconf 82' lang='lat' dir='ltr'><strong>esse</strong></span> 
     </span>
    </p>
   </div>
   <div class='ocr_carea' id='block_1_32' title="bbox 353 1940 1926 2037">
    <p class='ocr_par' dir='ltr' id='par_1_32' title="bbox 353 1951 1926 2024">
     <span class='ocr_line' id='line_1_32' title="bbox 353 1951 1926 2024; baseline 0.007 -24"><span class='ocrx_word' id='word_1_229' title='bbox 353 1951 523 2003; x_wconf 88' lang='lat' dir='ltr'><strong>modo</strong></span> <span class='ocrx_word' id='word_1_230' title='bbox 548 1951 767 2017; x_wconf 90' lang='lat' dir='ltr'><strong>dicitur,</strong></span> <span class='ocrx_word' id='word_1_231' title='bbox 797 1951 1159 2007; x_wconf 76' lang='lat' dir='ltr'><strong>differentiam</strong></span> <span class='ocrx_word' id='word_1_232' title='bbox 1190 1964 1396 2009; x_wconf 90' lang='lat' dir='ltr'><strong>tantum</strong></span> <span class='ocrx_word' id='word_1_233' title='bbox 1428 1956 1628 2011; x_wconf 83' lang='lat' dir='ltr'><strong>indicat</strong></span> <span class='ocrx_word' id='word_1_234' title='bbox 1656 1974 1674 2024; x_wconf 86' lang='lat'><strong>;</strong></span> <span class='ocrx_word' id='word_1_235' title='bbox 1703 1958 1926 2012; x_wconf 88' lang='lat' dir='ltr'><strong>dicendo</strong></span> 
     </span>
    </p>
   </div>
   <div class='ocr_carea' id='block_1_33' title="bbox 2031 1940 3604 2037">
    <p class='ocr_par' dir='ltr' id='par_1_33' title="bbox 2032 1954 3604 2037">
     <span class='ocr_line' id='line_1_33' title="bbox 2032 1954 3604 2037; baseline 0.011 -32"><span class='ocrx_word' id='word_1_236' title='bbox 2032 1954 2306 2019; x_wconf 77' lang='lat' dir='ltr'><strong>suspicati,</strong></span> <span class='ocrx_word' id='word_1_237' title='bbox 2335 1956 2454 2009; x_wconf 81' lang='lat' dir='ltr'><strong>inde</strong></span> <span class='ocrx_word' id='word_1_238' title='bbox 2481 1959 2776 2013; x_wconf 78' lang='lat' dir='ltr'><strong>occasiones</strong></span> <span class='ocrx_word' id='word_1_239' title='bbox 2806 1964 3184 2019; x_wconf 80' lang='lat' dir='ltr'><strong>concinnandtv</strong></span> <span class='ocrx_word' id='word_1_240' title='bbox 3212 1984 3321 2022; x_wconf 78' lang='lat' dir='ltr'><strong>sate</strong></span> <span class='ocrx_word' id='word_1_241' title='bbox 3344 1969 3604 2037; x_wconf 76' lang='lat' dir='ltr'><strong>blasphe-</strong></span> 
     </span>
    </p>
   </div>
   <div class='ocr_carea' id='block_1_34' title="bbox 354 2040 1927 2102">
    <p class='ocr_par' dir='ltr' id='par_1_34' title="bbox 354 2040 1927 2102">
     <span class='ocr_line' id='line_1_34' title="bbox 354 2040 1927 2102; baseline 0.004 -8"><span class='ocrx_word' id='word_1_242' title='bbox 354 2042 505 2094; x_wconf 89' lang='lat' dir='ltr'><strong>enim</strong></span> <span class='ocrx_word' id='word_1_243' title='bbox 572 2040 792 2095; x_wconf 85' lang='lat' dir='ltr'><strong>Petrum</strong></span> <span class='ocrx_word' id='word_1_244' title='bbox 836 2043 1109 2097; x_wconf 91' lang='lat' dir='ltr'><strong>hominem</strong></span> <span class='ocrx_word' id='word_1_245' title='bbox 1148 2046 1397 2101; x_wconf 88' lang='lat' dir='ltr'><strong>absoluto</strong></span> <span class='ocrx_word' id='word_1_246' title='bbox 1419 2056 1473 2102; x_wconf 87' lang='lat' dir='ltr'><strong>et</strong></span> <span class='ocrx_word' id='word_1_247' title='bbox 1533 2050 1803 2102; x_wconf 90' lang='lat' dir='ltr'><strong>communi</strong></span> <span class='ocrx_word' id='word_1_248' title='bbox 1833 2065 1927 2101; x_wconf 88' lang='lat' dir='ltr'><strong>uo-</strong></span> 
     </span>
    </p>
   </div>
   <div class='ocr_carea' id='block_1_35' title="bbox 356 2132 1930 2198">
    <p class='ocr_par' dir='ltr' id='par_1_35' title="bbox 356 2132 1930 2198">
     <span class='ocr_line' id='line_1_35' title="bbox 356 2132 1930 2198; baseline 0.007 -16"><span class='ocrx_word' id='word_1_249' title='bbox 356 2133 505 2185; x_wconf 84' lang='lat' dir='ltr'><strong>mine</strong></span> <span class='ocrx_word' id='word_1_250' title='bbox 538 2132 861 2198; x_wconf 82' lang='lat' dir='ltr'><strong>suhjccntm.</strong></span> <span class='ocrx_word' id='word_1_251' title='bbox 920 2135 1169 2188; x_wconf 88' lang='lat' dir='ltr'><strong>eumdem</strong></span> <span class='ocrx_word' id='word_1_252' title='bbox 1223 2151 1350 2190; x_wconf 84' lang='lat' dir='ltr'><strong>vero</strong></span> <span class='ocrx_word' id='word_1_253' title='bbox 1375 2146 1427 2190; x_wconf 89' lang='lat' dir='ltr'><strong>et</strong></span> <span class='ocrx_word' id='word_1_254' title='bbox 1454 2134 1607 2192; x_wconf 60' lang='lat' dir='ltr'><strong>Jonas</strong></span> <span class='ocrx_word' id='word_1_255' title='bbox 1650 2139 1813 2193; x_wconf 86' lang='lat' dir='ltr'><strong>lilium</strong></span> <span class='ocrx_word' id='word_1_256' title='bbox 1846 2138 1930 2192; x_wconf 86' lang='lat' dir='ltr'><strong>di-</strong></span> 
     </span>
    </p>
   </div>
   <div class='ocr_carea' id='block_1_36' title="bbox 358 2224 1930 2293">
    <p class='ocr_par' dir='ltr' id='par_1_36' title="bbox 358 2224 1930 2293">
     <span class='ocr_line' id='line_1_36' title="bbox 358 2224 1930 2293; baseline 0.006 -21"><span class='ocrx_word' id='word_1_257' title='bbox 358 2224 561 2282; x_wconf 67' lang='lat' dir='ltr'><strong>cendo.</strong></span> <span class='ocrx_word' id='word_1_258' title='bbox 592 2226 817 2292; x_wconf 89' lang='lat' dir='ltr'><strong>proprio</strong></span> <span class='ocrx_word' id='word_1_259' title='bbox 848 2236 897 2278; x_wconf 90' lang='lat' dir='ltr'><strong>et</strong></span> <span class='ocrx_word' id='word_1_260' title='bbox 940 2226 1161 2278; x_wconf 84' lang='lat' dir='ltr'><strong>relativo</strong></span> <span class='ocrx_word' id='word_1_261' title='bbox 1183 2236 1236 2279; x_wconf 91' lang='lat' dir='ltr'><strong>et</strong></span> <span class='ocrx_word' id='word_1_262' title='bbox 1268 2226 1487 2281; x_wconf 88' lang='lat' dir='ltr'><strong>deﬁnito</strong></span> <span class='ocrx_word' id='word_1_263' title='bbox 1516 2228 1754 2293; x_wconf 89' lang='lat' dir='ltr'><strong>nomine,</strong></span> <span class='ocrx_word' id='word_1_264' title='bbox 1778 2244 1930 2284; x_wconf 88' lang='lat' dir='ltr'><strong>enm-</strong></span> 
     </span>
    </p>
   </div>
   <div class='ocr_carea' id='block_1_37' title="bbox 354 2315 1927 2387">
    <p class='ocr_par' dir='ltr' id='par_1_37' title="bbox 354 2315 1927 2387">
     <span class='ocr_line' id='line_1_37' title="bbox 354 2315 1927 2387; baseline 0.004 -21"><span class='ocrx_word' id='word_1_265' title='bbox 354 2316 479 2367; x_wconf 85' lang='lat' dir='ltr'><strong>dem</strong></span> <span class='ocrx_word' id='word_1_266' title='bbox 511 2327 563 2367; x_wconf 91' lang='lat' dir='ltr'><strong>et</strong></span> <span class='ocrx_word' id='word_1_267' title='bbox 597 2316 764 2367; x_wconf 82' lang='lat' dir='ltr'><strong>ﬁlium</strong></span> <span class='ocrx_word' id='word_1_268' title='bbox 801 2329 921 2369; x_wconf 88' lang='lat' dir='ltr'><strong>esse</strong></span> <span class='ocrx_word' id='word_1_269' title='bbox 973 2330 1037 2369; x_wconf 79' lang='lat' dir='ltr'><strong>ex</strong></span> <span class='ocrx_word' id='word_1_270' title='bbox 1073 2316 1292 2369; x_wconf 84' lang='lat' dir='ltr'><strong>homine</strong></span> <span class='ocrx_word' id='word_1_271' title='bbox 1349 2315 1485 2371; x_wconf 82' lang='lat' dir='ltr'><strong>Jona</strong></span> <span class='ocrx_word' id='word_1_272' title='bbox 1527 2318 1616 2386; x_wconf 90' lang='lat' dir='ltr'><strong>qui</strong></span> <span class='ocrx_word' id='word_1_273' title='bbox 1672 2329 1823 2387; x_wconf 89' lang='lat' dir='ltr'><strong>pater</strong></span> <span class='ocrx_word' id='word_1_274' title='bbox 1855 2320 1927 2373; x_wconf 89' lang='lat' dir='ltr'><strong>illi</strong></span> 
     </span>
    </p>
   </div>
   <div class='ocr_carea' id='block_1_38' title="bbox 357 2405 1929 2476">
    <p class='ocr_par' dir='ltr' id='par_1_38' title="bbox 357 2405 1929 2476">
     <span class='ocr_line' id='line_1_38' title="bbox 357 2405 1929 2476; baseline 0.003 -18"><span class='ocrx_word' id='word_1_275' title='bbox 357 2405 486 2468; x_wconf 77' lang='lat' dir='ltr'><strong>fuit,</strong></span> <span class='ocrx_word' id='word_1_276' title='bbox 519 2407 737 2459; x_wconf 83' lang='lat' dir='ltr'><strong>indicat.</strong></span> <span class='ocrx_word' id='word_1_277' title='bbox 792 2405 899 2459; x_wconf 82' lang='lat' dir='ltr'><strong>Per</strong></span> <span class='ocrx_word' id='word_1_278' title='bbox 952 2416 1239 2475; x_wconf 89' lang='lat' dir='ltr'><strong>utrttmque</strong></span> <span class='ocrx_word' id='word_1_279' title='bbox 1264 2422 1395 2476; x_wconf 81' lang='lat' dir='ltr'><strong>ergo</strong></span> <span class='ocrx_word' id='word_1_280' title='bbox 1435 2424 1630 2463; x_wconf 90' lang='lat' dir='ltr'><strong>nomen</strong></span> <span class='ocrx_word' id='word_1_281' title='bbox 1664 2411 1820 2465; x_wconf 85' lang='lat' dir='ltr'><strong>aliter</strong></span> <span class='ocrx_word' id='word_1_282' title='bbox 1875 2418 1929 2464; x_wconf 78' lang='lat' dir='ltr'><strong>et</strong></span> 
     </span>
    </p>
   </div>
   <div class='ocr_carea' id='block_1_39' title="bbox 354 2498 1929 2569">
    <p class='ocr_par' dir='ltr' id='par_1_39' title="bbox 354 2498 1929 2569">
     <span class='ocr_line' id='line_1_39' title="bbox 354 2498 1929 2569; baseline 0.006 -21"><span class='ocrx_word' id='word_1_283' title='bbox 354 2498 522 2551; x_wconf 81' lang='lat' dir='ltr'><strong>aliter</strong></span> <span class='ocrx_word' id='word_1_284' title='bbox 574 2499 710 2551; x_wconf 86' lang='lat' dir='ltr'><strong>idem</strong></span> <span class='ocrx_word' id='word_1_285' title='bbox 751 2500 1130 2569; x_wconf 77' lang='lat' dir='ltr'><strong>signiﬁcatur,</strong></span> <span class='ocrx_word' id='word_1_286' title='bbox 1181 2500 1404 2555; x_wconf 77' lang='lat' dir='ltr'><strong>relative</strong></span> <span class='ocrx_word' id='word_1_287' title='bbox 1463 2503 1671 2557; x_wconf 76' lang='lat' dir='ltr'><strong>scilicet</strong></span> <span class='ocrx_word' id='word_1_288' title='bbox 1694 2512 1746 2556; x_wconf 92' lang='lat' dir='ltr'><strong>et</strong></span> <span class='ocrx_word' id='word_1_289' title='bbox 1774 2504 1929 2558; x_wconf 53' lang='lat' dir='ltr'><strong>abso.</strong></span> 
     </span>
    </p>
   </div>
   <div class='ocr_carea' id='block_1_40' title="bbox 358 2591 1927 2663">
    <p class='ocr_par' dir='ltr' id='par_1_40' title="bbox 358 2591 1927 2663">
     <span class='ocr_line' id='line_1_40' title="bbox 358 2591 1927 2663; baseline 0.003 -19"><span class='ocrx_word' id='word_1_290' title='bbox 358 2598 473 2644; x_wconf 83' lang='lat' dir='ltr'><strong>tute</strong></span> <span class='ocrx_word' id='word_1_291' title='bbox 508 2593 719 2645; x_wconf 89' lang='lat' dir='ltr'><strong>:solum</strong></span> <span class='ocrx_word' id='word_1_292' title='bbox 780 2600 959 2645; x_wconf 89' lang='lat' dir='ltr'><strong>autem</strong></span> <span class='ocrx_word' id='word_1_293' title='bbox 1020 2591 1338 2660; x_wconf 82' lang='lat' dir='ltr'><strong>simpliciter</strong></span> <span class='ocrx_word' id='word_1_294' title='bbox 1399 2599 1454 2647; x_wconf 88' lang='lat' dir='ltr'><strong>et</strong></span> <span class='ocrx_word' id='word_1_295' title='bbox 1515 2594 1702 2663; x_wconf 85' lang='lat' dir='ltr'><strong>aliquo</strong></span> <span class='ocrx_word' id='word_1_296' title='bbox 1767 2596 1927 2649; x_wconf 91' lang='lat' dir='ltr'><strong>modo</strong></span> 
     </span>
    </p>
   </div>
   <div class='ocr_carea' id='block_1_41' title="bbox 354 2680 1928 2752">
    <p class='ocr_par' dir='ltr' id='par_1_41' title="bbox 354 2680 1928 2752">
     <span class='ocr_line' id='line_1_41' title="bbox 354 2680 1928 2752; baseline 0.002 -17"><span class='ocrx_word' id='word_1_297' title='bbox 354 2682 562 2735; x_wconf 85' lang='lat' dir='ltr'><strong>ditferl.</strong></span> <span class='ocrx_word' id='word_1_298' title='bbox 620 2680 778 2734; x_wconf 83' lang='lat' dir='ltr'><strong>Aliud</strong></span> <span class='ocrx_word' id='word_1_299' title='bbox 817 2681 960 2734; x_wconf 91' lang='lat' dir='ltr'><strong>enim</strong></span> <span class='ocrx_word' id='word_1_300' title='bbox 1015 2683 1306 2734; x_wconf 87' lang='lat' dir='ltr'><strong>essentiam</strong></span> <span class='ocrx_word' id='word_1_301' title='bbox 1356 2682 1474 2737; x_wconf 90' lang='lat' dir='ltr'><strong>sine</strong></span> <span class='ocrx_word' id='word_1_302' title='bbox 1504 2682 1688 2737; x_wconf 88' lang='lat' dir='ltr'><strong>habitu</strong></span> <span class='ocrx_word' id='word_1_303' title='bbox 1719 2685 1928 2752; x_wconf 71' lang='lat' dir='ltr'><strong>signiﬁ-</strong></span> 
     </span>
    </p>
   </div>
   <div class='ocr_carea' id='block_1_42' title="bbox 355 2771 1926 2845">
    <p class='ocr_par' dir='ltr' id='par_1_42' title="bbox 355 2771 1926 2845">
     <span class='ocr_line' id='line_1_42' title="bbox 355 2771 1926 2845; baseline 0.002 -18"><span class='ocrx_word' id='word_1_304' title='bbox 355 2785 485 2837; x_wconf 85' lang='lat' dir='ltr'><strong>cat;</strong></span> <span class='ocrx_word' id='word_1_305' title='bbox 546 2774 689 2827; x_wconf 87' lang='lat' dir='ltr'><strong>aliud</strong></span> <span class='ocrx_word' id='word_1_306' title='bbox 743 2771 987 2827; x_wconf 85' lang='lat' dir='ltr'><strong>eamdem</strong></span> <span class='ocrx_word' id='word_1_307' title='bbox 1047 2780 1101 2825; x_wconf 91' lang='lat' dir='ltr'><strong>et</strong></span> <span class='ocrx_word' id='word_1_308' title='bbox 1149 2771 1215 2825; x_wconf 88' lang='lat' dir='ltr'><strong>ad</strong></span> <span class='ocrx_word' id='word_1_309' title='bbox 1269 2772 1470 2841; x_wconf 89' lang='lat' dir='ltr'><strong>aliquid</strong></span> <span class='ocrx_word' id='word_1_310' title='bbox 1530 2777 1926 2845; x_wconf 87' lang='lat' dir='ltr'><strong>quodammodo</strong></span> 
     </span>
    </p>
   </div>
   <div class='ocr_carea' id='block_1_43' title="bbox 356 2869 664 2921">
    <p class='ocr_par' dir='ltr' id='par_1_43' title="bbox 356 2869 664 2921">
     <span class='ocr_line' id='line_1_43' title="bbox 356 2869 664 2921; baseline -0.01 0"><span class='ocrx_word' id='word_1_311' title='bbox 356 2869 664 2921; x_wconf 87' lang='lat' dir='ltr'><strong>habentem.</strong></span> 
     </span>
    </p>
   </div>
   <div class='ocr_carea' id='block_1_44' title="bbox 431 2963 1924 3033">
    <p class='ocr_par' dir='ltr' id='par_1_44' title="bbox 431 2963 1924 3033">
     <span class='ocr_line' id='line_1_44' title="bbox 431 2963 1924 3033; baseline 0.001 -17"><span class='ocrx_word' id='word_1_312' title='bbox 431 2964 737 3016; x_wconf 83' lang='lat' dir='ltr'><strong>Altestatur</strong></span> <span class='ocrx_word' id='word_1_313' title='bbox 797 2973 975 3017; x_wconf 87' lang='lat' dir='ltr'><strong>autem</strong></span> <span class='ocrx_word' id='word_1_314' title='bbox 1042 2963 1127 3020; x_wconf 90' lang='lat' dir='ltr'><strong>his</strong></span> <span class='ocrx_word' id='word_1_315' title='bbox 1167 2979 1284 3033; x_wconf 66' lang='lat' dir='ltr'><strong>quae</strong></span> <span class='ocrx_word' id='word_1_316' title='bbox 1324 2964 1464 3019; x_wconf 88' lang='lat' dir='ltr'><strong>dicta</strong></span> <span class='ocrx_word' id='word_1_317' title='bbox 1504 2973 1629 3019; x_wconf 89' lang='lat' dir='ltr'><strong>sunt</strong></span> <span class='ocrx_word' id='word_1_318' title='bbox 1692 2964 1924 3033; x_wconf 89' lang='lat' dir='ltr'><strong>primum</strong></span> 
     </span>
    </p>
   </div>
   <div class='ocr_carea' id='block_1_45' title="bbox 355 3055 1924 3125">
    <p class='ocr_par' dir='ltr' id='par_1_45' title="bbox 355 3055 1924 3125">
     <span class='ocr_line' id='line_1_45' title="bbox 355 3055 1924 3125; baseline 0.006 -24"><span class='ocrx_word' id='word_1_319' title='bbox 355 3055 577 3122; x_wconf 79' lang='lat' dir='ltr'><strong>quidem</strong></span> <span class='ocrx_word' id='word_1_320' title='bbox 657 3070 882 3125; x_wconf 78' lang='lat' dir='ltr'><strong>magnus</strong></span> <span class='ocrx_word' id='word_1_321' title='bbox 953 3055 1303 3123; x_wconf 82' lang='lat' dir='ltr'><strong>Athanasius,</strong></span> <span class='ocrx_word' id='word_1_322' title='bbox 1345 3068 1527 3123; x_wconf 82' lang='lat' dir='ltr'><strong>postea</strong></span> <span class='ocrx_word' id='word_1_323' title='bbox 1582 3071 1708 3110; x_wconf 83' lang='lat' dir='ltr'><strong>vero</strong></span> <span class='ocrx_word' id='word_1_324' title='bbox 1761 3060 1924 3111; x_wconf 88' lang='lat' dir='ltr'><strong>etiam</strong></span> 
     </span>
    </p>
   </div>
   <div class='ocr_carea' id='block_1_46' title="bbox 352 3144 1925 3218">
    <p class='ocr_par' dir='ltr' id='par_1_46' title="bbox 352 3144 1925 3218">
     <span class='ocr_line' id='line_1_46' title="bbox 352 3144 1925 3218; baseline 0.003 -19"><span class='ocrx_word' id='word_1_325' title='bbox 352 3155 585 3200; x_wconf 80' lang='lat' dir='ltr'><strong>sanctus</strong></span> <span class='ocrx_word' id='word_1_326' title='bbox 632 3144 938 3211; x_wconf 78' lang='lat' dir='ltr'><strong>Maximus,</strong></span> <span class='ocrx_word' id='word_1_327' title='bbox 999 3158 1162 3215; x_wconf 90' lang='lat' dir='ltr'><strong>atque</strong></span> <span class='ocrx_word' id='word_1_328' title='bbox 1230 3148 1390 3201; x_wconf 93' lang='lat' dir='ltr'><strong>ambo</strong></span> <span class='ocrx_word' id='word_1_329' title='bbox 1424 3148 1475 3201; x_wconf 90' lang='lat' dir='ltr'><strong>in</strong></span> <span class='ocrx_word' id='word_1_330' title='bbox 1525 3148 1755 3218; x_wconf 75' lang='lat' dir='ltr'><strong>dialogis</strong></span> <span class='ocrx_word' id='word_1_331' title='bbox 1808 3150 1925 3203; x_wconf 89' lang='lat' dir='ltr'><strong>suis</strong></span> 
     </span>
    </p>
   </div>
   <div class='ocr_carea' id='block_1_47' title="bbox 353 3237 1993 3329">
    <p class='ocr_par' dir='ltr' id='par_1_47' title="bbox 353 3237 1993 3329">
     <span class='ocr_line' id='line_1_47' title="bbox 353 3237 1993 3329; baseline 0.002 -40"><span class='ocrx_word' id='word_1_332' title='bbox 353 3237 617 3291; x_wconf 75' lang='lat' dir='ltr'><strong>adversus</strong></span> <span class='ocrx_word' id='word_1_333' title='bbox 656 3238 996 3292; x_wconf 70' lang='lat' dir='ltr'><strong>Anommum.</strong></span> <span class='ocrx_word' id='word_1_334' title='bbox 1039 3240 1299 3293; x_wconf 77' lang='grc' dir='ltr'><strong>Ληουιωο</strong></span> <span class='ocrx_word' id='word_1_335' title='bbox 1334 3240 1474 3293; x_wconf 88' lang='lat' dir='ltr'><strong>enim</strong></span> <span class='ocrx_word' id='word_1_336' title='bbox 1518 3241 1730 3295; x_wconf 87' lang='lat' dir='ltr'><strong>dicente</strong></span> <span class='ocrx_word' id='word_1_337' title='bbox 1780 3241 1923 3294; x_wconf 88' lang='lat' dir='ltr'><strong>aliud</strong></span> <span class='ocrx_word' id='word_1_338' title='bbox 1953 3272 1993 3329; x_wconf 64' lang='grc' dir='ltr'><em>ε</em></span> 
     </span>
    </p>
   </div>
   <div class='ocr_carea' id='block_1_48' title="bbox 351 3328 1919 3394">
    <p class='ocr_par' dir='ltr' id='par_1_48' title="bbox 351 3328 1919 3394">
     <span class='ocr_line' id='line_1_48' title="bbox 351 3328 1919 3394; baseline 0.004 -13"><span class='ocrx_word' id='word_1_339' title='bbox 351 3328 672 3389; x_wconf 83' lang='lat' dir='ltr'><strong>essentiam,</strong></span> <span class='ocrx_word' id='word_1_340' title='bbox 698 3329 839 3383; x_wconf 88' lang='lat' dir='ltr'><strong>aliud</strong></span> <span class='ocrx_word' id='word_1_341' title='bbox 861 3343 980 3382; x_wconf 86' lang='lat' dir='ltr'><strong>esse</strong></span> <span class='ocrx_word' id='word_1_342' title='bbox 1002 3332 1384 3394; x_wconf 86' lang='lat' dir='ltr'><strong>substantiam,</strong></span> <span class='ocrx_word' id='word_1_343' title='bbox 1408 3342 1627 3387; x_wconf 84' lang='lat' dir='ltr'><strong>sanctus</strong></span> <span class='ocrx_word' id='word_1_344' title='bbox 1651 3332 1919 3388; x_wconf 79' lang='lat' dir='ltr'><strong>Maximus</strong></span> 
     </span>
    </p>
   </div>
   <div class='ocr_carea' id='block_1_49' title="bbox 354 3419 1917 3496">
    <p class='ocr_par' dir='ltr' id='par_1_49' title="bbox 354 3419 1917 3496">
     <span class='ocr_line' id='line_1_49' title="bbox 354 3419 1917 3496; baseline 0.006 -25"><span class='ocrx_word' id='word_1_345' title='bbox 354 3420 649 3491; x_wconf 80' lang='lat' dir='ltr'><strong>respondet</strong></span> <span class='ocrx_word' id='word_1_346' title='bbox 688 3436 700 3473; x_wconf 93' lang='lat'>:</span> <span class='ocrx_word' id='word_1_347' title='bbox 746 3419 909 3472; x_wconf 78' lang='lat' dir='ltr'><strong>Aliud</strong></span> <span class='ocrx_word' id='word_1_348' title='bbox 952 3428 999 3473; x_wconf 89' lang='lat' dir='ltr'><strong>et</strong></span> <span class='ocrx_word' id='word_1_349' title='bbox 1049 3421 1194 3473; x_wconf 88' lang='lat' dir='ltr'><strong>aliud</strong></span> <span class='ocrx_word' id='word_1_350' title='bbox 1255 3440 1357 3476; x_wconf 87' lang='lat' dir='ltr'><strong>non</strong></span> <span class='ocrx_word' id='word_1_351' title='bbox 1406 3433 1556 3494; x_wconf 82' lang='lat' dir='ltr'><strong>quasi</strong></span> <span class='ocrx_word' id='word_1_352' title='bbox 1585 3442 1724 3491; x_wconf 82' lang='lat' dir='ltr'><strong>rem;</strong></span> <span class='ocrx_word' id='word_1_353' title='bbox 1756 3437 1917 3496; x_wconf 82' lang='lat' dir='ltr'><strong>atque</strong></span> 
     </span>
    </p>
   </div>
   <div class='ocr_carea' id='block_1_50' title="bbox 353 3508 1920 3585">
    <p class='ocr_par' dir='ltr' id='par_1_50' title="bbox 353 3508 1920 3585">
     <span class='ocr_line' id='line_1_50' title="bbox 353 3508 1920 3585; baseline 0.006 -22"><span class='ocrx_word' id='word_1_354' title='bbox 353 3511 451 3564; x_wconf 88' lang='lat' dir='ltr'><strong>illo</strong></span> <span class='ocrx_word' id='word_1_355' title='bbox 484 3512 749 3564; x_wconf 86' lang='lat' dir='ltr'><strong>inferente</strong></span> <span class='ocrx_word' id='word_1_356' title='bbox 772 3527 785 3563; x_wconf 89' lang='lat'>:</span> <span class='ocrx_word' id='word_1_357' title='bbox 805 3508 949 3564; x_wconf 84' lang='lat' dir='ltr'><strong>Num</strong></span> <span class='ocrx_word' id='word_1_358' title='bbox 978 3528 1098 3583; x_wconf 89' lang='lat' dir='ltr'><strong>ergo</strong></span> <span class='ocrx_word' id='word_1_359' title='bbox 1119 3516 1454 3582; x_wconf 81' lang='lat' dir='ltr'><strong>compositio?</strong></span> <span class='ocrx_word' id='word_1_360' title='bbox 1470 3515 1702 3571; x_wconf 83' lang='lat' dir='ltr'><strong>Sanctus</strong></span> <span class='ocrx_word' id='word_1_361' title='bbox 1724 3518 1920 3585; x_wconf 85' lang='lat' dir='ltr'><strong>adjun-</strong></span> 
     </span>
    </p>
   </div>
   <div class='ocr_carea' id='block_1_51' title="bbox 351 3604 1917 3677">
    <p class='ocr_par' dir='ltr' id='par_1_51' title="bbox 351 3604 1917 3677">
     <span class='ocr_line' id='line_1_51' title="bbox 351 3604 1917 3677; baseline 0.004 -22"><span class='ocrx_word' id='word_1_362' title='bbox 351 3606 430 3673; x_wconf 79' lang='lat' dir='ltr'><strong>git</strong></span> <span class='ocrx_word' id='word_1_363' title='bbox 458 3621 470 3657; x_wconf 76' lang='grc' dir='ltr'><strong>ε</strong></span> <span class='ocrx_word' id='word_1_364' title='bbox 506 3604 667 3656; x_wconf 78' lang='lat' dir='ltr'><strong>Aliud</strong></span> <span class='ocrx_word' id='word_1_365' title='bbox 690 3613 735 3658; x_wconf 91' lang='lat' dir='ltr'><strong>et</strong></span> <span class='ocrx_word' id='word_1_366' title='bbox 762 3605 909 3657; x_wconf 83' lang='lat' dir='ltr'><strong>aliud</strong></span> <span class='ocrx_word' id='word_1_367' title='bbox 939 3606 1068 3672; x_wconf 71' lang='lat' dir='ltr'><strong>dixi,</strong></span> <span class='ocrx_word' id='word_1_368' title='bbox 1102 3624 1202 3660; x_wconf 89' lang='lat' dir='ltr'><strong>non</strong></span> <span class='ocrx_word' id='word_1_369' title='bbox 1232 3613 1384 3677; x_wconf 87' lang='lat' dir='ltr'><strong>quasi</strong></span> <span class='ocrx_word' id='word_1_370' title='bbox 1403 3626 1528 3673; x_wconf 85' lang='lat' dir='ltr'><strong>rem,</strong></span> <span class='ocrx_word' id='word_1_371' title='bbox 1559 3614 1646 3664; x_wconf 84' lang='lat' dir='ltr'><strong>sed</strong></span> <span class='ocrx_word' id='word_1_372' title='bbox 1688 3625 1741 3663; x_wconf 85' lang='lat' dir='ltr'><strong>ut</strong></span> <span class='ocrx_word' id='word_1_373' title='bbox 1769 3614 1917 3665; x_wconf 80' lang='lat' dir='ltr'><strong>aliud</strong></span> 
     </span>
    </p>
   </div>
   <div class='ocr_carea' id='block_1_52' title="bbox 348 3695 1916 3769">
    <p class='ocr_par' dir='ltr' id='par_1_52' title="bbox 348 3695 1916 3769">
     <span class='ocr_line' id='line_1_52' title="bbox 348 3695 1916 3769; baseline 0.004 -20"><span class='ocrx_word' id='word_1_374' title='bbox 348 3695 557 3765; x_wconf 78' lang='lat' dir='ltr'><strong>aliquid</strong></span> <span class='ocrx_word' id='word_1_375' title='bbox 583 3699 828 3764; x_wconf 78' lang='lat' dir='ltr'><strong>essentia,</strong></span> <span class='ocrx_word' id='word_1_376' title='bbox 876 3698 1022 3750; x_wconf 81' lang='lat' dir='ltr'><strong>aliud</strong></span> <span class='ocrx_word' id='word_1_377' title='bbox 1052 3700 1380 3769; x_wconf 77' lang='lat' dir='ltr'><strong>signiﬁcante</strong></span> <span class='ocrx_word' id='word_1_378' title='bbox 1415 3705 1738 3757; x_wconf 83' lang='lat' dir='ltr'><strong>substantia.</strong></span> <span class='ocrx_word' id='word_1_379' title='bbox 1770 3704 1916 3757; x_wconf 87' lang='lat' dir='ltr'><strong>Sicut</strong></span> 
     </span>
    </p>
   </div>
   <div class='ocr_carea' id='block_1_53' title="bbox 346 3791 1917 3863">
    <p class='ocr_par' dir='ltr' id='par_1_53' title="bbox 346 3791 1917 3863">
     <span class='ocr_line' id='line_1_53' title="bbox 346 3791 1917 3863; baseline 0.007 -24"><span class='ocrx_word' id='word_1_380' title='bbox 346 3807 581 3859; x_wconf 85' lang='lat' dir='ltr'><strong>granum</strong></span> <span class='ocrx_word' id='word_1_381' title='bbox 604 3791 765 3844; x_wconf 86' lang='lat' dir='ltr'><strong>tritici</strong></span> <span class='ocrx_word' id='word_1_382' title='bbox 793 3792 989 3843; x_wconf 81' lang='lat' dir='ltr'><strong>dicitur</strong></span> <span class='ocrx_word' id='word_1_383' title='bbox 1014 3803 1060 3846; x_wconf 88' lang='lat' dir='ltr'><strong>et</strong></span> <span class='ocrx_word' id='word_1_384' title='bbox 1120 3810 1287 3847; x_wconf 81' lang='lat' dir='ltr'><strong>semen</strong></span> <span class='ocrx_word' id='word_1_385' title='bbox 1338 3805 1411 3848; x_wconf 85' lang='lat' dir='ltr'><strong>est</strong></span> <span class='ocrx_word' id='word_1_386' title='bbox 1441 3806 1485 3848; x_wconf 79' lang='lat' dir='ltr'><strong>et</strong></span> <span class='ocrx_word' id='word_1_387' title='bbox 1516 3797 1739 3863; x_wconf 78' lang='lat' dir='ltr'><strong>fructus;</strong></span> <span class='ocrx_word' id='word_1_388' title='bbox 1773 3800 1917 3850; x_wconf 86' lang='lat' dir='ltr'><strong>aliud</strong></span> 
     </span>
    </p>
   </div>
   <div class='ocr_carea' id='block_1_54' title="bbox 344 3884 1775 3954">
    <p class='ocr_par' dir='ltr' id='par_1_54' title="bbox 344 3884 1775 3954">
     <span class='ocr_line' id='line_1_54' title="bbox 344 3884 1775 3954; baseline 0.003 -19"><span class='ocrx_word' id='word_1_389' title='bbox 344 3893 528 3935; x_wconf 75' lang='lat' dir='ltr'><strong>autem</strong></span> <span class='ocrx_word' id='word_1_390' title='bbox 563 3884 824 3950; x_wconf 75' lang='lat' dir='ltr'><strong>quoddam</strong></span> <span class='ocrx_word' id='word_1_391' title='bbox 857 3885 1117 3953; x_wconf 83' lang='lat' dir='ltr'><strong>signiﬁcat</strong></span> <span class='ocrx_word' id='word_1_392' title='bbox 1149 3902 1343 3950; x_wconf 84' lang='lat' dir='ltr'><strong>semen,</strong></span> <span class='ocrx_word' id='word_1_393' title='bbox 1379 3886 1525 3938; x_wconf 86' lang='lat' dir='ltr'><strong>aliud</strong></span> <span class='ocrx_word' id='word_1_394' title='bbox 1550 3888 1775 3954; x_wconf 77' lang='lat' dir='ltr'><strong>fructus.</strong></span> 
     </span>
    </p>
   </div>
   <div class='ocr_carea' id='block_1_55' title="bbox 420 3976 1917 4045">
    <p class='ocr_par' dir='ltr' id='par_1_55' title="bbox 420 3976 1917 4045">
     <span class='ocr_line' id='line_1_55' title="bbox 420 3976 1917 4045; baseline 0.003 -18"><span class='ocrx_word' id='word_1_395' title='bbox 420 3976 743 4029; x_wconf 80' lang='lat' dir='ltr'><strong>Concedeus</strong></span> <span class='ocrx_word' id='word_1_396' title='bbox 781 3992 909 4045; x_wconf 82' lang='lat' dir='ltr'><strong>ergo</strong></span> <span class='ocrx_word' id='word_1_397' title='bbox 974 3988 1194 4031; x_wconf 85' lang='lat' dir='ltr'><strong>sanctus</strong></span> <span class='ocrx_word' id='word_1_398' title='bbox 1225 3978 1357 4041; x_wconf 88' lang='lat' dir='ltr'><strong>illic,</strong></span> <span class='ocrx_word' id='word_1_399' title='bbox 1399 3977 1543 4031; x_wconf 91' lang='lat' dir='ltr'><strong>aliud</strong></span> <span class='ocrx_word' id='word_1_400' title='bbox 1580 3994 1701 4033; x_wconf 83' lang='lat' dir='ltr'><strong>esse</strong></span> <span class='ocrx_word' id='word_1_401' title='bbox 1732 3993 1917 4033; x_wconf 88' lang='lat' dir='ltr'><strong>esseu-</strong></span> 
     </span>
    </p>
   </div>
   <div class='ocr_carea' id='block_1_56' title="bbox 340 4065 1912 4138">
    <p class='ocr_par' dir='ltr' id='par_1_56' title="bbox 340 4065 1912 4138">
     <span class='ocr_line' id='line_1_56' title="bbox 340 4065 1912 4138; baseline 0.002 -20"><span class='ocrx_word' id='word_1_402' title='bbox 340 4066 507 4127; x_wconf 87' lang='lat' dir='ltr'><strong>tiam,</strong></span> <span class='ocrx_word' id='word_1_403' title='bbox 546 4065 686 4118; x_wconf 82' lang='lat' dir='ltr'><strong>aliud</strong></span> <span class='ocrx_word' id='word_1_404' title='bbox 728 4069 1114 4135; x_wconf 87' lang='lat' dir='ltr'><strong>substantiam,</strong></span> <span class='ocrx_word' id='word_1_405' title='bbox 1145 4078 1450 4122; x_wconf 87' lang='lat' dir='ltr'><strong>nontamen</strong></span> <span class='ocrx_word' id='word_1_406' title='bbox 1488 4071 1756 4138; x_wconf 82' lang='lat' dir='ltr'><strong>geminam</strong></span> <span class='ocrx_word' id='word_1_407' title='bbox 1797 4070 1912 4122; x_wconf 86' lang='lat' dir='ltr'><strong>dei-</strong></span> 
     </span>
    </p>
   </div>
   <div class='ocr_carea' id='block_1_57' title="bbox 341 4149 1916 4223">
    <p class='ocr_par' dir='ltr' id='par_1_57' title="bbox 341 4149 1916 4223">
     <span class='ocr_line' id='line_1_57' title="bbox 341 4149 1916 4223; baseline 0.005 -24"><span class='ocrx_word' id='word_1_408' title='bbox 341 4158 516 4200; x_wconf 88' lang='lat' dir='ltr'><strong>tatem</strong></span> <span class='ocrx_word' id='word_1_409' title='bbox 554 4149 775 4218; x_wconf 78' lang='lat' dir='ltr'><strong>intelligi</strong></span> <span class='ocrx_word' id='word_1_410' title='bbox 811 4153 1071 4218; x_wconf 89' lang='lat' dir='ltr'><strong>permittit</strong></span> <span class='ocrx_word' id='word_1_411' title='bbox 1113 4169 1127 4205; x_wconf 89' lang='lat'><strong>:</strong></span> <span class='ocrx_word' id='word_1_412' title='bbox 1168 4161 1451 4221; x_wconf 79' lang='lat' dir='ltr'><strong>prapterea</strong></span> <span class='ocrx_word' id='word_1_413' title='bbox 1509 4154 1717 4208; x_wconf 86' lang='lat' dir='ltr'><strong>scilicet</strong></span> <span class='ocrx_word' id='word_1_414' title='bbox 1771 4154 1916 4223; x_wconf 89' lang='lat' dir='ltr'><strong>quod</strong></span> 
     </span>
    </p>
   </div>
   <div class='ocr_carea' id='block_1_58' title="bbox 339 4239 1918 4311">
    <p class='ocr_par' dir='ltr' id='par_1_58' title="bbox 339 4239 1918 4311">
     <span class='ocr_line' id='line_1_58' title="bbox 339 4239 1918 4311; baseline 0.007 -19"><span class='ocrx_word' id='word_1_415' title='bbox 339 4254 453 4292; x_wconf 82' lang='lat' dir='ltr'><strong>non</strong></span> <span class='ocrx_word' id='word_1_416' title='bbox 494 4239 634 4292; x_wconf 85' lang='lat' dir='ltr'><strong>idem</strong></span> <span class='ocrx_word' id='word_1_417' title='bbox 672 4241 854 4294; x_wconf 67' lang='lat' dir='ltr'><strong>itidem</strong></span> <span class='ocrx_word' id='word_1_418' title='bbox 899 4242 1162 4311; x_wconf 76' lang='lat' dir='ltr'><strong>signiﬁcet</strong></span> <span class='ocrx_word' id='word_1_419' title='bbox 1195 4244 1365 4297; x_wconf 87' lang='lat' dir='ltr'><strong>deitas</strong></span> <span class='ocrx_word' id='word_1_420' title='bbox 1386 4252 1439 4296; x_wconf 88' lang='lat' dir='ltr'><strong>et</strong></span> <span class='ocrx_word' id='word_1_421' title='bbox 1470 4243 1795 4310; x_wconf 83' lang='lat' dir='ltr'><strong>Stthstantia,</strong></span> <span class='ocrx_word' id='word_1_422' title='bbox 1836 4252 1918 4303; x_wconf 87' lang='lat' dir='ltr'><strong>vel</strong></span> 
     </span>
    </p>
   </div>
   <div class='ocr_carea' id='block_1_59' title="bbox 338 4330 1916 4402">
    <p class='ocr_par' dir='ltr' id='par_1_59' title="bbox 338 4330 1916 4402">
     <span class='ocr_line' id='line_1_59' title="bbox 338 4330 1916 4402; baseline 0.005 -20"><span class='ocrx_word' id='word_1_423' title='bbox 338 4330 589 4382; x_wconf 82' lang='lat' dir='ltr'><strong>essentia</strong></span> <span class='ocrx_word' id='word_1_424' title='bbox 619 4338 671 4381; x_wconf 89' lang='lat' dir='ltr'><strong>et</strong></span> <span class='ocrx_word' id='word_1_425' title='bbox 702 4331 1029 4385; x_wconf 86' lang='lat' dir='ltr'><strong>substantia.</strong></span> <span class='ocrx_word' id='word_1_426' title='bbox 1056 4331 1205 4387; x_wconf 84' lang='lat' dir='ltr'><strong>Licet</strong></span> <span class='ocrx_word' id='word_1_427' title='bbox 1237 4335 1399 4402; x_wconf 80' lang='lat' dir='ltr'><strong>igitur</strong></span> <span class='ocrx_word' id='word_1_428' title='bbox 1432 4335 1570 4387; x_wconf 89' lang='lat' dir='ltr'><strong>idem</strong></span> <span class='ocrx_word' id='word_1_429' title='bbox 1620 4338 1916 4391; x_wconf 80' lang='lat' dir='ltr'><strong>essentiam</strong></span> 
     </span>
    </p>
   </div>
   <div class='ocr_carea' id='block_1_60' title="bbox 340 4421 1919 4493">
    <p class='ocr_par' dir='ltr' id='par_1_60' title="bbox 340 4421 1919 4493">
     <span class='ocr_line' id='line_1_60' title="bbox 340 4421 1919 4493; baseline 0.007 -22"><span class='ocrx_word' id='word_1_430' title='bbox 340 4434 413 4472; x_wconf 86' lang='lat' dir='ltr'><strong>ac</strong></span> <span class='ocrx_word' id='word_1_431' title='bbox 455 4421 826 4474; x_wconf 81' lang='lat' dir='ltr'><strong>substantiam</strong></span> <span class='ocrx_word' id='word_1_432' title='bbox 857 4423 1035 4475; x_wconf 84' lang='lat' dir='ltr'><strong>dicere</strong></span> <span class='ocrx_word' id='word_1_433' title='bbox 1057 4425 1352 4478; x_wconf 86' lang='lat' dir='ltr'><strong>secundum</strong></span> <span class='ocrx_word' id='word_1_434' title='bbox 1384 4440 1493 4478; x_wconf 91' lang='lat' dir='ltr'><strong>rem</strong></span> <span class='ocrx_word' id='word_1_435' title='bbox 1534 4439 1597 4493; x_wconf 78' lang='lat' dir='ltr'><strong>et</strong></span> <span class='ocrx_word' id='word_1_436' title='bbox 1655 4428 1803 4481; x_wconf 91' lang='lat' dir='ltr'><strong>aliud</strong></span> <span class='ocrx_word' id='word_1_437' title='bbox 1831 4446 1919 4482; x_wconf 87' lang='lat' dir='ltr'><strong>es-</strong></span> 
     </span>
    </p>
   </div>
   <div class='ocr_carea' id='block_1_61' title="bbox 339 4511 1918 4589">
    <p class='ocr_par' dir='ltr' id='par_1_61' title="bbox 339 4511 1918 4589">
     <span class='ocr_line' id='line_1_61' title="bbox 339 4511 1918 4589; baseline 0.01 -28"><span class='ocrx_word' id='word_1_438' title='bbox 339 4511 767 4574; x_wconf 85' lang='lat' dir='ltr'><strong>sentiam,aliud</strong></span> <span class='ocrx_word' id='word_1_439' title='bbox 793 4515 1147 4569; x_wconf 87' lang='lat' dir='ltr'><strong>substantiam</strong></span> <span class='ocrx_word' id='word_1_440' title='bbox 1209 4520 1498 4573; x_wconf 88' lang='lat' dir='ltr'><strong>secundum</strong></span> <span class='ocrx_word' id='word_1_441' title='bbox 1562 4521 1918 4589; x_wconf 79' lang='lat' dir='ltr'><strong>signiﬁcatita</strong></span> 
     </span>
    </p>
   </div>
   <div class='ocr_carea' id='block_1_62' title="bbox 2033 2048 3604 2123">
    <p class='ocr_par' dir='ltr' id='par_1_62' title="bbox 2033 2048 3604 2123">
     <span class='ocr_line' id='line_1_62' title="bbox 2033 2048 3604 2123; baseline 0.01 -24"><span class='ocrx_word' id='word_1_442' title='bbox 2033 2048 2151 2100; x_wconf 80' lang='lat' dir='ltr'><strong>mite</strong></span> <span class='ocrx_word' id='word_1_443' title='bbox 2177 2049 2423 2114; x_wconf 84' lang='lat' dir='ltr'><strong>trahunt,</strong></span> <span class='ocrx_word' id='word_1_444' title='bbox 2458 2065 2522 2103; x_wconf 72' lang='lat' dir='ltr'><strong>et:</strong></span> <span class='ocrx_word' id='word_1_445' title='bbox 2553 2067 2612 2103; x_wconf 80' lang='lat' dir='ltr'><strong>eo</strong></span> <span class='ocrx_word' id='word_1_446' title='bbox 2637 2092 2651 2116; x_wconf 95' lang='lat'><strong>,</strong></span> <span class='ocrx_word' id='word_1_447' title='bbox 2681 2054 2819 2120; x_wconf 78' lang='lat' dir='ltr'><strong>quod</strong></span> <span class='ocrx_word' id='word_1_448' title='bbox 2852 2057 2907 2107; x_wconf 90' lang='lat' dir='ltr'><strong>in</strong></span> <span class='ocrx_word' id='word_1_449' title='bbox 2950 2056 3052 2122; x_wconf 85' lang='lat' dir='ltr'><strong>fide</strong></span> <span class='ocrx_word' id='word_1_450' title='bbox 3081 2058 3334 2123; x_wconf 79' lang='lat' dir='ltr'><strong>scriptum</strong></span> <span class='ocrx_word' id='word_1_451' title='bbox 3366 2061 3432 2113; x_wconf 85' lang='lat' dir='ltr'><strong>sit</strong></span> <span class='ocrx_word' id='word_1_452' title='bbox 3486 2078 3504 2113; x_wconf 92' lang='lat'><em>:</em></span> <span class='ocrx_word' id='word_1_453' title='bbox 3542 2060 3604 2115; x_wconf 94' lang='lat' dir='ltr'><strong>Si</strong></span> 
     </span>
    </p>
   </div>
   <div class='ocr_carea' id='block_1_63' title="bbox 2031 2138 3600 2205">
    <p class='ocr_par' dir='ltr' id='par_1_63' title="bbox 2031 2138 3600 2205">
     <span class='ocr_line' id='line_1_63' title="bbox 2031 2138 3600 2205; baseline 0.01 -17"><span class='ocrx_word' id='word_1_454' title='bbox 2031 2138 2145 2204; x_wconf 82' lang='lat' dir='ltr'><strong>quis</strong></span> <span class='ocrx_word' id='word_1_455' title='bbox 2181 2149 2354 2195; x_wconf 84' lang='lat' dir='ltr'><strong>autem</strong></span> <span class='ocrx_word' id='word_1_456' title='bbox 2391 2157 2454 2193; x_wconf 75' lang='lat' dir='ltr'><strong>ex</strong></span> <span class='ocrx_word' id='word_1_457' title='bbox 2502 2144 2607 2195; x_wconf 87' lang='lat' dir='ltr'><strong>alia</strong></span> <span class='ocrx_word' id='word_1_458' title='bbox 2652 2148 2875 2199; x_wconf 81' lang='lat' dir='ltr'><strong>essentia</strong></span> <span class='ocrx_word' id='word_1_459' title='bbox 2940 2148 3044 2200; x_wconf 80' lang='lat' dir='ltr'><strong>sire</strong></span> <span class='ocrx_word' id='word_1_460' title='bbox 3076 2150 3371 2205; x_wconf 80' lang='lat' dir='ltr'><strong>substantia</strong></span> <span class='ocrx_word' id='word_1_461' title='bbox 3397 2150 3600 2205; x_wconf 82' lang='lat' dir='ltr'><strong>Filium</strong></span> 
     </span>
    </p>
   </div>
   <div class='ocr_carea' id='block_1_64' title="bbox 2030 2226 3601 2305">
    <p class='ocr_par' dir='ltr' id='par_1_64' title="bbox 2030 2226 3601 2305">
     <span class='ocr_line' id='line_1_64' title="bbox 2030 2226 3601 2305; baseline 0.011 -28"><span class='ocrx_word' id='word_1_462' title='bbox 2030 2240 2139 2277; x_wconf 85' lang='lat' dir='ltr'><strong>esse</strong></span> <span class='ocrx_word' id='word_1_463' title='bbox 2157 2226 2370 2291; x_wconf 77' lang='lat' dir='ltr'><strong>dixerit,</strong></span> <span class='ocrx_word' id='word_1_464' title='bbox 2408 2229 2543 2281; x_wconf 77' lang='lat' dir='ltr'><strong>hunc</strong></span> <span class='ocrx_word' id='word_1_465' title='bbox 2586 2232 2999 2287; x_wconf 78' lang='lat' dir='ltr'><strong>anathematisat</strong></span> <span class='ocrx_word' id='word_1_466' title='bbox 3030 2237 3285 2291; x_wconf 82' lang='lat' dir='ltr'><strong>catholica</strong></span> <span class='ocrx_word' id='word_1_467' title='bbox 3316 2248 3361 2291; x_wconf 82' lang='lat' dir='ltr'><strong>et</strong></span> <span class='ocrx_word' id='word_1_468' title='bbox 3389 2250 3601 2305; x_wconf 86' lang='lat' dir='ltr'><strong>aposto-</strong></span> 
     </span>
    </p>
   </div>
   <div class='ocr_carea' id='block_1_65' title="bbox 2038 2316 3601 2391">
    <p class='ocr_par' dir='ltr' id='par_1_65' title="bbox 2038 2316 3601 2391">
     <span class='ocr_line' id='line_1_65' title="bbox 2038 2316 3601 2391; baseline 0.013 -27"><span class='ocrx_word' id='word_1_469' title='bbox 2038 2316 2141 2366; x_wconf 88' lang='lat' dir='ltr'><strong>lica</strong></span> <span class='ocrx_word' id='word_1_470' title='bbox 2171 2316 2432 2371; x_wconf 78' lang='lat' dir='ltr'><strong>Ecclesia.</strong></span> <span class='ocrx_word' id='word_1_471' title='bbox 2473 2317 2594 2371; x_wconf 85' lang='lat' dir='ltr'><strong>Non</strong></span> <span class='ocrx_word' id='word_1_472' title='bbox 2629 2320 2764 2375; x_wconf 85' lang='lat' dir='ltr'><strong>enim</strong></span> <span class='ocrx_word' id='word_1_473' title='bbox 2807 2323 2913 2377; x_wconf 87' lang='lat' dir='ltr'><strong>illic</strong></span> <span class='ocrx_word' id='word_1_474' title='bbox 2950 2326 3086 2379; x_wconf 84' lang='lat' dir='ltr'><strong>idem</strong></span> <span class='ocrx_word' id='word_1_475' title='bbox 3118 2327 3382 2391; x_wconf 74' lang='lat' dir='ltr'><strong>dixerunt,</strong></span> <span class='ocrx_word' id='word_1_476' title='bbox 3426 2347 3601 2384; x_wconf 78' lang='lat' dir='ltr'><strong>essen-</strong></span> 
     </span>
    </p>
   </div>
   <div class='ocr_carea' id='block_1_66' title="bbox 2032 2406 3600 2490">
    <p class='ocr_par' dir='ltr' id='par_1_66' title="bbox 2032 2406 3600 2490">
     <span class='ocr_line' id='line_1_66' title="bbox 2032 2406 3600 2490; baseline 0.012 -33"><span class='ocrx_word' id='word_1_477' title='bbox 2032 2406 2159 2459; x_wconf 87' lang='lat' dir='ltr'><strong>tiam</strong></span> <span class='ocrx_word' id='word_1_478' title='bbox 2198 2418 2351 2477; x_wconf 78' lang='lat' dir='ltr'><strong>atque</strong></span> <span class='ocrx_word' id='word_1_479' title='bbox 2389 2413 2735 2465; x_wconf 75' lang='lat' dir='ltr'><strong>substantiam</strong></span> <span class='ocrx_word' id='word_1_480' title='bbox 2759 2450 2775 2467; x_wconf 92' lang='lat'><strong>.</strong></span> <span class='ocrx_word' id='word_1_481' title='bbox 2809 2411 2868 2469; x_wconf 87' lang='lat' dir='ltr'><strong>Si</strong></span> <span class='ocrx_word' id='word_1_482' title='bbox 2896 2418 3030 2469; x_wconf 89' lang='lat' dir='ltr'><strong>enim</strong></span> <span class='ocrx_word' id='word_1_483' title='bbox 3072 2434 3230 2472; x_wconf 87' lang='lat' dir='ltr'><strong>unum</strong></span> <span class='ocrx_word' id='word_1_484' title='bbox 3273 2432 3425 2490; x_wconf 83' lang='lat' dir='ltr'><strong>atque</strong></span> <span class='ocrx_word' id='word_1_485' title='bbox 3456 2439 3600 2475; x_wconf 82' lang='lat' dir='ltr'><strong>eam-</strong></span> 
     </span>
    </p>
   </div>
   <div class='ocr_carea' id='block_1_67' title="bbox 2031 2497 3601 2579">
    <p class='ocr_par' dir='ltr' id='par_1_67' title="bbox 2031 2497 3601 2579">
     <span class='ocr_line' id='line_1_67' title="bbox 2031 2497 3601 2579; baseline 0.013 -32"><span class='ocrx_word' id='word_1_486' title='bbox 2031 2497 2145 2549; x_wconf 89' lang='lat' dir='ltr'><strong>dem</strong></span> <span class='ocrx_word' id='word_1_487' title='bbox 2178 2499 2580 2569; x_wconf 83' lang='lat' dir='ltr'><strong>intclltgentiam</strong></span> <span class='ocrx_word' id='word_1_488' title='bbox 2614 2503 2944 2558; x_wconf 87' lang='lat' dir='ltr'><strong>insinuarent</strong></span> <span class='ocrx_word' id='word_1_489' title='bbox 2998 2524 3178 2573; x_wconf 82' lang='lat' dir='ltr'><strong>uoces,</strong></span> <span class='ocrx_word' id='word_1_490' title='bbox 3221 2512 3348 2579; x_wconf 80' lang='lat' dir='ltr'><strong>quid</strong></span> <span class='ocrx_word' id='word_1_491' title='bbox 3392 2529 3601 2569; x_wconf 82' lang='lat' dir='ltr'><strong>necesse</strong></span> 
     </span>
    </p>
   </div>
   <div class='ocr_carea' id='block_1_68' title="bbox 2029 2596 3602 2669">
    <p class='ocr_par' dir='ltr' id='par_1_68' title="bbox 2029 2596 3602 2669">
     <span class='ocr_line' id='line_1_68' title="bbox 2029 2596 3602 2669; baseline 0.012 -27"><span class='ocrx_word' id='word_1_492' title='bbox 2029 2600 2139 2642; x_wconf 84' lang='lat' dir='ltr'><strong>erat</strong></span> <span class='ocrx_word' id='word_1_493' title='bbox 2174 2608 2415 2655; x_wconf 77' lang='lat' dir='ltr'><strong>utrasque</strong></span> <span class='ocrx_word' id='word_1_494' title='bbox 2462 2598 2695 2659; x_wconf 84' lang='lat' dir='ltr'><strong>ponere?</strong></span> <span class='ocrx_word' id='word_1_495' title='bbox 2746 2596 2966 2651; x_wconf 83' lang='lat' dir='ltr'><strong>Constat</strong></span> <span class='ocrx_word' id='word_1_496' title='bbox 3018 2616 3133 2653; x_wconf 69' lang='lat' dir='ltr'><strong>vero</strong></span> <span class='ocrx_word' id='word_1_497' title='bbox 3190 2606 3433 2669; x_wconf 82' lang='lat' dir='ltr'><strong>quoniam</strong></span> <span class='ocrx_word' id='word_1_498' title='bbox 3479 2609 3602 2661; x_wconf 76' lang='lat' dir='ltr'><strong>aliis</strong></span> 
     </span>
    </p>
   </div>
   <div class='ocr_carea' id='block_1_69' title="bbox 2030 2681 3595 2764">
    <p class='ocr_par' dir='ltr' id='par_1_69' title="bbox 2030 2681 3595 2764">
     <span class='ocr_line' id='line_1_69' title="bbox 2030 2681 3595 2764; baseline 0.017 -36"><span class='ocrx_word' id='word_1_499' title='bbox 2030 2681 2237 2747; x_wconf 86' lang='lat' dir='ltr'><strong>quidem</strong></span> <span class='ocrx_word' id='word_1_500' title='bbox 2285 2698 2349 2735; x_wconf 79' lang='lat' dir='ltr'><strong>ex</strong></span> <span class='ocrx_word' id='word_1_501' title='bbox 2402 2683 2579 2738; x_wconf 86' lang='lat' dir='ltr'><strong>Patris</strong></span> <span class='ocrx_word' id='word_1_502' title='bbox 2624 2687 2771 2739; x_wconf 87' lang='lat' dir='ltr'><strong>illum</strong></span> <span class='ocrx_word' id='word_1_503' title='bbox 2825 2691 3051 2741; x_wconf 83' lang='lat' dir='ltr'><strong>essentia</strong></span> <span class='ocrx_word' id='word_1_504' title='bbox 3094 2708 3202 2746; x_wconf 82' lang='lat' dir='ltr'><strong>esse</strong></span> <span class='ocrx_word' id='word_1_505' title='bbox 3242 2696 3549 2764; x_wconf 78' lang='lat' dir='ltr'><strong>negantibus</strong></span> <span class='ocrx_word' id='word_1_506' title='bbox 3580 2738 3595 2754; x_wconf 84' lang='lat'><strong>.</strong></span> 
     </span>
    </p>
   </div>
   <div class='ocr_carea' id='block_1_70' title="bbox 2028 2771 3595 2848">
    <p class='ocr_par' dir='ltr' id='par_1_70' title="bbox 2028 2771 3595 2848">
     <span class='ocr_line' id='line_1_70' title="bbox 2028 2771 3595 2848; baseline 0.012 -27"><span class='ocrx_word' id='word_1_507' title='bbox 2028 2771 2148 2822; x_wconf 83' lang='lat' dir='ltr'><strong>aliis</strong></span> <span class='ocrx_word' id='word_1_508' title='bbox 2198 2790 2310 2825; x_wconf 83' lang='lat' dir='ltr'><strong>vero</strong></span> <span class='ocrx_word' id='word_1_509' title='bbox 2337 2776 2645 2837; x_wconf 86' lang='lat' dir='ltr'><strong>dicentibus,</strong></span> <span class='ocrx_word' id='word_1_510' title='bbox 2689 2778 2811 2847; x_wconf 88' lang='lat' dir='ltr'><strong>quia</strong></span> <span class='ocrx_word' id='word_1_511' title='bbox 2846 2796 3007 2848; x_wconf 84' lang='lat' dir='ltr'><strong>neque</strong></span> <span class='ocrx_word' id='word_1_512' title='bbox 3043 2798 3106 2834; x_wconf 76' lang='lat' dir='ltr'><strong>ea:</strong></span> <span class='ocrx_word' id='word_1_513' title='bbox 3141 2787 3385 2845; x_wconf 77' lang='lat' dir='ltr'><strong>essentia,</strong></span> <span class='ocrx_word' id='word_1_514' title='bbox 3434 2803 3595 2845; x_wconf 83' lang='lat' dir='ltr'><strong>neque</strong></span> 
     </span>
    </p>
   </div>
   <div class='ocr_carea' id='block_1_71' title="bbox 2028 2869 3597 2938">
    <p class='ocr_par' dir='ltr' id='par_1_71' title="bbox 2028 2869 3597 2938">
     <span class='ocr_line' id='line_1_71' title="bbox 2028 2869 3597 2938; baseline 0.01 -21"><span class='ocrx_word' id='word_1_515' title='bbox 2028 2882 2090 2917; x_wconf 64' lang='lat' dir='ltr'><strong>ex</strong></span> <span class='ocrx_word' id='word_1_516' title='bbox 2128 2869 2417 2919; x_wconf 83' lang='lat' dir='ltr'><strong>substantia</strong></span> <span class='ocrx_word' id='word_1_517' title='bbox 2442 2881 2597 2935; x_wconf 86' lang='lat' dir='ltr'><strong>esset;</strong></span> <span class='ocrx_word' id='word_1_518' title='bbox 2622 2869 2695 2923; x_wconf 86' lang='lat' dir='ltr'><strong>ita</strong></span> <span class='ocrx_word' id='word_1_519' title='bbox 2754 2886 2974 2938; x_wconf 87' lang='lat' dir='ltr'><strong>utraque</strong></span> <span class='ocrx_word' id='word_1_520' title='bbox 3011 2883 3065 2926; x_wconf 81' lang='lat' dir='ltr'><strong>ut</strong></span> <span class='ocrx_word' id='word_1_521' title='bbox 3097 2876 3268 2931; x_wconf 86' lang='lat' dir='ltr'><strong>aliena</strong></span> <span class='ocrx_word' id='word_1_522' title='bbox 3321 2877 3384 2929; x_wconf 90' lang='lat' dir='ltr'><strong>ab</strong></span> <span class='ocrx_word' id='word_1_523' title='bbox 3435 2881 3597 2931; x_wconf 82' lang='lat' dir='ltr'><strong>eccle-</strong></span> 
     </span>
    </p>
   </div>
   <div class='ocr_carea' id='block_1_72' title="bbox 2027 2958 3592 3030">
    <p class='ocr_par' dir='ltr' id='par_1_72' title="bbox 2027 2958 3592 3030">
     <span class='ocr_line' id='line_1_72' title="bbox 2027 2958 3592 3030; baseline 0.01 -22"><span class='ocrx_word' id='word_1_524' title='bbox 2027 2958 2244 3010; x_wconf 73' lang='lat' dir='ltr'><strong>siastca</strong></span> <span class='ocrx_word' id='word_1_525' title='bbox 2286 2961 2635 3030; x_wconf 84' lang='lat' dir='ltr'><strong>intelligentia</strong></span> <span class='ocrx_word' id='word_1_526' title='bbox 2674 2963 3080 3021; x_wconf 74' lang='lat' dir='ltr'><strong>interdixerunt.</strong></span> <span class='ocrx_word' id='word_1_527' title='bbox 3137 2966 3236 3020; x_wconf 83' lang='lat' dir='ltr'><strong>Ubi</strong></span> <span class='ocrx_word' id='word_1_528' title='bbox 3280 2972 3415 3021; x_wconf 85' lang='lat' dir='ltr'><strong>enim</strong></span> <span class='ocrx_word' id='word_1_529' title='bbox 3470 2987 3592 3023; x_wconf 63' lang='lat' dir='ltr'><strong>seno</strong></span> 
     </span>
    </p>
   </div>
   <div class='ocr_carea' id='block_1_73' title="bbox 2028 3057 3586 3121">
    <p class='ocr_par' dir='ltr' id='par_1_73' title="bbox 2028 3057 3586 3121">
     <span class='ocr_line' id='line_1_73' title="bbox 2028 3057 3586 3121; baseline 0.008 -22"><span class='ocrx_word' id='word_1_530' title='bbox 2028 3064 2145 3101; x_wconf 85' lang='lat' dir='ltr'><strong>sum</strong></span> <span class='ocrx_word' id='word_1_531' title='bbox 2193 3068 2345 3103; x_wconf 90' lang='lat' dir='ltr'><strong>suum</strong></span> <span class='ocrx_word' id='word_1_532' title='bbox 2389 3068 2773 3121; x_wconf 71' lang='lat' dir='ltr'><strong>expresserunt,</strong></span> <span class='ocrx_word' id='word_1_533' title='bbox 2812 3073 2876 3109; x_wconf 75' lang='lat' dir='ltr'><strong>es:</strong></span> <span class='ocrx_word' id='word_1_534' title='bbox 2911 3057 3088 3111; x_wconf 82' lang='lat' dir='ltr'><strong>Patris</strong></span> <span class='ocrx_word' id='word_1_535' title='bbox 3123 3062 3351 3115; x_wconf 79' lang='lat' dir='ltr'><strong>essentia</strong></span> <span class='ocrx_word' id='word_1_536' title='bbox 3392 3060 3586 3115; x_wconf 84' lang='lat' dir='ltr'><strong>Filium</strong></span> 
     </span>
    </p>
   </div>
   <div class='ocr_carea' id='block_1_74' title="bbox 2028 3139 3593 3213">
    <p class='ocr_par' dir='ltr' id='par_1_74' title="bbox 2028 3139 3593 3213">
     <span class='ocr_line' id='line_1_74' title="bbox 2028 3139 3593 3213; baseline 0.01 -24"><span class='ocrx_word' id='word_1_537' title='bbox 2028 3139 2296 3204; x_wconf 71' lang='lat' dir='ltr'><strong>dixerunt;</strong></span> <span class='ocrx_word' id='word_1_538' title='bbox 2335 3158 2435 3194; x_wconf 88' lang='lat' dir='ltr'><strong>non</strong></span> <span class='ocrx_word' id='word_1_539' title='bbox 2451 3142 2568 3210; x_wconf 88' lang='lat' dir='ltr'><strong>jam</strong></span> <span class='ocrx_word' id='word_1_540' title='bbox 2612 3144 2917 3213; x_wconf 83' lang='lat' dir='ltr'><strong>adjicientes</strong></span> <span class='ocrx_word' id='word_1_541' title='bbox 2956 3158 3004 3200; x_wconf 88' lang='lat' dir='ltr'><strong>et</strong></span> <span class='ocrx_word' id='word_1_542' title='bbox 3031 3165 3094 3201; x_wconf 70' lang='lat' dir='ltr'><strong>es:</strong></span> <span class='ocrx_word' id='word_1_543' title='bbox 3114 3150 3440 3205; x_wconf 78' lang='lat' dir='ltr'><strong>substantia.</strong></span> <span class='ocrx_word' id='word_1_544' title='bbox 3477 3151 3593 3205; x_wconf 81' lang='lat' dir='ltr'><strong>lla-</strong></span> 
     </span>
    </p>
   </div>
   <div class='ocr_carea' id='block_1_75' title="bbox 2027 3229 3590 3307">
    <p class='ocr_par' dir='ltr' id='par_1_75' title="bbox 2027 3229 3590 3307">
     <span class='ocr_line' id='line_1_75' title="bbox 2027 3229 3590 3307; baseline 0.01 -29"><span class='ocrx_word' id='word_1_545' title='bbox 2027 3245 2125 3296; x_wconf 87' lang='lat' dir='ltr'><strong>que</strong></span> <span class='ocrx_word' id='word_1_546' title='bbox 2174 3238 2222 3282; x_wconf 86' lang='lat' dir='ltr'><strong>et</strong></span> <span class='ocrx_word' id='word_1_547' title='bbox 2275 3229 2409 3282; x_wconf 85' lang='lat' dir='ltr'><strong>illud</strong></span> <span class='ocrx_word' id='word_1_548' title='bbox 2464 3231 2672 3300; x_wconf 85' lang='lat' dir='ltr'><strong>quidem</strong></span> <span class='ocrx_word' id='word_1_549' title='bbox 2726 3251 2821 3303; x_wconf 80' lang='lat' dir='ltr'><strong>pro</strong></span> <span class='ocrx_word' id='word_1_550' title='bbox 2878 3237 3158 3292; x_wconf 85' lang='lat' dir='ltr'><strong>abolitione</strong></span> <span class='ocrx_word' id='word_1_551' title='bbox 3212 3244 3452 3307; x_wconf 82' lang='lat' dir='ltr'><strong>pessima:</strong></span> <span class='ocrx_word' id='word_1_552' title='bbox 3504 3243 3590 3293; x_wconf 86' lang='lat' dir='ltr'><strong>in-</strong></span> 
     </span>
    </p>
   </div>
   <div class='ocr_carea' id='block_1_76' title="bbox 2027 3322 3586 3400">
    <p class='ocr_par' dir='ltr' id='par_1_76' title="bbox 2027 3322 3586 3400">
     <span class='ocr_line' id='line_1_76' title="bbox 2027 3322 3586 3400; baseline 0.006 -27"><span class='ocrx_word' id='word_1_553' title='bbox 2027 3322 2326 3390; x_wconf 77' lang='lat' dir='ltr'><strong>telligentia:</strong></span> <span class='ocrx_word' id='word_1_554' title='bbox 2371 3323 2600 3390; x_wconf 86' lang='lat' dir='ltr'><strong>positum</strong></span> <span class='ocrx_word' id='word_1_555' title='bbox 2643 3336 2744 3386; x_wconf 83' lang='lat' dir='ltr'><strong>est,</strong></span> <span class='ocrx_word' id='word_1_556' title='bbox 2784 3326 2877 3379; x_wconf 85' lang='lat' dir='ltr'><strong>Itoc</strong></span> <span class='ocrx_word' id='word_1_557' title='bbox 2915 3337 3087 3381; x_wconf 85' lang='lat' dir='ltr'><strong>autent</strong></span> <span class='ocrx_word' id='word_1_558' title='bbox 3123 3329 3364 3384; x_wconf 83' lang='lat' dir='ltr'><strong>salutare</strong></span> <span class='ocrx_word' id='word_1_559' title='bbox 3398 3330 3586 3400; x_wconf 81' lang='lat' dir='ltr'><strong>dogma</strong></span> 
     </span>
    </p>
   </div>
   <div class='ocr_carea' id='block_1_77' title="bbox 2021 3413 2350 3481">
    <p class='ocr_par' dir='ltr' id='par_1_77' title="bbox 2021 3413 2350 3481">
     <span class='ocr_line' id='line_1_77' title="bbox 2021 3413 2350 3481; baseline 0.009 -17"><span class='ocrx_word' id='word_1_560' title='bbox 2021 3413 2350 3481; x_wconf 77' lang='lat' dir='ltr'><strong>manifestat.</strong></span> 
     </span>
    </p>
   </div>
   <div class='ocr_carea' id='block_1_78' title="bbox 2092 3525 3587 3596">
    <p class='ocr_par' dir='ltr' id='par_1_78' title="bbox 2092 3525 3587 3596">
     <span class='ocr_line' id='line_1_78' title="bbox 2092 3525 3587 3596; baseline 0.004 -16"><span class='ocrx_word' id='word_1_561' title='bbox 2092 3525 2205 3582; x_wconf 83' lang='lat' dir='ltr'><strong>Hoc</strong></span> <span class='ocrx_word' id='word_1_562' title='bbox 2238 3528 2290 3581; x_wconf 92' lang='lat' dir='ltr'><strong>in</strong></span> <span class='ocrx_word' id='word_1_563' title='bbox 2322 3526 2437 3582; x_wconf 92' lang='lat' dir='ltr'><strong>loco</strong></span> <span class='ocrx_word' id='word_1_564' title='bbox 2460 3541 2686 3596; x_wconf 77' lang='lat' dir='ltr'><strong>magnus</strong></span> <span class='ocrx_word' id='word_1_565' title='bbox 2713 3526 2939 3585; x_wconf 81' lang='lat' dir='ltr'><strong>Basilius</strong></span> <span class='ocrx_word' id='word_1_566' title='bbox 2962 3529 3268 3585; x_wconf 86' lang='lat' dir='ltr'><strong>dicentibus</strong></span> <span class='ocrx_word' id='word_1_567' title='bbox 3295 3531 3587 3587; x_wconf 73' lang='lat' dir='ltr'><strong>Patribns:</strong></span> 
     </span>
    </p>
   </div>
   <div class='ocr_carea' id='block_1_79' title="bbox 2022 3612 3593 3688">
    <p class='ocr_par' dir='ltr' id='par_1_79' title="bbox 2022 3612 3593 3688">
     <span class='ocr_line' id='line_1_79' title="bbox 2022 3612 3593 3688; baseline 0.004 -18"><span class='ocrx_word' id='word_1_568' title='bbox 2022 3615 2078 3672; x_wconf 89' lang='lat' dir='ltr'><strong>Si</strong></span> <span class='ocrx_word' id='word_1_569' title='bbox 2110 3618 2231 3688; x_wconf 88' lang='lat' dir='ltr'><strong>quis</strong></span> <span class='ocrx_word' id='word_1_570' title='bbox 2258 3632 2384 3671; x_wconf 82' lang='lat' dir='ltr'><strong>vero</strong></span> <span class='ocrx_word' id='word_1_571' title='bbox 2408 3617 2625 3681; x_wconf 79' lang='lat' dir='ltr'><strong>dixerit,</strong></span> <span class='ocrx_word' id='word_1_572' title='bbox 2654 3632 2721 3674; x_wconf 81' lang='lat' dir='ltr'><strong>ex</strong></span> <span class='ocrx_word' id='word_1_573' title='bbox 2752 3618 2854 3672; x_wconf 87' lang='lat' dir='ltr'><strong>alia</strong></span> <span class='ocrx_word' id='word_1_574' title='bbox 2882 3622 3139 3685; x_wconf 82' lang='lat' dir='ltr'><strong>essentia,</strong></span> <span class='ocrx_word' id='word_1_575' title='bbox 3172 3636 3265 3675; x_wconf 74' lang='lat' dir='ltr'><strong>seu</strong></span> <span class='ocrx_word' id='word_1_576' title='bbox 3288 3612 3593 3677; x_wconf 77' lang='lat' dir='ltr'><strong>substantia</strong></span> 
     </span>
    </p>
   </div>
   <div class='ocr_carea' id='block_1_80' title="bbox 2020 3706 3590 3781">
    <p class='ocr_par' dir='ltr' id='par_1_80' title="bbox 2020 3706 3590 3781">
     <span class='ocr_line' id='line_1_80' title="bbox 2020 3706 3590 3781; baseline 0.003 -18"><span class='ocrx_word' id='word_1_577' title='bbox 2020 3706 2237 3772; x_wconf 82' lang='lat' dir='ltr'><strong>Filium,</strong></span> <span class='ocrx_word' id='word_1_578' title='bbox 2269 3710 2410 3763; x_wconf 91' lang='lat' dir='ltr'><strong>hunc</strong></span> <span class='ocrx_word' id='word_1_579' title='bbox 2442 3711 2864 3765; x_wconf 77' lang='lat' dir='ltr'><strong>anathematizat</strong></span> <span class='ocrx_word' id='word_1_580' title='bbox 2898 3712 3163 3767; x_wconf 76' lang='lat' dir='ltr'><strong>CalboliCa</strong></span> <span class='ocrx_word' id='word_1_581' title='bbox 3210 3723 3262 3767; x_wconf 90' lang='lat' dir='ltr'><strong>et</strong></span> <span class='ocrx_word' id='word_1_582' title='bbox 3295 3715 3590 3781; x_wconf 85' lang='lat' dir='ltr'><strong>apostolica</strong></span> 
     </span>
    </p>
   </div>
   <div class='ocr_carea' id='block_1_81' title="bbox 2022 3800 3595 3873">
    <p class='ocr_par' dir='ltr' id='par_1_81' title="bbox 2022 3800 3595 3873">
     <span class='ocr_line' id='line_1_81' title="bbox 2022 3800 3595 3873; baseline 0.002 -19"><span class='ocrx_word' id='word_1_583' title='bbox 2022 3800 2383 3867; x_wconf 82' lang='lat' dir='ltr'><strong>Ecclesia,cos</strong></span> <span class='ocrx_word' id='word_1_584' title='bbox 2406 3804 2496 3873; x_wconf 92' lang='lat' dir='ltr'><strong>qui</strong></span> <span class='ocrx_word' id='word_1_585' title='bbox 2534 3804 2658 3857; x_wconf 89' lang='lat' dir='ltr'><strong>hinc</strong></span> <span class='ocrx_word' id='word_1_586' title='bbox 2690 3801 3067 3866; x_wconf 78' lang='lat' dir='ltr'><strong>conﬁciebant,</strong></span> <span class='ocrx_word' id='word_1_587' title='bbox 3104 3803 3255 3856; x_wconf 84' lang='lat' dir='ltr'><strong>idem</strong></span> <span class='ocrx_word' id='word_1_588' title='bbox 3308 3818 3427 3857; x_wconf 79' lang='lat' dir='ltr'><strong>esse</strong></span> <span class='ocrx_word' id='word_1_589' title='bbox 3454 3806 3595 3857; x_wconf 87' lang='lat' dir='ltr'><strong>sub-</strong></span> 
     </span>
    </p>
   </div>
   <div class='ocr_carea' id='block_1_82' title="bbox 2019 3893 3593 3965">
    <p class='ocr_par' dir='ltr' id='par_1_82' title="bbox 2019 3893 3593 3965">
     <span class='ocr_line' id='line_1_82' title="bbox 2019 3893 3593 3965; baseline 0.001 -17"><span class='ocrx_word' id='word_1_590' title='bbox 2019 3893 2270 3948; x_wconf 88' lang='lat' dir='ltr'><strong>stantiam</strong></span> <span class='ocrx_word' id='word_1_591' title='bbox 2350 3904 2509 3965; x_wconf 87' lang='lat' dir='ltr'><strong>atque</strong></span> <span class='ocrx_word' id='word_1_592' title='bbox 2558 3898 2849 3950; x_wconf 87' lang='lat' dir='ltr'><strong>essentiam</strong></span> <span class='ocrx_word' id='word_1_593' title='bbox 2883 3936 2897 3960; x_wconf 94' lang='lat'><strong>,</strong></span> <span class='ocrx_word' id='word_1_594' title='bbox 2930 3896 3111 3963; x_wconf 84' lang='lat' dir='ltr'><strong>culpat</strong></span> <span class='ocrx_word' id='word_1_595' title='bbox 3190 3905 3244 3949; x_wconf 88' lang='lat' dir='ltr'><strong>et</strong></span> <span class='ocrx_word' id='word_1_596' title='bbox 3308 3897 3384 3951; x_wconf 88' lang='lat' dir='ltr'><strong>ait</strong></span> <span class='ocrx_word' id='word_1_597' title='bbox 3424 3914 3437 3948; x_wconf 89' lang='lat'><strong>:</strong></span> <span class='ocrx_word' id='word_1_598' title='bbox 3474 3896 3593 3949; x_wconf 80' lang='lat' dir='ltr'><strong>Non</strong></span> 
     </span>
    </p>
   </div>
   <div class='ocr_carea' id='block_1_83' title="bbox 2021 3989 3595 4058">
    <p class='ocr_par' dir='ltr' id='par_1_83' title="bbox 2021 3989 3595 4058">
     <span class='ocr_line' id='line_1_83' title="bbox 2021 3989 3595 4058; baseline 0.001 -15"><span class='ocrx_word' id='word_1_599' title='bbox 2021 3990 2187 4054; x_wconf 90' lang='lat' dir='ltr'><strong>enim,</strong></span> <span class='ocrx_word' id='word_1_600' title='bbox 2212 3990 2337 4058; x_wconf 84' lang='lat' dir='ltr'><strong>quia</strong></span> <span class='ocrx_word' id='word_1_601' title='bbox 2373 3989 2483 4045; x_wconf 89' lang='lat' dir='ltr'><strong>illic</strong></span> <span class='ocrx_word' id='word_1_602' title='bbox 2500 3991 2781 4054; x_wconf 81' lang='lat' dir='ltr'><strong>dixerunt,</strong></span> <span class='ocrx_word' id='word_1_603' title='bbox 2814 4007 2878 4044; x_wconf 80' lang='lat' dir='ltr'><strong>ex</strong></span> <span class='ocrx_word' id='word_1_604' title='bbox 2915 3990 3020 4043; x_wconf 87' lang='lat' dir='ltr'><strong>alia</strong></span> <span class='ocrx_word' id='word_1_605' title='bbox 3054 3992 3307 4050; x_wconf 67' lang='lat' dir='ltr'><strong>essentia.</strong></span> <span class='ocrx_word' id='word_1_606' title='bbox 3334 3991 3446 4045; x_wconf 80' lang='lat' dir='ltr'><strong>sive</strong></span> <span class='ocrx_word' id='word_1_607' title='bbox 3467 3992 3595 4045; x_wconf 86' lang='lat' dir='ltr'><strong>sub-</strong></span> 
     </span>
    </p>
   </div>
   <div class='ocr_carea' id='block_1_84' title="bbox 2022 4083 3593 4161">
    <p class='ocr_par' dir='ltr' id='par_1_84' title="bbox 2022 4083 3593 4161">
     <span class='ocr_line' id='line_1_84' title="bbox 2022 4083 3593 4161; baseline -0.001 -26"><span class='ocrx_word' id='word_1_608' title='bbox 2022 4084 2237 4141; x_wconf 86' lang='lat' dir='ltr'><strong>stantia.</strong></span> <span class='ocrx_word' id='word_1_609' title='bbox 2289 4083 2413 4136; x_wconf 89' lang='lat' dir='ltr'><strong>inde</strong></span> <span class='ocrx_word' id='word_1_610' title='bbox 2466 4084 2733 4151; x_wconf 84' lang='lat' dir='ltr'><strong>colligitur</strong></span> <span class='ocrx_word' id='word_1_611' title='bbox 2809 4086 2949 4139; x_wconf 88' lang='lat' dir='ltr'><strong>idem</strong></span> <span class='ocrx_word' id='word_1_612' title='bbox 2998 4099 3128 4161; x_wconf 77' lang='lat' dir='ltr'><strong>esse</strong></span> <span class='ocrx_word' id='word_1_613' title='bbox 3180 4085 3470 4138; x_wconf 80' lang='lat' dir='ltr'><strong>essentiam</strong></span> <span class='ocrx_word' id='word_1_614' title='bbox 3511 4096 3593 4136; x_wconf 85' lang='lat' dir='ltr'><strong>at-</strong></span> 
     </span>
    </p>
   </div>
   <div class='ocr_carea' id='block_1_85' title="bbox 2022 4172 3594 4242">
    <p class='ocr_par' dir='ltr' id='par_1_85' title="bbox 2022 4172 3594 4242">
     <span class='ocr_line' id='line_1_85' title="bbox 2022 4172 3594 4242; baseline -0.001 -17"><span class='ocrx_word' id='word_1_615' title='bbox 2022 4187 2128 4241; x_wconf 89' lang='lat' dir='ltr'><strong>que</strong></span> <span class='ocrx_word' id='word_1_616' title='bbox 2159 4172 2516 4225; x_wconf 87' lang='lat' dir='ltr'><strong>substantiam</strong></span> <span class='ocrx_word' id='word_1_617' title='bbox 2548 4192 2563 4237; x_wconf 85' lang='lat'><strong>;</strong></span> <span class='ocrx_word' id='word_1_618' title='bbox 2592 4176 2687 4227; x_wconf 88' lang='lat' dir='ltr'><strong>sed</strong></span> <span class='ocrx_word' id='word_1_619' title='bbox 2732 4177 3085 4241; x_wconf 82' lang='lat' dir='ltr'><strong>quorumdam</strong></span> <span class='ocrx_word' id='word_1_620' title='bbox 3123 4174 3405 4242; x_wconf 85' lang='lat' dir='ltr'><strong>opiniones</strong></span> <span class='ocrx_word' id='word_1_621' title='bbox 3442 4172 3594 4225; x_wconf 80' lang='lat' dir='ltr'><strong>falla-</strong></span> 
     </span>
    </p>
   </div>
   <div class='ocr_carea' id='block_1_86' title="bbox 2022 4263 3592 4332">
    <p class='ocr_par' dir='ltr' id='par_1_86' title="bbox 2022 4263 3592 4332">
     <span class='ocr_line' id='line_1_86' title="bbox 2022 4263 3592 4332; baseline 0.001 -17"><span class='ocrx_word' id='word_1_622' title='bbox 2022 4278 2111 4316; x_wconf 84' lang='lat' dir='ltr'><strong>ces</strong></span> <span class='ocrx_word' id='word_1_623' title='bbox 2133 4264 2200 4319; x_wconf 88' lang='lat' dir='ltr'><strong>ab</strong></span> <span class='ocrx_word' id='word_1_624' title='bbox 2231 4263 2468 4319; x_wconf 65' lang='lat' dir='ltr'><strong>Ecclesia</strong></span> <span class='ocrx_word' id='word_1_625' title='bbox 2498 4264 2836 4318; x_wconf 86' lang='lat' dir='ltr'><strong>elimiuantes</strong></span> <span class='ocrx_word' id='word_1_626' title='bbox 2864 4304 2878 4328; x_wconf 92' lang='lat'><strong>,</strong></span> <span class='ocrx_word' id='word_1_627' title='bbox 2926 4265 3169 4332; x_wconf 83' lang='lat' dir='ltr'><strong>utrisque</strong></span> <span class='ocrx_word' id='word_1_628' title='bbox 3199 4265 3318 4319; x_wconf 81' lang='lat' dir='ltr'><strong>istis</strong></span> <span class='ocrx_word' id='word_1_629' title='bbox 3367 4264 3592 4317; x_wconf 75' lang='lat' dir='ltr'><strong>vocibus</strong></span> 
     </span>
    </p>
   </div>
   <div class='ocr_carea' id='block_1_87' title="bbox 2024 4352 3593 4421">
    <p class='ocr_par' dir='ltr' id='par_1_87' title="bbox 2024 4352 3593 4421">
     <span class='ocr_line' id='line_1_87' title="bbox 2024 4352 3593 4421; baseline 0.001 -17"><span class='ocrx_word' id='word_1_630' title='bbox 2024 4352 2101 4405; x_wconf 91' lang='lat' dir='ltr'><strong>usi</strong></span> <span class='ocrx_word' id='word_1_631' title='bbox 2137 4362 2283 4407; x_wconf 88' lang='lat' dir='ltr'><strong>sunt.</strong></span> <span class='ocrx_word' id='word_1_632' title='bbox 2320 4353 2375 4407; x_wconf 89' lang='lat' dir='ltr'><strong>Si</strong></span> <span class='ocrx_word' id='word_1_633' title='bbox 2408 4356 2548 4408; x_wconf 89' lang='lat' dir='ltr'><strong>enim</strong></span> <span class='ocrx_word' id='word_1_634' title='bbox 2585 4355 2725 4408; x_wconf 78' lang='lat' dir='ltr'><strong>idern</strong></span> <span class='ocrx_word' id='word_1_635' title='bbox 2748 4356 2917 4409; x_wconf 63' lang='lat' dir='ltr'><strong>ambae</strong></span> <span class='ocrx_word' id='word_1_636' title='bbox 2942 4355 3333 4421; x_wconf 70' lang='lat' dir='ltr'><strong>significarent,</strong></span> <span class='ocrx_word' id='word_1_637' title='bbox 3366 4369 3593 4410; x_wconf 86' lang='lat' dir='ltr'><strong>necesse</strong></span> 
     </span>
    </p>
   </div>
   <div class='ocr_carea' id='block_1_88' title="bbox 2023 4445 3591 4514">
    <p class='ocr_par' dir='ltr' id='par_1_88' title="bbox 2023 4445 3591 4514">
     <span class='ocr_line' id='line_1_88' title="bbox 2023 4445 3591 4514; baseline 0.001 -21"><span class='ocrx_word' id='word_1_638' title='bbox 2023 4445 2260 4511; x_wconf 80' lang='lat' dir='ltr'><strong>profecto</strong></span> <span class='ocrx_word' id='word_1_639' title='bbox 2297 4462 2399 4498; x_wconf 88' lang='lat' dir='ltr'><strong>non</strong></span> <span class='ocrx_word' id='word_1_640' title='bbox 2444 4455 2561 4499; x_wconf 85' lang='lat' dir='ltr'><strong>erat</strong></span> <span class='ocrx_word' id='word_1_641' title='bbox 2597 4457 2852 4514; x_wconf 88' lang='lat' dir='ltr'><strong>utrasque</strong></span> <span class='ocrx_word' id='word_1_642' title='bbox 2905 4460 3125 4513; x_wconf 89' lang='lat' dir='ltr'><strong>ponere.</strong></span> <span class='ocrx_word' id='word_1_643' title='bbox 3176 4445 3281 4499; x_wconf 85' lang='lat' dir='ltr'><strong>Sed</strong></span> <span class='ocrx_word' id='word_1_644' title='bbox 3334 4449 3591 4514; x_wconf 81' lang='lat' dir='ltr'><strong>quoniam</strong></span> 
     </span>
    </p>
   </div>
   <div class='ocr_carea' id='block_1_89' title="bbox 2024 4532 3590 4601">
    <p class='ocr_par' dir='ltr' id='par_1_89' title="bbox 2024 4532 3590 4601">
     <span class='ocr_line' id='line_1_89' title="bbox 2024 4532 3590 4601; baseline 0.005 -17"><span class='ocrx_word' id='word_1_645' title='bbox 2024 4532 2114 4585; x_wconf 73' lang='lat' dir='ltr'><strong>alii</strong></span> <span class='ocrx_word' id='word_1_646' title='bbox 2164 4535 2379 4601; x_wconf 79' lang='lat' dir='ltr'><strong>quidem</strong></span> <span class='ocrx_word' id='word_1_647' title='bbox 2443 4535 2707 4601; x_wconf 79' lang='lat' dir='ltr'><strong>negabant</strong></span> <span class='ocrx_word' id='word_1_648' title='bbox 2769 4550 2832 4586; x_wconf 71' lang='lat' dir='ltr'><strong>ex</strong></span> <span class='ocrx_word' id='word_1_649' title='bbox 2882 4533 3059 4588; x_wconf 80' lang='lat' dir='ltr'><strong>Patris</strong></span> <span class='ocrx_word' id='word_1_650' title='bbox 3104 4535 3336 4590; x_wconf 84' lang='lat' dir='ltr'><strong>essentia</strong></span> <span class='ocrx_word' id='word_1_651' title='bbox 3393 4534 3590 4591; x_wconf 81' lang='lat' dir='ltr'><strong>Filium</strong></span> 
     </span>
    </p>
   </div>
   <div class='ocr_carea' id='block_1_90' title="bbox 342 4604 3589 4698">
    <p class='ocr_par' dir='ltr' id='par_1_90' title="bbox 342 4604 3589 4698">
     <span class='ocr_line' id='line_1_90' title="bbox 342 4604 3589 4698; baseline 0.008 -45"><span class='ocrx_word' id='word_1_652' title='bbox 342 4617 533 4655; x_wconf 78' lang='lat' dir='ltr'><strong>rerum</strong></span> <span class='ocrx_word' id='word_1_653' title='bbox 568 4604 806 4658; x_wconf 87' lang='lat' dir='ltr'><strong>nomina.</strong></span> <span class='ocrx_word' id='word_1_654' title='bbox 834 4605 897 4658; x_wconf 85' lang='lat' dir='ltr'><strong>Et</strong></span> <span class='ocrx_word' id='word_1_655' title='bbox 932 4617 1220 4675; x_wconf 88' lang='lat' dir='ltr'><strong>utrumque</strong></span> <span class='ocrx_word' id='word_1_656' title='bbox 1248 4618 1422 4663; x_wconf 77' lang='lat' dir='ltr'><strong>tamen</strong></span> <span class='ocrx_word' id='word_1_657' title='bbox 1458 4627 1639 4665; x_wconf 84' lang='lat' dir='ltr'><strong>verum</strong></span> <span class='ocrx_word' id='word_1_658' title='bbox 1672 4623 1770 4668; x_wconf 89' lang='lat' dir='ltr'><strong>est.</strong></span> <span class='ocrx_word' id='word_1_659' title='bbox 1805 4613 1917 4669; x_wconf 76' lang='lat' dir='ltr'><strong>Non</strong></span> <span class='ocrx_word' id='word_1_660' title='bbox 1957 4645 1998 4698; x_wconf 73' lang='grc' dir='ltr'>ο</span> <span class='ocrx_word' id='word_1_661' title='bbox 2026 4637 2174 4689; x_wconf 66' lang='lat' dir='ltr'><strong>esse,</strong></span> <span class='ocrx_word' id='word_1_662' title='bbox 2267 4624 2483 4691; x_wconf 89' lang='lat' dir='ltr'><strong>quidant</strong></span> <span class='ocrx_word' id='word_1_663' title='bbox 2538 4640 2666 4678; x_wconf 82' lang='lat' dir='ltr'><strong>vero</strong></span> <span class='ocrx_word' id='word_1_664' title='bbox 2710 4640 2881 4693; x_wconf 79' lang='lat' dir='ltr'><strong>neque</strong></span> <span class='ocrx_word' id='word_1_665' title='bbox 2911 4640 2975 4677; x_wconf 72' lang='lat' dir='ltr'><strong>ex</strong></span> <span class='ocrx_word' id='word_1_666' title='bbox 3017 4627 3274 4691; x_wconf 70' lang='lat' dir='ltr'><strong>esst-&quot;tia,</strong></span> <span class='ocrx_word' id='word_1_667' title='bbox 3318 4642 3489 4695; x_wconf 85' lang='lat' dir='ltr'><strong>neque</strong></span> <span class='ocrx_word' id='word_1_668' title='bbox 3522 4644 3589 4682; x_wconf 74' lang='lat' dir='ltr'><strong>ex</strong></span> 
     </span>
    </p>
   </div>
   <div class='ocr_carea' id='block_1_91' title="bbox 343 4694 1924 4770">
    <p class='ocr_par' dir='ltr' id='par_1_91' title="bbox 343 4694 1924 4770">
     <span class='ocr_line' id='line_1_91' title="bbox 343 4694 1924 4770; baseline 0.008 -23"><span class='ocrx_word' id='word_1_669' title='bbox 343 4694 497 4747; x_wconf 87' lang='lat' dir='ltr'><strong>enim</strong></span> <span class='ocrx_word' id='word_1_670' title='bbox 532 4695 828 4747; x_wconf 85' lang='lat' dir='ltr'><strong>secundum</strong></span> <span class='ocrx_word' id='word_1_671' title='bbox 858 4695 1001 4749; x_wconf 89' lang='lat' dir='ltr'><strong>idem</strong></span> <span class='ocrx_word' id='word_1_672' title='bbox 1037 4699 1197 4751; x_wconf 86' lang='lat' dir='ltr'><strong>etiam</strong></span> <span class='ocrx_word' id='word_1_673' title='bbox 1258 4701 1417 4753; x_wconf 90' lang='lat' dir='ltr'><strong>ambo</strong></span> <span class='ocrx_word' id='word_1_674' title='bbox 1441 4703 1492 4753; x_wconf 91' lang='lat' dir='ltr'><strong>in</strong></span> <span class='ocrx_word' id='word_1_675' title='bbox 1536 4712 1792 4770; x_wconf 88' lang='lat' dir='ltr'><strong>quantum</strong></span> <span class='ocrx_word' id='word_1_676' title='bbox 1840 4720 1924 4759; x_wconf 89' lang='lat' dir='ltr'><strong>es-</strong></span> 
     </span>
    </p>
   </div>
   <div class='ocr_carea' id='block_1_92' title="bbox 340 4784 1921 4863">
    <p class='ocr_par' dir='ltr' id='par_1_92' title="bbox 340 4784 1921 4863">
     <span class='ocr_line' id='line_1_92' title="bbox 340 4784 1921 4863; baseline 0.007 -27"><span class='ocrx_word' id='word_1_677' title='bbox 340 4785 523 4837; x_wconf 77' lang='lat' dir='ltr'><strong>sentia</strong></span> <span class='ocrx_word' id='word_1_678' title='bbox 552 4784 768 4851; x_wconf 77' lang='lat' dir='ltr'><strong>quidem</strong></span> <span class='ocrx_word' id='word_1_679' title='bbox 792 4801 1079 4842; x_wconf 86' lang='lat' dir='ltr'><strong>commune</strong></span> <span class='ocrx_word' id='word_1_680' title='bbox 1126 4787 1437 4859; x_wconf 67' lang='lat' dir='ltr'><strong>signiﬁcat,</strong></span> <span class='ocrx_word' id='word_1_681' title='bbox 1489 4802 1543 4845; x_wconf 88' lang='lat' dir='ltr'><strong>et</strong></span> <span class='ocrx_word' id='word_1_682' title='bbox 1596 4793 1735 4846; x_wconf 90' lang='lat' dir='ltr'><strong>idem</strong></span> <span class='ocrx_word' id='word_1_683' title='bbox 1782 4796 1921 4863; x_wconf 84' lang='lat' dir='ltr'><strong>quod</strong></span> 
     </span>
    </p>
   </div>
   <div class='ocr_carea' id='block_1_93' title="bbox 346 4877 1921 4959">
    <p class='ocr_par' dir='ltr' id='par_1_93' title="bbox 346 4877 1921 4959">
     <span class='ocr_line' id='line_1_93' title="bbox 346 4877 1921 4959; baseline 0.006 -31"><span class='ocrx_word' id='word_1_684' title='bbox 346 4887 469 4928; x_wconf 66' lang='lat' dir='ltr'><strong>erat</strong></span> <span class='ocrx_word' id='word_1_685' title='bbox 506 4891 644 4929; x_wconf 83' lang='lat' dir='ltr'><strong>esse.</strong></span> <span class='ocrx_word' id='word_1_686' title='bbox 688 4877 1002 4931; x_wconf 85' lang='lat' dir='ltr'><strong>Substautia</strong></span> <span class='ocrx_word' id='word_1_687' title='bbox 1028 4894 1154 4934; x_wconf 75' lang='lat' dir='ltr'><strong>vero</strong></span> <span class='ocrx_word' id='word_1_688' title='bbox 1204 4880 1367 4945; x_wconf 87' lang='lat' dir='ltr'><strong>idem,</strong></span> <span class='ocrx_word' id='word_1_689' title='bbox 1392 4892 1445 4935; x_wconf 85' lang='lat' dir='ltr'><strong>et</strong></span> <span class='ocrx_word' id='word_1_690' title='bbox 1463 4882 1525 4935; x_wconf 88' lang='lat' dir='ltr'><strong>ad</strong></span> <span class='ocrx_word' id='word_1_691' title='bbox 1556 4884 1758 4959; x_wconf 74' lang='lat' dir='ltr'><strong>ahquid</strong></span> <span class='ocrx_word' id='word_1_692' title='bbox 1782 4902 1921 4955; x_wconf 62' lang='lat' dir='ltr'><strong>quo.</strong></span> 
     </span>
    </p>
   </div>
   <div class='ocr_carea' id='block_1_94' title="bbox 345 4966 1920 5048">
    <p class='ocr_par' dir='ltr' id='par_1_94' title="bbox 345 4966 1920 5048">
     <span class='ocr_line' id='line_1_94' title="bbox 345 4966 1920 5048; baseline 0.01 -31"><span class='ocrx_word' id='word_1_693' title='bbox 345 4966 641 5019; x_wconf 83' lang='lat' dir='ltr'><strong>dammodo</strong></span> <span class='ocrx_word' id='word_1_694' title='bbox 692 4966 899 5022; x_wconf 78' lang='lat' dir='ltr'><strong>habens</strong></span> <span class='ocrx_word' id='word_1_695' title='bbox 927 4969 1007 5021; x_wconf 83' lang='lat' dir='ltr'><strong>vel</strong></span> <span class='ocrx_word' id='word_1_696' title='bbox 1032 4969 1322 5039; x_wconf 75' lang='lat' dir='ltr'><strong>gignentls,</strong></span> <span class='ocrx_word' id='word_1_697' title='bbox 1353 4973 1432 5027; x_wconf 72' lang='lat' dir='ltr'><strong>vel</strong></span> <span class='ocrx_word' id='word_1_698' title='bbox 1462 4975 1649 5043; x_wconf 70' lang='lat' dir='ltr'><strong>geniti,</strong></span> <span class='ocrx_word' id='word_1_699' title='bbox 1688 4978 1765 5030; x_wconf 76' lang='lat' dir='ltr'><strong>rel</strong></span> <span class='ocrx_word' id='word_1_700' title='bbox 1795 4993 1920 5048; x_wconf 82' lang='lat' dir='ltr'><strong>pto-</strong></span> 
     </span>
    </p>
   </div>
   <div class='ocr_carea' id='block_1_95' title="bbox 344 5059 1273 5126">
    <p class='ocr_par' dir='ltr' id='par_1_95' title="bbox 344 5059 1273 5126">
     <span class='ocr_line' id='line_1_95' title="bbox 344 5059 1273 5126; baseline 0.008 -17"><span class='ocrx_word' id='word_1_701' title='bbox 344 5060 597 5110; x_wconf 78' lang='lat' dir='ltr'><strong>eedentis</strong></span> <span class='ocrx_word' id='word_1_702' title='bbox 652 5059 735 5111; x_wconf 75' lang='lat' dir='ltr'><strong>vel</strong></span> <span class='ocrx_word' id='word_1_703' title='bbox 768 5060 1015 5126; x_wconf 81' lang='lat' dir='ltr'><strong>producti</strong></span> <span class='ocrx_word' id='word_1_704' title='bbox 1047 5062 1273 5116; x_wconf 87' lang='lat' dir='ltr'><strong>ratione.</strong></span> 
     </span>
    </p>
   </div>
   <div class='ocr_carea' id='block_1_96' title="bbox 429 5147 1917 5215">
    <p class='ocr_par' dir='ltr' id='par_1_96' title="bbox 429 5147 1917 5215">
     <span class='ocr_line' id='line_1_96' title="bbox 429 5147 1917 5215; baseline 0.011 -16"><span class='ocrx_word' id='word_1_705' title='bbox 429 5147 637 5202; x_wconf 85' lang='lat' dir='ltr'><strong>Dictum</strong></span> <span class='ocrx_word' id='word_1_706' title='bbox 669 5161 753 5205; x_wconf 90' lang='lat' dir='ltr'><strong>est</strong></span> <span class='ocrx_word' id='word_1_707' title='bbox 784 5160 961 5205; x_wconf 85' lang='lat' dir='ltr'><strong>autem</strong></span> <span class='ocrx_word' id='word_1_708' title='bbox 1004 5166 1034 5205; x_wconf 89' lang='lat' dir='ltr'><strong>a</strong></span> <span class='ocrx_word' id='word_1_709' title='bbox 1064 5154 1269 5208; x_wconf 83' lang='lat' dir='ltr'><strong>sanctis</strong></span> <span class='ocrx_word' id='word_1_710' title='bbox 1306 5171 1409 5211; x_wconf 91' lang='lat' dir='ltr'><strong>non</strong></span> <span class='ocrx_word' id='word_1_711' title='bbox 1448 5156 1588 5212; x_wconf 84' lang='lat' dir='ltr'><strong>idem</strong></span> <span class='ocrx_word' id='word_1_712' title='bbox 1628 5160 1917 5215; x_wconf 86' lang='lat' dir='ltr'><strong>essentiam</strong></span> 
     </span>
    </p>
   </div>
   <div class='ocr_carea' id='block_1_97' title="bbox 351 5243 1919 5314">
    <p class='ocr_par' dir='ltr' id='par_1_97' title="bbox 351 5243 1919 5314">
     <span class='ocr_line' id='line_1_97' title="bbox 351 5243 1919 5314; baseline 0.011 -23"><span class='ocrx_word' id='word_1_713' title='bbox 351 5254 479 5293; x_wconf 70' lang='lat' dir='ltr'><strong>esse</strong></span> <span class='ocrx_word' id='word_1_714' title='bbox 507 5247 670 5309; x_wconf 84' lang='lat' dir='ltr'><strong>atque</strong></span> <span class='ocrx_word' id='word_1_715' title='bbox 701 5243 1081 5309; x_wconf 83' lang='lat' dir='ltr'><strong>substantiam,</strong></span> <span class='ocrx_word' id='word_1_716' title='bbox 1114 5257 1331 5314; x_wconf 89' lang='lat' dir='ltr'><strong>propter</strong></span> <span class='ocrx_word' id='word_1_717' title='bbox 1354 5247 1641 5302; x_wconf 84' lang='lat' dir='ltr'><strong>Sabelliuut</strong></span> <span class='ocrx_word' id='word_1_718' title='bbox 1667 5255 1919 5309; x_wconf 76' lang='lat' dir='ltr'><strong>maxime.</strong></span> 
     </span>
    </p>
   </div>
   <div class='ocr_carea' id='block_1_98' title="bbox 356 5334 1919 5409">
    <p class='ocr_par' dir='ltr' id='par_1_98' title="bbox 356 5334 1919 5409">
     <span class='ocr_line' id='line_1_98' title="bbox 356 5334 1919 5409; baseline 0.009 -26"><span class='ocrx_word' id='word_1_719' title='bbox 356 5334 457 5385; x_wconf 82' lang='lat' dir='ltr'><strong>Hic</strong></span> <span class='ocrx_word' id='word_1_720' title='bbox 505 5338 647 5386; x_wconf 83' lang='lat' dir='ltr'><strong>enim</strong></span> <span class='ocrx_word' id='word_1_721' title='bbox 698 5349 861 5387; x_wconf 87' lang='lat' dir='ltr'><strong>unam</strong></span> <span class='ocrx_word' id='word_1_722' title='bbox 906 5350 1188 5405; x_wconf 88' lang='lat' dir='ltr'><strong>personam</strong></span> <span class='ocrx_word' id='word_1_723' title='bbox 1243 5340 1405 5393; x_wconf 88' lang='lat' dir='ltr'><strong>Deum</strong></span> <span class='ocrx_word' id='word_1_724' title='bbox 1450 5355 1570 5395; x_wconf 88' lang='lat' dir='ltr'><strong>esse</strong></span> <span class='ocrx_word' id='word_1_725' title='bbox 1619 5344 1919 5409; x_wconf 88' lang='lat' dir='ltr'><strong>conﬁtens,</strong></span> 
     </span>
    </p>
   </div>
   <div class='ocr_carea' id='block_1_99' title="bbox 354 5426 1923 5492">
    <p class='ocr_par' dir='ltr' id='par_1_99' title="bbox 354 5426 1923 5492">
     <span class='ocr_line' id='line_1_99' title="bbox 354 5426 1923 5492; baseline 0.01 -15"><span class='ocrx_word' id='word_1_726' title='bbox 354 5426 493 5477; x_wconf 84' lang='lat' dir='ltr'><strong>idem</strong></span> <span class='ocrx_word' id='word_1_727' title='bbox 529 5427 582 5478; x_wconf 89' lang='lat' dir='ltr'><strong>in</strong></span> <span class='ocrx_word' id='word_1_728' title='bbox 618 5426 725 5479; x_wconf 81' lang='lat' dir='ltr'><strong>Deo</strong></span> <span class='ocrx_word' id='word_1_729' title='bbox 752 5441 875 5482; x_wconf 89' lang='lat' dir='ltr'><strong>esse</strong></span> <span class='ocrx_word' id='word_1_730' title='bbox 920 5429 1275 5483; x_wconf 86' lang='lat' dir='ltr'><strong>substantiam</strong></span> <span class='ocrx_word' id='word_1_731' title='bbox 1322 5443 1375 5487; x_wconf 88' lang='lat' dir='ltr'><strong>et</strong></span> <span class='ocrx_word' id='word_1_732' title='bbox 1412 5436 1704 5490; x_wconf 77' lang='lat' dir='ltr'><strong>essentiam</strong></span> <span class='ocrx_word' id='word_1_733' title='bbox 1734 5454 1923 5492; x_wconf 85' lang='lat' dir='ltr'><strong>secun-</strong></span> 
     </span>
    </p>
   </div>
   <div class='ocr_carea' id='block_1_100' title="bbox 350 5517 1923 5590">
    <p class='ocr_par' dir='ltr' id='par_1_100' title="bbox 350 5517 1923 5590">
     <span class='ocr_line' id='line_1_100' title="bbox 350 5517 1923 5590; baseline 0.01 -21"><span class='ocrx_word' id='word_1_734' title='bbox 350 5517 481 5570; x_wconf 86' lang='lat' dir='ltr'><strong>dum</strong></span> <span class='ocrx_word' id='word_1_735' title='bbox 533 5532 671 5582; x_wconf 87' lang='lat' dir='ltr'><strong>rem,</strong></span> <span class='ocrx_word' id='word_1_736' title='bbox 717 5527 773 5571; x_wconf 91' lang='lat' dir='ltr'><strong>et</strong></span> <span class='ocrx_word' id='word_1_737' title='bbox 824 5518 1059 5574; x_wconf 84' lang='lat' dir='ltr'><strong>libenter</strong></span> <span class='ocrx_word' id='word_1_738' title='bbox 1106 5522 1320 5590; x_wconf 86' lang='lat' dir='ltr'><strong>quidem</strong></span> <span class='ocrx_word' id='word_1_739' title='bbox 1375 5525 1751 5583; x_wconf 78' lang='lat' dir='ltr'><strong>conﬁtebatur.</strong></span> <span class='ocrx_word' id='word_1_740' title='bbox 1812 5530 1923 5585; x_wconf 89' lang='lat' dir='ltr'><strong>lloc</strong></span> 
     </span>
    </p>
   </div>
   <div class='ocr_carea' id='block_1_101' title="bbox 348 5610 1923 5683">
    <p class='ocr_par' dir='ltr' id='par_1_101' title="bbox 348 5610 1923 5683">
     <span class='ocr_line' id='line_1_101' title="bbox 348 5610 1923 5683; baseline 0.006 -20"><span class='ocrx_word' id='word_1_741' title='bbox 348 5612 495 5664; x_wconf 87' lang='lat' dir='ltr'><strong>enim</strong></span> <span class='ocrx_word' id='word_1_742' title='bbox 530 5610 605 5662; x_wconf 82' lang='lat' dir='ltr'><strong>illi</strong></span> <span class='ocrx_word' id='word_1_743' title='bbox 638 5612 874 5664; x_wconf 79' lang='lat' dir='ltr'><strong>maxime</strong></span> <span class='ocrx_word' id='word_1_744' title='bbox 906 5613 969 5663; x_wconf 85' lang='lat' dir='ltr'><strong>ad</strong></span> <span class='ocrx_word' id='word_1_745' title='bbox 1005 5612 1053 5664; x_wconf 93' lang='lat' dir='ltr'><strong>id</strong></span> <span class='ocrx_word' id='word_1_746' title='bbox 1086 5614 1227 5681; x_wconf 91' lang='lat' dir='ltr'><strong>quod</strong></span> <span class='ocrx_word' id='word_1_747' title='bbox 1273 5615 1621 5683; x_wconf 89' lang='lat' dir='ltr'><strong>moliebatur,</strong></span> <span class='ocrx_word' id='word_1_748' title='bbox 1675 5623 1923 5675; x_wconf 87' lang='lat' dir='ltr'><strong>confere-</strong></span> 
     </span>
    </p>
   </div>
   <div class='ocr_carea' id='block_1_102' title="bbox 350 5700 1921 5780">
    <p class='ocr_par' dir='ltr' id='par_1_102' title="bbox 350 5700 1921 5780">
     <span class='ocr_line' id='line_1_102' title="bbox 350 5700 1921 5780; baseline 0.008 -25"><span class='ocrx_word' id='word_1_749' title='bbox 350 5705 527 5756; x_wconf 69' lang='lat' dir='ltr'><strong>febat.</strong></span> <span class='ocrx_word' id='word_1_750' title='bbox 557 5700 899 5756; x_wconf 84' lang='lat' dir='ltr'><strong>Substantias</strong></span> <span class='ocrx_word' id='word_1_751' title='bbox 920 5717 1048 5757; x_wconf 84' lang='lat' dir='ltr'><strong>vero</strong></span> <span class='ocrx_word' id='word_1_752' title='bbox 1072 5719 1164 5758; x_wconf 86' lang='lat' dir='ltr'><strong>seu</strong></span> <span class='ocrx_word' id='word_1_753' title='bbox 1195 5720 1453 5774; x_wconf 87' lang='lat' dir='ltr'><strong>personas</strong></span> <span class='ocrx_word' id='word_1_754' title='bbox 1476 5710 1759 5766; x_wconf 85' lang='lat' dir='ltr'><strong>relativum</strong></span> <span class='ocrx_word' id='word_1_755' title='bbox 1782 5728 1921 5780; x_wconf 78' lang='lat' dir='ltr'><strong>esse,</strong></span> 
     </span>
    </p>
   </div>
   <div class='ocr_carea' id='block_1_103' title="bbox 419 5886 1658 5965">
    <p class='ocr_par' dir='ltr' id='par_1_103' title="bbox 419 5886 1658 5965">
     <span class='ocr_line' id='line_1_103' title="bbox 419 5886 1658 5965; baseline 0.012 -28"><span class='ocrx_word' id='word_1_756' title='bbox 419 5886 538 5955; x_wconf 73' lang='grc' dir='ltr'><strong>(ὅῦ)</strong></span> <span class='ocrx_word' id='word_1_757' title='bbox 582 5888 787 5945; x_wconf 62' lang='lat' dir='ltr'><strong>Accipit</strong></span> <span class='ocrx_word' id='word_1_758' title='bbox 829 5892 1187 5945; x_wconf 86' lang='lat' dir='ltr'><strong>substantiam</strong></span> <span class='ocrx_word' id='word_1_759' title='bbox 1224 5909 1319 5962; x_wconf 87' lang='lat' dir='ltr'><strong>pro</strong></span> <span class='ocrx_word' id='word_1_760' title='bbox 1357 5895 1658 5965; x_wconf 72' lang='lat' dir='ltr'><strong>hyposlasi.</strong></span> 
     </span>
    </p>
   </div>
   <div class='ocr_carea' id='block_1_104' title="bbox 2026 4713 3595 4778">
    <p class='ocr_par' dir='ltr' id='par_1_104' title="bbox 2026 4713 3595 4778">
     <span class='ocr_line' id='line_1_104' title="bbox 2026 4713 3595 4778; baseline 0.002 -11"><span class='ocrx_word' id='word_1_761' title='bbox 2026 4713 2328 4767; x_wconf 81' lang='lat' dir='ltr'><strong>substantia</strong></span> <span class='ocrx_word' id='word_1_762' title='bbox 2381 4714 2557 4769; x_wconf 83' lang='lat' dir='ltr'><strong>Patris</strong></span> <span class='ocrx_word' id='word_1_763' title='bbox 2620 4715 2764 4769; x_wconf 90' lang='lat' dir='ltr'><strong>illum</strong></span> <span class='ocrx_word' id='word_1_764' title='bbox 2827 4729 2945 4769; x_wconf 86' lang='lat' dir='ltr'><strong>esse</strong></span> <span class='ocrx_word' id='word_1_765' title='bbox 3001 4716 3331 4778; x_wconf 83' lang='lat' dir='ltr'><strong>fatebantur,</strong></span> <span class='ocrx_word' id='word_1_766' title='bbox 3386 4718 3595 4771; x_wconf 72' lang='lat' dir='ltr'><strong>idcirco</strong></span> 
     </span>
    </p>
   </div>
   <div class='ocr_carea' id='block_1_105' title="bbox 1980 4804 3591 4876">
    <p class='ocr_par' dir='ltr' id='par_1_105' title="bbox 1980 4804 3591 4876">
     <span class='ocr_line' id='line_1_105' title="bbox 1980 4804 3591 4876; baseline 0.004 -21"><span class='ocrx_word' id='word_1_767' title='bbox 1980 4840 1985 4845; x_wconf 64' lang='grc' dir='ltr'><strong>ι</strong></span> <span class='ocrx_word' id='word_1_768' title='bbox 2026 4814 2251 4872; x_wconf 88' lang='lat' dir='ltr'><strong>utraque</strong></span> <span class='ocrx_word' id='word_1_769' title='bbox 2281 4804 2701 4869; x_wconf 79' lang='lat' dir='ltr'><strong>iuterdiseruut,</strong></span> <span class='ocrx_word' id='word_1_770' title='bbox 2740 4821 2834 4874; x_wconf 90' lang='lat' dir='ltr'><strong>pro</strong></span> <span class='ocrx_word' id='word_1_771' title='bbox 2873 4808 3145 4861; x_wconf 79' lang='lat' dir='ltr'><strong>deletione</strong></span> <span class='ocrx_word' id='word_1_772' title='bbox 3165 4810 3591 4876; x_wconf 71' lang='lat' dir='ltr'><strong>pessimteintvl-</strong></span> 
     </span>
    </p>
   </div>
   <div class='ocr_carea' id='block_1_106' title="bbox 2024 4892 3593 4965">
    <p class='ocr_par' dir='ltr' id='par_1_106' title="bbox 2024 4892 3593 4965">
     <span class='ocr_line' id='line_1_106' title="bbox 2024 4892 3593 4965; baseline 0.004 -20"><span class='ocrx_word' id='word_1_773' title='bbox 2024 4892 2257 4961; x_wconf 65' lang='lat' dir='ltr'><strong>ligentiac</strong></span> <span class='ocrx_word' id='word_1_774' title='bbox 2310 4897 2642 4950; x_wconf 85' lang='lat' dir='ltr'><strong>anathemati</strong></span> <span class='ocrx_word' id='word_1_775' title='bbox 2707 4897 3092 4963; x_wconf 79' lang='lat' dir='ltr'><strong>subjicieutes,</strong></span> <span class='ocrx_word' id='word_1_776' title='bbox 3140 4899 3183 4951; x_wconf 89' lang='lat' dir='ltr'><strong>si</strong></span> <span class='ocrx_word' id='word_1_777' title='bbox 3231 4899 3352 4965; x_wconf 86' lang='lat' dir='ltr'><strong>quis</strong></span> <span class='ocrx_word' id='word_1_778' title='bbox 3392 4913 3459 4953; x_wconf 73' lang='lat' dir='ltr'><strong>cx</strong></span> <span class='ocrx_word' id='word_1_779' title='bbox 3484 4900 3593 4952; x_wconf 83' lang='lat' dir='ltr'><strong>alia</strong></span> 
     </span>
    </p>
   </div>
   <div class='ocr_carea' id='block_1_107' title="bbox 2026 4987 3204 5047">
    <p class='ocr_par' dir='ltr' id='par_1_107' title="bbox 2026 4987 3204 5047">
     <span class='ocr_line' id='line_1_107' title="bbox 2026 4987 3204 5047; baseline 0.006 -7"><span class='ocrx_word' id='word_1_780' title='bbox 2026 4988 2259 5041; x_wconf 87' lang='lat' dir='ltr'><strong>essentia</strong></span> <span class='ocrx_word' id='word_1_781' title='bbox 2288 4987 2400 5043; x_wconf 80' lang='lat' dir='ltr'><strong>sive</strong></span> <span class='ocrx_word' id='word_1_782' title='bbox 2423 4990 2721 5044; x_wconf 86' lang='lat' dir='ltr'><strong>substantia</strong></span> <span class='ocrx_word' id='word_1_783' title='bbox 2753 4990 2943 5045; x_wconf 84' lang='lat' dir='ltr'><strong>Filium</strong></span> <span class='ocrx_word' id='word_1_784' title='bbox 2982 4990 3204 5047; x_wconf 80' lang='lat' dir='ltr'><strong>dixerit.</strong></span> 
     </span>
    </p>
   </div>
   <div class='ocr_carea' id='block_1_108' title="bbox 2095 5078 3594 5150">
    <p class='ocr_par' dir='ltr' id='par_1_108' title="bbox 2095 5078 3594 5150">
     <span class='ocr_line' id='line_1_108' title="bbox 2095 5078 3594 5150; baseline 0.003 -19"><span class='ocrx_word' id='word_1_785' title='bbox 2095 5078 2169 5131; x_wconf 72' lang='lat' dir='ltr'><strong>Es</strong></span> <span class='ocrx_word' id='word_1_786' title='bbox 2192 5079 2486 5150; x_wconf 61' lang='lat' dir='ltr'><strong>quotliquet</strong></span> <span class='ocrx_word' id='word_1_787' title='bbox 2508 5094 2755 5136; x_wconf 81' lang='lat' dir='ltr'><strong>sanctum</strong></span> <span class='ocrx_word' id='word_1_788' title='bbox 2789 5084 3131 5148; x_wconf 87' lang='lat' dir='ltr'><strong>concludere,</strong></span> <span class='ocrx_word' id='word_1_789' title='bbox 3169 5097 3271 5135; x_wconf 92' lang='lat' dir='ltr'><strong>non</strong></span> <span class='ocrx_word' id='word_1_790' title='bbox 3301 5081 3440 5137; x_wconf 87' lang='lat' dir='ltr'><strong>idem</strong></span> <span class='ocrx_word' id='word_1_791' title='bbox 3468 5096 3532 5136; x_wconf 87' lang='lat' dir='ltr'><strong>es</strong></span> <span class='ocrx_word' id='word_1_792' title='bbox 3560 5096 3594 5135; x_wconf 85' lang='lat' dir='ltr'><strong>e</strong></span> 
     </span>
    </p>
   </div>
   <div class='ocr_carea' id='block_1_109' title="bbox 2028 5171 3591 5245">
    <p class='ocr_par' dir='ltr' id='par_1_109' title="bbox 2028 5171 3591 5245">
     <span class='ocr_line' id='line_1_109' title="bbox 2028 5171 3591 5245; baseline 0.001 -20"><span class='ocrx_word' id='word_1_793' title='bbox 2028 5171 2318 5225; x_wconf 88' lang='lat' dir='ltr'><strong>essentiam</strong></span> <span class='ocrx_word' id='word_1_794' title='bbox 2356 5183 2515 5241; x_wconf 79' lang='lat' dir='ltr'><strong>atque</strong></span> <span class='ocrx_word' id='word_1_795' title='bbox 2565 5175 2944 5243; x_wconf 73' lang='lat' dir='ltr'><strong>substantiam.</strong></span> <span class='ocrx_word' id='word_1_796' title='bbox 3002 5174 3151 5241; x_wconf 86' lang='lat' dir='ltr'><strong>Quod</strong></span> <span class='ocrx_word' id='word_1_797' title='bbox 3188 5176 3405 5245; x_wconf 83' lang='lat' dir='ltr'><strong>quidam</strong></span> <span class='ocrx_word' id='word_1_798' title='bbox 3446 5184 3591 5242; x_wconf 62' lang='lat' dir='ltr'><strong>prat-</strong></span> 
     </span>
    </p>
   </div>
   <div class='ocr_carea' id='block_1_110' title="bbox 2032 5264 3596 5335">
    <p class='ocr_par' dir='ltr' id='par_1_110' title="bbox 2032 5264 3596 5335">
     <span class='ocr_line' id='line_1_110' title="bbox 2032 5264 3596 5335; baseline 0.004 -20"><span class='ocrx_word' id='word_1_799' title='bbox 2032 5271 2111 5315; x_wconf 90' lang='lat' dir='ltr'><strong>ter</strong></span> <span class='ocrx_word' id='word_1_800' title='bbox 2140 5264 2313 5317; x_wconf 88' lang='lat' dir='ltr'><strong>sancti</strong></span> <span class='ocrx_word' id='word_1_801' title='bbox 2346 5267 2444 5318; x_wconf 84' lang='lat' dir='ltr'><strong>viri</strong></span> <span class='ocrx_word' id='word_1_802' title='bbox 2471 5266 2827 5321; x_wconf 84' lang='lat' dir='ltr'><strong>intemioaem</strong></span> <span class='ocrx_word' id='word_1_803' title='bbox 2889 5278 3292 5335; x_wconf 76' lang='lat' dir='ltr'><strong>perverteutes,</strong></span> <span class='ocrx_word' id='word_1_804' title='bbox 3341 5266 3391 5319; x_wconf 91' lang='lat' dir='ltr'><strong>in</strong></span> <span class='ocrx_word' id='word_1_805' title='bbox 3425 5268 3596 5335; x_wconf 86' lang='lat' dir='ltr'><strong>pluri-</strong></span> 
     </span>
    </p>
   </div>
   <div class='ocr_carea' id='block_1_111' title="bbox 2032 5354 3593 5427">
    <p class='ocr_par' dir='ltr' id='par_1_111' title="bbox 2032 5354 3593 5427">
     <span class='ocr_line' id='line_1_111' title="bbox 2032 5354 3593 5427; baseline 0.005 -21"><span class='ocrx_word' id='word_1_806' title='bbox 2032 5368 2148 5409; x_wconf 89' lang='lat' dir='ltr'><strong>mas</strong></span> <span class='ocrx_word' id='word_1_807' title='bbox 2183 5354 2544 5410; x_wconf 80' lang='lat' dir='ltr'><strong>absurditates</strong></span> <span class='ocrx_word' id='word_1_808' title='bbox 2577 5356 2844 5411; x_wconf 85' lang='lat' dir='ltr'><strong>incidunt.</strong></span> <span class='ocrx_word' id='word_1_809' title='bbox 2902 5358 3089 5427; x_wconf 83' lang='lat' dir='ltr'><strong>Neque</strong></span> <span class='ocrx_word' id='word_1_810' title='bbox 3121 5358 3263 5411; x_wconf 84' lang='lat' dir='ltr'><strong>enim</strong></span> <span class='ocrx_word' id='word_1_811' title='bbox 3318 5358 3437 5413; x_wconf 84' lang='lat' dir='ltr'><strong>illos</strong></span> <span class='ocrx_word' id='word_1_812' title='bbox 3472 5361 3593 5414; x_wconf 79' lang='lat' dir='ltr'><strong>cul-</strong></span> 
     </span>
    </p>
   </div>
   <div class='ocr_carea' id='block_1_112' title="bbox 2031 5447 3593 5517">
    <p class='ocr_par' dir='ltr' id='par_1_112' title="bbox 2031 5447 3593 5517">
     <span class='ocr_line' id='line_1_112' title="bbox 2031 5447 3593 5517; baseline 0.004 -21"><span class='ocrx_word' id='word_1_813' title='bbox 2031 5453 2143 5513; x_wconf 89' lang='lat' dir='ltr'><strong>pat,</strong></span> <span class='ocrx_word' id='word_1_814' title='bbox 2194 5447 2334 5517; x_wconf 86' lang='lat' dir='ltr'><strong>quod</strong></span> <span class='ocrx_word' id='word_1_815' title='bbox 2401 5450 2696 5501; x_wconf 88' lang='lat' dir='ltr'><strong>secundum</strong></span> <span class='ocrx_word' id='word_1_816' title='bbox 2780 5464 2893 5504; x_wconf 85' lang='lat' dir='ltr'><strong>rem</strong></span> <span class='ocrx_word' id='word_1_817' title='bbox 2954 5450 3092 5503; x_wconf 81' lang='lat' dir='ltr'><strong>idem</strong></span> <span class='ocrx_word' id='word_1_818' title='bbox 3139 5464 3261 5503; x_wconf 83' lang='lat' dir='ltr'><strong>esse</strong></span> <span class='ocrx_word' id='word_1_819' title='bbox 3305 5460 3593 5503; x_wconf 85' lang='lat' dir='ltr'><strong>essentam</strong></span> 
     </span>
    </p>
   </div>
   <div class='ocr_carea' id='block_1_113' title="bbox 2031 5537 3601 5607">
    <p class='ocr_par' dir='ltr' id='par_1_113' title="bbox 2031 5537 3601 5607">
     <span class='ocr_line' id='line_1_113' title="bbox 2031 5537 3601 5607; baseline 0.003 -19"><span class='ocrx_word' id='word_1_820' title='bbox 2031 5545 2191 5604; x_wconf 85' lang='lat' dir='ltr'><strong>atque</strong></span> <span class='ocrx_word' id='word_1_821' title='bbox 2221 5537 2571 5591; x_wconf 85' lang='lat' dir='ltr'><strong>substantiam</strong></span> <span class='ocrx_word' id='word_1_822' title='bbox 2614 5540 2871 5605; x_wconf 84' lang='lat' dir='ltr'><strong>dixerint;</strong></span> <span class='ocrx_word' id='word_1_823' title='bbox 2933 5540 3033 5593; x_wconf 91' lang='lat' dir='ltr'><strong>hoc</strong></span> <span class='ocrx_word' id='word_1_824' title='bbox 3063 5542 3205 5593; x_wconf 90' lang='lat' dir='ltr'><strong>enim</strong></span> <span class='ocrx_word' id='word_1_825' title='bbox 3256 5557 3440 5596; x_wconf 85' lang='lat' dir='ltr'><strong>verum</strong></span> <span class='ocrx_word' id='word_1_826' title='bbox 3476 5559 3601 5607; x_wconf 71' lang='lat' dir='ltr'><strong>esse</strong></span> 
     </span>
    </p>
   </div>
   <div class='ocr_carea' id='block_1_114' title="bbox 2032 5627 3602 5702">
    <p class='ocr_par' dir='ltr' id='par_1_114' title="bbox 2032 5627 3602 5702">
     <span class='ocr_line' id='line_1_114' title="bbox 2032 5627 3602 5702; baseline 0.004 -23"><span class='ocrx_word' id='word_1_827' title='bbox 2032 5627 2234 5681; x_wconf 84' lang='lat' dir='ltr'><strong>veritas</strong></span> <span class='ocrx_word' id='word_1_828' title='bbox 2272 5644 2383 5698; x_wconf 83' lang='lat' dir='ltr'><strong>Ipsa</strong></span> <span class='ocrx_word' id='word_1_829' title='bbox 2416 5645 2535 5683; x_wconf 90' lang='lat' dir='ltr'><strong>cum</strong></span> <span class='ocrx_word' id='word_1_830' title='bbox 2569 5632 2776 5685; x_wconf 85' lang='lat' dir='ltr'><strong>sanctis</strong></span> <span class='ocrx_word' id='word_1_831' title='bbox 2814 5628 3065 5691; x_wconf 83' lang='lat' dir='ltr'><strong>Patribus</strong></span> <span class='ocrx_word' id='word_1_832' title='bbox 3088 5631 3346 5701; x_wconf 87' lang='lat' dir='ltr'><strong>loquitur,</strong></span> <span class='ocrx_word' id='word_1_833' title='bbox 3375 5633 3602 5702; x_wconf 82' lang='lat' dir='ltr'><strong>ipseque</strong></span> 
     </span>
    </p>
   </div>
   <div class='ocr_carea' id='block_1_115' title="bbox 2035 5722 3603 5795">
    <p class='ocr_par' dir='ltr' id='par_1_115' title="bbox 2035 5722 3603 5795">
     <span class='ocr_line' id='line_1_115' title="bbox 2035 5722 3603 5795; baseline 0.004 -20"><span class='ocrx_word' id='word_1_834' title='bbox 2035 5722 2084 5775; x_wconf 91' lang='lat' dir='ltr'><strong>in</strong></span> <span class='ocrx_word' id='word_1_835' title='bbox 2119 5722 2341 5791; x_wconf 84' lang='lat' dir='ltr'><strong>epistola</strong></span> <span class='ocrx_word' id='word_1_836' title='bbox 2376 5726 2439 5777; x_wconf 89' lang='lat' dir='ltr'><strong>ad</strong></span> <span class='ocrx_word' id='word_1_837' title='bbox 2477 5724 2792 5795; x_wconf 78' lang='lat' dir='ltr'><strong>Gregorium</strong></span> <span class='ocrx_word' id='word_1_838' title='bbox 2840 5725 3058 5781; x_wconf 83' lang='lat' dir='ltr'><strong>fratrem</strong></span> <span class='ocrx_word' id='word_1_839' title='bbox 3129 5736 3421 5782; x_wconf 80' lang='lat' dir='ltr'><strong>attestatur</strong></span> <span class='ocrx_word' id='word_1_840' title='bbox 3452 5744 3467 5793; x_wconf 91' lang='lat'><strong>;</strong></span> <span class='ocrx_word' id='word_1_841' title='bbox 3504 5726 3603 5782; x_wconf 69' lang='lat' dir='ltr'><strong>sed</strong></span> 
     </span>
    </p>
   </div>
  </div>
