3984 6616
417 532 518 596 1οὶ

1668 528 2058 587 ΜᾹΧΙΙΕΜΞ
2099 524 2400 589 (ὶΛιΕΟιΕ

3557 524 3679 588 104

409 647 537 717 quia
598 642 891 699 secundum
942 642 1203 695 rationem
1231 680 1247 703 ,
1295 639 1408 694 sive
1453 638 1729 693 nominum
1767 638 1971 709 signdi-
2007 645 2050 699 Α
2151 636 2649 697 Porrostsauctuin
2678 633 3509 705 lsaac(5£)proteratdiceutem
3537 637 3694 692 :ltlc

412 739 718 798 catiouem,
784 733 922 788 idem
979 731 1273 788 essentiam
1335 738 1388 785 et
1444 729 1804 785 substantiam
1865 743 1988 783 esse

414 830 719 900 putabant:
753 833 806 880 et
865 839 967 879 non
1018 833 1076 877 ut
1111 824 1225 892 ipse
1271 822 1366 887 ait,
1422 821 1715 877 essentiam
1769 820 1988 892 quidem

416 921 483 975 ad
542 929 846 981 commune,
902 926 959 971 ut
1013 915 1334 984 simpliciter
1379 914 1649 969 ducebant
1686 930 1698 966 :
1735 915 1991 968 substan-

418 1014 547 1066 tiam
607 1025 754 1075 vero,
806 1015 987 1063 notam
1040 1006 1309 1076 propriam
1363 1007 1416 1060 in
1467 1022 1552 1071 eo,
1613 1007 1750 1075 quod
1808 1006 1991 1075 aliquo

416 1103 577 1157 modo
626 1100 691 1156 ad
736 1100 878 1154 aliud
926 1098 1173 1160 haberet,
1227 1097 1577 1161 definiebant,
1630 1108 1682 1151 et
1744 1099 1808 1149 ah
1842 1110 1989 1152 utro-

418 1206 521 1261 que
556 1191 835 1244 numinum
871 1204 1031 1242 uuam
1077 1188 1434 1259 eamdemque
1466 1189 1753 1258 capiebant
1787 1189 1988 1243 intelli.

416 1283 652 1352 gentiam
695 1296 789 1350 per
813 1295 977 1350 quam
1012 1295 1325 1348 processus,
1363 1280 1775 1352 relationesque,
1807 1281 1993 1337 simul-

415 1385 521 1442 que
552 1380 663 1425 tres
686 1385 965 1441 personas,
995 1386 1116 1426 esse
1151 1372 1316 1425 Deum
1349 1370 1695 1427 auferebam.

489 1461 674 1533 itaque
733 1463 1062 1516 contltentur
1124 1462 1343 1531 quidem
1409 1460 1687 1518 Ecclesize-
1727 1464 2014 1533 magistri,,

421 1551 559 1606 idem
591 1553 881 1607 essentiam
913 1562 967 1607 et
1007 1552 1369 1609 substantiam
1402 1568 1521 1609 esse
1555 1570 1570 1608 :
1604 1564 1658 1609 et
1687 1554 1847 1609 iidem
1873 1571 1992 1610 rur-

420 1656 512 1697 sus
535 1652 755 1713 negaut,
786 1659 890 1699 non
916 1643 1057 1698 idem
1085 1659 1210 1700 esse
1235 1643 1595 1699 substantiam
1619 1654 1782 1714 atque
1804 1660 1995 1702 essen-

422 1734 552 1788 nam
576 1734 819 1791 dicentes
840 1777 857 1802 ,
890 1751 997 1792 non
1033 1738 1326 1792 secundum
1385 1738 1525 1792 idem
1564 1746 1620 1793 et
1649 1740 1828 1804 ambo,
1851 1740 1994 1793 sicut

421 1826 624 1880 dictum
664 1837 746 1881 est
776 1843 794 1896 ;
826 1829 1314 1884 contradictionem
1362 1831 1507 1884 enim
1542 1830 1596 1884 in
1625 1833 1815 1886 eodem
1852 1847 1995 1886 nun-

418 1930 580 1985 quam
624 1918 779 1970 simul
825 1933 1006 1973 veram
1042 1935 1165 1974 esse
1202 1935 1382 1989 posse.
1420 1921 1579 1979 Aliud
1613 1923 1757 1977 enim
1791 1939 1992 1981 secun-

422 2007 548 2059 dum
583 2020 718 2072 rem,
754 2007 897 2062 aliud
934 2008 1230 2062 secundum
1276 2023 1470 2064 nomen
1513 2009 1797 2080 accipitur.
1867 2049 1870 2052 .

496 2097 696 2153 Deinde
714 2097 916 2166 adjicit,
933 2102 1071 2167 quod
1106 2099 1192 2153 ubi
1223 2115 1378 2155 suum
1401 2098 1591 2157 Patres
1612 2116 1828 2157 sensum
1854 2100 1997 2158 indi-

420 2204 548 2245 care
584 2191 893 2255 voluerunt,
924 2191 1182 2245 dixerunt
1214 2207 1277 2246 ex
1316 2189 1491 2248 Patris
1520 2195 1754 2249 essentia
1775 2193 1998 2262 Filium,

422 2281 558 2335 satis
608 2296 729 2337 esse
778 2293 1101 2351 putaverunt
1154 2286 1221 2339 ad
1271 2286 1679 2354 insinuandum,
1721 2285 1838 2342 Filii
1872 2288 2000 2344 sub-

427 2371 686 2425 stantiam
740 2387 806 2427 ex
855 2370 1015 2430 Patre
1049 2389 1211 2430 esse:
1255 2389 1318 2429 ac
1348 2377 1613 2445 proxime,
1651 2376 1816 2432 veluti
1852 2379 1895 2433 si
1916 2377 1999 2433 di-

425 2473 661 2530 ceretur,
686 2478 808 2520 eum
840 2479 961 2522 esse
982 2480 1045 2521 ex
1080 2476 1305 2538 paterna
1340 2470 1665 2527 substantia.
1700 2469 1815 2528 Hoc
1853 2472 1998 2527 enim

428 2556 921 2613 manifestationem
961 2559 1164 2615 habere
1195 2561 1450 2617 salutaris
1481 2563 1751 2634 dogmatis
1776 2578 1999 2621 asseve-

424 2658 565 2701 rant.
596 2647 848 2703 Salutare
874 2662 1054 2705 autem
1081 2652 1274 2721 dogma
1302 2660 1414 2718 est,
1464 2669 1529 2709 ex
1561 2654 1721 2710 Patre
1752 2656 2001 2712 substan-

429 2737 560 2791 tiam
594 2736 799 2795 itabere
828 2738 1045 2806 Filiutu,
1096 2743 1395 2799 nativitatis
1448 2746 1653 2801 ratione
1702 2747 1949 2802 conﬁteri
1982 2765 1994 2800 :

424 2829 937 2886 consubstantialem
977 2833 1183 2889 scilicet
1214 2835 1285 2898 ei,
1323 2850 1387 2889 ex
1422 2849 1531 2904 quo
1560 2844 1667 2903 est,
1702 2837 1842 2907 quod
1870 2853 2001 2894 sane

429 2918 620 2988 dogma
661 2920 887 2976 indicari
929 2922 1062 2978 dixit
1106 2939 1173 2981 ex
1217 2941 1302 2993 eo,
1335 2927 1478 2997 quod
1531 2928 1737 2985 dictum
1775 2940 1884 2997 est,
1932 2946 2000 2986 ea;

426 3006 606 3065 Patris
631 3013 854 3067 essentia
887 3012 1087 3069 Filium
1129 3034 1263 3075 esse.
1293 3018 1433 3074 idem
1466 3026 1596 3092 ergo
1618 3033 1702 3077 est
1725 3038 1789 3078 ex
1820 3021 2000 3078 Patris

429 3103 692 3167 essentia,
747 3113 911 3175 atque
944 3120 1008 3162 ex
1054 3105 1231 3163 Patris
1261 3111 1563 3166 substantia
1610 3113 1812 3170 dicere.
1852 3114 1998 3170 idem

430 3205 496 3243 ex
550 3195 785 3248 essentia
832 3206 994 3266 atque
1044 3197 1347 3254 substantia
1393 3212 1497 3266 est,
1529 3204 1822 3258 secundum
1862 3218 1996 3259 rem.

431 3281 493 3337 Et
515 3284 747 3339 essentia
776 3285 953 3343 Patris
983 3289 1283 3349 substantia
1317 3300 1400 3348 est
1441 3292 1656 3351 Patris.‘

504 3372 768 3439 Quoniam
816 3378 978 3447 igitur
1024 3390 1073 3434 et
1116 3379 1354 3452 Spiritus
1384 3395 1604 3441 sanctus
1648 3400 1711 3442 ex
1750 3385 1871 3443 Filii
1925 3404 2011 3446 es-

431 3464 605 3519 sentia
651 3466 937 3535 asseritur,
970 3469 1136 3540 liquet
1173 3474 1361 3539 etiam,
1404 3478 1547 3543 quod
1600 3490 1663 3530 ex
1711 3479 2010 3534 substantia

431 3556 572 3611 illius
593 3558 662 3613 sit
687 3572 701 3611 :
729 3572 900 3627 neque
918 3561 1061 3615 enim
1085 3573 1165 3617 est
1186 3563 1264 3617 vei
1288 3566 1521 3620 essentia
1544 3568 1658 3622 sine
1683 3569 2009 3636 substantia,

431 3646 514 3701 vel
576 3648 873 3704 substantia
921 3652 1038 3707 sine
1096 3655 1353 3710 essentia.
1413 3655 1667 3735 Quamvis
1728 3667 1783 3716 et
1839 3662 2010 3731 prima

429 3734 671 3805 synodus
700 3738 755 3792 in
806 3740 929 3793 ﬁdei
962 3740 1223 3810 Syntboio
1257 3743 1336 3798 sic
1369 3745 1608 3800 tradidit:
1644 3746 1916 3802 Credimus
1960 3762 2008 3805 et

429 3820 483 3882 in
532 3825 732 3885 Fitiutn
778 3828 874 3886 Dei
930 3842 1109 3888 notum
1171 3849 1238 3890 ea:
1267 3833 1448 3903 Patre,
1480 3836 1801 3896 vittelieetrz
1830 3838 2009 3899 Patris

429 3924 678 3976 essentia.

501 4009 727 4066 Constat
751 4013 911 4083 igitur
945 4032 1039 4086 per
1064 4022 1267 4083 omnia,
1290 4020 1432 4089 quod
1466 4021 1578 4077 sive
1594 4039 1657 4078 ex
1685 4024 1803 4080 Filii
1824 4042 2009 4082 essen-

432 4100 504 4155 tia
532 4102 765 4170 Spiritus
789 4108 1003 4174 dicitur,
1027 4110 1141 4164 sive
1171 4123 1233 4165 ex
1282 4111 1433 4180 Filio,
1469 4116 1584 4171 sive
1610 4133 1673 4171 ex
1706 4116 1825 4171 Filii
1875 4124 2005 4173 sub-

431 4198 651 4261 stantia,
674 4198 995 4256 nihildiﬂ‘ert
1015 4202 1079 4257 ad
1102 4203 1216 4271 ejus
1231 4206 1584 4261 substantiam
1608 4208 2005 4266 iusinuandam.

426 4287 889 4353 Quemadmodum
936 4297 1079 4349 enini
1107 4311 1171 4351 ex
1196 4313 1259 4351 eo
1288 4300 1428 4368 quod
1453 4302 1653 4355 dictum
1683 4312 1786 4369 est,
1812 4303 2003 4358 Filium

432 4397 553 4437 esse
580 4398 646 4437 es
677 4384 854 4439 Patris
891 4388 1152 4450 essentia,
1188 4390 1491 4445 substantia
1532 4391 1673 4446 illius
1731 4394 1853 4448 inde
1888 4411 2007 4450 esse

433 4474 785 4544 intelligitur:
816 4478 887 4532 ita
908 4487 965 4532 et
996 4478 1231 4546 Spiritus
1256 4492 1494 4546 sanctus,
1516 4484 1770 4552 quoniam
1798 4500 1861 4540 ex
1885 4486 2004 4542 Filii

428 4570 663 4623 essentia
701 4586 729 4623 a
761 4569 1022 4639 theologis
1072 4571 1321 4640 traditur,
1354 4589 1419 4627 ex
1451 4576 1566 4644 ipso
1594 4576 1759 4630 etiam
1805 4579 2004 4634 habere

2092 737 2241 793 pater
2263 738 2385 782 tuus
2407 740 2503 793 est,
2531 733 2580 781 et
2604 742 2668 780 ea:
2693 734 2884 780 natura
2917 735 3008 780 tua
3028 738 3106 782 est
3129 743 3150 794 ,'
3174 736 3230 781 at
3253 727 3304 782 id
3331 728 3544 798 quidem
3570 730 3689 783 dici

2097 820 2178 875 las
2194 820 2365 887 est,in
2389 819 2585 889 quibus
2608 817 2786 873 nullus
2815 817 2949 873 ordo
2975 820 3327 888 conspicitur,
3346 820 3535 877 divisis
3558 823 3688 891 qui-

2094 915 2214 967 dem
2246 910 2542 967 secundum
2566 894 2871 972 materiam,
2907 910 3072 964 unitis
3112 920 3291 965 autem
3339 912 3693 970 solummodo

2097 1006 2329 1061 termino
2355 1015 2560 1058 natura:
2584 1003 2849 1068 mortalis,
2871 1017 2966 1073 per
2993 1017 3153 1073 quam
3189 1002 3695 1061 iitvieeiu'coiisub-

2097 1097 2379 1151 stautiaies
2432 1096 2728 1150 secundum
2762 1095 3171 1149 conversionem
3207 1094 3273 1148 ad
3322 1092 3554 1151 itivicem
3593 1098 3693 1151 di-

2094 1199 2313 1253 cuntur,
2336 1197 2389 1243 et
2419 1189 2711 1244 secundum
2738 1202 2897 1257 quam
2945 1186 3316 1258 unusquisque
3356 1201 3421 1242 cx
3450 1190 3694 1258 proximi

2097 1296 2311 1345 natura,
2327 1280 2490 1334 veluti
2507 1294 2570 1335 ex
2593 1282 2827 1349 quodam
2842 1279 3108 1348 subjecto,
3131 1280 3183 1334 in
3201 1280 3416 1348 propria
3436 1282 3697 1335 substan-

2099 1374 2193 1437 tia,
2213 1386 2275 1425 ac
2298 1370 2457 1425 veluti
2476 1385 2539 1424 ex
2566 1380 2675 1423 toto
2702 1384 2829 1438 pars
2860 1369 3080 1425 abusive
3101 1370 3389 1428 diceretur.
3409 1370 3696 1427 Ceterum

2096 1462 2149 1515 in
2170 1472 2352 1516 sancta
2371 1459 2659 1529 Trinitate,
2672 1476 2793 1516 cum
2810 1477 2913 1515 una
2928 1461 3072 1517 sitae
3086 1461 3482 1531 simplicissima
3502 1479 3703 1519 essen—

2102 1553 2199 1616 tia,
2223 1550 2641 1620 diii‘erentiaque
2683 1552 2801 1607 solo
2841 1565 3192 1622 personarum
3223 1554 3290 1606 ab
3317 1552 3548 1607 invicem
3595 1569 3697 1608 or~

2095 1642 2222 1695 diue
2271 1641 2626 1710 inspiciatur,
2680 1641 2975 1696 secandum
3039 1642 3242 1698 scilicet
3289 1644 3690 1700 substantiales

2099 1733 2310 1787 illarum
2365 1745 2681 1803 processus,
2741 1732 3195 1801 quemadmodum
3241 1733 3577 1804 impossibile
3599 1747 3696 1791 ρει

2096 1826 2310 1880 Patrem
2367 1842 2431 1879 ett
2465 1822 2604 1879 Filio
2633 1834 2682 1879 el
2715 1840 2782 1879 ex
2838 1822 2961 1880 Filii
3010 1825 3245 1889 essentia
3298 1826 3427 1891 dici,
3457 1837 3513 1881 et
3538 1837 3698 1881 certe

2098 1935 2221 1972 eum
2269 1931 2370 1972 una
2405 1917 2472 1971 sit
2499 1916 2799 1985 eademque
2837 1915 3077 1971 essentia
3112 1915 3286 1971 Patris
3312 1932 3375 1972 ac
3422 1917 3565 1980 Filii,
3613 1918 3697 1971 ita

2028 1978 2071 2038 Β
2100 2006 2356 2077 possibile
2387 2022 2491 2061 non
2516 2015 2598 2062 est
2623 1978 2820 2059 Filium
2848 2020 2911 2061 ex
2946 2003 3178 2075 Spiritus
3201 2006 3314 2061 sive
3359 2007 3423 2062 de
3450 1978 3698 2078 Spiritus

2099 2098 2402 2153 substantia
2440 2113 2675 2167 unquam
2728 2097 2833 2152 dici
2871 2106 3087 2167 propter
3115 2096 3322 2152 ordinis
3366 2099 3691 2163 terminum,

2098 2190 2397 2247 secundum
2433 2205 2594 2261 quem
2627 2202 2693 2244 ex
2722 2187 2883 2245 Patre
2911 2203 3009 2258 per
3040 2188 3234 2244 Filium
3280 2190 3542 2259 procedit.

2169 2282 2632 2350 Quemadmodum
2680 2280 2867 2337 eadem
2911 2279 3119 2336 ratione
3176 2278 3374 2336 Filium
3408 2297 3472 2336 ex
3526 2280 3699 2338 Patre

2099 2391 2195 2446 per
2267 2373 2531 2444 Spiritum
2608 2371 2755 2444 gigni
2831 2387 3141 2429 asseverare
3197 2389 3307 2429 non
3373 2389 3693 2443 possumus.

2099 2465 2364 2535 Quocirca
2385 2465 2489 2519 rite
2505 2464 2707 2518 dictum
2729 2472 2810 2518 est
2836 2480 2849 2516 :
2868 2463 3034 2519 Filius
3056 2464 3230 2520 sancti
3257 2464 3491 2535 Spiritus
3513 2480 3697 2532 neque

2100 2567 2203 2622 cst,
2240 2570 2413 2627 neque
2444 2555 2662 2620 dicitur,
2714 2569 2888 2624 neque
2939 2559 3279 2612 convertitur
3328 2558 3541 2613 habitus
3582 2557 3693 2613 ista

2101 2649 2510 2719 consequentia.
3306 2702 3312 2709 _

2171 2742 2393 2800 Constat
2426 2752 2604 2797 autem
2635 2758 2699 2796 ex
2740 2740 2823 2796 his
2864 2757 2984 2811 quae
3015 2741 3160 2807 dicta
3209 2752 3373 2810 sunt,
3429 2751 3482 2798 et
3533 2742 3688 2814 quod

2102 2850 2325 2907 magnus
2349 2835 2677 2889 Athanasius
2714 2833 2919 2888 idcirco
2947 2833 3022 2887 ait
3046 2848 3063 2889 :
3094 2831 3176 2887 Ea:
3217 2832 3378 2888 Patre
3405 2839 3695 2902 procedere

2100 2926 2294 2979 dicitur
2316 2967 2331 2993 ,
2354 2925 2602 2995 quoniam
2626 2940 2658 2978 a
2684 2920 2851 2977 Verbo
2867 2923 3077 2987 emicat,
3099 2931 3150 2978 et
3176 2922 3425 2990 mittitur,
3437 2934 3485 2978 et
3502 2926 3694 2978 datur.

2100 3016 2287 3088 itaque
2317 3016 2418 3070 nisi
2449 3030 2542 3085 per
2583 3013 2818 3069 Verbum
2863 3014 3012 3069 illunt
3049 3011 3211 3070 Pater
3257 3016 3551 3082 emitteret,
3593 3031 3696 3070 ue—

2102 3126 2371 3180 quaquam
2401 3117 2544 3164 esset
2569 3122 2634 3163 ex
2656 3106 2815 3162 Patre
2844 3106 3146 3175 procedens
3170 3144 3184 3158 .
3212 3103 3520 3173 Proprietas
3541 3106 3691 3159 enim

2103 3201 2362 3272 Spiritus,
2392 3212 2449 3256 ut
2472 3201 2735 3267 diximus,
2762 3212 2843 3255 est
2874 3214 2941 3255 ex
2967 3197 3125 3252 Patre
3151 3212 3248 3268 per
3269 3193 3463 3251 Filium
3492 3209 3696 3266 proce-

2024 3320 2069 3376 ο
2101 3294 2251 3361 dere,
2287 3295 2401 3349 sive
2438 3309 2503 3350 ex
2551 3292 2724 3363 primo
2770 3306 2864 3362 per
2901 3289 3131 3345 medium
3163 3303 3305 3356 esse,
3356 3302 3558 3358 perque
3587 3287 3696 3341 ltu-

2108 3387 2343 3459 jusmodi
2371 3399 2683 3457 processum
2705 3385 3002 3454 procedens
3028 3389 3129 3436 est.
3153 3380 3321 3436 Filius
3351 3382 3494 3436 enim
3519 3391 3691 3446 esset,

2114 3483 2158 3537 si
2194 3497 2259 3535 ex
2291 3480 2452 3534 Patre
2474 3479 2591 3545 sine
2623 3478 2800 3531 medio
2828 3475 3168 3544 procederet.
3194 3468 3367 3537 'Nam,
3416 3484 3480 3549 ex
3524 3467 3696 3526 Patre

2112 3588 2233 3627 esse
2262 3572 2380 3627 sine
2432 3568 2627 3633 medio,
2660 3567 2964 3639 proprietas
3021 3564 3140 3619 Filii
3180 3574 3285 3628 est,
3340 3563 3480 3619 sicut
3526 3563 3695 3618 etiam

2114 3679 2276 3734 supra
2316 3656 2633 3717 docuimus.
2685 3658 2962 3726 Quomodo
3016 3671 3144 3728 ergo
3169 3670 3276 3710 non
3322 3669 3501 3711 essea
3552 3653 3698 3711 Filio

2113 3755 2343 3818 dicatur,
2403 3755 2494 3823 qui
2555 3740 2755 3807 idcirco
2804 3751 3005 3805 dicitur
3030 3764 3097 3804 ex
3153 3746 3312 3802 Patre
3361 3744 3689 3816 procedere,

2112 3847 2237 3920 quia
2275 3857 2327 3904 et
2355 3863 2382 3902 ει
2442 3843 2579 3902 Filio
2612 3857 2666 3902 et
2693 3860 2787 3918 per
2820 3842 3012 3901 Filium
3053 3839 3179 3899 est?
3211 3839 3278 3897 Et
3329 3839 3458 3896 illud
3496 3840 3692 3898 itidem

2110 3952 2360 4008 constat,
2416 3948 2541 4011 quia
2600 3939 2875 4006 procedere
2947 3947 3004 3992 et
3075 3937 3304 3993 emicare
3368 3936 3505 3991 idem
3572 3948 3703 3988 esse

2110 4035 2404 4087 arbitratur
2442 4032 2792 4085 Athanasius.
2837 4027 3041 4083 Idcirto
3065 4029 3212 4083 enim
3237 4031 3312 4081 ait
3355 4025 3702 4080 :ProcedJe

2109 4140 2143 4175 a
2183 4119 2341 4175 Patro
2373 4121 2587 4187 dicitur,
2613 4119 2862 4191 quoniam
2904 4134 2934 4170 α
2970 4115 3133 4171 Verbo
3158 4117 3370 4182 critical,
3416 4114 3571 4185 quasi
3608 4115 3705 4169 di-

2109 4224 2296 4279 ceret,
2349 4214 2473 4268 ldeo
2528 4202 2828 4283 procedens
2875 4225 2977 4275 est,
3033 4211 3158 4279 quia
3181 4223 3247 4265 ex
3282 4207 3441 4264 Patre
3472 4222 3568 4277 per
3596 4207 3703 4262 Fi-

2084 4306 2239 4369 dium
2281 4307 2556 4375 procedit;
2582 4307 2683 4360 nisi
2722 4305 2864 4359 enim
2896 4319 2991 4373 per
3027 4301 3219 4357 Filium
3243 4343 3260 4368 ,
3297 4316 3570 4372 nunquam
3603 4300 3702 4355 di-
3756 4322 3765 4329 λι

2106 4406 2321 4449 ceretur
2362 4410 2424 4449 ex
2464 4394 2621 4450 Patre
2653 4394 2963 4464 procedere,
3005 4391 3099 4447 sed
3139 4390 3314 4446 nasci.

2188 4487 2243 4541 Si
2273 4502 2440 4551 enim,
2476 4497 2532 4537 ut
2568 4485 2783 4554 quidam
2815 4483 3024 4548 volunt,
3062 4482 3297 4538 emicare
3324 4481 3468 4553 quod
3489 4481 3588 4546 ait,
3629 4482 3701 4536 de

2109 4577 2425 4647 temporali,
2464 4591 2623 4646 quem
2685 4576 2758 4630 illi
2815 4574 3180 4636 introducunt,
3216 4587 3469 4643 processu
3528 4572 3703 4627 iuteio.

431 4659 787 4714 substantiam
835 4661 1165 4728 insinuatur,
1199 4667 1493 4720 secundum
1539 4682 1697 4738 quam
1737 4687 1802 4726 ex
1854 4674 2011 4728 l’atre
2044 4659 2083 4714 υ
2118 4670 2205 4740 ligi
2262 4669 2470 4732 voluit,
2534 4684 2696 4737 quam
2749 4667 3010 4722 rationem
3067 4665 3361 4731 habuisset,
3412 4664 3574 4720 simul
3616 4665 3694 4720 ita

431 4765 528 4819 per
565 4750 759 4807 Filium
797 4756 1062 4822 procedit,
1123 4768 1173 4811 et
1221 4762 1514 4814 secundum
1548 4752 1549 4755 “
1579 4778 1737 4830 quam
1794 4764 1861 4821 ab
1901 4765 2016 4834 ipso
2111 4762 2478 4817 connectere?
2506 4758 2576 4815 Ut
2604 4760 2747 4815 enim
2774 4758 2919 4815 hunc
2945 4758 3111 4813 etiam
3144 4772 3267 4813 esse
3309 4755 3695 4822 concedamus,

433 4842 632 4898 habere
680 4859 800 4907 esse
840 4847 1058 4901 dicitur.
1096 4848 1173 4902 Ac
1213 4851 1352 4903 sicut
1393 4852 1761 4911 indifferenter
1787 4875 1815 4911 ει
1870 4858 2021 4913 ιιιθοο
2116 4854 2425 4924 temporalis
2459 4854 2548 4908 illa
2579 4850 3030 4922 processio.quid
3072 4850 3139 4905 ad
3189 4864 3309 4905 eam
3338 4847 3699 4919 conl‘ert,quae

432 4934 590 5003 togis.
658 4936 771 4991 sive
824 4953 887 4992 ex
923 4936 1101 4992 Patris
1156 4953 1413 5009 essenta,
1448 4945 1570 5001 sive
1618 4964 1681 5001 ex
1729 4949 1844 5020 ejus
1893 4952 2021 5007 sub—
2115 4949 2232 5001 sine
2284 4957 2526 5014 tempore
2559 4943 2686 5001 est?
2736 4942 2982 5008 Quanam
3033 4955 3162 4997 vero
3213 4941 3421 4995 ratione
3469 4949 3697 5010 poneret

431 5028 633 5080 stantia
665 5027 831 5084 Filius
865 5032 1078 5093 dicitur,
1112 5033 1178 5086 ad
1208 5020 1583 5109 insiituandam
1640 5040 1755 5110 ejus
1805 5056 1869 5095 ex
1916 5043 2009 5096 iito

431 5117 829 5174 subStantiam:
866 5121 936 5174 ita
984 5132 1036 5175 et
1071 5121 1329 5193 Spiritum
1356 5143 1420 5181 ex
1450 5124 1607 5194 Filio,
1639 5131 1752 5185 sive
1802 5148 1866 5186 ex
1893 5135 2008 5203 ejus

430 5208 685 5271 essentia,
715 5209 826 5264 sive
866 5225 930 5263 ex
980 5214 1277 5267 substantia
1306 5216 1480 5272 dicere
1504 5218 1866 5276 iudiii‘erenter
1884 5237 2007 5289 pos-

430 5309 618 5352 sumus
687 5299 753 5353 ad
808 5301 1239 5369 ostendendum,
1301 5306 1450 5381 illum
1503 5323 1565 5363 ex
1621 5309 1759 5366 Filio
1814 5290 2009 5372 habere

430 5401 555 5441 esse
577 5402 592 5452 ;
618 5388 720 5443 nisi
750 5390 869 5456 qnis
904 5391 968 5446 ad
996 5396 1176 5448 omnia
1211 5397 1486 5466 impudens
1508 5413 1625 5454 esse
1656 5401 1799 5455 velit.

506 5480 564 5534 Si
593 5482 714 5549 quis
737 5492 913 5537 autem
949 5495 1002 5538 et
1025 5487 1111 5541 hic
1140 5503 1234 5558 per
1260 5492 1362 5544 hoc
1396 5490 2003 5549 indicari-consubs’tan-

428 5574 723 5653 tiaiitatetu
766 5577 931 5644 dicat,
972 5577 1139 5635 Filius
1185 5594 1330 5637 certe
1383 5584 1450 5639 de
1494 5586 1725 5655 Spiritus
1770 5590 2003 5642 essentia

433 5681 539 5719 non
569 5665 789 5736 dicitur,
831 5684 1007 5738 neque
1059 5674 1389 5730 convertitur
1433 5674 1644 5731 habitus
1689 5676 1788 5730 ista
1817 5694 2017 5731 ροηδε-ο

425 5760 673 5828 quentia.
1682 5784 1687 5787 ι

2118 5041 2256 5093 hanc
2310 5038 2656 5107 sempiternae
2690 5035 2836 5091 illius
2885 5034 3252 5107 processionis
3277 5048 3398 5087 esse
3433 5032 3699 5087 causam?

2117 5130 2318 5182 Omnes
2354 5128 2550 5199 quippe
2596 5126 2890 5192 novimus,
2940 5127 3190 5195 quoniam
3240 5125 3511 5178 causalem
3567 5139 3697 5176 con~

2112 5222 2450 5290 junT-tionem
2490 5234 2588 5287 pro
2623 5232 2787 5274 causa
2819 5217 3012 5288 accipi.
3046 5216 3164 5270 Non
3211 5215 3378 5281 enim,
3431 5215 3694 5283 quoniam

2118 5330 2145 5366 a
2206 5311 2341 5367 Filio
2401 5310 2774 5380 temporaiiter
2832 5310 3052 5374 emicat,
3108 5309 3230 5362 ideo
3280 5323 3309 5360 a
3371 5308 3528 5361 Patre
3576 5308 3695 5362 sive

2117 5412 2359 5473 tempore
2413 5402 2673 5472 procedit.
2714 5402 2834 5458 ideo
2867 5413 3043 5456 tamen
3102 5415 3166 5453 eu
3215 5398 3378 5452 verbo
3411 5414 3544 5454 usus
3583 5409 3691 5461 est,

2100 5476 2171 5551 ἰιι
2204 5500 2458 5565 emicare,
2501 5512 2597 5567 pro
2630 5513 2714 5565 eo,
2745 5497 2887 5568 quod
2950 5507 3033 5552 est
3100 5495 3398 5563 procedere,
3448 5494 3691 5557 diceret;

2114 5590 2367 5659 quoniam
2400 5590 2663 5659 Spiritum
2715 5591 3131 5653 illuminantem,
3183 5590 3342 5641 vitam
3371 5586 3689 5655 appellavit,

2111 5683 2421 5738 alternatim
2463 5685 2669 5740 scilicet
2722 5684 3077 5739 conversione
3146 5681 3400 5737 dictionis
3458 5691 3617 5733 utens
3673 5692 3687 5729 :

2032 5817 2041 5826 .
2112 5789 2419 5844 quanquam
2457 5785 2510 5830 et
2558 5776 2941 5846 magistrorum
2995 5774 3210 5844 plurimi
3269 5773 3490 5826 emicare
3543 5770 3691 5839 quod

500 5947 612 6017 (54)
685 5946 835 6002 lsaac
890 5945 1206 6015 Eremitam,
1243 5949 1395 6020 cujus
1457 5960 1670 6006 exstant
1728 5949 1985 6020 opuscula
2028 5954 2283 6009 ascetica.
