4010 6600
301 470 412 537 105

1364 456 1774 521 ADVERSUS
1815 454 2133 516 GRECOS
2172 455 2320 516 LIB.
2360 454 2446 518 II.

3463 449 3564 515 106

298 583 502 639 dicitur
542 579 601 633 in
649 571 993 633 substantiaii
1040 582 1398 641 personarum
1450 582 1705 640 processu
1755 582 1879 637 pro-
1906 572 1950 627 Α
1981 566 2032 620 in
2062 567 2258 622 divinis
2282 566 2545 638 personis,
2578 575 2638 621 ut
2660 556 2821 637 supra
2856 564 3181 621 declaratum
3208 572 3313 631 est,
3364 565 3429 618 ab
3458 564 3567 618 ωΐο

299 675 434 744 pria:
460 669 782 728 substantiae
832 665 1218 736 praetulerunt;
1244 662 1384 717 sicut
1432 670 1516 717 est
1550 660 1706 727 illud,
1741 660 1885 729 quod

299 766 556 822 canitur:
587 760 894 832 Unigenitus
924 756 1113 820 Filius,
1132 756 1225 826 qui
1243 771 1310 809 ea:
1340 754 1500 809 Patre
1523 753 1633 807 sine
1658 761 1886 827 tempore
1930 774 1932 776 τ

295 856 537 926 eﬂ'ulsit;
568 853 665 907 sed
692 851 859 905 etiam
891 845 1268 918 procedentem
1303 858 1369 899 ex
1414 842 1573 897 Patre
1626 842 1886 912 Spiritum

295 946 457 999 vitam
512 957 638 1000 esse
680 934 913 995 viventis
980 933 1141 990 Verbi
1201 932 1354 989 dixlt.
1411 931 1467 986 Si
1536 940 1715 985 autem
1769 931 1879 983 vita

294 1048 365 1089 ex
418 1035 661 1095 vivente,
709 1041 982 1099 nunquam
1027 1033 1174 1081 certe
1224 1024 1325 1079 erit
1376 1025 1494 1080 sine
1550 1021 1750 1092 Spiritu
1798 1020 1888 1077 Fi-

296 1126 446 1181 lius:
494 1125 649 1180 Sicut
698 1123 841 1178 enim
870 1124 1037 1175 Pater
1090 1118 1243 1172 habet
1292 1117 1452 1170 vitam
1486 1118 1543 1169 in
1590 1116 1886 1184 semetipso,

295 1219 376 1272 sic
423 1218 571 1272 dedit
602 1227 655 1270 et
681 1214 826 1269 Filio
864 1214 1024 1269 vitam
1056 1210 1332 1265 habere‘in
1360 1210 1635 1276 semetipso
1665 1208 1734 1262 ⁸³.
1765 1208 1887 1263 Vita

299 1319 488 1366 autem
517 1308 757 1379 Spiritus
802 1314 1024 1363 sanctus
1054 1312 1158 1365 est.
1201 1316 1359 1371 quem
1404 1317 1510 1357 una
1541 1316 1665 1356 cum
1700 1300 1882 1355 Patris

295 1403 539 1458 essentia
576 1416 646 1456 ex
679 1399 847 1454 Patre
881 1408 1113 1453 nascens
1165 1393 1349 1448 trahit.
1380 1390 1567 1462 Neque
1615 1392 1758 1447 enim
1808 1398 1891 1445 est

292 1496 418 1550 sine
443 1494 579 1559 vita,
611 1493 703 1563 qui
735 1501 891 1546 natus
922 1498 1026 1545 est.
1061 1489 1116 1544 id
1166 1484 1364 1560 quippe
1412 1498 1606 1558 praeter
1639 1486 1887 1555 impieta-

292 1598 409 1643 tem
450 1587 618 1643 etiam
656 1583 1061 1641 stolidissimum
1094 1597 1192 1652 est,
1225 1593 1283 1639 ut
1337 1583 1413 1637 ait
1448 1581 1887 1652 Chrysostomus,

294 1695 423 1735 cum
477 1678 609 1732 illud
657 1687 994 1747 exponeret:
1044 1676 1198 1731 Dedit
1245 1676 1404 1729 vitam
1434 1714 1450 1728 .

370 1769 683 1834 Enimvero,
717 1768 969 1840 quoniam
1010 1768 1250 1837 Operatio
1279 1765 1400 1821 Filii
1424 1764 1654 1835 Spiritus
1674 1769 1891 1818 sanctus

295 1871 422 1913 esse
462 1858 645 1912 dictus
676 1866 762 1911 est
805 1855 1107 1911 subsistens
1136 1864 1190 1910 et
1228 1853 1655 1910 substantialiter
1702 1850 1888 1912 insita,

301 1958 527 2003 constat
557 1950 684 2019 quia
723 1963 819 2017 per
851 1946 1111 2018 Spiritum
1163 1955 1419 2016 operatur
1444 1985 1457 1999 .
1482 1945 1595 2001 Hoc
1628 1953 1804 1999 autem
1838 1952 1891 1997 et

296 2040 604 2095 communis
642 2040 893 2095 Ecclesia
926 2040 1107 2109 opinio
1161 2049 1264 2107 est,
1297 2039 1529 2093 maxime
1578 2052 1697 2091 cum
1728 2035 1889 2089 etiam

298 2132 572 2187 Dominus
638 2131 873 2191 dixerit:
947 2128 1004 2184 Si
1072 2140 1245 2183 autem
1328 2144 1418 2199 ego
1467 2130 1521 2181 in
1585 2126 1750 2196 digito
1796 2124 1894 2179 Dei

300 2223 461 2288 eiicio
503 2224 787 2287 daemonia,
817 2238 936 2292 ergo
968 2224 1197 2293 pervenit
1236 2223 1289 2275 in
1321 2237 1405 2274 vos
1453 2236 1666 2290 regnum
1708 2217 1800 2271 Dei
1822 2216 1889 2271 ⁸⁸.

299 2315 459 2381 Quod
511 2314 646 2369 alius
705 2314 1033 2385 evangelista
1070 2327 1344 2382 exponens
1376 2311 1451 2366 ait
1482 2330 1496 2365 :
1522 2310 1583 2365 Si
1630 2318 1805 2363 autem
1836 2308 1888 2363 in

303 2405 510 2472 Spiritu
576 2404 676 2459 Dei
717 2406 873 2475 ejicio
916 2405 1177 2459 damonia
1211 2403 1281 2458 ".
1310 2401 1477 2456 Filius
1539 2403 1725 2471 itaque
1784 2415 1886 2471 per

299 2496 573 2567 Spiritum
605 2497 723 2562 Dei,
752 2495 843 2567 qui
882 2497 1045 2552 etiam
1085 2510 1217 2550 suus
1261 2504 1343 2550 est
1394 2492 1649 2563 Spiritus,
1701 2509 1892 2564 opera-

304 2601 421 2644 tur.
470 2588 610 2643 lllud
674 2599 877 2655 autem,
928 2602 1026 2656 per
1083 2590 1226 2658 quod
1278 2586 1558 2654 quisquam
1611 2595 1888 2652 operatur,

303 2682 428 2736 sive
460 2682 614 2751 quasi
667 2695 892 2735 movens
920 2689 1025 2745 est,
1053 2689 1113 2733 ut
1158 2694 1275 2743 rex,
1302 2692 1397 2748 per
1441 2692 1598 2748 quem
1654 2677 1891 2734 civitatis

300 2771 647 2840 dispensator
678 2769 1014 2827 administrat
1062 2785 1127 2825 ac
1151 2771 1288 2841 gerit
1312 2769 1531 2837 omnia;
1567 2769 1704 2836 sive,
1736 2780 1891 2840 quasi

300 2862 549 2933 speciale
584 2863 737 2918 etab
788 2871 903 2917 arte
951 2862 1205 2929 veniens;
1236 2871 1294 2916 ut
1320 2862 1514 2918 artifex
1576 2875 1671 2931 per
1717 2873 1889 2923 artem

302 2963 608 3025 operatur;
639 2955 753 3009 sive
783 2968 879 3023 per
924 2967 1144 3009 causam
1175 2954 1438 3008 naturalis
1486 2954 1701 3008 virtutis
1753 2966 1882 3007 sure.

378 3045 499 3101 Non
528 3062 657 3115 ergo
674 3047 844 3101 virtus
865 3047 1137 3118 operantis
1161 3061 1321 3101 causa
1349 3056 1454 3112 est,
1481 3045 1638 3101 sicuti
1663 3056 1713 3101 et
1737 3062 1891 3102 mens

300 3153 405 3209 per
442 3139 669 3193 verbum
710 3153 944 3209 operans
986 3139 1139 3209 quasi
1171 3154 1265 3205 per
1318 3140 1421 3193 vim
1463 3154 1615 3193 suam
1663 3149 1887 3194 natura-

1988 673 2109 717 esse
2133 658 2423 728 signiﬁcat.
2454 658 2560 714 Per
2604 673 2761 728 quem
2815 656 3166 713 nihilominus
3219 670 3462 723 causam,
3508 668 3566 710 et

1988 751 2129 833 quod
2158 764 2221 805 ex
2248 764 2409 805 causa
2442 758 2548 818 est,
2584 750 2809 821 intelligi
2854 750 3043 833 voluit.
3072 747 3274 821 Nempe
3306 749 3447 805 enim
3497 750 3564 802 ab

1987 853 2054 895 eo
2080 830 2352 909 nunquam
2381 841 2599 896 daretur
2629 840 2731 895 nisi
2759 840 2924 895 etiam
2965 830 3042 894 ab
3071 854 3136 896 eo
3183 846 3331 895 esset
3360 840 3565 895 raliter

1989 932 2131 987 enim
2167 932 2403 989 ministri
2447 932 2758 1003 fungeretur
2790 935 2925 989 vice.
2968 935 3012 988 Α
3043 948 3148 1004 quo
3192 944 3367 989 autem
3414 934 3561 988 ilium

1989 1028 2106 1082 dari
2142 1028 2443 1098 oportebat,
2475 1036 2534 1083 ut
2560 1027 2675 1097 ipse
2705 1027 3151 1107 aitAthanasius,
3200 1027 3302 1081 nisi
3353 1026 3421 1080 ab
3472 1040 3561 1091 eo,

1989 1120 2145 1190 cujus
2175 1121 2302 1175 est?
2330 1120 2438 1175 Hoc
2467 1129 2647 1174 autem
2679 1134 2785 1174 non
2814 1119 3076 1189 itajesset,
3107 1118 3208 1173 nisi
3236 1127 3289 1173 et
3315 1119 3380 1172 ad
3411 1117 3557 1171 illum

1992 1213 2306 1267 referretur.
2338 1212 2547 1267 Relatio
2576 1224 2754 1269 autem
2787 1227 3029 1274 causam.
3065 1222 3119 1265 et
3164 1211 3382 1266 causale
3415 1225 3563 1264 com-

2002 1306 2241 1360 mendat.
2273 1306 2443 1361 Filius
2472 1321 2600 1376 ergo
2628 1320 2791 1361 causa
2822 1306 2995 1360 sancti
3025 1302 3258 1374 Spiritus
3291 1314 3394 1359 est.
3437 1303 3561 1373 Spi-

1991 1397 2131 1454 ritus
2184 1400 2325 1454 enim
2383 1406 2602 1454 sanctus
2676 1413 2771 1468 per
2843 1398 3036 1453 Filium
3086 1414 3190 1452 non
3264 1404 3561 1463 operatur;

1993 1502 2260 1557 causaque
2330 1488 2416 1543 illa
2472 1497 2593 1554 est,
2658 1490 2780 1558 quia
2856 1486 3027 1542 Filius
3101 1502 3164 1542 ex
3240 1485 3399 1541 Putre
3469 1501 3557 1556 per

1995 1576 2255 1650 Spiritum
2311 1594 2418 1634 non
2475 1580 2734 1649 gignitur.
2798 1578 3030 1648 Spiritus
3094 1587 3269 1633 autem
3300 1594 3364 1633 ex
3402 1577 3564 1632 Patre

1991 1686 2088 1741 per
2119 1669 2315 1724 Filium
2370 1671 2632 1738 procedit.
2666 1654 2969 1723 Secundum
3006 1683 3165 1739 quam
3219 1682 3350 1722 sane
3394 1667 3561 1721 ratio—

1993 1779 2138 1827 nem,
2172 1777 2269 1817 nec
2309 1761 2477 1817 Filius
2521 1761 2753 1830 Operatio
2803 1770 2850 1813 et
2900 1762 3064 1813 virtus
3113 1757 3345 1828 Spiritus
3388 1757 3560 1812 sancti

1993 1855 2168 1910 dictus
2198 1864 2297 1909 est.

2062 1946 2254 2012 Porro,
2292 1946 2337 2001 si
2377 1947 2496 2015 quis
2543 1945 2782 2014 ejusdem
2814 1944 3109 1999 beatissimi
3138 1942 3237 1997 viri
3267 1941 3465 1996 dictum
3505 1940 3557 1993 in

1990 2039 2111 2093 fidei
2145 2038 2313 2109 ipsius
2331 2038 2673 2094 confessione
2702 2038 2811 2107 (55)
2837 2036 3272 2105 prmexpositum,
3306 2049 3413 2104 quo
3440 2033 3514 2088 ait
3542 2051 3558 2088 :

1989 2136 2217 2205 Spiritus
2260 2146 2494 2202 sanctus,
2529 2152 2594 2189 ex
2627 2134 2790 2188 Patre
2822 2143 2870 2187 et
2918 2132 3060 2186 Filio
3093 2149 3195 2186 non
3238 2130 3433 2201 factus,
3467 2144 3560 2181 nec

1989 2240 2216 2295 creatus,
2237 2247 2327 2284 nec
2356 2230 2581 2299 genitus,
2611 2231 2701 2281 sed
2725 2225 3024 2294 procedens,
3055 2224 3359 2294 ambiguum
3384 2228 3558 2290 putat,

1989 2332 2042 2375 et
2075 2321 2225 2389 quasi
2277 2319 2632 2375 adulteralum
2684 2317 3043 2373 calumniatur
3090 2332 3106 2369 :
3157 2315 3390 2383 primum
3439 2312 3558 2379 qui-

1990 2411 2108 2466 dem
2142 2411 2191 2465 id
2232 2424 2415 2465 verum
2468 2424 2607 2475 esse,
2639 2407 2763 2462 inde
2802 2405 3145 2460 manifestum
3193 2412 3298 2471 est,
3327 2404 3452 2473 quia
3506 2411 3560 2456 et

1991 2502 2275 2572 theologus
2315 2502 2608 2570 Gregorius
2660 2499 2714 2555 in
2766 2498 3040 2553 Athanasii
3092 2496 3337 2549 laudibus
3392 2493 3559 2563 ipsius

1990 2594 2237 2649 meminit
2265 2594 2489 2647 dicens:
2522 2591 2675 2648 Solus
2725 2590 2815 2644 ille
2870 2589 2944 2643 uel
2976 2604 3093 2641 cum
3147 2587 3326 2653 paucis
3372 2582 3557 2637 admo-

1989 2685 2133 2748 dum,
2161 2698 2320 2737 ausus
2352 2693 2428 2737 est
2457 2685 2716 2737 veritatem
2748 2682 2801 2734 in
2828 2681 3033 2749 scriptis
3054 2677 3288 2746 conﬁteri
3313 2691 3333 2740 ;
3360 2684 3408 2722 Μ
3440 2688 3559 2744 qua!

1992 2776 2101 2831 illic
2131 2778 2277 2831 addit
2299 2790 2479 2845 :quam
2514 2784 2638 2830 tunc
2673 2775 2928 2843 temporis
2958 2770 3321 2839 conscriptam
3359 2768 3425 2821 ad
3466 2765 3560 2821 Ju-

1990 2866 2118 2921 lium
2155 2868 2456 2922 Romanum
2493 2866 2801 2936 pontificem
2850 2863 3017 2928 misit,
3050 2877 3171 2917 cum
3219 2859 3560 2915 insimulare—

1992 2971 2079 3015 tur
2109 2974 2211 3014 non
2254 2968 2414 3013 recta:
2443 2974 2563 3014 esse
2600 2957 2741 3011 fidei.
2772 2953 2994 3021 Deinde,
3029 2961 3081 3007 et
3111 2968 3174 3007 ex
3204 2967 3269 3007 eo
3320 2960 3555 3013 constat,

1993 3050 2159 3121 ipsius
2187 3066 2365 3105 veram
2388 3064 2508 3106 esse
2529 3088 2544 3112 ,
2565 3049 2705 3119 quod
2728 3063 2822 3116 per
2842 3060 3032 3101 omnes
3057 3043 3367 3100 Occidentis
3390 3043 3561 3097 eccle-

1991 3146 2102 3200 siss
2139 3144 2438 3199 Dominicis
2468 3158 2683 3212 semper
2715 3141 2904 3196 diebus
2933 3138 3203 3210 psallitur.
3231 3145 3392 3205 atque
3419 3135 3557 3189 adeo

307 3231 414 3285 lem
464 3242 521 3285 et
572 3232 911 3288 eﬂicientiaru
942 3271 957 3296 ,
1004 3246 1170 3288 causa
1224 3242 1304 3287 est
1351 3233 1525 3297 verbi,
1559 3235 1651 3288 scd
1701 3248 1806 3289 non
1854 3250 1883 3290 e
1910 3248 1953 3308 (ζ
1988 3238 2214 3299 celebris
2254 3246 2335 3294 est
2364 3249 2567 3303 auctor,
2602 3245 2661 3292 ut
2701 3250 2767 3291 ne
2805 3250 2834 3290 a
2870 3232 3051 3306 pueris
3082 3231 3297 3304 quidem
3342 3232 3559 3301 ignore.

299 3329 541 3376 contra:
575 3323 777 3392 quippe
808 3322 985 3377 omnis
1029 3325 1133 3389 vis,
1162 3333 1221 3378 et
1254 3325 1397 3379 actio
1442 3325 1762 3381 naturaliter
1793 3342 1885 3394 per

300 3413 563 3482 aliquem
597 3414 871 3482 prodiens,
924 3414 1087 3468 etiam
1124 3430 1191 3470 ex
1238 3415 1326 3469 illo
1358 3424 1461 3470 est.
1514 3416 1583 3467 At
1632 3424 1888 3484 operatur

312 3504 536 3571 quidem
594 3517 695 3573 per
750 3503 1005 3569 Verbum,
1063 3513 1216 3573 quasi
1260 3520 1356 3574 per
1388 3521 1537 3561 suam
1590 3508 1884 3562 naturalem

261 3628 267 3633 η
309 3595 445 3650 vim.
476 3594 744 3665 Operatur
778 3604 956 3651 autem
985 3596 1150 3652 Filius
1172 3611 1266 3666 per
1287 3598 1569 3667 Spiritum,
1597 3602 1749 3669 quasi
1784 3614 1885 3670 per

304 3687 615 3741 naturalem
669 3697 831 3756 atque
881 3683 1099 3743 insitam
1150 3690 1580 3745 substantialiter
1632 3693 1885 3749 virtutem

308 3780 650 3847 suadeeo,
669 3787 723 3836 ct
750 3795 974 3848 magnus
1002 3781 1297 3836 Basiliusin
1325 3798 1377 3836 tv
1396 3784 1755 3849 Quaestionum
1778 3786 1881 3841 ait:

307 3872 496 3942 Neque
527 3875 640 3927 sine
681 3872 824 3928 Filio
869 3873 996 3939 facit
1033 3874 1295 3940 quippiam
1344 3874 1523 3939 Pater,
1560 3892 1721 3945 neque
1774 3880 1887 3932 sine

306 3964 519 4031 Spiritu
567 3964 761 4020 Filius.
791 3964 921 4019 Filii
954 3970 1127 4020 autem
1142 3966 1384 4033 Verbum,
1417 3966 1685 4038 Spiritus:
1713 3988 1730 4021 s
1754 3969 1890 4026 Por-

309 4066 455 4115 tans,
485 4056 859 4121 inquit,omnia
890 4062 1037 4110 verba
1067 4060 1271 4113 virtutis
1304 4076 1469 4125 sum,»

384 4147 465 4200 Ex
501 4149 700 4215 quibus
733 4149 974 4217 profecto
1007 4151 1258 4206 omnibus
1296 4160 1351 4206 et
1380 4155 1513 4207 ordo
1545 4156 1610 4208 ad
1656 4155 1888 4212 invicem

303 4238 623 4292 divinarum
670 4253 1044 4307 personarum,
1073 4249 1125 4294 et
1179 4252 1320 4297 utse
1368 4244 1595 4300 invicem
1650 4257 1888 4314 teneant,

302 4347 529 4405 unaque
590 4334 891 4404 cogitentur
933 4345 989 4390 et
1041 4336 1410 4407 intelligantur
1454 4342 1712 4397 constitit.
1748 4345 1892 4412 Quo-

306 4426 461 4480 niam
505 4426 674 4493 igitur
716 4427 956 4496 Spiritus
984 4440 1205 4484 sanctus
1252 4431 1448 4485 donum
1484 4433 1631 4498 Filii,
1683 4445 1735 4488 et
1763 4450 1891 4504 ope-

306 4517 457 4573 ratio
478 4518 652 4588 ipsins
679 4529 760 4573 est
784 4538 801 4586 ;
832 4519 1075 4585 operatio
1099 4535 1226 4576 vero
1253 4520 1319 4575 ab
1347 4533 1625 4592 operante,
1660 4525 1883 4581 donum-

302 4626 421 4681 que
451 4626 481 4663 a
526 4612 774 4666 mittente
805 4611 1045 4681 eﬂulget.
1090 4623 1142 4667 et
1183 4588 1439 4679 mittitur,
1475 4625 1529 4670 et
1576 4588 1779 4672 datur:
1816 4619 1882 4673 li-
1916 4588 1960 4643 θ

300 4711 467 4771 quet,
500 4702 627 4771 quia
684 4716 750 4757 ex
788 4701 927 4757 Filio
977 4713 1060 4756 est
1090 4700 1323 4770 Spiritus
1372 4715 1607 4760 sanctus.
1640 4704 1707 4761 Ut
1737 4707 1882 4762 enim

302 4791 486 4848 Filius
517 4806 614 4862 per
642 4807 799 4859 quem
830 4793 987 4847 Pater
1010 4805 1283 4863 cperatur,
1307 4809 1370 4849 ex
1400 4794 1559 4851 Patre
1582 4807 1665 4852 est
1692 4815 1707 4861 ;
1732 4798 1802 4851 ita
1831 4808 1887 4854 et

303 4886 378 4940 de
431 4892 623 4939 sancto
672 4882 875 4951 Spiritu
921 4885 1230 4951 dicendum,
1280 4900 1375 4956 per
1425 4903 1582 4956 quem
1632 4902 1885 4961 operatur

305 4973 509 5029 Filius.
542 4972 727 5044 Neque
754 4974 896 5031 enim
930 4974 1071 5030 sicut
1102 4977 1174 5041 id,
1206 4982 1349 5042 quod
1391 4989 1595 5042 monet,
1627 4990 1718 5034 aut
1742 4985 1883 5036 sicut

304 5065 637 5131 artiﬁcialis,
661 5074 823 5136 atque
851 5068 1175 5137 exemplaris
1201 5085 1384 5134 causa,
1417 5076 1555 5140 quod
1587 5089 1677 5140 per
1708 5090 1883 5144 quem,

304 5158 541 5221 dicitur,
576 5160 663 5213 hic
707 5158 883 5213 locum
928 5160 1111 5214 habet.
1150 5160 1354 5215 Donum
1386 5172 1562 5218 autem
1592 5164 1746 5232 dixit,
1776 5167 1883 5234 vel,

307 5247 445 5316 quia
501 5248 831 5316 alternatim,
859 5256 915 5302 et
968 5250 1150 5305 hocin
1204 5249 1323 5305 loco
1372 5254 1724 5311 conversione
1774 5258 1888 5309 dic-

315 5338 485 5393 tionis
534 5355 662 5394 usus
725 5351 826 5397 est.
880 5342 1085 5395 Donum
1142 5344 1288 5397 enim
1347 5342 1412 5396 ad
1444 5343 1582 5409 dari,
1610 5359 1673 5400 ac
1719 5347 1880 5409 mitti.

306 5428 464 5497 quod
495 5430 719 5496 dicitur,
748 5431 1026 5501 proprium
1050 5441 1155 5487 est.
1193 5429 1289 5487 Vel
1320 5432 1447 5501 quia
1478 5432 1616 5501 dari,
1645 5449 1706 5490 ac
1748 5438 1886 5493 mitti

394 5639 437 5669 "
467 5635 627 5691 Joan.
657 5651 711 5702 v,
740 5635 833 5690 26.
910 5636 955 5668 “
992 5635 1124 5692 an.
1162 5651 1238 5697 ιι.
1262 5634 1353 5691 20.

1466 5633 1508 5664 "
1544 5633 1730 5693 Matth.
1764 5650 1859 5700 ιιι,
1888 5633 1977 5689 28.

1991 3346 2107 3398 ιιιι·;
2134 3350 2197 3389 ex
2252 3332 2357 3388 illis
2402 3330 2616 3401 quidem
2663 3327 2993 3399 temporibus
3032 3326 3227 3395 ubique
3257 3322 3558 3382 diﬂ‘uau,at-

1985 3447 2091 3503 que
2139 3437 2324 3485 contra
2360 3425 2695 3481 'Arianorum
2740 3422 2996 3485 heresin,
3025 3412 3323 3489 contraque
3366 3432 3559 3472 omnes

1992 3536 2151 3580 recta:
2179 3523 2299 3577 fidei
2333 3518 2695 3582 adversarios,
2725 3516 2778 3571 in
2809 3514 3019 3570 cunctis
3058 3513 3299 3569 ecclesiis
3344 3510 3556 3581 publice

1987 3618 2110 3672 cani
2144 3624 2435 3684 prmeepta.

2061 3708 2169 3762 Aut
2196 3707 2363 3777 igitur
2386 3705 2546 3759 aliam
2602 3703 2836 3771 aliquam
2861 3698 3262 3754 confessionem
3291 3697 3425 3752 tanti
3455 3696 3553 3751 viri

1991 3804 2293 3866 proferant,
2324 3799 2477 3870 cuius
2501 3807 2555 3851 et
2584 3794 2889 3862 Theologus
2936 3790 3199 3852 meminit,
3222 3799 3278 3843 et
3324 3787 3407 3841 cui
3442 3796 3549 3839 ira-

1990 3894 2122 3949 ditio
2160 3892 2415 3946 Ecclesia:
2445 3895 2763 3943 attestatur:
2802 3892 2894 3936 aut
2929 3885 2975 3936 si
3010 3883 3113 3937 hoc
3156 3895 3259 3933 non
3300 3889 3553 3959 possunt,

1991 3985 2149 4039 istam
2211 3998 2334 4036 cum
2388 3994 2550 4048 supra
2592 3977 2840 4046 exposito
2878 3976 3022 4029 dicto
3059 3972 3373 4041 suscipiant.
3422 3970 3550 4025 Tes.

1991 4084 2174 4131 tantur
2206 4081 2382 4126 autem
2411 4072 2547 4124 hanc
2575 4053 2742 4136 ipsum
2784 4067 2904 4120 lidei
2958 4063 3351 4120 confessionem
3380 4064 3553 4117 sancti

1990 4166 2090 4219 viri
2121 4178 2261 4227 esse,
2294 4171 2453 4230 atque
2488 4160 2540 4213 id
2574 4161 2772 4213 dictum
2800 4158 2871 4211 ita
2901 4172 2960 4212 se
2989 4142 3327 4223 liahere,-qui
3368 4163 3557 4210 contra

1990 4256 2211 4311 Latinos
2245 4254 2410 4308 multo
2452 4264 2582 4306 ante
2619 4251 2956 4318 scripserunt
2995 4261 3178 4313 :quam
3209 4246 3310 4301 sibi
3369 4255 3426 4298 ut
3465 4250 3559 4299 ad—

1991 4362 2242 4412 versam,
2302 4344 2501 4399 frustra
2558 4342 2883 4397 labefactare
2941 4341 3209 4394 nituntur.
3263 4340 3558 4408 Atque,ut

1994 4440 2216 4509 intelligi
2240 4438 2418 4501 datur,
2454 4444 2580 4490 tunc
2603 4433 2819 4503 quidem
2846 4433 3020 4487 adhuc
3042 4431 3377 4494 servabatur,
3403 4439 3557 4499 post-

1990 4532 2210 4587 modum
2243 4543 2369 4584 vero
2399 4523 2785 4595 pertinaciores
2813 4522 2878 4576 ad
2900 4518 3377 4575 contradicendum
3405 4518 3553 4583 facti,

1984 4625 2203 4679 omnino
2223 4620 2367 4679 illam
2384 4618 2599 4671 auferre
2627 4614 2927 4668 voluerunt.
2951 4612 3072 4667 Etsi
3102 4612 3259 4668 modo
3289 4613 3561 4667 uihilom'r.

1986 4729 2087 4770 nus
2119 4713 2332 4768 curiose
2353 4708 2747 4777 inquirentibus
2782 4719 2907 4760 raro
2941 4704 3064 4759 licet
3092 4706 3145 4758 in
3174 4706 3558 4762 vetustissima

1984 4797 2261 4853 codicibus
2305 4796 2376 4848 ita
2424 4794 2624 4848 habere
2670 4789 2963 4845 invenitur.
2997 4787 3051 4842 Si
3079 4788 3197 4856 quis
3233 4798 3409 4843 tamen
3438 4790 3559 4843 dili-

1985 4892 2197 4964 gentius
2242 4887 2517 4957 inspiciat,
2545 4884 2687 4956 nihil.
2727 4884 2812 4937 hic
2845 4897 3045 4937 novum
3092 4883 3291 4938 dixisse
3315 4891 3557 4938 sanctum

1986 4982 2163 5036 virum
2218 4976 2535 5045 compcriet.
2585 4972 2836 5034 Plurimis
2879 4974 3023 5027 enim
3074 4972 3129 5027 in
3164 4972 3295 5028 locis
3339 4987 3434 5041 per
3465 4973 3554 5028 Fi-

1992 5074 2123 5128 lium
2164 5072 2311 5126 illum
2338 5084 2459 5125 esse
2486 5069 2580 5132 ait,
2607 5077 2661 5121 et
2688 5080 2719 5120 a
2749 5065 2887 5121 Filio
2920 5066 3181 5135 accipere,
3214 5074 3269 5119 et
3316 5064 3385 5118 ab
3442 5066 3558 5136 ipso

1987 5165 2198 5221 scilicet
2255 5163 2521 5238 accipere,
2552 5163 2695 5231 quod
2756 5160 2970 5231 accipit.
3001 5159 3059 5215 ld
3092 5170 3275 5215 autem
3312 5169 3396 5215 est
3444 5160 3561 5229 ejus

1988 5273 2127 5324 esse,
2154 5258 2405 5329 quodque
2432 5256 2589 5328 paulo
2618 5265 2742 5311 ante
2788 5256 3018 5317 dicebat,
3047 5270 3075 5308 a
3102 5253 3240 5309 Filio
3285 5251 3561 5323 eﬁ'ulgere.

1990 5350 2242 5420 quocirca
2267 5364 2427 5420 quam
2458 5364 2487 5403 a
2520 5348 2679 5411 Patre
2710 5346 3089 5418 procedentem
3115 5346 3371 5400 virtutem
3402 5346 3559 5412 dixit,

1994 5439 2254 5511 Spiritum
2301 5450 2551 5497 sanctum
2606 5456 2637 5495 a
2693 5439 2858 5497 Patre
2902 5439 3280 5511 procedentem
3333 5436 3562 5510 intelligi

397 5818 512 5901 (ξῦ)
564 5814 885 5887 Symbolum
948 5815 1399 5873 Athanasianum.
1483 5814 1559 5873 De
1611 5815 1712 5873 hoc
1769 5817 2029 5890 Symbolo
2097 5796 2221 5876 vide
2284 5820 2556 5878 eruditam
2637 5818 3059 5892 disputationem
3155 5818 3369 5881 Nicolai
3463 5819 3567 5876 Se-

323 5905 482 5946 ητιι.
1324 5962 1330 5969 ἥ

616 5980 883 6041 Pnnuc.
933 5979 1048 6039 Gtt.
1092 5980 1268 6039 CLII.

3138 5974 3176 6038 Α
