3984 6566
286 417 375 482 1ης

1319 424 1717 489 ADVERSUS
1756 424 2070 488 GRAECOS
2115 424 2260 489 LIB;
2298 430 2378 490 li.

3395 430 3501 494 ιω

280 531 555 585 cessionem
588 549 605 598 ;
641 540 839 603 praeter
886 532 989 588 ista
1041 534 1186 591 enim
1224 536 1404 592 nullus
1439 536 1576 591 alius
1631 536 1831 592 divinis
1860 539 1904 599 Α
1933 537 2220 608 signiﬁcat.
2256 538 2445 611 itaque
2474 538 2649 599 dictus
2683 549 2767 598 est
2794 542 3009 614 quidem
3036 540 3279 616 Spiritus
3294 540 3500 604 Patris,

280 621 497 693 personis
522 625 824 680 secundum
871 638 1119 682 naturam
1148 642 1432 697 processus
1462 638 1548 686 est
1578 648 1593 698 ;
1622 644 1818 685 secun-

278 716 387 767 dum
444 715 786 772 nativitatem
838 731 988 787 vero,
1017 734 1303 790 processus
1339 721 1392 775 in
1453 720 1656 792 Spiritu
1708 738 1831 778 esse

277 819 365 859 non
420 813 637 873 potest,
676 807 745 861 ita
801 809 944 864 enim
1000 821 1148 867 esset
1185 811 1422 882 Spiritus
1452 813 1616 868 Filius
1666 814 1825 868 Filii:

274 896 596 953 manifestum
630 909 715 955 est
744 899 983 972 Spiritus
1002 917 1066 957 ex
1099 903 1235 958 Filio
1258 917 1590 974 processum,
1621 916 1679 960 ut
1708 920 1832 976 pro-

275 989 493 1045 cedentis
520 1003 650 1047 esse
675 1008 695 1049 :
729 994 996 1065 simulque
1023 1005 1237 1051 constat
1252 1010 1318 1051 ex
1349 996 1453 1061 bis,
1480 998 1747 1068 refulgere,
1773 1004 1829 1053 et

272 1082 520 1151 profundi,
537 1093 593 1139 et
618 1086 1046 1157 proﬂuerr,quod
1068 1088 1284 1153 dicitur,
1312 1103 1339 1141 a
1367 1088 1502 1144 Filio
1531 1091 1823 1161 Spiritum:

274 1172 424 1241 ipsum
473 1188 541 1228 ex
597 1177 767 1232 Patre
822 1178 1242 1248 procedentem,
1292 1182 1510 1236 unicum
1568 1182 1825 1251 Spiritum

272 1272 518 1330 sanetum,
548 1280 664 1320 non
698 1267 895 1322 donum
922 1268 1138 1339 aliquod
1174 1270 1292 1325 sine
1320 1271 1625 1326 substantia
1652 1273 1827 1344 signi-

274 1356 438 1420 ﬁcere,
465 1364 525 1410 ut
559 1357 787 1427 quidam
841 1361 1061 1429 volunt;
1096 1364 1237 1417 sicut
1290 1364 1433 1418 enim
1494 1367 1606 1421 sive
1630 1365 1825 1433 Filius,

272 1447 377 1502 sive
433 1447 675 1518 Spiritus
740 1450 1031 1522 effulgere,
1081 1462 1135 1508 et
1195 1456 1461 1525 proﬂuere
1535 1472 1601 1514 es
1670 1454 1827 1517 Patre

272 1540 464 1603 dicitur,
499 1541 634 1608 ipsae
662 1556 910 1611 persona:
953 1546 1150 1599 divinas
1199 1547 1484 1615 signantur
1532 1552 1829 1618 proceden-

274 1642 372 1687 tes:
405 1633 473 1687 ita
507 1644 563 1687 et
610 1633 849 1702 Spiritus
892 1651 922 1691 a
976 1636 1112 1691 Filio
1164 1638 1435 1707 profundi,
1467 1651 1523 1697 et
1568 1644 1826 1715 edulgere

270 1736 376 1776 cum
402 1724 623 1787 dicitur,
657 1738 713 1780 et
744 1727 979 1782 maxime
1026 1742 1149 1784 cum
1190 1730 1267 1784 sic
1295 1732 1585 1800 conjuncte
1638 1744 1827 1804 proce—

271 1814 383 1868 dens
435 1830 502 1889 ex
557 1816 724 1873 Patre
762 1834 858 1888 per
901 1819 1387 1890 Filium'prol‘undi,
1420 1839 1483 1879 ac
1518 1819 1824 1894 procedere

1937 630 2033 684 sed
2056 638 2111 686 et
2142 628 2373 701 Spiritus
2410 635 2654 693 veritatis
2689 644 2791 691 est.

2006 720 2073 775 Et
2109 719 2341 779 mittitur
2375 727 2592 798 quidem
2624 744 2653 782 a
2684 729 2864 800 Patre,
2897 732 3131 787 mittitur
3165 740 3343 787 autem
3379 741 3437 785 et
3469 746 3500 784 a

1936 808 2114 885 Filio;
2174 817 2373 887 quippe
2429 822 2741 890 aequaliter,
2771 839 2835 879 ac
2889 830 3007 882 sine
3034 825 3147 881 ulla
3196 823 3498 880 diﬂ‘ereutia

1935 908 2245 962 communia
2320 910 2507 978 Patri,
2572 923 2625 968 et
2708 915 2845 971 Filio
2906 925 3032 971 sunt
3105 931 3226 986 quae
3278 916 3503 985 singulis

1935 1008 1964 1048 a
2006 998 2271 1070 theologia
2304 1002 2674 1071 assignantur.
2706 1006 2882 1075 Atque
2937 1005 3150 1075 proﬂuit
3199 1008 3415 1076 quidem
3469 1022 3497 1059 a

1933 1082 2115 1154 Patre,
2170 1093 2445 1160 proprium
2498 1104 2679 1149 autem
2716 1096 2839 1151 Filii
2893 1108 2996 1163 eSt,
3046 1105 3105 1151 ut
3157 1107 3211 1154 et
3262 1099 3330 1151 ab
3378 1097 3498 1167 ipso

1934 1190 2169 1236 emanet.
2226 1182 2371 1239 Fons
2423 1187 2567 1240 enim
2614 1189 2785 1243 sancti
2824 1190 3057 1259 Spiritus
3111 1200 3165 1245 et
3201 1188 3371 1245 Filius
3432 1190 3500 1244 ait

1935 1271 2201 1347 Ecclesia:
2254 1278 2524 1346 magistris
2575 1283 2859 1337 asseritur.
2920 1280 2985 1336 Et
3052 1283 3219 1339 habet
3283 1285 3496 1354 quidem

1932 1361 2250 1422 substantiae
2304 1382 2523 1427 causam
2575 1388 2641 1427 ex
2700 1374 2973 1441 primitivn
3021 1376 3246 1441 lumine;
3283 1375 3498 1446 cti‘ulget

1931 1466 2061 1510 vero
2095 1466 2191 1525 per
2219 1460 2574 1530 unigenitum,
2600 1464 2855 1533 quoniam
2885 1480 2979 1534 per
3009 1468 3181 1532 ipsum
3206 1478 3307 1529 est,
3335 1475 3497 1536 atque

1932 1560 2029 1613 per
2058 1547 2255 1604 Filium
2291 1553 2433 1621 quod
2469 1555 2687 1622 dicitur,
2728 1566 2781 1611 et
2816 1558 2927 1627 ipse
2964 1557 3133 1613 Filius
3167 1560 3234 1613 ad
3274 1558 3492 1617 Patrem

1934 1640 2282 1695 reducuntur.

2003 1728 2065 1782 Et
2096 1730 2269 1785 dictus
2295 1744 2376 1787 est
2402 1734 2642 1804 quidem,
2681 1752 2709 1793 a
2761 1737 2915 1792 l’atre
2949 1742 3260 1807 procedere,
3302 1756 3493 1810 proce-

1932 1819 2008 1873 dit
2034 1835 2161 1875 vero
2187 1837 2281 1889 per
2299 1822 2517 1882 Filium.
2551 1826 2793 1898 Namque
2818 1845 2879 1884 ex
2909 1830 3071 1885 Patro
3098 1834 3239 1901 quod
3271 1834 3492 1898 dicitur,

271 1908 495 1974 dicatur,
536 1910 655 1979 ipsa
692 1911 872 1966 divina
926 1928 1158 1983 persona
1211 1914 1447 1984 Spiritus
1493 1891 1819 1974 insinuatur.
1850 1891 1893 1948 θ
1920 1908 2072 1977 luta
2107 1909 2325 1967 Ρειηιῐη
2362 1920 2707 1985 Mummiam,
2738 1921 2899 1975 “iam
2956 1937 3054 1991 iler
3092 1923 3285 1979 Filium
3314 1927 3495 1996 δεψή-

272 1993 645 2054 Proeedenteut
701 2002 843 2056 enim
868 2015 937 2056 ex
975 2002 1136 2059 Patre
1188 2003 1478 2073 Spiritum,
1512 2020 1672 2063 nemo
1708 2009 1827 2064 sine

269 2088 551 2145 sbstantia
603 2093 787 2149 dicere
815 2096 1113 2165 praesumit,
1149 2098 1255 2153 nisi
1294 2100 1417 2171 quis
1451 2101 1826 2173 biaspbcmaro

272 2180 402 2233 velit.

333 2286 457 2375 llitql
487 2304 699 2360 autem,
728 2297 870 2366 quod
905 2298 1122 2369 quidam
1156 2303 1331 2369 aiunt,
1358 2314 1577 2360 sanctos
1619 2306 1823 2372 dicere,

272 2376 509 2451 Spiritum
559 2396 818 2443 sanctum
869 2392 1161 2458 procedere
1195 2395 1414 2463 quidem
1455 2412 1531 2474 ex,
1560 2398 1739 2463 Patre,
1792 2415 1821 2454 a

273 2476 394 2534 Fﬂio
440 2479 624 2535 autem
666 2482 916 2551 profundi
944 2496 1036 2552 ;et
1095 2502 1335 2554 rursum,
1379 2494 1671 2561 procedere
1700 2494 1823 2565 qui-

273 2569 374 2624 dem
403 2586 462 2626 ex
493 2572 682 2641 Patre,
714 2577 783 2656 ab
812 2591 877 2633 eo
900 2588 1080 2633 autem
1118 2580 1395 2653 eﬂulgere,
1420 2582 1504 2639 vel
1546 2586 1820 2656 proprium

272 2660 422 2728 ipsius
468 2678 618 2729 esse,
656 2654 743 2723 vel
802 2683 909 2724 non
949 2670 1204 2739 alienum,
1238 2684 1293 2729 et
1340 2689 1461 2745 qum
1488 2654 1625 2749 talia
1649 2654 1674 2734 -ε
1727 2694 1824 2749 per

272 2754 359 2811 itas
402 2757 817 2825 conjunctiones
857 2764 1215 2832 connexivas,
1250 2748 1659 2826 substaniialem
1703 2770 1823 2843 Spi-

274 2848 397 2902 ritus
433 2861 755 2917 processm
814 2852 953 2908 Filio
987 2856 1260 2921 tollentes,
1318 2859 1572 2932 Patrique
1622 2864 1825 2919 solum-

273 2942 413 2996 modo
458 2941 607 2998 hunc
646 2932 1025 3013 attribuentes,
1071 2952 1292 3005 omnino
1339 2953 1669 3010 imbecillum
1718 2967 1819 3014 est.

273 3032 571 3106 liujusmodi
642 3041 839 3113 quippe
909 3043 1121 3100 illorum
1190 3062 1341 3103 mens
1409 3062 1492 3105 est
1566 3053 1818 3120 quoniam

272 3131 449 3186 dicitur
482 3135 707 3203 quidem
747 3136 980 3207 Spiritus
1022 3156 1087 3194 ex
1126 3138 1287 3196 Patre
1316 3145 1630 3213 procedere,
1680 3144 1821 3203 unde

1929 2008 2012 2053 tur
2032 2017 2054 2069 ;
2100 2003 2256 2058 aliter
2283 2007 2482 2075 quippe
2514 2013 2811 2078 procedens
2843 2028 2947 2069 non
2971 2025 3133 2071 esset.
3158 2016 3344 2087 itaque
3362 2034 3495 2075 con-

1929 2098 2352 2165 nectuntmagis
2386 2098 2552 2166 Patri,
2595 2103 2789 2157 Filium
2830 2110 3121 2163 secundum
3152 2127 3485 2179 processum,

1928 2197 2047 2261 seu.
2081 2189 2481 2255 processionem
2527 2196 2700 2251 sancti
2738 2199 2988 2267 Spiritus,
3024 2217 3186 2271 quam
3249 2206 3490 2263 dividunt

1927 2274 2233 2345 hnjusntodi
2268 2281 2699 2349 coniunctiones.

1994 2367 2196 2425 Eorum
2249 2384 2452 2441 autem,
2513 2378 2602 2446 qui
2643 2380 3003 2439 diiierentiam
3030 2389 3281 2444 essentiae
3310 2389 3489 2448 Patris

1930 2473 1995 2515 ac
2046 2458 2166 2516 Filii
2219 2477 2447 2537 pergunt
2506 2480 2770 2541 astruere,
2817 2474 3030 2532 dirisim
3080 2495 3145 2535 ac
3177 2481 3490 2541 diil'erenter

1927 2550 2029 2607 ista
2082 2556 2306 2613 reddere
2344 2569 2461 2627 est;
2514 2564 2727 2634 quippe,
2774 2568 2842 2621 ita
2892 2570 3212 2638 dividentes,
3239 2578 3489 2634 essenti'e

1928 2656 2145 2713 quoque
2212 2650 2514 2707 differentia
2584 2661 2894 2715 necessario
2947 2676 3223 2733 sequetur.
3284 2668 3488 2740 Nempe

1924 2737 2068 2791 enim
2108 2749 2158 2793 et
2206 2742 2482 2815 theologus
2500 2746 2802 2820 Gregorius
2832 2755 2885 2809 in
2926 2757 3041 2813 suis
3091 2759 3157 2816 de
3205 2737 3487 2821 divinitate

1928 2832 2287 2901 sermonibus,
2320 2836 2370 2889 in
2396 2839 2663 2897 orationis
2687 2854 2866 2920 parte,
2910 2845 3146 2918 Patrem,
3177 2864 3233 2908 et
3268 2836 3488 2926 Filium,

1926 2930 1980 2974 et
2020 2920 2279 2992 Spiritum
2312 2939 2560 2985 sanetum
2599 2935 2876 3001 invocans,
2919 2950 3079 3011 atque
3124 2920 3486 3016 subini‘erens,

1926 3012 2103 3068 alium'
2122 3019 2329 3084 quidem
2362 3024 2487 3078 bene
2528 3027 2880 3099 .emnplacere,
2917 3034 3079 3089 alium
3139 3053 3256 3091 vero
3304 3055 3489 3109 coepe.

1925 3107 2057 3167 rari.
2099 3110 2265 3165 alium
2300 3124 2474 3169 autem
2507 3117 2766 3186 inspirare
2794 3134 2814 3173 :
2858 3138 2963 3179 non
3000 3141 3133 3183 sane
3179 3144 3276 3198 per
3305 3133 3489 3200 hujus-

273 3227 541 3282 secundum
577 3230 869 3285 essentiam
916 3231 989 3286 illi
1025 3234 1314 3302 peculiaris
1343 3245 1425 3291 est
1457 3254 1469 3289 :
1503 3252 1608 3291 non
1638 3246 1814 3295 tamen

1930 3198 2071 3252 modi
2104 3203 2541 3275 coniunctiones,
2570 3211 2685 3266 sive
2720 3212 3136 3284 beneplacitum,
3167 3223 3280 3276 sive
3317 3198 3488 3294 inspi-o

272 3328 343 3369 est
388 3319 597 3375 alienus
649 3336 677 3374 a
734 3322 897 3389 Filio,
955 3320 1192 3393 Spiritus
1232 3327 1377 3381 enim
1429 3320 1548 3381 Filii
1595 3328 1815 3397 dicitur,

270 3407 402 3473 juxta
433 3413 573 3477 quod
619 3412 722 3467 sibi
756 3415 918 3469 ctiam
956 3416 1244 3483 peculiaris
1279 3428 1383 3474 est.
1420 3418 1550 3474 ideo
1577 3430 1630 3475 et
1656 3421 1724 3475 ab
1748 3440 1817 3480 eo

274 3500 616 3569 profunditur,
643 3507 1095 3574 quemadmodum
1121 3525 1186 3566 ex
1222 3508 1331 3566 Deo
1357 3520 1411 3565 et
1434 3512 1614 3581 Patre,
1642 3516 1816 3575 haeres

270 3591 395 3644 enim
438 3604 794 3660 paternorum
831 3597 1094 3653 bonorum
1127 3607 1237 3662 est,
1274 3610 1327 3654 et
1362 3603 1610 3671 proprius
1643 3605 1815 3675 ipsius

274 3689 362 3742 est,
393 3692 573 3751 utpote
631 3700 726 3752 per
771 3685 944 3754 ipsum
1001 3690 1318 3744 naturaliter
1346 3690 1624 3761 prodiens,
1664 3706 1718 3753 et
1748 3713 1812 3755 ex

276 3770 377 3835 ipso
423 3776 717 3834 exsistens.
775 3774 965 3854 igitur,
1006 3779 1109 3834 etsi
1158 3784 1404 3851 procedit
1433 3800 1497 3840 ex
1540 3787 1720 3854 Patre,
1762 3799 1817 3844 at

274 3878 427 3930 neque
462 3880 491 3918 a
528 3864 672 3920 Filio
703 3866 937 3922 alienum
974 3877 1187 3939 oportet
1214 3874 1484 3929 aestimare
1516 3876 1810 3934 secundum

271 3972 376 4009 cum
423 3974 582 4027 quem
633 3962 978 4029 praediximus
1015 3960 1255 4019 modum.
1309 3958 1589 4024 Procedit
1618 3970 1815 4043 quippe

272 4061 352 4114 per
381 4047 598 4105 Filium.
629 4046 932 4108 Procedcre
983 4066 1163 4109 autem
1198 4056 1341 4125 quod
1387 4060 1607 4125 dicitur,
1649 4063 1810 4116 etiam

274 4155 353 4206 per
382 4141 569 4199 Filium
604 4146 971 4215 consequitur.
1022 4146 1194 4203 Aliter
1222 4149 1363 4204 enim
1394 4162 1499 4207 uOn
1542 4152 1813 4209 diceretur

273 4244 325 4282 ex
359 4232 506 4290 Patre
542 4240 854 4306 procedere.
1044 4232 1045 4235 “

334 4366 620 4425 Attestatur
665 4379 719 4426 et
753 4373 836 4428 bis
884 4389 1111 4444 magnus
1156 4374 1403 4446 Basilius,
1451 4395 1573 4437 cum
1625 4384 1807 4441 dicit:

277 4452 412 4512 illius
436 4462 646 4528 quidem
669 4464 738 4515 ad
774 4463 986 4520 Patrem
1010 4469 1385 4536 propriarutenr
1412 4473 1647 4543 intelligo
1676 4486 1809 4545 quo-

273 4546 399 4600 niam
424 4554 657 4618 procedit
689 4571 754 4608 ea:
791 4553 991 4622 Patre;
1039 4560 1117 4611 ad
1144 4559 1344 4614 Filium
1383 4579 1521 4625 vero,
1562 4568 1813 4631 quoniam

275 4639 433 4693 audiri
455 4655 474 4694 :
505 4660 526 4695 s
560 4640 621 4698 Si
652 4645 766 4711 quis
794 4644 1054 4714 Spiritum
1102 4649 1301 4704 Christi
1328 4668 1435 4706 non
1484 4654 1663 4719 habet,
1710 4671 1812 4712 non

276 4731 467 4796 rstejas
494 4733 562 4787 “.
596 4752 615 4786 ι
665 4735 729 4788 Et
758 4736 888 4791 illud
930 4737 1160 4809 :Neque
1205 4742 1342 4794 enim
1383 4743 1555 4798 minus
1613 4746 1812 4814 aliquid

276 4837 467 4879 eramus
500 4828 734 4880 habituri
765 4829 835 4881 ad
869 4836 1301 4900 cognoscendum,
1329 4833 1585 4903 Spiritum
1616 4854 1681 4891 ea:
1705 4839 1825 4894 Deo"

276 4925 385 4975 esse,
420 4914 675 4981 Spiritum
710 4912 817 4973 oris
845 4921 957 4988 ejus
983 4923 1253 4977 audientes
1283 4936 1437 4989 eum;
1466 4930 1557 4981 sed
1594 4929 1812 4998 sumsis-

276 5001 352 5055 ιιι
389 5016 432 5059 et
468 5009 565 5061 hoc
593 5024 778 5063 nam
838 5013 909 5065 ad
960 5014 1360 5081 iusiuuandstm,
1404 5019 1571 5086 ipsius
1602 5035 1667 5073 ea:
1705 5020 1811 5076 Deo

275 5105 368 5150 «se
388 5100 754 5156 substantiam.
1134 5120 1167 5140 ·

331 5211 483 5270 Porro
515 5214 693 5271 Patris
744 5229 809 5272 os
856 5217 1024 5276 Filius
1074 5231 1177 5284 est,
1224 5232 1296 5276 ut
1353 5222 1545 5279 Patres
1597 5224 1807 5282 volunt.

274 5295 477 5359 Prorsus
508 5320 658 5375 vero,
687 5308 832 5377 quod
863 5320 1050 5366 sancto
1081 5312 1313 5382 Spiritui
1344 5315 1422 5368 ad
1454 5310 1672 5370 Patrem
1702 5324 1805 5382 est,

274 5406 326 5442 es
366 5392 513 5452 Patre
539 5399 839 5466 procedere,
883 5398 1177 5473 Patrisque
1201 5404 1462 5474 Spiritum
1492 5407 1596 5461 dici
1626 5423 1640 5464 :
1668 5407 1799 5473 hoe,

275 5490 319 5533 et
362 5486 421 5537 ad
450 5485 662 5553 Filium,
694 5491 762 5545 ab
796 5489 933 5560 ipso
965 5494 1228 5564 accipere,
1263 5506 1320 5552 et
1370 5496 1579 5564 audire,
1611 5509 1665 5553 et
1698 5514 1803 5553 cae-

276 5580 388 5641 tera,
418 5594 533 5647 quae
566 5581 683 5637 Filii
714 5583 971 5651 Spiritum
998 5601 1119 5643 esse
1149 5591 1551 5669 commendant.
1586 5589 1717 5645 Nam
1750 5600 1806 5647 et

275 5674 300 5713 tt
338 5664 480 5724 Patre
510 5673 802 5740 procedere
830 5676 972 5746 quod
1023 5679 1220 5735 dicitur
1262 5694 1291 5734 a
1337 5666 1507 5738 Patre
1558 5684 1802 5752 accipere

371 5848 410 5879 ⁸⁸
442 5850 594 5906 Itoni.
629 5868 747 5920 vm,
782 5854 836 5910 9.

1923 3293 2229 3359 rationem,
2298 3299 2412 3353 sive
2468 3305 2906 3374 cooperationetn
2972 3313 3213 3378 personis
3270 3315 3483 3401 divisit;

1927 3398 2099 3452 neque
2150 3388 2292 3439 enim
2350 3389 2557 3460 singula
2616 3394 2804 3450 horum
2861 3398 3088 3467 singulis
3131 3388 3483 3473 personarum

1927 3476 2095 3544 magis
2151 3482 2366 3549 praprie
2424 3490 2920 3556 accommodantur,
2974 3508 3137 3563 quam
3192 3501 3413 3571 reliquis
3465 3520 3479 3559 :

1924 3580 2129 3632 verum,
2183 3571 2361 3625 omnia
2413 3581 2746 3635 conveniunt
2805 3584 3052 3655 singulis,
3110 3590 3217 3644 imo
3268 3605 3322 3647 et
3372 3603 3480 3650 tota

1926 3658 2183 3729 Trinitas,
2219 3674 2279 3718 ut
2309 3679 2448 3722 unus
2480 3667 2620 3726 Deus
2653 3672 2900 3742 inspirat,
2925 3686 2979 3732 et
3022 3680 3121 3735 sibi
3158 3682 3293 3738 bene
3335 3700 3481 3740 com-

1927 3750 2099 3818 placet
2145 3752 2197 3807 iu
2226 3754 2404 3821 bonis,
2440 3772 2493 3813 et
2526 3763 2883 3834 quodcunque
2912 3768 3297 3829 inchoantibus
3331 3778 3481 3844 adju-

1922 3840 2027 3894 trix
2084 3853 2186 3897 est.
2245 3845 2417 3914 Atque
2468 3852 2664 3920 ubique
2721 3858 2934 3924 penitus
2969 3874 3195 3930 quaeque
3228 3840 3481 3934 personis

1925 3933 2275 4003 assignantur
2321 3948 2380 3992 ut
2413 3944 2654 4010 propria,
2688 3946 2807 4002 sine
2854 3950 2959 4003 ulla
2993 3933 3258 4010 varietate
3282 3972 3482 4015 conre-

1925 4021 2076 4077 nient
2128 4038 2145 4082 :
2195 4027 2284 4080 ubi
2341 4042 2451 4083 non
2520 4020 2815 4101 opponitur
2880 4041 3162 4098 relationis
3226 4047 3479 4117 obiectio.

1920 4118 2370 4187 quemadmodum
2401 4127 2680 4190 processio
2734 4130 2987 4197 Spiritus,
3018 4134 3138 4189 Filii
3173 4138 3237 4191 ad
3265 4140 3476 4196 Patrem

1920 4206 2165 4262 relationi
2216 4209 2346 4265 nihil
2396 4213 2597 4281 obstat,
2631 4227 2688 4272 ut
2738 4221 2787 4274 iu
2842 4229 3195 4293 sequentibus
3247 4232 3480 4290 lucidius

1921 4300 2329 4356 monstrabitur.

1992 4383 2143 4457 Quod
2185 4392 2228 4447 si
2271 4397 2562 4467 procedere
2594 4400 2762 4470 ipsam
2796 4406 3108 4478 dictionem,
3134 4427 3254 4482 qua:
3294 4415 3481 4474 Grzece

1916 4482 2314 4553 ἐκπορεύεσθαι
2365 4488 2582 4559 dicitur,
2622 4496 2674 4549 in
2710 4497 2844 4555 Filio
2868 4500 3148 4570 inquirunt
3186 4520 3202 4559 :
3244 4509 3477 4576 primum

1917 4574 2133 4645 quidem
2194 4579 2435 4646 pluribus
2486 4599 2647 4654 supra
2703 4590 3001 4648 rationibus
3050 4574 3323 4654 ostensum
3374 4588 3501 4669 est,‘

1916 4668 2062 4736 quod
2105 4670 2205 4723 alia
2263 4684 2477 4743 quoque
2518 4677 2679 4732 verba
2743 4682 2845 4738 hoc
2900 4684 3076 4752 ipsum
3130 4668 3479 4753 nihilominus

1914 4760 2239 4830 signiﬁcant.
2282 4764 2504 4834 Deinde,
2547 4770 2670 4839 quia
2700 4781 2753 4826 et
2776 4789 2803 4826 a
2835 4778 3039 4832 sanctis
3065 4794 3276 4852 quoque
3300 4760 3476 4854 pesiia

1915 4862 1999 4908 est
2050 4854 2359 4923 bujusmodi
2420 4858 2605 4915 dictio.
2660 4862 2767 4918 Sed
2805 4872 2858 4919 et
2921 4867 3120 4937 ipsum,
3174 4870 3318 4941 quad
3383 4892 3478 4945 per

1913 4939 2107 4999 Filium
2150 4949 2443 5016 procedere
2470 4951 2686 5018 dicitur,
2722 4966 2751 5007 ε
2798 4955 3056 5016 Patribus
3097 4939 3478 5021 mtnmendare

1918 5037 2132 5103 subicit,
2185 5039 2326 5107 quod
2365 5043 2525 5097 etiam
2579 5027 2824 5115 procedit
2855 5065 2921 5105 ex
2964 5051 3125 5109 Filio.
3156 5055 3472 5127 Quanquam

1917 5131 2114 5198 quibus
2164 5145 2269 5187 non
2328 5134 2584 5203 sufﬁciat,
2619 5141 2759 5209 quod
2805 5157 2868 5196 ex
2917 5143 3058 5199 Filio
3092 5146 3329 5216 Spiritus
3352 5165 3476 5205 esse

1917 5234 2137 5280 sanctus
2182 5228 2421 5283 dicitur?
2466 5246 2588 5285 eum
2637 5236 2808 5290 sancti
2844 5237 2947 5293 hoc
2978 5240 3226 5308 plurimis
3259 5244 3308 5298 in
3341 5246 3477 5301 locis

1917 5316 2167 5386 dixerint,
2216 5334 2338 5373 cum
2388 5322 2453 5376 de
2503 5327 2879 5392 persooaiibus
2928 5331 3242 5390 substantiis
3294 5335 3473 5392 disse»

1864 5446 1867 5447 ν
1914 5421 2146 5466 rerent:
2204 5413 2534 5485 vetitumque
2565 5430 2699 5485 esse,
2754 5421 3145 5477 substantirttm
3194 5440 3321 5480 cum
3376 5430 3470 5497 sit,

1910 5504 2085 5573 magis
2144 5505 2308 5561 etiam
2365 5506 2662 5579 cuiuspiam
2736 5527 2802 5571 ex
2865 5513 3049 5585 aliquo
3113 5518 3470 5579 substantiam

1910 5598 2217 5665 exprimere
2248 5599 2435 5670 possit,
2480 5600 2632 5668 juxta
2686 5600 2895 5660 scilicet
2945 5610 3150 5680 proprii
3178 5622 3471 5684 processu;

1914 5687 2212 5744 terminum.
