4010 6586
451 436 567 502 an
593 407 598 414 ’

1721 412 2115 475 MANUELIS
2141 412 2446 475 CALECRE

3603 395 3707 460 112

541 547 807 602 Praeterea
841 546 1056 596 cenem
1091 550 1156 590 ex
1192 527 1583 602 superioribus,
1607 523 1750 594 quod
1795 522 2025 577 dicimus
2053 523 2098 581 Α
2131 523 2258 576 lima
2332 525 2588 595 (actione)
2665 518 3157 578 eminentissimum
3220 512 3482 572 Ecclesia:
3539 509 3716 580 magi-

472 642 525 695 iu
565 637 705 692 Filio
760 645 986 689 manere
1021 627 1302 696 Spiritum,
1340 621 1482 692 quod
1523 617 1744 689 quidam
1775 615 1862 669 liis
1893 611 2030 682 obji-

457 735 627 788 ciunt
649 769 666 795 ,
689 727 780 798 qui
809 725 970 779 etiam
993 736 1056 774 es
1089 717 1228 772 Filio
1256 713 1559 786 proferunt,
1587 708 1719 765 nihil
1743 723 1838 764 eos
1859 706 2032 787 juvat.

468 783 766 893 ᾇιῖἷέιιξιη
800 824 856 871 et
908 828 976 869 ex
1019 810 1156 865 Filio
1193 783 1456 876 Spiritum
1491 804 1696 863 dicunt,
1726 810 1779 856 et
1811 783 1865 854 in
1899 797 2038 852 Filio

475 889 632 984 iunge
656 911 804 982 prius
825 905 1150 962 conﬁtentur
1170 914 1434 969 ;namque
1461 905 1516 951 et
1535 894 1728 956 sancti,
1747 900 1802 948 et
1825 893 1877 944 in
1900 889 2039 944 Filio

475 1011 687 1071 dicunt;
741 1012 796 1056 et
849 1014 945 1071 per
1011 999 1212 1067 ipsum,
1267 1001 1322 1049 et
1358 1007 1423 1046 ex
1479 991 1594 1058 ipso
1630 1003 1761 1050 esse,
1814 985 2037 1038 addunt.

475 1098 660 1168 Neque
693 1097 794 1150 hoc
823 1094 1020 1153 solum,
1043 1087 1136 1143 sed
1163 1095 1220 1141 et
1246 1085 1297 1138 in
1325 1083 1505 1146 Patre,
1535 1087 1590 1134 et
1620 1080 1671 1132 in
1702 1076 1836 1130 Filio
1865 1072 2040 1142 Spiri-

478 1205 590 1247 tum
633 1199 879 1245 sanctum
932 1196 1178 1238 manere.
1232 1177 1387 1233 Sicut
1423 1183 1603 1228 autem
1654 1171 1707 1224 in
1742 1168 1903 1222 Patre
1929 1180 2045 1218 ma-

480 1300 634 1349 nens,
675 1283 837 1335 etiam
874 1290 941 1332 ex
998 1276 1117 1344 ipso
1162 1280 1264 1333 est,
1310 1268 1392 1322 sic
1423 1274 1477 1320 et
1520 1264 1574 1318 in
1611 1260 1754 1341 Filio
1795 1269 2042 1338 manens,

479 1380 640 1433 etiam
676 1390 739 1430 ex
795 1373 913 1439 ipso
963 1375 1066 1422 est.
1119 1362 1236 1418 Non
1289 1358 1434 1413 enim
1483 1334 2045 1427 prolecto‘quispiam

481 1452 863 1537 blaspliemare
891 1458 1129 1520 audebit,
1154 1457 1224 1509 ita
1256 1452 1312 1505 in
1347 1448 1486 1511 Filio
1516 1457 1732 1499 manere
1761 1439 2044 1510 Spiritum,

471 1531 623 1618 sicui
663 1561 725 1612 "in
756 1553 1003 1624 quolibet
1037 1556 1369 1604 sanctorum,
1423 1540 1480 1594 in
1512 1536 1708 1607 quibus
1755 1531 2050 1602 requiescit

483 1655 722 1726 quidem,
750 1657 806 1703 et
833 1650 1039 1708 manet,
1072 1637 1166 1694 sed
1195 1650 1290 1707 per
1323 1630 1573 1706 gratiam,
1621 1640 1724 1682 non
1758 1639 1856 1695 per
1886 1633 2049 1679 natu-

485 1763 625 1804 ram.

557 1841 820 1893 Praeterea
875 1843 1025 1893 vero,
1075 1822 1217 1894 quod
1267 1818 1530 1891 procedit,
1585 1817 1640 1871 in
1678 1829 1764 1878 eo,
1821 1819 2052 1894 exrquo

487 1929 753 2002 procedit,
802 1924 952 1994 prius
978 1914 1277 1974 substiterit
1304 1925 1527 1966 necesse
1557 1913 1657 1962 est.
1694 1903 1876 1987 Neque
1905 1893 2048 1954 enim
2081 1882 2125 1940 Β

485 1987 551 2078 ex
592 2021 687 2074 illo
717 2018 876 2070 aliter
899 2009 1238 2088 procederet.
1270 2001 1326 2055 lu
1358 1999 1554 2055 divinis
1577 2004 1756 2051 autem
1780 1987 2050 2062 personis,
2099 2032 2112 2066 ,ἲ

480 2115 648 2174 .simul
696 2123 753 2168 et
810 2110 864 2163 in
897 2108 1034 2176 ipso,
1079 2107 1134 2154 et
1180 2085 1276 2166 per
1321 2097 1516 2164 ipsum,
1561 2097 1617 2143 et
1661 2101 1728 2142 ex
1783 2085 1901 2152 ipso
1947 2087 2053 2142 est,

490 2218 713 2280 propter
747 2171 1124 2258 aeternitatem,
1165 2200 1218 2245 et
1250 2187 1392 2258 quod
1444 2182 1555 2238 illic
1592 2175 1845 2247 tempori;
1874 2171 2056 2227 nullus

495 2267 644 2352 locus
673 2296 762 2349 sit.
796 2290 948 2344 Sicut
995 2298 1125 2355 ergo
1161 2280 1333 2336 Filius
1367 2277 1419 2330 in
1473 2273 1636 2328 Patre
1665 2267 1940 2323 exsistens
1990 2278 2057 2317 ex

493 2406 608 2460 ipso
635 2397 739 2450 est,
770 2393 824 2440 et
849 2379 1086 2451 Spiritus
1108 2382 1331 2430 sanctus
1357 2365 1633 2428 similiter;
1667 2359 1781 2429 pari
1814 2355 2059 2428 profecto

463 2446 730 2543 ratione,
763 2484 816 2529 et
851 2446 917 2528 de
968 2465 1251 2525 mansione
1293 2457 1468 2518 sancti
1519 2453 1759 2525 Spiritus
1811 2449 1865 2503 in
1919 2446 2060 2502 Filio

497 2573 803 2629 dicendum.

567 2666 632 2720 Et
647 2669 750 2716 est
770 2657 1007 2727 quidem
1036 2653 1088 2706 id
1137 2662 1347 2711 verum,
1380 2637 1520 2714 quo'd
1565 2639 1638 2693 ait
1669 2636 1826 2692 divus
1857 2631 2060 2700 Diony-

473 2759 639 2820 -sius,
683 2751 827 2822 quod
847 2748 1058 2802 divinae
1113 2738 1423 2796 substantiae
1453 2735 1505 2789 in
1545 2731 1774 2787 invicem
1833 2725 2066 2780 circum-

499 2847 783 2912 eunt,ssed
832 2856 936 2897 non
1000 2836 1202 2890 idcirco
1258 2827 1506 2885 confusio
1551 2832 1655 2887 est,
1715 2832 1890 2888 neque
1933 2815 2065 2870 hinc

495 2937 802 2998 immobilis
829 2932 962 2986 ordo
986 2923 1314 2998 pervertitur
1343 2937 1357 2975 :
1403 2913 1582 2986 Neque
1624 2926 1829 2966 necesse
1861 2906 2065 2960 Filium

501 3039 562 3089 in
586 3031 788 3101 Spiritu
828 3039 943 3078 cum
976 3021 1223 3080 dicimus,
1253 3013 1411 3068 etiam
1445 3025 1510 3064 ea:
1550 3005 1757 3075 Spiritu
1805 3016 1915 3056 esse
1944 3014 2070 3052 cou-

476 3090 662 3197 .ﬁteri,
704 3130 763 3175 ut
796 3113 1089 3183 Gregorius
1121 3109 1392 3178 Nyssenus
1426 3103 1545 3156 ait:
1590 3096 1714 3162 Sed,
1752 3102 1829 3148 est
1858 3090 2066 3160 quidem

2132 623 2341 680 .strum,
2373 631 2436 671 ac
2463 625 2711 672 sanctum
2739 614 3125 684 praedicarunt.

2219 705 2324 762 Sed
2371 714 2427 762 et
2451 708 2518 763 dc
2550 706 2942 778 pramoniinato
2983 708 3175 758 sancto
3213 697 3499 752 Anastasio
3521 688 3718 746 Antio-

2146 802 2321 858 cheno
2347 800 2675 870 patriarcha,
2697 807 2849 854 sexta
2872 796 3128 865 synodus,
3151 791 3231 846 sic
3248 791 3358 844 ait:
3389 783 3716 848 Suscipimus

2146 902 2389 948 sanctum
2449 889 2790 944 Anastasium
2851 897 2992 941 recta
3048 885 3150 953 ﬁde
3195 878 3593 949 respondentem
3622 887 3716 941 pro

2148 995 2288 1052 tomo
2314 983 2503 1046 sancti,
2529 999 2592 1036 ac
2617 981 2924 1036 uenerabilis
2949 976 3113 1046 Papa
3138 975 3350 1030 Leonis.
3380 972 3458 1025 Ac
3480 981 3672 1024 rursus
3699 984 3714 1019 :
3801 957 3814 964 ’

2151 1078 2407 1133 Sanctum
2441 1075 2678 1129 nominat
2713 1071 2902 1127 Oriens
2950 1055 3090 1124 totus
3129 1069 3265 1120 hunc
3293 1071 3490 1118 sancta:
3525 1075 3721 1115 memo—

2151 1170 2245 1221 τετε
2306 1167 2670 1225 Anastasiuns.
2715 1163 2808 1229 qui
2863 1161 2964 1230 fuit
3029 1157 3324 1214 Antiochiae
3375 1151 3722 1219 archiepiscoo

2151 1277 2270 1330 pus,
2319 1269 2368 1314 et
2406 1260 2497 1329 qui
2549 1273 2667 1312 eum
2721 1271 2825 1309 non
2881 1252 3125 1320 suscipit,
3174 1249 3316 1303 Deus
3364 1242 3718 1300 anathemati-

2151 1361 2255 1406 set.
2417 1315 2430 1329 υ
3027 1315 3036 1320 ⁷
3112 1315 3115 1316 ν
3351 1408 3354 1411 _
3809 1315 3820 1322 κ

2229 1443 2462 1499 Sanctus
2520 1441 2685 1512 igitur
2743 1437 3002 1500 Hilarius,
3041 1433 3294 1501 antiquus
3342 1428 3526 1493 Pater,
3560 1433 3724 1493 atque

2155 1532 2510 1598 venerabilis,
2536 1542 2593 1586 et
2614 1529 2830 1585 dicendi
2868 1527 2940 1592 vi,
2973 1536 3028 1580 et
3052 1523 3407 1596 pliilosOpbiae
3429 1518 3643 1579 studiis,
3668 1526 3727 1568 et

2158 1623 2446 1693 tbeologite
2475 1621 2835 1685 sublimitate,
2863 1626 2919 1674 et
2940 1617 3062 1671 vita:
3092 1613 3377 1676 munditia,
3401 1619 3454 1664 et
3485 1608 3726 1662 miracu-

2159 1715 2333 1770 lorum
2366 1711 2674 1769 ostensione
2727 1710 2965 1774 ma,xime
3008 1707 3211 1769 clarus,
3273 1703 3368 1768 ita,
3424 1710 3484 1756 ut
3535 1699 3727 1753 beatus

2158 1806 2489 1880 Augustinus
2528 1805 2594 1860 de
2642 1803 2733 1858 illo
2779 1803 2928 1857 dicat
2972 1817 2988 1855 :
3031 1797 3230 1853 Mirum
3291 1810 3442 1857 sane,
3501 1791 3549 1845 si
3603 1790 3727 1858 quis

2156 1899 2426 1954 Hilarium
2481 1897 2652 1965 legens
2701 1911 2805 1949 non
2857 1893 3156 1946 admiratur
3202 1903 3320 1942 cum
3372 1885 3454 1938 his
3531 1882 3624 1953 qui
3672 1881 3730 1934 in

2156 1989 2344 2044 Nicaea
2398 1995 2768 2043 convenerunt.
2825 1983 2933 2038 Pro
2993 1980 3252 2050 Unigeaiti
3313 1976 3482 2047 gloria
3543 1981 3731 2028 contra

2155 2083 2341 2136 Arium
2372 2097 2634 2149 pugnans.
2677 2077 2754 2132 ait
2794 2075 2848 2130 in
2889 2075 3129 2129 secundo
3165 2069 3238 2124 De
3276 2067 3539 2123 Trinitate
3561 2063 3730 2128 libro,

2156 2187 2315 2243 quem
2395 2179 2584 2226 contra
2635 2167 2824 2220 Arium
2885 2171 2939 2217 et
2999 2160 3294 2216 Sabellium
3351 2152 3730 2222 conscripsit:

2157 2264 2432 2320 Credimus
2483 2270 2719 2315 sanctam
2765 2255 3102 2319 Trinitatem,
3146 2251 3244 2304 Itoc
3287 2259 3362 2304 est
3408 2234 3649 2306 Patrem,
3681 2250 3733 2297 et

2161 2353 2386 2417 Filium,
2421 2353 2470 2405 el
2513 2349 2762 2419 Spiritum
2799 2356 3061 2406 sanctum,
3092 2356 3254 2396 unum
3294 2338 3457 2392 Deum
3496 2335 3738 2402 omnipo-

2160 2454 2368 2508 tentem,
2429 2444 2583 2496 unius
2646 2439 2906 2500 essentiw,
2966 2436 3122 2498 unius
3181 2429 3515 2492 substantiae,
3575 2428 3735 2480 unius

2161 2538 2427 2606 potentitc,
2460 2545 2750 2588 creatorem
2807 2529 3036 2584 omnium
3081 2535 3444 2580 creaturarum
3477 2536 3588 2585 με
3633 2534 3737 2588 quo

2164 2629 2362 2691 omnia,
2397 2642 2489 2695 per
2509 2641 2657 2693 quem
2689 2623 2889 2687 omiiia,
2920 2621 2972 2673 in
3011 2634 3112 2687 quo
3140 2616 3339 2670 omnia.
3380 2611 3597 2667 Patrem
3633 2626 3737 2664 non

2165 2722 2229 2776 ab
2290 2720 2418 2784 alio,
2455 2717 2652 2771 Filium
2694 2731 2755 2769 ex
2785 2712 2944 2766 Patre
2976 2711 3228 2781 genitum,
3266 2707 3428 2762 Deum
3469 2720 3646 2760 verum
3675 2704 3740 2756 de

2169 2813 2272 2867 Deo
2302 2828 2440 2876 vero,
2473 2810 2644 2861 lumen
2679 2821 2873 2870 verum,
2915 2820 2979 2858 ea:
3009 2804 3201 2855 lumine
3229 2815 3370 2865 vero,
3401 2787 3514 2852 non
3562 2807 3738 2850 tamen

2147 2890 2270 2960 ‘duo
2299 2903 2522 2963 lumina,
2560 2900 2649 2954 sed
2681 2913 2839 2951 unum
2881 2895 3096 2947 lumen:
3140 2891 3402 2959 Spiritum
3431 2895 3676 2942 sanctum
3703 2901 3735 2937 α

2170 2997 2354 3059 Patre,
2387 3005 2434 3048 et
2469 2992 2599 3048 Filio
2633 2991 2908 3058 (equaliter
2957 2987 3338 3056 procedentem,
3395 2981 3742 3035 consubstan-

2172 3088 2348 3141 tialem
2376 3093 2424 3136 et
2469 3093 2784 3135 cowternum
2823 3077 2972 3132 Patri
2999 3085 3046 3128 et
3091 3074 3252 3136 Filio,
3294 3071 3454 3125 Pater
3483 3071 3535 3123 in
3570 3069 3739 3135 seipse

695 3161 761 3266 ,ξι
796 3161 992 3271 pug,
1025 3161 1185 3258 ,εξελί
1201 3195 1533 3270 pulchritudo
1566 3187 1809 3258 imagini.
1860 3187 1917 3239 in
1953 3182 2070 3254 pri-
2097 3216 2142 3278 ϐ
2171 3178 2355 3246 plenus
2390 3174 2552 3236 Deus,
2603 3170 2776 3225 Filius
2825 3167 3009 3236 plenus
3043 3163 3178 3218 Deus
3210 3179 3274 3216 ex
3319 3161 3477 3214 Patre
3506 3161 3740 3230 genitus,

2018 3276 2027 3278 μ
2187 3269 2217 3278 η
2261 3271 2272 3278 -
2313 3268 2323 3278 -
2724 3259 2737 3278 .
2808 3276 2858 3278 η
2895 3274 2945 3278 -_
2993 3255 3146 3278 ..μμ
3201 3264 3242 3278 ,,
3279 3253 3405 3278 νειμ
3432 3251 3717 3278 “unum

503 3311 685 3365 mitiva
718 3306 889 3376 {arma
940 3300 992 3352 in
1027 3294 1242 3366 propria
1277 3287 1522 3359 imagine.
1553 3282 1706 3337 idem
1758 3292 1886 3334 vero
1916 3287 1970 3332 et
2017 3276 2067 3329 in

480 3402 662 3462 -Filio,
697 3407 750 3452 et
783 3391 990 3458 Spiritu
1021 3385 1331 3442 dicendum.

559 3491 844 3560 .Quouiam
871 3486 1033 3555 igitur
1067 3483 1134 3537 ab
1162 3474 1454 3535 Orientalis
1489 3471 1744 3526 Ecclesim
1779 3463 2069 3537 magistris,

495 3602 570 3639 ex
630 3580 769 3636 Filio
819 3591 976 3638 esse,
1036 3587 1098 3626 ac
1153 3567 1449 3637 procedere
1507 3563 1766 3632 Spiritum
1821 3569 2069 3612 sanctum

509 3674 770 3728 traditum
805 3664 1071 3726 constitit,
1107 3660 1230 3714 licet
1275 3655 1506 3725 plurima
1544 3653 1742 3706 omissa
1775 3650 1917 3712 sint,
1955 3661 2075 3718 quae

511 3763 690 3822 allerri
723 3766 976 3830 poterant
1005 3753 1070 3806 ad
1103 3751 1206 3804 hoc
1236 3747 1409 3816 ipsum
1455 3741 1906 3807 asseverandum;
1935 3753 2077 3795 nunc

505 3858 617 3923 jam
644 3862 699 3908 et
727 3829 796 3904 ab
825 3846 869 3902 Ο
904 3840 1186 3900 cidentalis
1209 3835 1466 3893 Ecclesiae
1493 3832 1823 3896 doctoribus,
1853 3840 1908 3883 ut
1936 3829 2086 3889 idem

512 3958 756 4004 astruere
783 3944 1046 4001 nitamur,
1078 3933 1428 3987 admonemur
1459 3945 1476 3982 :
1506 3935 1563 3980 ut
1600 3925 1703 3987 bis,
1731 3923 1822 3992 qui
1861 3931 2078 3977 contra-

511 4043 697 4096 dicere
728 4035 994 4093 nituntur,
1019 4025 1164 4080 nulla
1189 4021 1300 4091 jam
1336 4017 1615 4074 excusatio
1645 4017 1848 4084 reliqua
1877 4014 1967 4067 sit.
2003 4015 2078 4067 Ac

491 4135 689 4203 .primo
745 4127 984 4197 quidem,
1037 4126 1293 4187 quantam
1334 4111 1440 4165 illis
1499 4102 2078 4182 universalessyuodi

491 4197 872 4280 .reverentiam
940 4210 1429 4275 auctoritatemque
1477 4197 1857 4271 prmstitériut,
1889 4204 1944 4250 et
1975 4208 2080 4264 qua

521 4316 622 4370 lide
687 4314 895 4368 illorum
951 4305 1093 4360 dicta
1150 4295 1349 4366 suscipi
1415 4291 1737 4356 conveniat,
1806 4286 2085 4342 insinuan-

492 4417 666 4466 ~dum.

591 4481 788 4554 Sancta
824 4493 1010 4563 igitur,
1060 4493 1224 4553 atque
1269 4476 1591 4544 universalis
1632 4473 1818 4544 quinta
1847 4467 2085 4540 synodus

517 4589 769 4662 ingestis
798 4560 910 4638 suis
943 4582 1016 4634 ita
1059 4583 1229 4632 tenue
1277 4573 1342 4626 ad
1371 4570 1619 4631 verbum,
1664 4565 1739 4618 ait
1767 4580 1782 4616 :
1810 4560 2089 4630 Sequimur
2119 4564 2163 4618 D

505 4688 577 4738 .in
606 4649 850 4736 omnibus
889 4684 1100 4728 sanctos
1145 4667 1366 4728 .Patref,
1403 4678 1465 4716 ac
1496 4659 1736 4713 doctores
1767 4663 1960 4707 sancta
1993 4649 2088 4703 Dei

493 4772 800 4831 .Ecclesiw,
836 4763 1209 4822 Athanasium,
1242 4755 1534 4812 Hilarium,
1569 4747 1853 4809 Basiliam,
1895 4740 2088 4809 Grego-

515 4871 662 4918 rium
693 4857 1027 4925 Theologum,
1055 4847 1358 4917 Gregorium
1383 4841 1704 4910 Nysscnum,
1731 4831 2088 4894 Ambrosium,

526 4922 902 5026 Augustinum,
948 4941 1312 5010 TheOphilum,
1345 4931 1626 5004 Cyrillum,
1650 4929 1910 4981 Joannem
1949 4922 2091 4979 Cort-

517 5041 1077 5110 stantinOpolitanum,
1105 5033 1348 5110 Leonem,
1377 5023 1643 5083 Proclum,
1675 5029 1724 5074 et
1752 5017 1948 5076 omnia,
1977 5029 2095 5083 quia

527 5146 591 5196 ab
624 5141 699 5194 eis
727 5137 789 5192 de
817 5133 921 5204 ﬁde
955 5139 1119 5187 recta,
1164 5105 1317 5179 et‘ad
1343 5114 1842 5195 condemnationem
1887 5098 2068 5163 ltwreti

425 5235 432 5240 ’
509 5245 713 5290 .corunt
745 5203 1043 5291 conscripta
1067 5226 1212 5282 sunt,
1235 5213 1572 5280 suscipimus.
1608 5207 1743 5272 lum,
1771 5215 1823 5258 et
1853 5203 1906 5256 in
1939 5216 2091 5272 synoo

501 5323 673 5387 ~dico,
723 5318 868 5387 quod
922 5313 1139 5373 dicitur,
1220 5306 1567 5361 anathemate
1619 5291 1948 5368 plectuntur,
2006 5295 2097 5363 qui

522 5414 816 5483 praedictos
851 5407 1104 5460 doctores
1141 5415 1247 5455 nou
1303 5398 1634 5464 suscipiunt,
1689 5405 1860 5459 nequc
1917 5387 2097 5441 ornuia

535 5480 657 5575 ilum
713 5503 782 5556 ab
819 5499 912 5552 .eis
966 5495 1169 5562 scripta
1225 5500 1372 5552 sunt,
1413 5486 1762 5542 conﬁtentur.
1828 5480 2101 5547 Praecipue

509 5612 668 5673 ‘vero
710 5589 1070 5658 Augustinum
1101 5595 1304 5641 sancta:
1335 5577 1668 5636 universales
1711 5573 1922 5646 synodi,
1957 5581 2017 5626 ut
2047 5575 2100 5623 tu

533 5703 724 5746 carum
760 5685 925 5756 gestis
953 5690 1184 5747 constat,
1219 5678 1374 5734 tertia
1408 5673 1637 5739 scilicet,
1674 5676 1827 5732 sexta
1885 5675 1940 5721 et
1982 5679 2103 5732 sep-

575 5865 628 5898 ⁴⁹
659 5861 816 5920 Joan.
845 5877 936 5928 xx,
973 5856 1066 5914 2i.

2177 3268 2407 3338 Spiritus
2437 3278 2648 3320 sanctus
2680 3259 2862 3329 plenus
2883 3274 2946 3312 ea:
2984 3255 3168 3320 Patre,
3193 3264 3242 3308 et
3272 3253 3407 3307 Filio
3431 3251 3740 3322 procedens.

2178 3360 2302 3416 Non
2337 3369 2509 3412 tamen
2542 3364 2644 3409 tres
2703 3353 2826 3410 deos
2879 3350 3126 3412 dicimus,
3186 3349 3276 3402 sed
3328 3361 3489 3398 unum
3550 3342 3741 3397 Deum.

2176 3452 2322 3507 ldem
2366 3449 2419 3504 in
2453 3444 2872 3502 Commentariis
2901 3441 2956 3497 in
3007 3439 3345 3510 Apostolum,
3390 3437 3457 3492 de
3486 3438 3650 3490 Patre
3681 3452 3746 3490 ac

2178 3543 2319 3598 Filio
2347 3541 2640 3602 disserens,
2660 3536 2738 3590 ait
2778 3551 2792 3589 :
2823 3533 2974 3588 Nihil
3012 3534 3064 3586 in
3103 3540 3289 3584 sancto
3319 3527 3524 3598 Spiritu
3552 3526 3747 3595 duplex

2182 3634 2422 3703 intelligi,
2451 3631 2577 3701 quin
2628 3627 2792 3681 Pater
2842 3635 2890 3679 et
2946 3623 3113 3679 Filius
3143 3622 3227 3677 illi
3261 3636 3370 3675 esse
3399 3618 3747 3689 prazbuerint.

2187 3727 2333 3784 Unde
2359 3726 2511 3779 ambo
2541 3736 2701 3776 unum
2728 3719 3040 3790 principium
3075 3716 3246 3770 sancti
3284 3709 3512 3782 Spiritus
3560 3709 3752 3762 dicun-

2183 3834 2291 3878 tur.
3027 3877 3038 3882 ί

2258 3913 2495 3967 Sanctus
2528 3907 2654 3961 item
2693 3902 3060 3971 Hieronymus
3107 3895 3341 3964 quodam
3374 3900 3426 3947 in
3461 3895 3579 3948 loco
3617 3911 3754 3964 opu-

2187 4005 2461 4064 sculorum
2519 4011 2763 4059 suorum,
2826 3993 2902 4047 ait
2947 4009 2960 4045 :
3011 3987 3241 4058 Spiritus
3279 3996 3488 4041 sanctus
3509 4002 3552 4061 ,α
3585 3983 3752 4040 Patre

2189 4115 2252 4155 ac
2317 4094 2460 4148 Filio
2518 4087 2824 4159 procedens,
2891 4097 2984 4145 per
3052 4077 3228 4132 omnia
3293 4075 3441 4129 Patri
3487 4087 3535 4131 et
3608 4074 3757 4130 Filio

2171 4186 2469 4260 ‘coa'qualis
2493 4194 2539 4239 et
2570 4191 2854 4236 coaeternus
2885 4185 2982 4230 est.

2262 4259 2499 4335 sanctus
2545 4283 2759 4341 quoque
2804 4265 3124 4320 Ambrosius
3172 4261 3594 4316 Mediolanensis
3640 4259 3762 4329 epi-

2191 4383 2385 4440 SCOpus
2416 4368 2469 4420 in
2497 4365 2635 4419 libro
2667 4375 2764 4415 suo
2785 4358 2864 4412 De
2901 4356 3157 4410 Trinit'ale
3189 4355 3266 4409 ait
3297 4373 3312 4410 :
3361 4353 3666 4425 Non‘quasi
3694 4367 3764 4406 ea:

2192 4465 2306 4518 loco
2337 4459 2564 4513 mittitur
2597 4453 2845 4521 Spiritus,
2889 4463 3050 4516 neque
3079 4447 3231 4516 quasi
3263 4446 3330 4500 de
3351 4446 3476 4499 loco
3522 4444 3764 4512 procedit

2194 4574 2226 4610 a
2277 4552 2418 4606 Filio
2472 4548 2778 4617 procedens.
2839 4541 2984 4595 Idem
3025 4538 3099 4592 -in
3156 4539 3393 4592 secundo
3444 4537 3510 4591 de
3569 4546 3763 4604 sancto

2194 4647 2397 4718 Spiritu
2430 4641 2589 4704 libro,
2613 4638 2725 4691 ait:
2762 4634 2913 4700 Quod
2941 4648 3008 4686 ccc
3034 4631 3212 4701 aliquo
3242 4639 3336 4694 est,
3365 4639 3456 4682 aut
3484 4644 3549 4681 ea:
3581 4643 3760 4680 essen-

2196 4742 2271 4794 tia
2296 4735 2528 4808 quidem,
2561 4731 2722 4786 veluti
2751 4744 2868 4781 cum
2901 4723 3077 4778 Filius
3109 4739 3174 4777 ea:
3210 4721 3390 4787 Patre,
3413 4721 3494 4775 vel
3525 4719 3763 4787 Spiritus

2197 4841 2412 4886 sanctus
2441 4842 2507 4880 ea:
2540 4823 2701 4877 Patre
2729 4832 2779 4874 et
2810 4819 2969 4874 Filio.
3002 4815 3087 4872 Ex
3117 4823 3369 4886 potestate
3399 4822 3576 4866 autem
3604 4812 3766 4865 sicuti

2195 4940 2260 4979 ex
2298 4909 2404 4975 Deo
2435 4917 2632 4972 omnia.

2271 5011 2506 5068 Sanctus
2543 5000 2880 5070 Augustinus
2913 5006 3091 5052 autem
3123 4997 3176 5049 in
3200 4994 3294 5049 lib.
3331 5009 3385 5048 tv
3407 4995 3474 5058 de
3499 4992 3768 5049 Trinitate

2198 5105 2323 5158 ait:
2373 5098 2484 5154 Nec
2525 5109 2802 5166 possumus
2851 5091 3044 5152 dicere,
3092 5086 3230 5156 quod
3264 5085 3493 5154 Spiritus
3540 5102 3573 5137 a
3620 5083 3765 5138 Filio

2201 5212 2305 5250 non
2345 5190 2616 5262 procedat.
2659 5185 2840 5252 Neque
2863 5181 3002 5235 enim
3023 5180 3235 5249 '[rustra
3268 5177 3410 5234 idem
3433 5173 3694 5242 Spiritus,
3719 5187 3763 5228 et

2201 5288 2404 5352 Patris,
2457 5293 2504 5337 et
2559 5278 2692 5332 Filii
2739 5275 2976 5342 Spiritus
3021 5271 3243 5347 dicitur.
3300 5268 3411 5321 Nec
3445 5267 3617 5332 video,
3644 5268 3766 5334 quid

2202 5379 2350 5436 aliud
2408 5372 2706 5444 significare
2766 5367 3012 5429 uoluerit,
3068 5377 3186 5416 cum
3230 5360 3442 5431 suﬁlans
3488 5359 3544 5412 in
3579 5358 3769 5424 [aciem

2178 5468 2606 5537 discipulorum,
2634 5461 2708 5514 ait
2731 5475 2750 5513 :
2782 5476 2800 5508 ι
2827 5457 3056 5522 Accipite
3087 5453 3346 5524 Spiritum
3375 5459 3622 5504 sanctum
3647 5449 3716 5504 ⁶⁹.
3744 5467 3790 5522 s_

2209 5556 2391 5632 Neque
2441 5557 2575 5612 enim
2611 5555 2771 5621 ﬂatus
2815 5552 2903 5604 ille
2933 5562 3214 5618 corporeus
3243 5560 3360 5598 cum
3395 5558 3549 5598 sensu
3583 5556 3772 5608 corpo-

2177 5657 2396 5712 .raliter
2441 5647 2688 5718 tangendi
2747 5643 3028 5715 procedens
3085 5654 3151 5694 ea:
3201 5649 3440 5706 corpore,
3471 5632 3774 5689 substantia
