3984 6560
246 436 339 510 113

1288 438 1693 509 ADVERSUS
1735 416 2055 508 Gnaeos
2096 441 2241 507 un.
2280 443 2363 505 II.

3373 444 3501 510 1M3

246 553 453 622 Spiritus
474 552 656 607 sancti
680 552 824 622 fuit;
856 555 949 608 sed
970 556 1371 624 demonstratio,
1395 574 1486 628 per
1507 574 1792 629 congruam
1822 560 1868 620 Α
1894 558 2047 620 tiam,
2085 564 2134 608 et
2165 554 2371 623 inspira
2414 551 2562 617 milii,
2593 558 2640 606 et
2667 551 2795 607 doce
2821 568 2904 607 me
2928 568 3019 622 per
3045 554 3275 625 gratiam
3305 565 3473 621 tuam,

244 644 683 714 signiﬁcationem,
724 663 830 702 non
870 656 1077 701 tantum
1111 664 1141 702 a
1190 648 1370 714 Patre,
1408 652 1499 705 sed
1526 661 1574 704 et
1608 668 1637 703 a
1667 650 1802 704 Filio

243 739 496 806 procedere
522 738 792 809 Spiritum
822 752 1082 795 sanctum.
1118 743 1249 808 Quis
1280 745 1420 797 enim
1467 743 1802 797 dementissi-

246 848 342 885 ms
371 831 585 896 dixerit,
641 833 811 886 alium
841 834 1005 903 fuisse
1052 833 1311 902 Spiritum
1352 846 1615 901 sanctum,
1649 850 1799 905 quem

244 924 433 990 suﬁans
480 923 657 986 dedit,
710 934 760 977 et
815 924 1018 991 alium,
1066 940 1216 996 quem
1278 936 1393 994 post
1445 929 1800 980 ascensionem

243 1028 369 1067 sunt
400 1014 541 1066 misit
565 1016 593 1069 2
650 1011 800 1069 Unus
844 1017 980 1069 enim
1019 1015 1248 1084 Spiritus
1281 1026 1357 1070 est
1395 1015 1625 1085 Spiritus
1679 1014 1799 1082 Dei,

242 1104 443 1173 Spiritus
477 1094 686 1174 Patris,
722 1118 770 1161 et
802 1106 933 1162 Filii
982 1107 1215 1176 Spiritus
1250 1110 1443 1175 sancti,
1488 1110 1580 1180 qui
1608 1124 1799 1178 opera-

242 1207 314 1249 tur
335 1198 506 1250 omnia
541 1199 599 1251 in
631 1200 894 1254 omnibus.

301 1290 432 1343 Idem
493 1292 549 1344 in
604 1291 704 1346 lib.
757 1307 827 1345 ιν
883 1291 959 1346 De
999 1291 1311 1347 Trinitate:
1371 1292 1437 1345 Et
1474 1303 1646 1347 tamen
1694 1310 1798 1347 non

240 1383 419 1452 [rustra
463 1385 519 1438 in
568 1386 675 1438 hac
728 1383 991 1440 Trinitate
1031 1402 1129 1439 non
1182 1387 1379 1440 dicitur
1418 1385 1640 1439 Verbum
1679 1386 1795 1451 Dei,

240 1476 328 1528 nisi
363 1473 548 1537 Filius,
576 1479 684 1527 ‘nec
726 1471 920 1527 donum
957 1474 1072 1540 Dei,
1116 1476 1221 1529 nisi
1267 1474 1501 1545 Spiritus
1546 1485 1794 1537 sanctus;

236 1583 314 1621 nec
338 1567 397 1619 de
424 1584 526 1636 quo
557 1569 795 1636 genitum
823 1576 901 1622 est
942 1566 1192 1633 Verbum,
1231 1579 1279 1622 et
1325 1569 1390 1623 de
1427 1585 1529 1639 quo
1561 1569 1795 1636 procedit

235 1659 583 1727 principaliter
618 1657 873 1727 Spiritus,
908 1661 1011 1714 nisi
1044 1660 1181 1714 Deus
1213 1660 1395 1714 Pater.
1444 1660 1569 1714 Ideo
1619 1668 1793 1713 autem

238 1752 401 1806 addidi
425 1753 822 1823 principaliter,
845 1754 970 1823 quia
999 1763 1045 1807 et
1069 1753 1134 1807 de
1161 1752 1303 1807 Filio
1328 1753 1555 1823 Spiritus
1579 1764 1793 1808 sanctus

237 1852 486 1915 procedere
517 1848 805 1915 reperitur.
842 1846 947 1903 Sed
979 1848 1075 1900 hoc
1102 1863 1303 1917 quoque
1340 1847 1424 1900 illi
1459 1844 1619 1900 Pater
1650 1845 1792 1899 dedit

1901 652 2161 719 quomodo
2195 648 2249 699 in
2286 656 2334 700 te
2366 645 2760 715 inculpabiliter
2786 655 3026 715 oporteat
3061 648 3291 710 credere,
3332 658 3390 702 ut
3430 659 3478 703 te

1905 739 2091 802 Deum,
2140 756 2323 803 unum,
2350 748 2606 792 a'ternutn
2635 739 2872 801 sentiam,
2908 748 2956 792 et
2984 741 3467 811 incomprehensibic

1901 833 2025 886 liter
2061 834 2259 884 trinum
2297 833 2348 885 in
2380 831 2617 901 personis
2653 835 2886 907 credam,
2925 833 3135 885 Patrem
3163 824 3477 904 ingenitum,

1903 923 2101 977 Filium
2124 940 2189 977 ea:
2211 923 2365 977 Patre
2387 924 2733 992 unigenitum,
2767 912 3123 989 procedentem
3152 941 3216 977 ex
3239 927 3477 995 utrisque

1898 1024 2287 1085 permanentem
2324 1014 2580 1081 Spiritum
2610 1026 2873 1068 sanctum.

1970 1105 2114 1160 Idem
2148 1105 2202 1160 in
2235 1107 2424 1160 eodem
2448 1106 2585 1160 libro
2613 1125 2625 1161 :
2654 1107 2804 1161 Hanc
2842 1108 2998 1177 ﬁdem
3030 1127 3120 1178 per
3149 1121 3215 1177 te,
3243 1122 3291 1164 et
3322 1128 3384 1165 ea:
3406 1122 3472 1179 te,

1898 1207 1947 1253 et
1977 1200 2031 1253 in
2068 1208 2117 1253 te
2152 1198 2424 1267 conﬁteor,
2455 1216 2485 1252 o
2532 1199 2706 1265 beata,
2735 1209 2785 1255 et
2822 1200 3114 1267 benedicta,
3164 1213 3212 1257 et
3242 1205 3475 1274 gloriosa

1902 1286 2159 1354 Trinitas,
2187 1306 2216 1343 ο
2245 1305 2385 1355 vera,
2416 1299 2467 1343 et
2497 1306 2724 1355 summa,
2750 1301 2797 1345 et
2826 1304 3022 1346 azterna
3057 1296 3257 1358 unitas,
3292 1295 3471 1358 Pater,

1897 1390 1944 1435 et
1975 1379 2166 1447 Filius,
2210 1382 2266 1435 'et
2321 1380 2552 1450 Spiritus
2598 1396 2837 1450 sanctus,
2900 1387 3061 1452 Deus,
3119 1398 3165 1441 et
3216 1388 3472 1441 Dominus

1897 1469 2240 1538 Paracletus,
2274 1474 2532 1540 charitas,
2564 1478 2758 1545 gratia,
2795 1480 2940 1543 unio,
2978 1495 3099 1532 vera
3151 1480 3263 1541 lux,
3300 1498 3473 1534 rerum

1897 1565 2072 1617 lumen
2115 1581 2179 1618 ea:
2212 1581 2333 1619 vero
2365 1567 2582 1632 lumine,
2620 1586 2736 1624 t'era
2765 1570 3109 1636 illuminatio,
3147 1574 3313 1625 vivens
3346 1575 3471 1631 vita.

1900 1656 2009 1711 vita
2042 1672 2108 1710 ex
2136 1657 2358 1722 vivente,
2390 1659 2668 1713 viventium
2718 1663 3029 1730 viviﬁcatio,
3076 1663 3211 1732 fons,
3256 1666 3489 1733 ﬂuvius,

1897 1748 2061 1812 rivus,
2096 1765 2230 1802 unus
2261 1766 2327 1803 ea:
2373 1751 2539 1814 nullo,
2572 1768 2706 1805 unus
2737 1752 2801 1804 ab
2836 1770 2961 1816 uno,
3006 1770 3142 1807 unus
3188 1771 3251 1807 ex
3286 1759 3469 1808 ambo-

1897 1837 2012 1891 bus.
2063 1838 2141 1890 Ab
2190 1854 2294 1892 uno
2343 1841 2542 1906 omnia,
2589 1843 2763 1893 omnia
2810 1846 3095 1908 perustum
3134 1844 3342 1897 inuno.
3389 1847 3471 1897 Ex

238 1904 325 1991 non
347 1938 456 2006 jam
481 1904 786 2003 exsistenti,
806 1946 855 1992 et
884 1904 1125 1992 nonduin
1144 1904 1356 1993 habenti
1374 1954 1393 2001 ;
1420 1940 1510 1992 sed
1538 1937 1792 2007 quidquid
1827 1904 1868 1958 Β
1898 1930 2041 1983 nullo
2072 1931 2249 1996 Pater,
2282 1930 2344 1986 ei:
2375 1933 2560 1999 altero,
2586 1934 2747 1989 Patre
2776 1937 2989 2001 scilicet,
3019 1935 3228 2001 Filius;
3268 1954 3331 1990 ea:
3361 1955 3472 1989 am-

238 2030 474 2099 unigenito
550 2027 723 2082 Verbo
773 2028 937 2093 dedit,
994 2028 1250 2099 gignendo
1306 2027 1473 2081 dedit.
1529 2025 1617 2081 Sic
1670 2043 1792 2095 ergo

236 2138 334 2173 eum
381 2121 605 2191 genuit,
660 2132 717 2174 ut
770 2121 933 2174 etiam
986 2122 1049 2173 de
1105 2120 1201 2175 illo
1266 2122 1467 2175 donum’
1521 2135 1795 2174 commune

239 2214 528 2281 procederet,
562 2223 613 2267 et
655 2212 890 2282 Spiritus
918 2220 1129 2265 sanctus
1153 2222 1284 2266 esset
1310 2216 1606 2266 amborum.

300 2306 431 2360 Idem
454 2307 508 2360 in
545 2305 642 2361 lib.
672 2320 703 2357 ν
734 2305 810 2359 De
847 2304 1103 2359 Trinitate
1124 2320 1146 2359 :
1168 2304 1618 2370 Quemadmodum
1652 2305 1792 2359 Filio

240 2399 565 2453 substantiam
636 2408 856 2467 prastat
931 2399 1045 2451 sine
1114 2399 1269 2453 initio
1331 2400 1618 2468 temporis,
1681 2400 1795 2454 sine

242 2490 569 2545 mutabilitate
643 2500 854 2544 natura:
918 2505 984 2543 ex
1044 2488 1211 2545 Patre
1271 2492 1541 2557 nativitas,
1602 2492 1679 2544 ita
1742 2500 1792 2544 et

245 2583 447 2651 Spiritui
477 2594 673 2638 sancto
710 2568 823 2638 eise
853 2592 1068 2653 prastat
1092 2584 1205 2638 sine
1234 2582 1495 2653 principio
1524 2584 1790 2651 temporis,

240 2675 336 2728 sine
363 2676 717 2743 mutabilitate
764 2687 989 2739 naturas,
1021 2677 1135 2740 ipsa
1165 2692 1228 2729 ex
1259 2684 1479 2745 utroque
1503 2678 1789 2741 processio.

300 2764 429 2819 Idem
475 2782 644 2835 super
675 2765 832 2821 Joan.
868 2785 879 2820 :
908 2765 1219 2836 Corporalis
1250 2768 1344 2821 illa
1373 2768 1653 2839 insuﬁlatio
1689 2786 1791 2822 non

242 2858 449 2925 Spiritus
506 2861 686 2913 sancti
732 2860 1030 2914 substantia
1087 2860 1211 2928 fuit,
1268 2860 1360 2914 sed
1417 2861 1791 2913 demonstratio

241 2968 317 3019 per
349 2967 633 3021 congruam
671 2952 1134 3022 signiﬁcationem,
1162 2962 1271 3005 non
1294 2961 1500 3005 tantum
1544 2968 1576 3004 a
1608 2950 1789 3016 Patre,

240 3045 318 3097 sed
349 3045 503 3097 etiam
540 3062 574 3099 a
599 3045 741 3099 Filio
764 3047 1042 3114 procedere
1073 3043 1333 3114 Spiritum
1368 3053 1608 3097 sanctum
1630 3062 1648 3109 ;
1672 3046 1790 3114 quis

241 3136 353 3188 enim
384 3136 457 3191 ita
490 3136 706 3191 demens
753 3138 844 3201 sit,
877 3145 935 3190 ut
968 3138 1133 3203 dicat,
1184 3137 1350 3190 alium
1391 3151 1500 3190 esse
1532 3132 1789 3204 Spiritum

241 3238 472 3293 sanctum,
531 3244 692 3299 quem
756 3229 1030 3298 insuﬁlans
1098 3229 1244 3282 dedit
1294 3244 1313 3283 :

242 3332 485 3391 postquam
514 3332 819 3390 assumptus
848 3331 947 3385 est,
980 3320 1168 3377 misit?

299 3414 430 3469 Idem
464 3416 531 3469 ad
577 3414 800 3470 Petrum
851 3414 1163 3483 quemdam,
1210 3413 1578 3483 postulantem
1630 3422 1791 3470 rectae

246 3504 347 3560 ﬁdei
374 3507 644 3562 conscribi
680 3506 943 3577 regulam,
973 3507 1328 3577 quadraginta
1362 3505 1505 3563 illam
1536 3506 1792 3578 capitulis

245 3596 491 3665 distinxit;
544 3612 779 3667 quorum
816 3597 1051 3667 singula,
1088 3597 1285 3665 dogma
1325 3597 1608 3654 continent
1644 3597 1791 3653 salu-

244 3689 342 3753 bre,
373 3698 533 3760 atque
585 3690 655 3743 ad
704 3688 861 3743 ﬁdem
913 3690 1304 3744 necessarium.
1362 3688 1451 3742 Ait
1508 3688 1674 3758 igitur
1735 3690 1791 3744 in

244 3792 345 3847 cap.
382 3781 465 3835 8:
522 3779 860 3835 Firmissime
904 3790 1049 3841 tene,
1110 3789 1161 3833 et
1213 3781 1514 3835 nullatenus
1562 3780 1789 3846 dubites,

244 3870 389 3935 ipsum
418 3870 678 3941 Spiritum
710 3880 987 3935 sanctum,
1008 3874 1099 3940 qui
1136 3870 1347 3939 Patris,
1383 3888 1445 3925 ac
1480 3870 1612 3926 Filii
1654 3889 1792 3927 unus

247 3963 449 4027 Spiritus
486 3975 586 4031 est,
639 3982 671 4020 a
705 3964 884 4028 Patre,
915 3972 965 4018 et
996 3963 1138 4019 Filio
1170 3965 1471 4034 procedere.
1520 3964 1605 4019 Ait
1652 3966 1792 4020 enim

249 4054 399 4112 Filius
425 4074 444 4113 :
479 4076 499 4111 ι
542 4057 678 4114 Cum
718 4059 918 4112 venerit
953 4056 1288 4122 Paracletus,
1327 4056 1560 4126 Spiritus
1600 4058 1794 4111 verita.

246 4152 317 4215 tis,
344 4154 425 4220 qui
454 4170 483 4206 a
515 4151 679 4207 Patre
706 4153 936 4221 procedit
963 4153 1008 4183 '°
1038 4168 1053 4219 ;
1090 4170 1110 4205 ο
1145 4169 1246 4223 quo
1274 4153 1328 4205 in
1359 4151 1472 4207 loco
1498 4167 1650 4205 suum
1683 4168 1794 4206 esse

248 4244 400 4297 docuit
431 4244 693 4313 Spiritum
723 4254 986 4300 sanctum.
1044 4243 1167 4315 Ipse
1206 4246 1393 4314 quippe
1442 4256 1516 4299 est
1564 4244 1791 4299 Veritas.

254 4335 309 4388 Et
338 4354 396 4392 ea:
419 4336 560 4393 Filio
594 4339 874 4408 procedere
903 4336 1161 4405 Spiritum
1194 4347 1458 4402 sanctum,
1492 4348 1538 4393 et
1573 4339 1794 4407 prophe-

249 4430 339 4483 tica
364 4432 525 4497 nobis,
562 4442 612 4485 et
638 4431 924 4499 apostolica
954 4431 1196 4484 doctrina
1232 4433 1586 4486 commendat.
1615 4432 1793 4486 Isaias

254 4526 369 4575 enim
399 4525 457 4577 de
492 4521 638 4576 Filio
687 4522 812 4575 dicit
847 4536 866 4574 :
900 4541 918 4573 ‹
960 4520 1222 4577 Percutiet
1267 4534 1461 4577 terram
1493 4526 1638 4595 virga
1681 4527 1791 4579 oris

1893 2022 2052 2075 bobus
2084 2022 2314 2091 Spiritus
2342 2036 2584 2092 sanctus,
2634 2027 2729 2079 hoc
2779 2037 2877 2092 est,
2909 2045 2974 2081 ea:
3014 2028 3177 2083 Putre
3220 2039 3267 2082 et
3305 2028 3468 2083 Filio.

1903 2116 2065 2169 Verus
2106 2120 2332 2187 genitor,
2374 2121 2597 2185 veritas,
2633 2123 2857 2190 genitus,
2893 2120 3168 2175 amborum
3213 2122 3468 2181 charitas.

1894 2207 2125 2275 Spiritus
2151 2220 2389 2268 sanctus.
2418 2210 2609 2265 Unitas
2636 2228 2763 2277 una,
2785 2230 2935 2284 wqua
2959 2215 3233 2283 majestas,
3252 2216 3469 2285 tegualis

1893 2302 2085 2372 gloria,
2117 2320 2221 2357 una
2264 2304 2545 2375 eademque
2577 2308 2824 2362 essentia.

1968 2393 2206 2449 Sanctus
2234 2410 2477 2465 ,qnoque
2526 2395 2634 2451 Leo
2668 2413 2828 2467 papa,
2873 2399 2972 2453 sub
3020 2415 3126 2470 quo
3170 2401 3469 2456 Chalcedo-

1895 2500 2064 2541 nense
2090 2487 2382 2541 concilium
2417 2487 2860 2557 conﬂatum/est;
2909 2490 3066 2560 cujus
3092 2492 3167 2546 tle
3195 2492 3296 2546 ﬁde
3324 2493 3472 2546 litte-
3514 2477 3521 2482 ’

1893 2595 2008 2647 ras,
2084 2592 2248 2637 recta:
2331 2583 2452 2637 fidei
2526 2585 2843 2639 columnam
2910 2587 3161 2641 universa
3236 2587 3472 2659 synodus

1894 2673 2150 2743 appellat,
2195 2675 2251 2730 in
2298 2678 2581 2731 canonicis
2614 2678 2991 2733 sanctionibus
3016 2670 3213 2732 contra
3250 2693 3345 2733 eos
3378 2680 3469 2745 qui

1896 2766 2137 2835 pecuniae
2172 2768 2369 2837 gratia,
2423 2784 2623 2824 munus
2676 2770 3041 2839 imponerent,
3096 2770 3168 2823 ait
3209 2788 3222 2823 :
3257 2770 3468 2834 Gratia,

1891 2875 2011 2929 qua:
2036 2862 2203 2928 gratis
2234 2877 2335 2914 non
2379 2844 2558 2927 datur,
2603 2873 2651 2915 et
2690 2863 2971 2932 accipitur,
3008 2863 3183 2932 gratia
3228 2880 3331 2917 non
3370 2873 3467 2917 est.

1893 2955 1963 3007 At
1991 2950 2284 3007 Simoniaci
2313 2970 2416 3007 non
2434 2956 2594 3024 gratis
2616 2956 2914 3024 accipiunt;
2947 2970 3047 3009 non
3071 2972 3191 3025 ergo
3218 2959 3467 3026 gratiam,

1892 3063 2009 3114 qua:
2057 3047 2110 3100 in
2159 3046 2537 3101 ecclesiasticis
2589 3048 2867 3103 ordinibus
2920 3049 3150 3103 maxime
3197 3058 3481 3119 operatur,

1891 3140 2182 3208 accipiunt.
2235 3141 2296 3195 Si
2349 3150 2523 3195 autem
2574 3156 2677 3193 non
2757 3141 3044 3207 accipiunt,
3101 3158 3203 3195 non
3256 3142 3470 3205 habent,

1373 3229 1563 3294 alium,
1637 3244 1864 3311 quemc
1898 3247 2057 3298 neque
2080 3235 2268 3305 gratis,
2296 3250 2457 3305 neque
2486 3250 2601 3288 cum
2626 3236 2845 3303 pecunia
2875 3234 3006 3286 dare
3035 3234 3198 3287 alicui
3230 3247 3467 3301 possunt.

1894 3324 2036 3390 Quid
2114 3327 2274 3395 igitur
2336 3328 2514 3380 dant?
2581 3325 2843 3393 Spiritum
2912 3326 3175 3379 mendacii
3245 3327 3467 3382 scilicet.

1895 3415 2213 3480 Quomodo?
2233 3419 2298 3471 Id
2325 3424 2677 3471 ostendemus.
2702 3414 2761 3469 Si
2787 3417 2923 3469 enim
2954 3415 3183 3483 Spiritus
3212 3422 3468 3483 veritatis,

1904 3506 2134 3563 Veritate
2168 3510 2284 3575 ipsa
2319 3519 2563 3574 testante,
2583 3525 2647 3565 ea:
2673 3526 2775 3579 qua
2799 3511 3058 3578 procedit,
3084 3512 3251 3577 gratis
3285 3513 3472 3577 datur;

1892 3600 2077 3673 procul
2127 3602 2284 3656 dubio
2315 3604 2533 3671 spiritus
2590 3603 2853 3656 mendacii
2883 3619 2995 3655 esse
3043 3602 3468 3670 deprehenditur,

1892 3696 1983 3765 qui
2017 3711 2119 3747 non
2166 3695 2331 3764 gratis
2365 3694 2542 3747 datur.

1970 3787 2208 3841 Sanctus
2256 3786 2387 3840 item
2451 3787 2746 3856 Gregorius
2794 3786 3071 3845 Romanus
3121 3792 3380 3861 pontifex,
3418 3794 3471 3847 in

1895 3879 2081 3933 lmmtl.
2136 3894 2300 3949 super
2330 3878 2458 3932 illud
2488 3877 2668 3934 Ioan..
2733 3880 2862 3935 Cum
2888 3899 3003 3936 sero
3047 3894 3176 3938 esset
3236 3884 3325 3937 die
3375 3868 3485 3938 illa.

1896 3989 2001 4025 una
2032 3970 2391 4026 Sabbatorum
2420 3972 2486 4035 ⁷⁸,
2515 3974 2590 4026 ait
2617 3990 2629 4026 :
2671 3991 2689 4024 t
2724 3973 2871 4029 Sicut
2918 3978 3055 4030 misit
3099 3994 3180 4030 me
3212 3976 3392 4039 Pater,
3423 3991 3470 4032 et

1895 4080 1986 4134 ego
2015 4064 2166 4117 mitto
2202 4080 2289 4117 vos
2328 4077 2346 4115 :
2388 4083 2406 4116 ι
2447 4064 2541 4117 hoc
2588 4077 2687 4130 est,
2731 4083 2793 4120 ea
2842 4068 3102 4123 cltaritate
3156 4086 3243 4124 vos
3289 4072 3470 4142 diligo,

1896 4172 2017 4210 cum
2074 4156 2213 4209 inter
2260 4156 2511 4210 scandala
2560 4168 2952 4225 persecutorum
3003 4163 3178 4221 mitto.
3214 4174 3320 4216 etc.
3355 4178 3473 4232 quas

1897 4260 2057 4315 supra
2093 4247 2420 4301 notavimus.
2448 4246 2592 4300 Idem
2628 4262 2749 4300 cum
2784 4260 3081 4316 exponeret
3110 4252 3237 4303 illud
3263 4253 3473 4306 Cautiei

1898 4339 2256 4402 canticorum,
2282 4337 2492 4392 scilicet
2542 4356 2557 4392 :
2615 4340 2761 4391 Udor
2800 4352 3188 4409 unguentorum
3236 4352 3469 4407 tuorum,

1895 4445 2051 4499 super
2101 4431 2279 4484 omnia
2341 4440 2582 4484 aromata
2632 4431 2696 4488 ⁷⁸.
2745 4431 2861 4485 ait:
2894 4429 3223 4501 Unguentum
3258 4433 3475 4488 Domini

1903 4521 2133 4594 Spiritus
2157 4532 2372 4576 sanctus
2404 4534 2535 4589 erat,
2559 4525 2621 4576 de
2644 4540 2745 4592 quo
2774 4522 3034 4592 Propheta
3061 4527 3131 4578 ad
3157 4542 3271 4580 eum
3297 4528 3429 4581 dixit
3454 4543 3477 4582 :

254 4614 340 4675 sui,
394 4626 438 4668 et
503 4614 707 4683 Spiritu
763 4614 1024 4667 labiorum
1080 4630 1295 4669 suorum
1349 4593 1624 4685 interﬁciet
1692 4623 1789 4673 im-
1815 4593 1869 4654 D
1908 4593 2133 4669 (rvitin
2170 4626 2217 4669 te
2251 4615 2409 4679 Deus,
2449 4615 2584 4668 Deus
2634 4625 2773 4677 tuus,
2806 4617 2917 4669 oleo
2953 4617 3325 4672 exsultationis
3364 4636 3475 4689 prce

256 4703 457 4767 pium".
489 4724 507 4757 ι
556 4704 632 4759 De
664 4719 767 4773 quo
792 4714 842 4758 et
866 4705 1147 4773 Apostolus
1178 4706 1256 4759 ait
1294 4722 1314 4761 :
1352 4725 1371 4759 s
1408 4706 1575 4773 Quem
1608 4709 1793 4765 Domi-

257 4806 337 4843 nus
366 4791 514 4848 Jesus
545 4795 822 4861 interﬁciet
870 4792 1074 4863 Spiritu
1106 4794 1212 4850 oris
1254 4798 1339 4851 sui
1365 4799 1434 4852 ".
1477 4800 1497 4852 ὁ
1549 4799 1715 4865 Quem
1745 4810 1796 4855 et

256 4881 345 4945 ipse
375 4887 666 4956 unigenitus
717 4884 889 4941 Filius
937 4886 1055 4953 Dei,
1104 4888 1214 4943 oris
1255 4889 1341 4944 sui
1373 4888 1637 4960 Spiritum
1684 4908 1797 4948 esse

256 4974 494 5045 signanter
556 4982 827 5036 ostendens
853 5024 868 5045 ,
934 4992 1052 5050 post
1126 4985 1561 5040 resurrectionem
1638 5004 1789 5041 suam

257 5068 493 5139 discipulis
530 5076 645 5129 suis
687 5076 955 5146 insuﬁlans
997 5077 1183 5131 dixit:
1219 5094 1237 5128 ε
1266 5078 1499 5148 Accipite
1529 5078 1790 5147 Spiritum

257 5175 464 5218 sanctum
481 5168 546 5231 ",
571 5184 589 5217 ι
621 5177 669 5221 et
703 5168 864 5222 Joan.
892 5170 949 5223 in
981 5169 1165 5240 Apoc.,
1190 5187 1255 5224 ea:
1283 5188 1371 5224 ore
1396 5172 1560 5239 ipsius
1584 5171 1794 5227 Domini

258 5249 365 5307 lesu
404 5258 628 5327 gladium
673 5261 750 5314 bis
793 5270 1005 5315 acutum
1034 5263 1314 5329 procedere
1346 5263 1480 5318 dixit
1505 5264 1579 5320 ⁷⁸.
1612 5284 1631 5318 ι
1674 5266 1794 5333 Ipse

261 5359 367 5416 ergo
402 5349 633 5420 Spiritus
677 5354 819 5424 ejus,
876 5354 991 5424 ipse
1040 5363 1096 5409 et
1149 5355 1361 5425 gladius
1410 5370 1475 5411 ex
1526 5370 1621 5412 ore
1674 5356 1794 5428 ejus

261 5443 545 5505 procedens.

316 5530 441 5588 Idem
471 5536 524 5588 in
558 5534 650 5589 lib.
686 5534 761 5589 De
800 5536 907 5604 fide
950 5537 1211 5591 catholica
1255 5553 1271 5592 :
1327 5535 1560 5604 Pra'sta,
1596 5539 1793 5609 inquit,

262 5622 388 5692 mihi,
434 5629 484 5681 in
516 5632 617 5682 hac
661 5630 768 5695 via,
802 5646 982 5699 quam,
1019 5639 1066 5684 te
1113 5631 1264 5696 duce,
1314 5626 1544 5699 ambulo,
1583 5634 1789 5701 sapien-

312 5828 352 5903 7⁸
377 5830 525 5888 Joau.
552 5850 645 5898 xv,
681 5834 774 5889 26.
853 5836 897 5885 ιι
930 5835 1040 5891 Isa.
1073 5855 1149 5896 xi.
1184 5840 1273 5892 44.
1316 5838 1358 5869 τ’
1395 5837 1433 5891 ll
1460 5834 1652 5894 Tltcss.
1682 5852 1744 5903 tt,
1780 5838 1832 5893 8.

271 5898 340 5955 l9.
407 5905 450 5936 "
477 5905 635 5961 Cant.
675 5924 748 5973 tv,
784 5908 865 5962 IO.
943 5910 986 5939 ⁷⁷
1012 5908 1154 5964 l‘sal.
1191 5923 1334 5975 XLIV,
1368 5910 1419 5963 8.

1899 4709 2244 4781 participibus
2273 4709 2375 4761 tuis
2403 4709 2471 4761 ⁷⁷.
2508 4726 2527 4759 ι
2577 4707 2686 4761 Iloc
2729 4708 2864 4772 oleo,
2909 4712 3119 4777 quando
3166 4712 3473 4767 incarnatus

1900 4813 1997 4867 est,
2031 4810 2215 4854 unctus
2248 4810 2367 4853 est:
2403 4797 2521 4853 Non
2553 4800 2691 4852 enim
2722 4802 2951 4868 primum
2983 4801 3134 4855 homo
3165 4798 3338 4871 [aclus
3367 4815 3469 4867 est,

1899 4902 2080 4965 postea
2129 4891 2387 4961 Spiritum
2439 4900 2681 4945 sanctum
2726 4894 2924 4959 accepit
2969 4908 2990 4947 :
3025 4894 3136 4958 sed,
3165 4896 3373 4962 quando
3409 4896 3473 4949 de

1900 4984 2102 5056 Spiritu
2152 4996 2335 5039 sancto
2365 4984 2674 5037 incarnatus
2716 4994 2811 5048 est,
2847 4984 3008 5037 simul
3044 4996 3095 5039 et
3140 4987 3468 5047 incarnatus.

1897 5089 1945 5136 et
1980 5086 2168 5133 unctus
2209 5087 2308 5132 est.
2359 5076 2504 5130 Odor
2547 5076 2685 5129 enim
2735 5087 3121 5145 unguentorum
3171 5078 3472 5149 fragrantia

1898 5172 2069 5225 sancti
2102 5168 2330 5237 Spiritus
2363 5177 2459 5234 est,
2486 5170 2574 5236 qui
2628 5177 2676 5221 et
2707 5168 2770 5221 ab
2794 5170 2908 5237 ipso
2928 5172 3186 5237 procedit,
3210 5181 3256 5224 et
3278 5172 3332 5223 in
3356 5173 3472 5242 ipso

1899 5272 2189 5334 permanet.
2229 5262 2375 5316 Idem
2412 5261 2465 5314 in
2500 5260 2540 5315 Il
2574 5260 2770 5317 Moral.
2822 5260 3057 5331 Spiritus
3083 5273 3295 5317 sanctus
3331 5280 3471 5317 nuu-

1902 5374 2059 5427 quam
2091 5355 2319 5409 deseruit
2346 5354 2727 5429 humanitatem
2752 5353 2971 5418 Christi,
2998 5357 3150 5426 cujus
3176 5372 3241 5409 ex
3266 5357 3475 5413 Deitate

1901 5449 2160 5520 procedit.

1970 5543 2076 5596 Ista
2114 5539 2328 5610 quidem
2361 5555 2389 5592 a
2426 5538 2643 5595 Latinis
2696 5539 3006 5595 doctoribus
3036 5550 3267 5610 sumpta,
3302 5557 3472 5610 pauca

1906 5634 1971 5693 de
2006 5634 2494 5690 innumerabilibus
2553 5635 2872 5703 posuimus:
2936 5648 3030 5700 per
3093 5650 3213 5704 qua?
3269 5634 3474 5690 Graecis

1897 5836 1943 5869 ⁷³
1970 5837 2126 5893 Joan.
2163 5852 2253 5902 xx,
2290 5837 2381 5891 21.
2484 5837 2526 5867 ⁷³
2557 5835 2725 5905 Apoc.
2759 5852 2775 5890 ι
2809 5846 2861 5891 et
2892 5851 3003 5891 xix.
3109 5838 3153 5868 ⁷⁸
3182 5835 3341 5891 .loan.
3373 5852 3475 5902 xx,
