4010 6554
444 328 549 394 119

1627 395 1640 404 .
1705 343 2105 408 MANUELIS
2141 351 2446 417 CALECIE

2617 403 2666 428 η
3208 328 3217 336 ’
3578 361 3690 427 is)

445 447 622 503 Verbo
653 451 1004 522 conjunctam
1030 455 1199 516 fuisse
1227 457 1293 512 ad
1346 460 1668 530 creandum,
1699 461 1872 515 vivam
1902 479 2016 517 νη·-
2047 475 2090 520 A
2121 482 2276 535 quam
2312 480 2589 537 senserint,
2622 483 2670 528 et
2704 488 2864 562 usgue
2889 473 2943 530 in
2981 473 3138 544 ﬁnem
3191 473 3245 529 in
3303 491 3366 531 ea
3425 475 3695 549 impietate

443 541 612 597 iutcm
644 542 880 600 divinam
916 556 1184 610 naturam.
1247 547 1584 606 Paracletum
1609 552 1841 610 scilicet.

473 657 666 723 .Quod
705 667 884 715 autem
942 661 1196 730 formam,
1241 663 1395 719 aiunt
1452 663 1708 733 Basilius,
1756 668 2020 740 Cyrillus-

440 763 567 812 que,
592 749 1052 807 adumbrationem
1099 768 1191 822 per
1235 770 1448 810 carnem
1491 755 1725 824 Spiritus
1782 770 2018 828 naturce,

440 839 541 902 hoc
574 842 910 912 Augustinus
943 844 1279 916 corporalem
1313 850 1732 906 insulilationem
1765 855 2016 924 appella-

439 933 536 986 vit.
565 930 631 986 Et
657 933 787 1002 quia
812 932 1008 1002 forma,
1041 945 1095 994 et
1124 938 1471 997 adumbratio
1520 943 1758 1012 Spiritus
1809 958 2016 1002 natura:
2047 985 2050 988 ~

447 1031 554 1088 est,
591 1023 1017 1084 insuﬂlationem
1048 1029 1192 1086 illam
1222 1045 1326 1086 non
1371 1047 1492 1088 esse
1547 1033 1787 1104 Spiritus
1842 1041 2015 1095 sancti

439 1114 802 1173 substantiam
838 1118 998 1184 dixit,
1035 1122 1128 1176 sed
1158 1123 1545 1181 documentum
1596 1143 1691 1198 per
1743 1131 2016 1200 propriam

436 1216 492 1260 et
545 1222 844 1278 congruam
897 1212 1371 1282 signiﬁcationem,
1422 1218 1565 1287 quod
1651 1219 1740 1276 hic
1781 1222 2018 1291 Spiritus

438 1310 660 1358 sanctus
681 1303 844 1358 etiam
866 1319 931 1358 ex
963 1304 1097 1360 Filio
1123 1307 1461 1375 procederet.
1518 1311 1586 1366 Et
1637 1315 1832 1368 merito
1861 1330 2014 1380 sane,

438 1379 697 1464 quoniam
723 1397 870 1452 enim
897 1398 1031 1453 nihil
1075 1415 1262 1456 eorum
1296 1419 1418 1474 quae
1447 1418 1475 1456 a
1519 1404 1747 1462 Domino
1792 1407 2013 1474 ﬁebant,

439 1481 724 1538 fortuitum
753 1495 902 1552 erat;
935 1495 990 1542 et
1018 1503 1142 1558 quas
1173 1490 1226 1545 in
1249 1492 1421 1562 ﬁgura
1444 1505 1780 1565 peraguntur
1799 1499 2018 1558 relatio-

440 1587 561 1629 nem
578 1573 812 1643 aliquam
832 1574 894 1630 ad
919 1591 980 1632 ea
998 1594 1117 1648 qua:
1134 1582 1462 1648 signiﬁcant,
1477 1584 1672 1641 habent
1691 1605 1703 1642 :
1721 1589 1861 1644 sicut
1882 1589 2017 1661 bap-

441 1666 624 1730 tisma,
655 1667 928 1739 quodper
958 1686 1152 1740 aquam
1184 1669 1366 1738 datur,
1403 1675 1751 1735 invisibiliter
1782 1697 2015 1753 operan-

439 1767 546 1811 tem
580 1753 1022 1816 emundationem
1058 1762 1258 1820 indicat
1287 1805 1302 1831 ,
1335 1768 1596 1824 emundat
1621 1770 1820 1840 quippe
1841 1787 2004 1843 aqua,
2041 1800 2085 1857 Β

438 1856 493 1915 et
518 1847 675 1904 diluit
697 1865 982 1921 corporum
1010 1855 1200 1913 sordes
1220 1895 1236 1923 ,
1275 1860 1705 1932 mysteriumque
1735 1861 2006 1920 Dominici

441 1941 688 2011 corporis
723 1943 775 1998 in
798 1945 980 2015 specie
1011 1949 1167 2018 panis
1218 1957 1272 2005 et
1311 1951 1420 2005 vini
1469 1952 1754 2021 traditum,
1816 1956 2008 2027 mysti-

438 2045 559 2086 cum
587 2033 781 2089 anima:
816 2036 994 2107 signat
1027 2041 1386 2108 alimentum;
1441 2053 1496 2098 et
1524 2047 1664 2113 quod
1690 2045 1745 2110 in
1805 2045 2006 2118 linguis

439 2122 613 2191 igneis
641 2122 880 2194 Spiritus
909 2137 1131 2200 sanctus
1171 2130 1423 2201 delapsus
1442 2141 1546 2199 est,
1579 2133 1840 2189 rationem
1883 2153 2007 2206 pro-

439 2209 582 2270 i'ecto
614 2216 776 2274 habet
805 2218 872 2273 ad
900 2235 963 2274 ea
998 2235 1116 2293 quae
1165 2230 1293 2278 tunc
1351 2233 1482 2280 sunt
1531 2235 1678 2295 gesta
1747 2227 2003 2286 divinitus

438 2303 609 2375 signa.
651 2307 790 2377 Ignis
827 2309 1026 2382 quippe
1067 2312 1324 2369 Deitatcm
1365 2316 1564 2386 signat,
1619 2317 1835 2389 linguas,
1894 2336 2006 2375 ma-

437 2400 644 2464 gisterii
673 2403 1076 2470 proprietatem.
1111 2406 1186 2460 Ita
1271 2407 1497 2475 scilicet,
1565 2409 1652 2463 illa
1714 2410 2002 2468 insui’llatio

436 2485 643 2558 aliquid
675 2487 1043 2565 significabat.
1098 2490 1227 2545 Erat
1259 2494 1404 2548 enim
1448 2506 1824 2568 argumentum
1867 2499 2004 2560 divi-

440 2595 520 2636 nae
547 2579 864 2638 substantiae
904 2581 1185 2653 Spiritus;
1243 2587 1443 2658 quippe
1485 2589 1616 2642 nihil
1677 2605 2000 2661 corporeum

437 2672 509 2727 ita
545 2673 786 2728 divinum
815 2673 1021 2730 indicat
1085 2675 1372 2748 Spiritum,
1420 2680 1561 2757 sicut
1605 2679 1762 2737 ﬂatus
1807 2683 2000 2738 huma-

438 2767 753 2834 nus;sicut
779 2768 924 2823 enim
959 2769 1049 2824 illa
1094 2769 1382 2828 insulilatio
1422 2788 1520 2842 per
1543 2789 1606 2830 os
1650 2791 1715 2831 ex
1774 2778 1998 2844 intimis,

434 2859 824 2930 corporeisque
848 2860 1150 2916 visceribus
1174 2863 1374 2930 prodit,
1408 2863 1481 2916 ita
1511 2875 1564 2919 et
1595 2866 1710 2935 ipse
1763 2866 1999 2937 Spiritus

433 2957 658 3004 sanctus
689 2949 846 3017 cujus
872 2948 1045 3004 forma
1079 2951 1369 3022 corporalis
1405 2953 1629 3024 Spiritus
1669 2965 1772 3023 est,
1811 2968 1866 3013 et
1928 2975 1994 3015 ex

432 3039 593 3096 Patre
614 3055 711 3112 per
739 3042 936 3098 Filium
966 3044 1324 3123 substantiam
1353 3046 1537 3106 habet.
1565 3047 1768 3104 Natura
1796 3053 1996 3123 quippe

2121 556 2447 625 duraverint,
2479 556 2774 619 anathema
2789 564 2878 619 sit.
2903 629 2911 638 '

2195 648 2416 714 Exbis,
2445 651 2606 706 simul
2660 653 2987 721 ostenditur,
3053 668 3160 710 non
3223 654 3408 725 plures
3459 655 3738 731 Spiritus,

2121 751 2340 798 sanctos
2373 751 2625 810 oportere
2655 744 2900 800 conﬁteri
2932 746 2984 798 in
3038 744 3170 810 Deo,
3216 749 3274 800 ut
3308 747 3527 815 quidam
3590 749 3694 804 lin-

2120 843 2251 904 ευηι
2277 851 2292 900 ;
2322 849 2446 891 cum
2481 835 2770 907 Apostolus
2804 837 3022 906 quidem
3072 837 3295 903 dixerit,
3332 836 3478 894 Unus
3521 839 3696 910 Spiri-
3751 865 3754 868 ~

2119 935 2203 981 tus
2237 937 2470 995 sanctus,
2499 930 2551 982 in
2587 946 2688 1002 quo
2722 931 2904 986 omnia
2941 929 3023 998 εις
3071 946 3412 998 magnusque
3460 933 3696 988 Basilius

2119 1021 2186 1075 ad
2259 1022 2722 1092 Amphilochium,
2801 1021 2947 1078 Unus
3030 1022 3165 1078 Deus
3214 1027 3262 1079 et
3311 1024 3494 1092 Pater,
3556 1041 3694 1080 unus

2118 1115 2414 1184 unigenitus
2445 1113 2646 1180 Filius,
2673 1124 2722 1171 et
2744 1133 2903 1181 unus,
2938 1115 3172 1184 Spiritus
3216 1129 3463 1185 sanctus,
3494 1129 3545 1174 et
3583 1119 3695 1187 ipse

2116 1206 2461 1276 singulariter
2491 1209 2818 1276 enuntiatus,
2857 1218 2906 1264 et
2939 1226 3031 1278 per
3073 1227 3236 1264 unum
3292 1210 3494 1265 Filium
3535 1212 3696 1265 Patri

2116 1297 2448 1370 conjunctus,
2503 1309 2554 1353 et
2636 1316 2728 1369 per
2802 1301 2974 1370 ipsam
3046 1301 3268 1372 impleas
3341 1303 3694 1357 venerandam

2117 1405 2180 1442 ac
2205 1390 2561 1444 beatissimam
2611 1390 2947 1447 Trinitatem.
2985 1392 3047 1446 Et
3079 1407 3271 1448 rursus
3300 1411 3315 1450 :
3351 1392 3469 1456 Via,
3501 1393 3694 1450 diuina:

2117 1478 2431 1548 cognitionis
2466 1476 2530 1532 ab
2565 1495 2670 1532 uno
2725 1479 2958 1549 Spiritu,
3020 1496 3113 1550 per
3162 1495 3320 1534 unum
3373 1481 3579 1548 Filium
3623 1483 3695 1536 ad

2114 1586 2279 1624 unum
2312 1569 2526 1623 Patrem
2549 1580 2644 1624 est.
2688 1570 2950 1641 Gregorio
2975 1571 3100 1624 item
3130 1569 3405 1640 Theologo
3463 1572 3515 1626 in
3551 1572 3691 1627 libro

2114 1655 2185 1708 ad
2213 1653 2471 1734 Heronem
2512 1653 2878 1723 philosophum
2921 1653 3169 1709 dicente:
3222 1654 3462 1724 Deﬁnias
3511 1665 3690 1722 putem

2114 1753 2164 1798 et
2192 1753 2428 1798 nostram
2461 1745 2783 1816 religionem,
2833 1746 3028 1800 docens
3067 1761 3232 1798 unum
3285 1749 3497 1817 quidem
3533 1749 3691 1801 'nosse

2111 1833 2276 1888 Deum
2315 1834 2602 1905 ingenitum
2680 1835 2942 1901 Patrem;
2978 1852 3142 1890 unum
3213 1848 3391 1892 autem
3448 1839 3687 1907 genitum

2109 1925 2336 1992 Filium,
2367 1943 2528 1981 unum
2564 1943 2679 1982 vero
2708 1928 2965 1996 Spiritum
3007 1931 3369 1997 procedentem
3404 1947 3469 1985 ea:
3498 1930 3686 1994 Patre,

2059 2017 2214 2071 Osive
2239 2020 2602 2088 prodeuntem.
2664 2019 2900 2076 Praefato
2951 2023 3080 2078 item
3170 2025 3329 2079 beato
3385 2025 3688 2080 Athanasio

2107 2108 2163 2162 in
2193 2109 2417 2178 praelato
2443 2110 2582 2165 libro
2617 2114 2688 2166 ita
2741 2114 3011 2170 docente:
3074 2114 3333 2183 Spiritum
3379 2133 3500 2172 vero
3563 2136 3689 2173 san-

2104 2210 2244 2252 ctum
2275 2201 2350 2254 sic
2379 2201 2506 2267 dici,
2533 2220 2636 2258 non
2686 2207 2912 2260 alterum
2968 2206 3219 2271 invenies,
3256 2207 3487 2279 Spiritus
3545 2211 3686 2264 enim

2105 2299 2163 2341 ut
2189 2289 2324 2352 dixi,
2363 2290 2505 2346 Deus
2532 2293 2750 2360 dicitur,
2811 2307 2857 2350 et
2899 2306 3116 2352 sanctus
3169 2298 3330 2355 Deus.
3359 2299 3688 2355 Ambo‘vero

2106 2383 2320 2436 nomina
2342 2387 2634 2454 composita
2665 2387 2733 2453 ei,
2762 2390 2854 2458 qui
2873 2392 3082 2460 proprie
3115 2392 3420 2460 appellatur
3450 2392 3688 2462 Spiritus

2104 2481 2340 2532 sanctus.
2361 2484 2655 2542 congruunt
2683 2491 2702 2529 :
2734 2478 2874 2530 sicut
2911 2476 3092 2532 Patris
3145 2478 3430 2548 appellatio
3485 2495 3719 2543 caueat,-

2102 2561 2338 2636 Filiique
2387 2568 2469 2621 illi
2497 2571 2588 2639 qui
2618 2572 2731 2624 sine
2751 2570 2860 2625 ullo
2887 2572 3056 2626 medio
3102 2589 3166 2628 ea:
3188 2590 3348 2628 causa
3371 2583 3470 2628 est.

2173 2657 2354 2728 itaque
2385 2659 2510 2715 licet
2564 2663 2783 2732 quidem
2849 2663 3031 2732 plures
3087 2666 3369 2720 nominare
3419 2666 3684 2736 spiritus;

2099 2749 2266 2806 alium
2325 2751 2543 2822 quidem
2609 2755 2863 2826 spiritum
2927 2759 3256 2828 adoptionis,
3309 2759 3474 2812 alium
3552 2775 3687 2816 vero

2099 2841 2346 2911 spiritum
2389 2843 2717 2910 dilectionis,
2753 2844 3032 2916 sapientia!
3077 2849 3267 2916 alium,
3329 2851 3494 2905 alium
3532 2849 3685 2917 ﬁdei,

2098 2934 2261 2988 alium
2303 2937 2514 2991 timoris
2545 2937 2664 3012 Dei,
2722 2939 2885 2994 alium
2940 2941 3173 3006 consilii,
3201 2949 3257 2996 et
3317 2941 3684 3008 fortitudinis,

2099 3035 2150 3081 et
2186 3028 2484 3097 patientiae,
2519 3013 2574 3085 et
2632 3032 3017 3099 continentiae;
3077 3033 3275 3104 quippe
3331 3034 3686 3105 Operationes

433 3131 620 3189 (“vim
653 3133 834 3190 die,“
862 3121 1258 3194 estineﬂabms
1304 3152 1368 3192 ex
1434 3139 1692 3197 inea-abi“
1745 3118 1840 3200 of;
1895 3118 2072 3202 ἧψε
2107 3118 2358 3186 Spiritus,
2395 3121 2564 3176 Isaias
2619 3120 2852 3192 Spiritus
2907 3138 3101 3180 vocare
3160 3127 3460 3191 consuevit,
3483 3143 3686 3184 secun-

437 3239 595 3281 nans.
659 3225 878 3282 Manare
910 3237 1118 3294 autem,
1149 3237 1206 3283 ut
1255 3245 1416 3299 supra
1476 3243 1839 3290 monstratum
1895 3248 2002 3306 est,

435 3312 488 3365 in
521 3311 826 3368 substantia
853 3314 1092 3386 Spiritus
1137 3326 1364 3374 sanctus
1409 3322 1640 3393 accepit.

485 3447 736 3510 Sanctus
771 3468 990 3525 quoque
1019 3455 1260 3530 Cyrillus
1311 3459 1386 3516 ait
1412 3461 1583 3518 :Sicut
1608 3472 1658 3519 et
1726 3469 2008 3538 unusquis-

427 3555 529 3610 que
562 3553 800 3599 nostrum
830 3547 1097 3614 spiritum,
1153 3549 1245 3604 aui
1297 3549 1350 3604 in
1402 3554 1570 3618 seipso
1600 3565 1700 3621 est,
1747 3559 2000 3623 continet,

432 3644 588 3700 atque
612 3649 678 3688 ex
712 3637 914 3691 intimis
941 3639 1222 3696 uisceribus
1253 3643 1322 3695 ad
1362 3648 1628 3700 exteriora
1685 3649 2000 3718 profundit:

428 3725 628 3782 idcirco
691 3729 910 3800 denique
969 3741 1018 3786 et
1089 3737 1434 3803 corporaliter
1481 3738 1629 3793 illum
1677 3741 2001 3812 insuﬂlauit:

429 3822 728 3882 ostendens,
753 3821 878 3891 quia
904 3824 1042 3878 sicut
1075 3825 1335 3904 humanus
1386 3831 1602 3898 spiritus
1665 3847 1732 3886 ea:
1769 3833 2000 3890 humano

345 3915 358 3926 ί
428 3925 519 3964 ore
544 3912 797 3977 procedit,
830 3914 907 3968 ita
939 3924 990 3969 et
1048 3931 1113 3970 ea:
1160 3917 1336 3973 divina
1367 3922 1758 3992 essentia,quod
1787 3939 1852 3978 ea:
1884 3928 1998 3994 ipsa

433 4011 532 4066 est,
562 4003 734 4058 divine
757 4009 1113 4075 protunditur.
1147 4009 1387 4066 Divinam
1410 4017 1728 4084 essentiam,
1757 4017 1995 4086 Patrem,

430 4101 486 4148 et
540 4091 733 4148 Filium
761 4100 1017 4166 nominat,
1054 4104 1474 4174 quorumslpaulo
1509 4107 1760 4176 superius
1795 4124 2000 4168 memo-

433 4182 570 4239 riam
597 4185 898 4246 districtius
930 4191 1080 4251 fecit.
1118 4194 1193 4249 Ex
1233 4197 1434 4265 quibus
1464 4201 1630 4255 etiam
1660 4212 1881 4258 constat
1925 4219 1993 4259 ex

428 4275 590 4333 Patre
621 4287 675 4334 et
694 4279 838 4335 Filio
861 4283 1024 4339 veluti
1056 4298 1120 4340 ex
1156 4302 1286 4356 uno,
1321 4292 1623 4357 procedere
1645 4308 1709 4349 ac
1753 4296 1995 4363 prodire.

497 4386 650 4445 Patet
681 4391 885 4461 itaque,
921 4396 1062 4462 quod
1115 4399 1206 4467 qui
1267 4415 1364 4470 per
1419 4402 1835 4460 insumationem
1909 4407 1992 4459 fa-

2102 3209 2231 3264 dum
2265 3211 2575 3283 theologum
2627 3212 2974 3285 Gregorium.
3023 3213 3215 3272 Omnia
3250 3220 3394 3273 enim
3463 3221 3682 3287 operari

2103 3316 2290 3369 unum,
2336 3305 2692 3374 eumdemque
2747 3305 3008 3377 Spiritum
3059 3309 3353 3380 Apostolus
3407 3311 3504 3378 ait,
3559 3327 3685 3382 quae

2101 3394 2264 3450 etiam
2291 3399 2638 3466 operationes
2670 3410 2845 3465 vocat,
2888 3401 3115 3458 dicens:
3146 3402 3215 3457 Et
3236 3405 3518 3460 divisiones
3551 3421 3685 3475 ope-.

2101 3489 2370 3542 rationum
2408 3499 2549 3554 sunt,
2580 3490 2717 3545 idem
2751 3500 2924 3547 autem
2958 3493 3120 3564 Deus,
3169 3496 3258 3566 qui
3291 3507 3541 3564 operatur
3568 3515 3686 3552 ont-

2101 3583 2192 3634 nia
2224 3583 2278 3635 in
2325 3581 2472 3634 nobis
2516 3583 2585 3638 ⁸⁵.

2170 3671 2334 3727 Divus
2364 3689 2582 3744 quoque
2605 3677 3024 3751 Chrysostomus
3061 3681 3113 3737 in
3144 3696 3397 3739 sermone
3433 3696 3501 3739 de
3551 3700 3684 3740 san-

2101 3773 2189 3819 cto
2215 3763 2444 3832 Spiritu,
2479 3767 2635 3837 cujus
2669 3770 2879 3826 initium
2905 3784 2986 3827 est
3009 3793 3021 3828 :
3041 3775 3180 3829 Heri
3210 3777 3445 3846 quidem,
3471 3794 3501 3830 ο
3527 3795 3683 3831 ama-

2101 3865 2239 3911 tores
2270 3857 2488 3924 Christi,
2517 3861 2773 3916 adcentus
2804 3866 2976 3918 sancti
3024 3882 3088 3919 ac
3107 3868 3390 3921 venerandi
3443 3867 3680 3936 Spiritus

2100 3967 2132 4003 a
2173 3951 2321 4005 nobis
2354 3951 2675 4008 laudabatur
2721 3968 2739 4007 :
2773 3954 2932 4021 Quia,
2989 3957 3184 4027 inquit,
3225 3961 3363 4028 quod
3411 3961 3677 4027 donatur,

2098 4043 2333 4110 Spiritus
2384 4055 2600 4099 sanctus
2650 4060 2747 4100 est.
2825 4045 3054 4102 Vocatur
3099 4058 3147 4103 et
3207 4052 3397 4104 donum
3444 4050 3683 4119 Spiritus

2099 4145 2314 4191 sanctus
2359 4154 2391 4191 tt
2440 4138 2696 4192 donatore
2748 4155 2933 4194 nomen
2974 4141 3235 4206 habens;
3287 4144 3496 4213 quando
3557 4159 3682 4198 vero

2099 4227 2329 4296 Spiritus
2360 4229 2578 4294 dicitur,
2610 4247 2713 4285 non
2743 4233 2909 4287 alium
2941 4234 3230 4303 intelligere
3277 4235 3361 4302 fas
3388 4245 3486 4296 est,
3513 4253 3680 4306 quam

2096 4335 2217 4373 eum
2245 4321 2419 4388 quies:
2450 4319 2612 4375 Patre
2655 4323 2886 4392 proprie,
2939 4325 3362 4379 substantialiter
3416 4329 3678 4394 procedit.

2099 4405 2252 4461 Sicut
2284 4406 2419 4460 enini
2439 4406 2582 4473 Filii,
2613 4419 2664 4464 et
2709 4407 2887 4466 Patris
2932 4427 3116 4465 nomen
3159 4414 3474 4468 substantiis
3548 4431 3680 4468 con-

428 4489 589 4545 ctam,
621 4495 726 4536 non
763 4497 885 4540 esse
913 4487 1094 4541 datum
1125 4491 1386 4558 apostolis
1422 4489 1684 4562 Spiritum
1744 4505 1991 4551 sanctum
2026 4471 2071 4527 θ
2098 4497 2262 4565 gruit,
2291 4499 2366 4551 ita
2397 4508 2446 4552 et
2474 4471 2708 4567 Spiritus
2751 4502 2925 4556 sancti
2969 4503 3254 4571 appellatio
3301 4505 3396 4559 uni
3435 4523 3683 4574 persona:

426 4581 490 4621 ex
523 4567 683 4624 Patre
713 4573 1114 4641 procedentem.
1177 4581 1271 4634 sed
1333 4581 1532 4636 donum
1602 4583 1826 4652 aliquod,
1876 4585 1994 4641 sine

427 4657 732 4717 substantia
762 4663 969 4731 dicunt,
997 4681 1025 4720 a
1061 4680 1366 4726 sanctorum
1419 4673 1640 4728 Patrum
1690 4675 1995 4746 intelligen-

429 4751 498 4820 tia
567 4753 895 4825 discrepant,
975 4768 1138 4830 atque
1223 4766 1552 4820 anathemati
1609 4767 1991 4838 subjiciuntur.

428 4844 628 4902 Sancta
664 4851 810 4905 enim
846 4851 1172 4909 universalis
1202 4856 1389 4924 quinta
1442 4861 1681 4930 synodus
1734 4862 1788 4916 in
1855 4878 1992 4931 quo—

425 4938 548 5004 dam
574 4941 812 5011 capitulo
843 4946 912 4999 ita
948 4947 1130 5014 posuit
1160 4964 1175 5002 :
1217 4947 1280 5002 Si
1345 4952 1464 5020 quis
1499 4950 1770 5010 Theodoro
1839 4955 1993 5027 Mop-

423 5035 634 5090 suestite
677 5039 920 5107 episcopo
971 5040 1108 5109 favet
1163 5041 1379 5110 dicenti,
1434 5045 1601 5100 alium
1661 5063 1773 5102 esse
1829 5049 1990 5104 Deum

428 5124 663 5188 Verbum.
691 5137 740 5181 et
764 5128 930 5182 alium
962 5128 1257 5196 Christum,
1308 5146 1459 5204 atque
1489 5154 1605 5190 cum
1644 5140 1846 5193 steteris
1913 5142 1995 5194 in-

423 5222 650 5288 numeris
680 5221 1016 5285 blasphemiis
1045 5225 1153 5277 suis
1181 5226 1348 5280 dicere
1378 5230 1676 5297 audentem,
1701 5233 1828 5302 quia
1872 5245 1990 5302 post

420 5313 852 5380 resurrectionem
919 5315 1190 5385 insuﬂians
1231 5318 1286 5370 in
1341 5320 1648 5390 discipulos,
1706 5324 1985 5392 Dominus,

2102 4589 2384 4644 Trinitatis
2417 4593 2685 4662 competit.
2726 4593 2796 4649 Ut
2830 4593 2974 4647 enim
3023 4595 3225 4650 dictum
3246 4603 3352 4661 est,
3409 4596 3675 4666 Spiritus,

2096 4691 2150 4737 et
2181 4693 2404 4739 sanctus
2429 4685 2748 4753 composita,
2776 4686 2848 4752 ei,
2875 4687 2969 4756 qui
3021 4691 3240 4758 proprie
3294 4700 3519 4746 vocatur
3545 4689 3677 4764 Spi-

2095 4775 2238 4830 ritus
2271 4785 2511 4843 sauctus,
2557 4765 2910 4835 conveniunt.

2168 4865 2472 4919 Attestatur
2526 4872 2581 4919 et
2629 4865 2712 4920 his
2751 4880 2983 4935 magnus
3035 4866 3366 4924 Athanasius
3429 4871 3484 4924 in
3513 4870 3680 4943 Epis-

2094 4957 2199 5012 tola
2258 4958 2326 5012 ad
2383 4958 2727 5028 Serapionem
2759 4999 2775 5024 ,
2811 4959 2966 5030 cujus
3013 4960 3225 5016 initium
3282 4971 3401 5017 est:
3437 4962 3674 5019 Litteras

2096 5049 2268 5102 sancti
2316 5051 2511 5104 amoris
2561 5052 2680 5114 tui;
2724 5051 2856 5105 dicit
2920 5052 3105 5107 enim:
3159 5053 3363 5121 Dicite,
3400 5056 3571 5110 sicubi
3614 5058 3672 5111 in

2093 5143 2384 5214 Scripturis
2421 5145 2636 5214 legistis,
2675 5146 2930 5213 Spiritum
2957 5161 3197 5203 sanetum
3229 5150 3543 5216 simpliciter
3564 5150 3696 5203 dicit

2093 5236 2348 5306 Spiritum
2399 5239 2509 5294 sine
2561 5239 2856 5308 adfectione
2900 5241 2978 5296 vel
3022 5241 3139 5305 Dei,
3201 5241 3284 5296 uel
3340 5240 3546 5305 Patris,
3591 5243 3670 5296 vel

2063 5345 2290 5396 «meum,
2323 5333 2400 5384 vel
2453 5332 2616 5400 ipsius
2648 5330 2844 5386 Christi
2870 5342 2920 5385 et
2965 5332 3090 5387 Filii
3130 5335 3206 5388 uel
3257 5347 3288 5388 a
3345 5349 3432 5388 me
3467 5372 3482 5398 ,
3525 5334 3668 5405 quod

415 5411 466 5472 et
485 5403 696 5456 dicens:
732 5421 752 5454 ‹
785 5405 1019 5476 Accipite
1049 5405 1307 5475 Spiritum
1335 5421 1596 5479 sanctum,
1637 5433 1654 5466 ι
1691 5433 1795 5470 non
1845 5418 1988 5474 dedit
2088 5430 2164 5475 est
2199 5436 2226 5473 a
2283 5421 2410 5484 Deo,
2441 5422 2516 5474 vel
2547 5421 2657 5474 sine
2689 5421 2912 5474 articulo
2939 5421 3136 5476 Gra’cce
3179 5422 3462 5478 locutionis
3498 5403 3665 5476 more:

419 5495 496 5546 eis
541 5492 801 5562 Spiritum
841 5506 1105 5563 sanctum,
1161 5501 1252 5552 sed
1296 5503 1590 5572 ﬁguraliter
1643 5516 1851 5562 tantum
1905 5510 1988 5564 in-

419 5587 678 5656 suﬂlavit;
714 5587 792 5640 his
825 5588 1010 5658 igitur,
1041 5594 1130 5661 qui
1170 5600 1374 5660 eadem,
1399 5607 1448 5650 et
1507 5599 1588 5652 his
1639 5601 1835 5654 similia
1892 5617 1991 5656 un—

507 5765 546 5795 "
574 5765 772 5830 Epiros.
814 5785 884 5824 tv.
929 5769 980 5826 6.
1057 5772 1101 5804 ⁸⁵
1132 5772 1148 5826 l
1184 5772 1310 5830 Cor.
1346 5789 1442 5838 xu,
1467 5775 1518 5830 6.

2090 5528 2154 5566 ne
2180 5511 2486 5578 simpliciter
2535 5513 2867 5582 intelligatur
2895 5514 3147 5582 Spiritus.
3201 5516 3342 5571 Nam
3373 5519 3421 5570 si
3453 5518 3668 5570 dicatur

2089 5602 2328 5672 πνεῦμα,
2370 5604 2482 5658 sine
2511 5605 2829 5663 prcecedente
2856 5606 3099 5672 articulo,
3126 5606 3191 5662 de
3215 5606 3440 5679 quolibet
3469 5609 3665 5681 spiritu
