3984 6556
222 414 299 480 ut
430 381 449 397 ”
1066 438 1081 447 -
1271 406 1681 472 emensus
1721 404 2042 468 cumcos
2085 409 2228 472 LIB.
2260 409 2343 471 il.

3328 407 3433 475 122

218 523 406 591 intelligi
430 528 620 590 potest.
642 518 740 575 Sin
770 535 891 574 vero
908 530 1205 590 apponatur
1229 520 1513 586 articulus,
1544 531 1598 573 ut
1623 512 1767 572 dictt-
1793 515 1845 573 Δ
1873 520 2149 577 relaxandi
2206 532 2333 605 time
2366 526 2695 592 aeceperunt
2726 537 2822 593 per
2854 521 3119 593 Spiritum
3161 534 3436 588 sanctum,

219 628 285 671 tur
307 616 358 668 τδ
376 613 597 681 Πνεῦμα
628 614 688 666 τὸ
714 613 894 682 ἄτιον,
921 612 1181 683 signiﬁcat
1210 611 1469 679 Spiritum
1488 622 1754 675 sanctum,

216 711 276 763 rel
316 706 665 771 Paracletum,
708 707 784 759 vel
810 704 1054 760 ueritatis
1086 703 1367 771 Spiritum.
1402 705 1458 758 id
1486 714 1581 763 est,
1608 701 1759 766 Filii,

216 803 303 868 ipso
317 798 565 851 dicentur
594 796 711 867 Ego
730 813 848 851 sum
871 796 1076 851 Veritas
1094 798 1140 830 ⁸⁵
1154 837 1170 862 ,
1185 815 1205 848 s
1226 813 1286 851 ne
1308 797 1572 851 audientes
1593 794 1764 859 Spiri-

220 902 305 942 tust
352 890 658 956 simpliciter
708 889 838 953 dici,
871 890 951 943 vel
999 890 1113 943 sine
1150 889 1469 954 pra’cedente
1513 886 1761 947 articulo,

217 983 275 1037 ul
299 984 398 1037 sine
416 982 720 1048 adjectione
740 982 1099 1049 subsequente,
1122 981 1381 1048 Spiritum
1397 990 1633 1036 sanctum
1658 979 1765 1034 dici

218 1074 530 1131 arbitremini.
564 1073 757 1144 Itaque
787 1091 908 1128 cum
950 1074 1277 1128 audierimus
1314 1072 1576 1138 Spiritum
1602 1086 1763 1125 sanc-

219 1178 325 1227 tum,
352 1165 421 1218 rel
446 1179 565 1216 cum
600 1165 831 1217 articulo
862 1164 1142 1230 Spiritum,
1173 1178 1274 1215 non
1300 1160 1365 1214 de
1387 1161 1615 1229 quolibet
1636 1158 1765 1226 'Spi-

219 1263 300 1312 ritu
322 1258 705 1326 intelligendum
725 1258 850 1311 :sed
880 1256 942 1309 de
964 1257 1077 1319 illo,
1094 1256 1188 1326 qui
1210 1254 1448 1324 procedit
1483 1270 1547 1308 ea:
1573 1253 1759 1316 Patre,

218 1351 389 1419 Spiritu
441 1349 711 1411 ueritatis,
747 1347 824 1404 vel
863 1348 1252 1418 quomodolibel
1297 1363 1415 1402 cum
1468 1347 1653 1416 aliqua
1699 1362 1767 1401 ea:

216 1442 445 1508 praedictis
486 1428 882 1509 adjectionibus
912 1441 1240 1510 proferatur.
1266 1437 1469 1508 Nempe
1522 1438 1689 1503 enim,
1716 1440 1764 1492 si

220 1532 441 1603 quoniam
479 1546 510 1586 a
560 1531 772 1601 Spiritu
820 1531 980 1586 datur
1026 1531 1273 1601 spiritale
1329 1530 1551 1596 donum,
1594 1526 1768 1597 Spiri-

225 1636 315 1681 tum
344 1634 588 1681 sanctum
638 1625 911 1695 quispiam
948 1624 1109 1679 dicat:
1152 1622 1276 1679 Filii
1307 1625 1496 1688 etiam,
1555 1636 1623 1677 ac
1658 1620 1765 1675 Pa-

222 1719 303 1771 tris
340 1716 493 1779 dona,
531 1713 660 1769 Filii
693 1730 759 1771 ac
821 1715 1012 1771 Patres
1071 1726 1253 1781 erunt,
1304 1724 1469 1784 atque
1519 1715 1589 1767 ita
1632 1711 1766 1767 nihil

222 1807 492 1877 prohibebit
538 1805 869 1867 Trinitatem
906 1807 1281 1876 multiplicare.
1331 1803 1468 1871 lino,
1529 1819 1651 1859 cum
1694 1806 1765 1859 sit

1860 612 2003 680 quod
2032 611 2122 668 Dei
2153 613 2322 668 solius
2369 624 2478 677 est,
2513 621 2569 667 ut
2615 622 2671 667 et
2733 628 2959 683 magnus
3010 611 3240 669 Basilius
3282 613 3337 667 in
3385 629 3437 667 tv

1861 715 2044 758 contra
2102 703 2311 759 Eunom
2332 743 2347 759 .
2382 705 2637 769 ostendit,
2670 705 2874 761 dicens:
2905 702 2964 760 Si
3015 705 3178 774 igitur
3222 712 3439 775 peccata

1862 797 2123 851 dimittere
2153 796 2347 850 nullius
2375 808 2474 863 est,
2500 797 2601 851 nisi
2638 797 2807 850 solius
2846 795 2977 862 Dei;
3010 796 3223 851 dimittit
3254 804 3432 849 autem

1861 898 2075 959 peccata
2113 906 2203 957 per
2259 890 2534 957 Apostolus
2587 887 2821 958 Spiritus
2866 898 3104 952 sanctus,
3141 889 3283 943 Deus
3312 904 3436 957 ergo
3460 954 3473 969 ν

1863 990 1941 1034 est
1981 978 2213 1049 Spiritus
2245 989 2483 1035 sanctus.
2534 979 2705 1035 Simul
2734 991 2789 1034 et
2823 980 2953 1035 illud
2987 989 3222 1044 constat,
3266 980 3435 1048 quod,

1865 1071 1967 1126 nisi
2024 1072 2183 1127 datus
2229 1080 2373 1127 esset
2411 1079 2540 1126 tunc
2592 1071 2830 1141 Spiritus
2875 1081 3139 1136 sanctus,
3187 1070 3436 1139 Apostoli

1865 1173 2088 1233 peccata
2123 1164 2395 1218 dimittam
2456 1178 2561 1218 non
2612 1171 2861 1234 possent:
2918 1163 3046 1231 quia
3101 1178 3230 1217 vero
3278 1162 3442 1216 dimi-
3525 1172 3545 1193 ο

1866 1263 2077 1331 serunt,
2127 1254 2321 1324 liquet,
2350 1255 2474 1324 quia
2515 1254 2815 1310 dimittendi
2849 1264 3078 1325 peccata
3117 1260 3440 1321 potestatem

1868 1363 1974 1404 una
2035 1362 2159 1404 cum
2220 1349 2423 1418 Spiritu
2471 1358 2660 1406 sancto
2710 1360 3055 1419 acceperunt.
3111 1348 3226 1405 Non
3277 1349 3427 1403 enim

1868 1439 2010 1495 hanc
2044 1438 2327 1507 haberent,
2377 1440 2421 1494 si
2461 1440 2549 1494 ille
2598 1454 2704 1495 non
2751 1441 2987 1495 adesset.
3022 1439 3148 1495 Ideo
3179 1447 3230 1493 et
3260 1438 3440 1508 Chry-

1867 1542 2143 1591 sostomus
2186 1532 2382 1588 aiebat.
2409 1530 2596 1603 Neque
2629 1533 2899 1603 peccabit,
2920 1533 3009 1602 qui
3040 1530 3236 1587 dixerit
3265 1546 3359 1586 eos
3388 1539 3445 1584 et

1871 1635 1999 1681 tunc
2037 1625 2269 1696 gratiam
2319 1626 2594 1696 accepisse
2628 1625 2951 1695 spiritalem,
2980 1634 3039 1679 ut
3067 1637 3167 1692 per
3206 1623 3344 1677 hanc
3386 1624 3440 1675 in

1868 1719 1951 1777 eis
1976 1718 2216 1789 Spiritus
2247 1726 2471 1775 sanctus
2498 1718 2787 1782 habitaret,
2818 1732 2979 1787 quem
3014 1716 3283 1784 negabant
3310 1716 3445 1785 qui-

1869 1811 1990 1865 dam
2018 1810 2098 1867 eis
2128 1822 2237 1865 tum
2266 1824 2297 1865 a
2319 1809 2538 1867 Christo
2565 1811 2744 1865 datum
2782 1809 2969 1864 fuisse.

223 1912 473 1953 commune
530 1897 764 1960 donum.
817 1904 873 1952 ει
907 1898 1214 1953 communia
1248 1910 1507 1961 munera.
1564 1894 1758 1950 Ῑιονυηι
1797 1876 1839 1933 Β
1938 1904 2080 1960 Idem
2129 1904 2363 1960 Sanctus
2403 1919 2568 1974 super
2589 1902 2748 1960 Joan.
2796 1901 3136 1969 Evangelia:
3178 1902 3289 1957 Cur
3340 1918 3443 1955 au-

223 2003 404 2059 qnoqne
452 1988 589 2042 nihil
654 1987 987 2059 prohibebit,
1038 1998 1093 2043 et
1158 1988 1375 2044 Patrem
1430 1996 1484 2041 et
1534 1985 1756 2051 Filium,

224 2080 528 2149 etSpiritum
584 2088 842 2138 sanctum
891 2080 1184 2153 appellare.
1218 2080 1326 2137 Sed
1380 2081 1483 2135 ista
1539 2078 1764 2134 nimium

226 2175 425 2232 absurda
459 2185 617 2231 sunt.

282 2266 524 2333 Quaniam
555 2267 723 2337 igitur
740 2307 756 2329 .
774 2266 1005 2336 Accipite
1024 2265 1275 2336 Spiritum
1303 2276 1544 2324 sanctum
1564 2264 1774 2322 ".disit

235 2358 474 2426 Salvator,
504 2361 656 2429 quod
682 2360 854 2415 solum
888 2360 1225 2415 Paracletnm
1259 2358 1553 2429 signiﬁcat,
1573 2370 1776 2425 nequa—

230 2466 363 2520 quam
407 2449 831 2522 Chrysostomus
860 2450 933 2505 illi
972 2450 1316 2515 contradicit,
1366 2465 1473 2505 non
1510 2449 1772 2518 Spiritum

231 2550 604 2607 sanctum,tunc
655 2541 838 2596 datum
875 2542 1092 2600 dicens:
1126 2556 1200 2597 ex
1236 2556 1325 2607 eo,
1364 2544 1509 2612 quod
1565 2544 1773 2599 caelesti

230 2636 477 2706 magistro,
520 2637 846 2703 sanctisque
901 2635 1219 2702 concordat,
1248 2636 1644 2707 Chrysostomo
1676 2639 1775 2691 lia-

231 2727 360 2781 betur
394 2726 585 2782 honor.
642 2724 794 2782 Hunc
853 2726 998 2782 enim
1040 2718 1373 2783 arbiirautur
1415 2729 1637 2798 quidam
1692 2727 1778 2783 di-

230 2819 377 2885 xisse,
407 2820 608 2874 donum
661 2818 930 2889 quoddam
974 2820 1094 2875 sine
1153 2821 1457 2877 substantia
1512 2822 1778 2889 apostolis

230 2912 407 2976 datum,
436 2912 559 2980 quia
602 2910 733 2965 illud
759 2910 965 2967 dictum
991 2926 1286 2980 exponens,
1310 2914 1440 2968 altu
1511 2911 1780 2969 Nonnulli

230 3001 408 3069 quidem
446 3002 669 3066 dicunt,
726 3001 877 3057 illum
935 3018 1040 3057 non
1092 3001 1348 3072 Spiritum
1406 3004 1647 3071 dedisse,
1684 3005 1777 3059 sed

230 3092 409 3146 idoaeos
446 3094 515 3146 ad
574 3091 969 3163 percipiendum
1007 3094 1271 3163 Spiritum
1299 3096 1395 3151 illa
1426 3098 1781 3168 insumatione

1864 2006 1967 2053 tem
1992 2036 2012 2063 ,
2042 1998 2248 2067 inquit:
2285 1997 2524 2067 «Rogabo
2555 1995 2768 2051 Patrem
2784 1996 2857 2051 “‘l
2882 2015 2900 2049 ι
2930 1996 3090 2061 Quia,
3116 1998 3159 2050 si
3194 1996 3441 2054 dixisset.

1870 2090 2015 2160 (Ego
2061 2091 2297 2154 mittam,
2329 2109 2348 2142 s
2383 2105 2486 2143 non
2512 2088 2761 2142 similiter
2791 2087 3026 2155 profecto
3067 2087 3440 2141 credidissent.

1869 2181 2027 2236 Nunc
2066 2182 2203 2245 enim
2249 2181 2305 2235 id
2348 2181 2575 2235 maxime
2619 2179 2829 2248 agebat,
2869 2187 2929 2233 ut
2977 2178 3078 2232 sibi
3118 2177 3442 2234 crederetur.

1872 2272 2033 2329 Illum
2062 2274 2225 2343 igitur
2276 2281 2401 2327 tunc
2446 2280 2762 2339 acceperunt
2811 2269 3078 2339 Apostoli,
3136 2284 3291 2337 quem
3353 2270 3445 2321 dat

1871 2364 2155 2428 Christus;
2182 2365 2271 2417 dat
2296 2372 2662 2433 autem,quem
2692 2362 2891 2426 mittit;
2920 2377 3071 2428 quem
3104 2375 3227 2429 ergo
3256 2358 3445 2413 Chris-

1871 2463 1956 2511 tus
1984 2456 2165 2520 mittit,
2190 2455 2329 2508 ltunc
2346 2461 2658 2523 acceperunt
2684 2450 2941 2517 Apostoli.
2978 2447 3145 2504 Mittit
3181 2465 3302 2503 vero
3336 2464 3439 2501 non

1871 2549 2067 2603 donum
2090 2547 2201 2602 sine
2229 2545 2543 2607 substantia,
2569 2543 2659 2597 sed
2682 2542 2851 2609 ipsum
2878 2536 3452 2609 Spiritum.tParacle-'

1873 2653 1956 2695 tus
1992 2640 2149 2702 enim,
2182 2639 2378 2705 inquit,
2407 2652 2558 2707 quem
2602 2650 2695 2705 ego
2730 2634 2936 2687 mittam
2978 2630 3124 2685 vobis
3157 2647 3189 2684 a
3249 2629 3436 2694 Patre,
3476 2639 3486 2644 ‘

1876 2732 2142 2799 Spiritum
2169 2727 2431 2792 ueritatis,
2460 2726 2550 2796 qui
2581 2740 2615 2778 a
2657 2720 2824 2778 Patre
2853 2720 3089 2791 Procedit
3113 2720 3183 2776 ⁸’.
3215 2738 3234 2773 ι

1950 2825 2058 2881 Sed
2094 2822 2163 2878 ad
2198 2823 2253 2877 id
2280 2834 2495 2892 quoque
2538 2816 3029 2873 commendandum
3082 2815 3221 2881 quod
3268 2812 3449 2869 Chris-

1880 2930 1963 2975 tus
1989 2916 2249 2987 Spiritum
2280 2914 2486 2976 mittat,
2519 2910 2717 2980 adjecit
2741 2908 3052 2980 Chrysost.:
3092 2904 3281 2961 Postea
3311 2904 3452 2957 enim

1878 3013 1988 3085 ipse
2013 3026 2067 3066 se
2092 3008 2294 3062 mittere
2327 3006 2426 3069 ait,
2461 3005 2649 3059 dicens
2682 3019 2696 3055 :
2728 3001 2965 3071 Accipite
2992 2998 3257 3068 Spiritum
3296 3010 3456 3051 sanc-

1881 3111 2013 3157 tum.
2062 3100 2253 3170 Igitur,
2309 3097 2400 3168 qui
2459 3109 2588 3152 tunc
2634 3091 2911 3149 aChristo
2942 3092 3103 3146 datus
3154 3099 3261 3153 est,
3324 3102 3452 3143 eum

235 3184 407 3251 fecisse.
436 3184 562 3240 Non
610 3195 790 3239 autem
835 3186 1101 3255 quispiam
1150 3190 1463 3258 peccaverit,
1510 3193 1556 3243 si
1604 3189 1771 3255 dicat,
1802 3206 1845 3264 ο
1879 3192 2212 3263 Chrystost.,
2248 3200 2302 3247 et
2332 3189 2403 3244 ab
2434 3189 2574 3257 ipso,
2604 3194 2655 3241 et
2686 3200 2714 3240 a
2746 3183 2907 3239 Patre
2949 3182 3172 3237 missum
3206 3178 3303 3233 ait.
3332 3178 3456 3232 Non

234 3292 322 3335 eos.
343 3287 384 3329 et
414 3284 536 3332 tunc
565 3286 881 3347 potestatem
907 3280 1194 3348 quamdam
1227 3283 1493 3351 accepisse
1522 3282 1785 3352 spiritua-

236 3370 431 3440 territet
463 3372 735 3439 gratiam,
777 3381 835 3426 ut
894 3384 1111 3440 peccata
1164 3373 1513 3429 dimitterent.
1564 3374 1689 3430 Ideo
1731 3382 1786 3431 et

238 3460 459 3516 addidit:
491 3462 735 3528 Quorum
787 3465 1091 3521 remiseritis
1143 3482 1390 3537 peccata,
1433 3468 1786 3523 remittuntur

238 3552 319 3618 tis,
358 3556 631 3609 ostendens
680 3571 841 3622 quam
872 3556 1097 3625 speciem
1125 3559 1447 3628 operationis
1476 3560 1599 3613 det.
1631 3577 1650 3611 ι
1688 3562 1787 3613 Αι-

238 3644 312 3709 qui
334 3652 544 3701 ssuctus
572 3659 673 3715 per
696 3647 799 3702 hoc
822 3660 929 3702 non
952 3649 1294 3704 contradicit.
1318 3649 1507 3719 Neque
1535 3651 1700 3717 enim,
1727 3659 1787 3704 ut

240 3750 363 3787 suam
408 3736 740 3805 opinionem,
787 3739 905 3800 sed.
934 3750 992 3792 ut
1023 3741 1089 3794 ab
1119 3740 1240 3797 aliis
1267 3742 1535 3797 invectam
1565 3743 1782 3811 objicit.

241 3823 477 3888 Quosdam
505 3830 671 3897 enim,
710 3830 806 3895 sit,
835 3831 1027 3896 dicere,
1056 3836 1184 3902 quia
1220 3848 1322 3886 non
1342 3834 1606 3904 Spiritum
1639 3834 1789 3887 dedit

239 3917 470 3975 Christus.
516 3923 597 3976 Ac
641 3922 835 3978 deinde
870 3922 1082 3978 illorum
1106 3926 1385 3994 corrigens
1425 3926 1733 3996 opinionem
1763 3941 1782 3980 :

244 4009 343 4066 Non
381 4029 549 4070 autem
592 4017 827 4081 peccabit
876 4018 1164 4086 quispiam,
1194 4018 1420 4089 inquiet,
1450 4031 1500 4075 et
1544 4030 1666 4075 tunc
1697 4036 1785 4075 eos

242 4113 517 4167 potestatem
559 4105 797 4175 aliquam
838 4100 1198 4177 spiritualem,
1219 4120 1266 4162 et
1290 4112 1523 4180 gratiam
1548 4112 1783 4181 accepis-

241 4211 305 4257 se,
347 4198 520 4254 dicens
550 4200 747 4269 ;quasi
786 4200 955 4255 dicat:
994 4201 1103 4256 Illis
1149 4204 1366 4272 quidem
1418 4220 1524 4258 non
1574 4204 1786 4258 videtur

245 4290 481 4355 apostolos
523 4300 655 4346 tunc
693 4290 956 4361 Spiritum
990 4303 1241 4349 sanctum
1276 4294 1785 4366 accepisse,“atque

246 4379 345 4433 ideo
378 4396 546 4453 neque
597 4382 743 4439 illius
800 4385 1078 4455 accepisse
1120 4387 1374 4455 gratiam,
1442 4387 1779 4457 idoneosque

246 4468 545 4526 solummodo
575 4470 795 4527 etl‘ectos
821 4488 944 4528 esse
977 4487 1076 4544 per
1102 4479 1222 4529 eam
1265 4474 1684 4531 insuﬂlationem
1713 4477 1779 4529 ad

249 4563 587 4629 accipiendum
642 4564 906 4635 Spiritum
942 4540 1210 4624 sanctum.
1245 4568 1596 4643 Consequens
1633 4540 1858 4626 enim”

253 4665 372 4721 erat,
396 4667 449 4709 ut
495 4657 588 4727 qui
621 4672 717 4713 eos
740 4657 1001 4728 Spiritum
1051 4670 1297 4715 sanctum
1346 4662 1621 4732 accepisse
1650 4671 1778 4717 tunc

249 4752 485 4816 negabant
517 4769 533 4805 :
564 4751 729 4805 etiam
776 4753 966 4820 gratiae
1025 4754 1424 4822 perceptionem
1492 4754 1739 4808 tollerent
1766 4790 1781 4816 ,

249 4853 384 4904 quant
427 4843 543 4897 sine
588 4842 795 4912 Spiritu
871 4845 1123 4913 cuiquam
1180 4846 1433 4913 possibile
1503 4860 1607 4900 non
1668 4854 1787 4899 erat

252 4932 491 4989 advenire.

311 5020 495 5081 Deinde
539 5037 595 5082 et
627 5043 780 5081 suam
834 5028 1163 5082 sententiam
1207 5027 1391 5084 infert:
1430 5027 1552 5082 Non
1606 5040 1784 5083 autem

256 5116 453 5178 peccabit
485 5120 766 5188 quispiam,
808 5135 895 5174 eos
932 5130 980 5174 et
1037 5130 1162 5175 tunc
1220 5122 1448 5190 gratiam
1479 5122 1743 5190 accepisse
1767 5161 1783 5186 .

166 5247 171 5250 .
259 5206 449 5274 dicens;
486 5212 637 5280 quasi
690 5212 905 5266 illorum
960 5215 1289 5268 sententiam
1347 5216 1647 5285 corrigens,
1680 5214 1775 5285 qui

259 5300 486 5366 negabant
518 5302 773 5368 Spiritum
801 5314 1051 5360 sanctum
1082 5315 1209 5359 tunc
1234 5306 1433 5373 datum
1462 5306 1654 5371 fuisse,
1689 5322 1785 5361 os-

259 5389 399 5442 tendit
444 5392 680 5461 apertius
722 5393 1034 5462 opinionem
1092 5410 1245 5449 suam
1293 5410 1436 5461 esse,
1483 5398 1627 5466 quod
1658 5406 1781 5451 tunc

260 5483 529 5549 acceperint
580 5483 842 5555 Spiritum
878 5496 1191 5561 sanctum.
1240 5487 1377 5543 Nam
1431 5503 1552 5543 cum
1605 5487 1781 5558 gratia

260 5568 460 5637 Spiritus
497 5586 549 5631 et
577 5578 693 5647 ipse
731 5595 834 5635 una
860 5581 1048 5635 adesse
1092 5580 1451 5651 intelligitur:
1485 5589 1647 5651 atque
1676 5580 1780 5636 hoc

262 5660 360 5718 inde
399 5665 449 5721 in
497 5670 687 5739 primis
726 5682 958 5739 conatat,
1000 5672 1141 5743 quod
1190 5682 1527 5744 potestatem-
1560 5681 1781 5742 peccata

317 5846 521 5911 "toan.
549 5869 660 5921 atv,
697 5856 749 5911 6.
827 5856 874 5887 ⁸⁷
907 5855 1065 5913 Joan.
1101 5874 1191 5925 xx,
1229 5856 1320 5910 21.

1884 3298 2013 3352 ergo
2046 3282 2131 3338 vel
2158 3282 2284 3346 sibi,
2320 3279 2405 3335 vel
2452 3279 2572 3333 aliis
2614 3276 2891 3349 magistris
2932 3269 3213 3336 Ecclesia,
3255 3268 3312 3325 in
3346 3268 3457 3334 bis,

1884 3391 2005 3446 qua:
2029 3375 2188 3437 dixit,
2224 3357 2536 3426 contrarius
2566 3378 2673 3425 est.

1957 3469 2234 3525 Cancrum
2273 3463 2342 3518 ad
2372 3477 2491 3527 eos,
2525 3464 2617 3530 qui
2654 3460 2849 3533 dicunt
2884 3473 2901 3513 :
2932 3458 2996 3513 Si
3028 3466 3154 3512 tunc
3199 3454 3458 3524 Spiritum

1883 3568 2130 3617 sanetum
2162 3564 2470 3622 acceperunt
2507 3550 2764 3620 Apostoli,
2824 3549 2949 3619 quid
2996 3563 3202 3603 necesse
3248 3548 3351 3616 fuit
3399 3546 3462 3599 it-

1884 3653 1994 3707 lum
2042 3649 2127 3704 die
2166 3648 2491 3703 Pentecostes
2531 3641 3025 3698 mittitdicendum
3069 3647 3174 3702 est,
3200 3635 3458 3705 quoniam

1884 3744 2045 3799 datus
2073 3750 2158 3797 est
2181 3738 2426 3811 quidem,
2460 3752 2565 3791 non
2585 3745 2767 3789 autem
2806 3740 2923 3786 tota
2949 3731 3037 3786 illa
3068 3746 3167 3784 sua
3217 3728 3458 3797 plenitu-

1884 3834 2041 3901 dine,
2070 3847 2248 3902 neque
2276 3827 2570 3887 secundum
2617 3840 2833 3882 omnem
2868 3837 3021 3879 suam
3050 3821 3460 3890 operationem;

1885 3938 1989 3981 non
2016 3925 2157 3993 quod
2198 3922 2316 3991 ipse
2359 3916 2657 3983 discretus,
2705 3932 2767 3969 ac
2790 3914 2995 3970 divisus
3039 3913 3134 3976 sit,
3159 3910 3255 3967 sed
3299 3924 3464 3978 prop-

1886 4033 1972 4079 ter
2024 4015 2426 4086 suscipientium
2473 4005 3037 4077 imbecillitatem,qui
3093 4017 3314 4060 omnem
3341 4000 3464 4069 ejus

1883 4111 2292 4183 operationem,
2318 4115 2374 4161 et
2411 4100 2761 4160 efﬁcientiam
2809 4108 2935 4154 tunc
2971 4096 3218 4167 proiecto
3264 4105 3464 4161 capere

1884 4202 2205 4272 nequibant.
2238 4196 2430 4253 Postea
2455 4209 2582 4250 vero
2611 4207 2773 4262 quam
2810 4191 2875 4245 ad
2930 4186 3254 4257 perfectiora
3285 4183 3466 4254 profe-

1883 4302 2094 4357 cerant,
2141 4301 2294 4355 tunc,
2338 4288 2449 4360 jam
2491 4285 2737 4340 omnium
2792 4282 3118 4355 gratiarum,
3162 4280 3466 4335 donorum-

1884 4402 1990 4461 que
2017 4385 2322 4443 caelestium
2352 4395 2580 4452 capaces
2613 4378 2743 4434 facti
2770 4387 2916 4434 sunt.
2976 4408 2983 4427 ι

1954 4478 2217 4548 Quocirca
2246 4487 2299 4532 et
2318 4475 2739 4544 Chrysostomus
2774 4489 2787 4524 :
2818 4468 2926 4524 Nec
2959 4466 3218 4536 peccabit,
3252 4464 3461 4536 inquit,

1892 4575 1982 4643 qui
2009 4583 2056 4627 et
2088 4580 2211 4625 tunc
2249 4584 2335 4623 eos
2362 4565 2624 4634 accepisse
2659 4563 2850 4617 dixerit
2882 4559 3174 4629 spiritalem
3232 4557 3467 4626 aliquam

1892 4667 2140 4736 gratiam,
2159 4678 2276 4716 cum
2293 4658 2521 4729 Spiritus
2550 4668 2672 4711 tunc
2697 4672 2758 4710 ea
2781 4654 2893 4709 sola
2915 4654 3102 4723 dignos
3131 4650 3465 4718 iudicaverit.

1891 4756 2027 4812 Nam
2063 4753 2347 4811 sacerdotii
2377 4750 2608 4821 gratiam
2656 4759 2780 4803 tunc
2811 4747 2982 4802 solam
3031 4746 3177 4800 dedit
3209 4743 3471 4814 apostolis

1893 4848 2308 4911 inhabitantem,
2335 4843 2497 4911 cujus
2532 4839 2811 4911 proprium
2853 4846 3075 4908 peccata
3124 4834 3356 4899 solvere,
3387 4844 3470 4887 at-

1895 4954 2002 5008 que
2034 4938 2206 5007 ligare
2243 4948 2396 4989 :non
2429 4942 2611 4986 tamen
2654 4929 2915 4983 doctrinae
2962 4927 3154 4989 etiam,
3206 4933 3261 4979 et
3312 4922 3466 4977 verbi

1892 5029 2143 5100 gratiam,
2174 5028 2315 5081 hanc
2345 5023 2487 5078 enim
2529 5022 2585 5076 in
2610 5020 2699 5076 die
2725 5019 3101 5082 Pentecostes,
3131 5031 3229 5086 per
3254 5014 3469 5083 linguas

1895 5125 2090 5192 igneas
2120 5117 2287 5174 dedit.
2333 5116 2466 5180 Sed,
2500 5129 2569 5169 ne
2615 5122 2748 5167 tunc
2774 5112 2991 5181 quidem
3027 5118 3138 5164 tota
3180 5108 3286 5163 illis
3314 5107 3467 5175 copia

1892 5224 1977 5269 est
2005 5211 2152 5265 data.
2184 5206 2369 5277 Neque
2410 5206 2554 5262 enim
2582 5202 2826 5274 quotidie
2849 5202 2916 5256 ad
2964 5200 3214 5267 majores,
3259 5196 3473 5265 perfec-

1893 5307 2167 5372 tioresque
2216 5301 2447 5355 virtutes
2521 5307 2929 5368 potestatesque
2980 5294 3305 5348 evasissent.
3364 5287 3472 5342 Sed

1891 5409 1947 5452 et
1990 5404 2111 5465 post
2141 5394 2529 5457 Pentecostcn,
2572 5390 2925 5445 narrantibus
2952 5385 3132 5449 Petro,
3159 5391 3214 5439 et
3256 5381 3468 5436 Joanne

1896 5488 2118 5557 reliquis
2152 5486 2431 5555 apostolis,
2457 5492 2660 5554 quanta
2702 5497 2729 5534 a
2754 5479 2954 5536 ludatis
2988 5477 3131 5545 passi
3171 5482 3378 5537 essent,
3405 5486 3472 5526 eo

1897 5580 2042 5650 quod
2074 5577 2408 5632 ﬁducialiter
2432 5576 2483 5630 in
2516 5573 2720 5630 Christi
2747 5570 2966 5625 nomine
2994 5567 3270 5638 egissent:
3294 5561 3469 5629 Motu,

1838 5698 1845 5703 -
1892 5672 2089 5743 inquit,
2126 5670 2269 5741 [acto
2314 5669 2494 5738 repleti
2524 5677 2648 5723 sunt
2702 5679 2879 5721 omnes
2917 5660 3125 5731 Spiritu
3178 5665 3382 5725 sancto,
3412 5663 3471 5711 ut

1401 5857 1444 5889 ⁸⁸
1468 5856 1625 5911 Joun.
1660 5869 1767 5919 xw,
1806 5853 1889 5909 16.
1970 5854 2015 5885 ⁸ο
2042 5852 2200 5909 Joan.
2236 5868 2321 5919 xv,
2347 5851 2435 5908 ‘26.
