3984 6630
414 391 515 492 i2?

1681 434 2088 497 MANUELIS
2130 437 2442 502 CALECE

3602 444 3724 509 128

411 546 574 617 alium
632 544 851 598 modum
895 544 1146 598 voluntas
1174 545 1401 601 relative
1449 548 1629 603 dictus
1683 557 1789 611 est,
1838 548 1989 618 juxta
2023 552 2066 607 Α
2097 550 2288 618 Filius,
2321 569 2496 625 neque
2522 552 2696 620 mens,
2731 534 2910 627 neque
2940 559 3205 629 Verbum,
3232 560 3539 617 secundum
3571 574 3727 630 per-

412 635 623 690 scilicet
653 633 1024 689 deﬁnitionem
1075 648 1137 690 ac
1182 637 1569 707 proprietatem
1613 640 1994 697 substantialis

414 741 704 795 processus
736 727 846 783 sui.
1254 778 1257 779 ν

484 816 772 881 Caeterum,
801 816 845 871 si
877 818 1000 886 quis
1033 820 1162 903 velit
1188 820 1344 889 juxta
1377 823 1693 892 prmdictam
1721 824 1995 880 rationem

414 920 471 971 et
499 911 715 966 Patrem
754 911 1082 967 charitatem
1111 913 1319 979 dicere,
1364 926 1419 969 et
1469 916 1663 971 Filium
1693 916 1948 971 similiter
1976 932 1994 975 :

415 1014 469 1057 et
500 1002 627 1057 hinc
656 1004 890 1059 absurde
940 1019 1297 1074 personarum
1354 1006 1665 1062 introducet
1698 1008 2004 1064 multitudi-

418 1110 562 1158 nem,
602 1096 938 1165 easdemque
969 1106 1183 1153 asseret
1223 1099 1598 1167 multipliciter
1634 1103 1955 1171 procedere.

488 1186 594 1242 Sed
620 1191 956 1259 Augustinus
980 1193 1194 1260 quidem
1220 1232 1233 1258 ,
1266 1194 1360 1262 qui
1405 1195 1471 1248 de
1518 1195 1619 1250 hoc
1647 1196 2004 1255 subtilissime

417 1279 641 1334 disserit
664 1290 720 1334 et
748 1282 1048 1338 maximein
1075 1283 1224 1340 libris
1260 1283 1336 1339 De
1369 1284 1654 1353 Trinitate,
1698 1298 1751 1343 ut
1788 1288 1871 1343 his
1905 1290 2000 1359 qui

422 1370 606 1425 volunt
645 1370 843 1441 legere,
879 1376 1227 1443 perspicuum
1282 1386 1365 1431 est
1398 1414 1413 1444 ,
1448 1392 1613 1433 unam
1647 1379 2006 1451 eamdemque

420 1462 745 1519 charitatem
779 1466 910 1519 dicit
966 1465 1226 1536 Spiritum
1266 1478 1537 1537 sanetum,
1573 1471 1750 1527 Patris
1775 1480 1830 1525 et
1856 1471 2000 1539 Filii,

420 1567 525 1621 qua
552 1554 693 1608 Deus
726 1569 786 1610 se
822 1556 1000 1626 ipsum
1045 1557 1240 1628 diligit,
1270 1569 1325 1614 et
1365 1575 1426 1616 se
1466 1562 1697 1616 invicem
1736 1562 1919 1630 Pater,
1949 1570 2007 1620 et

422 1643 595 1700 Filius
633 1645 891 1716 diligunt,
935 1664 1097 1719 quam
1141 1653 1305 1705 etiam
1338 1655 1739 1709 connexibnem
1765 1655 2011 1711 nominat

2099 646 2342 701 sonalem
2370 644 2617 703 ordinem
2647 650 2751 705 erit
2773 652 3083 722 aliquando.
3102 652 3183 717 Et,
3205 653 3251 708 si
3286 668 3388 706 una
3414 650 3721 719 essentia,

2097 747 2152 799 et
2181 754 2285 793 una
2334 740 2595 807 charitas,
2650 751 2704 798 et
2734 759 2872 799 unus
2906 744 3208 810 Deus,cnm
3240 744 3401 801 Patre
3434 756 3487 801 et
3523 743 3719 809 Filio,

2098 832 2395 887 secundum
2424 822 2631 889 scilicet
2654 837 2961 891 communia
2993 878 3006 902 ,
3032 846 3087 892 et
3134 837 3383 892 absoluta
3410 839 3665 895 nomina
3702 854 3719 891 :

2099 926 2553 994 quemadmodum
2585 937 2641 983 et
2668 927 2982 986 Paraclctus
3009 932 3184 987 dictus
3235 942 3321 986 est
3351 933 3616 1003 quidem,
3659 937 3725 983 et

2102 1016 2291 1082 Filius,
2326 1017 2419 1071 sed
2452 1020 2666 1087 proprie
2681 1030 2869 1076 sancto
2898 1018 3722 1093 Spirituiredditur,qnamvis

2101 1124 2206 1164 non
2240 1110 2394 1164 video
2422 1127 2519 1166 cur
2550 1114 2725 1183 magis
2770 1130 2836 1169 ex
2873 1128 2937 1169 eo
2965 1113 3107 1185 quod
3138 1114 3398 1186 Spiritus,
3435 1116 3527 1171 vel
3558 1115 3720 1169 cha-

2102 1203 2260 1265 ritas,
2290 1203 2371 1258 vel
2409 1204 2677 1270 voluntas,
2707 1205 2790 1261 vel
2845 1206 3045 1276 aliquid
3088 1205 3398 1275 huiusmodi
3452 1206 3721 1262 dicitur.

2104 1292 2264 1348 Talia
2304 1294 2539 1349 absurda
2577 1296 2731 1365 sequi
2787 1298 3032 1353 nonnulli
3082 1288 3438 1354 arbitrantur.
3488 1298 3581 1353 Ex
3646 1313 3722 1353 eo

2105 1396 2309 1453 autem,
2344 1378 2489 1459 quod
2521 1389 2757 1459 Spiritus
2789 1390 2931 1446 idem
2971 1392 3200 1457 dicatur,
3228 1408 3331 1445 non
3364 1392 3578 1447 itidem.

2175 1480 2376 1536 Eadem
2410 1483 2612 1553 quippe
2663 1486 2875 1540 ratione
2919 1484 3099 1541 dicere
3143 1485 3417 1556 quispiam
3471 1495 3719 1553 posset,

2104 1582 2159 1629 et
2193 1574 2454 1645 Spiritum
2487 1576 2698 1645 spirare
2721 1576 2884 1631 alium
2908 1576 3193 1646 Spiritum,
3213 1577 3473 1646 illumque
3492 1594 3722 1632 rursus

2107 1665 2299 1732 alium,
2331 1677 2494 1735 atque
2538 1669 2641 1723 hoc
2685 1670 2739 1724 in
2772 1668 3042 1724 inﬁnitum
3071 1664 3259 1737 tendi;
3299 1671 3563 1725 similiter
3590 1709 3607 1735 ,
3663 1679 3724 1724 et

424 1735 606 1794 patri“
666 1740 870 1832 θξ-Ῑῗηίί
921 1752 977 1796 et
1040 1744 1315 1811 ιξηίοηειη.
1346 1756 1401 1801 ei
1430 1762 1550 1812 (1112
1585 1746 1695 1802 illic
1720 1749 1833 1804 δῖῑε
1868 1748 2012 1805 Sicut
2109 1756 2307 1813 Filium
2342 1759 2557 1825 quidem
2588 1763 2832 1832 gignere,
2873 1768 2927 1815 et
2976 1759 3069 1831 qui
3095 1773 3159 1813 ex
3214 1735 3334 1828 ipso
3370 1770 3721 1814 nasceretur

423 1840 477 1883 et
499 1845 665 1885 unum
690 1829 930 1888 Verbum
961 1836 1380 1901 cst,secundum
1411 1840 1556 1908 quod
1579 1839 1719 1894 Deus
1748 1854 1809 1895 se
1833 1840 2006 1908 ipsum

2111 1848 2270 1903 aliam
2305 1848 2493 1905 itidem
2527 1866 2814 1920 personam
2843 1851 3065 1922 gignere
3090 1890 3105 1914 ,
3149 1860 3203 1906 et
3233 1852 3333 1905 hoc
3364 1851 3491 1905 item
3528 1852 3588 1905 in
3621 1852 3718 1904 in~

423 1920 702 1990 intelligit.
734 1924 843 1979 Nos
874 1936 1055 1981 autem
1078 1940 1201 1982 cum
1233 1930 1439 1984 sanctis
1464 1930 1719 1986 Patrihus
1743 1970 1759 1996 ,
1787 1948 1887 2003 pro
1917 1932 2005 1989 his

2119 1940 2315 1996 finitum
2346 1941 2490 1996 tendi
2520 1958 2533 1995 :
2562 1956 2752 1997 verum
2804 1943 2951 1998 enim
3005 1942 3252 1998 ordinem
3295 1958 3519 1999 servare
3567 1956 3723 2011 Optls

424 2015 819 2083 respondentes
873 2018 1106 2073 dicimus
1164 2032 1367 2076 sancta:
1398 2020 1693 2079 Trinitatis
1754 2024 2004 2080 ordinem

426 2106 757 2162 immobilem
799 2124 1019 2164 manere
1047 2122 1322 2181 oportere,
1355 2118 1652 2169 secundum
1690 2132 1879 2186 quem,
1907 2133 2008 2173 nec

426 2198 667 2266 nomina,
684 2215 807 2271 qua
828 2216 856 2255 a
881 2205 1221 2272 processibus
1246 2206 1809 2277 substantialibusque
1830 2210 2009 2266 modis

427 2300 707 2359 apparent.
731 2302 1165 2351 commutantur:
1190 2313 1361 2368 neque
1390 2314 1640 2369 personae
1678 2300 1757 2355 vel
1795 2316 2010 2371 pracpoo

428 2391 650 2448 nuntur,
668 2385 750 2440 vel
773 2396 1196 2458 postponuntur,
1213 2391 1295 2443 vel
1318 2392 1543 2445 omnino
1574 2404 2008 2463 commutantur;

428 2473 568 2529 sicut
602 2477 747 2531 enim
770 2493 909 2532 unus
944 2478 1124 2546 Pater,
1159 2492 1319 2551 atque
1340 2500 1479 2539 unus
1525 2484 1713 2546 Filius.
1746 2490 1808 2539 et'
1836 2501 2012 2555 neque

432 2566 600 2623 Filius
633 2568 812 2645 Pater,
856 2586 1028 2642 neque
1047 2571 1207 2629 Pater
1222 2574 1389 2630 Filius
1408 2576 1511 2629 :ita
1535 2589 1588 2631 et
1611 2593 1714 2631 una
1738 2578 2006 2646 voluntas,

430 2675 524 2714 seu
575 2661 819 2718 charitas
851 2661 1092 2733 Spiritus
1148 2678 1374 2723 sanctus
1427 2684 1728 2742 congruere
1784 2670 2013 2727 relative

430 2752 641 2809 scilicet
671 2754 904 2811 dicetur.
947 2757 1126 2828 Atque
1161 2759 1329 2828 idem,
1362 2777 1542 2831 neque
1597 2762 1794 2829 Pater,
1837 2776 2015 2831 neque

1150 2956 2908 2984 Μ

2107 2042 2211 2098 est,
2248 2048 2425 2103 neque
2479 2034 2653 2104 ipsius
2706 2036 2965 2091 terminos
3021 2036 3346 2107 transgredi,
3403 2035 3499 2091 sed
3561 2035 3719 2090 intra

2110 2123 2433 2182 Trinitatem
2466 2136 2633 2193 stare,
2685 2125 2839 2196 juxta
2890 2127 3144 2182 traditam
3181 2127 3338 2181 nobis
3378 2126 3501 2182 ﬁdei
3542 2142 3724 2200 regu—

2110 2219 2242 2285 lam,
2275 2236 2343 2276 ne
2378 2221 2603 2277 deorum
2632 2220 3045 2276 introducamus
3073 2220 3304 2291 plebem.
3345 2218 3543 2289 itaque
3579 2220 3718 2275 talia

2116 2326 2445 2383 praesumere
2488 2313 2709 2368 illorum
2761 2321 2865 2378 est,
2896 2314 2985 2384 qui
3023 2329 3381 2383 personarum
3412 2311 3712 2377 ordinem,

2115 2415 2171 2459 et
2203 2419 2322 2473 qua:
2352 2402 2423 2458 do
2468 2414 2661 2461 sancta
2698 2404 2967 2457 Triuitate
3023 2405 3329 2470 traduntur,
3366 2413 3419 2457 et
3437 2400 3717 2456 confessa

2119 2496 2641 2561 tenentur..toilunt,
2691 2495 3178 2565 coniundunlqne,
3241 2511 3303 2550 ac
3360 2494 3720 2565 permiscent

2115 2590 2321 2644 omnia.
2362 2588 2469 2646 Sed
2508 2590 2731 2646 secundi
2765 2590 2927 2661 hujus
2984 2589 3275 2645 voluminis
3327 2587 3547 2644 tandem
3583 2587 3718 2641 linis

2115 2681 2207 2736 sit.
2639 2700 2673 2722 ι·

1562 3134 1919 3224 LIBER
2010 3134 2580 3229 TERTIUS.

504 3481 571 3538 Et
605 3483 721 3539 hac
749 3482 967 3553 quidem
1000 3482 1075 3538 ita
1098 3498 1158 3539 se
1178 3482 1401 3540 habent.
1430 3483 1504 3541 Ut
1524 3493 1706 3538 autem
1753 3497 1878 3554 qua;
1920 3497 2017 3539 su-
2039 3484 2086 3550 C
2119 3486 2423 3543 Undecimo
2451 3486 2645 3541 deinde
2684 3484 2808 3542 loco
2838 3483 3103 3549 sullicere,
3141 3488 3208 3540 ad
3239 3485 3615 3552 indicandum,
3645 3501 3711 3542 ex

432 3577 744 3649 perioribus
796 3578 952 3633 libris
1001 3586 1129 3633 sunt
1180 3577 1357 3645 dicta,
1389 3585 1725 3647 repetentes,
1754 3578 1913 3647 quasi
1952 3578 2007 3633 in

434 3686 602 3725 unum
635 3678 991 3741 conspectum
1020 3670 1212 3725 demus
1242 3670 1427 3725 omnia
1453 3669 1779 3727 :docuimus
1808 3672 2009 3740 primo,

436 3764 657 3818 tertium
689 3778 719 3818 a
767 3762 932 3819 Patre
971 3778 1093 3818 esse
1127 3760 1390 3832 Spiritum
1422 3771 1675 3818 sanctum
1710 3762 1859 3830 juxta
1889 3779 2017 3833 per-

436 3855 680 3911 sonalem
712 3853 984 3909 ordinem.
1013 3854 1235 3919 Deinde,
1262 3863 1485 3923 propter
1505 3855 1897 3911 substantiales
1927 3858 2015 3911 di-

392 4020 395 4023 ,
438 3949 686 4003 vinarum
715 3949 1148 4002 substantiarum
1168 3962 1478 4017 processus,
1496 3950 1755 4005 nascendi
1782 3950 2013 4019 scilicet,

439 4056 503 4094 ac
532 4039 890 4111 procedendi,
927 4038 1127 4094 Filium
1163 4042 1380 4108 quidem
1402 4056 1468 4096 ex
1520 4041 1679 4097 Patre
1715 4058 1837 4101 esse
1895 4044 2015 4101 sine

438 4132 550 4185 ullo
580 4131 805 4195 medio;
850 4132 1115 4202 Spiritum
1162 4143 1415 4187 sanctum
1452 4147 1583 4188 vero
1611 4147 1675 4187 es
1717 4133 1881 4190 Patre
1918 4149 2018 4206 per

440 4223 638 4279 Filium
676 4229 990 4294 procedere.
1024 4226 1178 4290 Dein,
1198 4226 1353 4294 juxta
1387 4228 1707 4297 praedictum
1740 4228 2013 4297 ordinem,

442 4317 563 4373 Filii
605 4317 989 4374 mediationem
1032 4318 1282 4389 plurimis
1350 4320 1402 4373 in
1432 4319 1618 4375 locisa
1663 4320 2018 4376 sanctis‘Ec-

440 4408 622 4463 etesia!
684 4409 1001 4465 doctoribus
1052 4423 1149 4478 pro
1207 4409 1465 4465 confesso
1506 4412 1700 4464 tradi:
1758 4411 2021 4480 deinceps

441 4501 623 4556 omnia
653 4501 928 4570 exempla,
956 4500 1156 4569 quibus
1187 4501 1241 4555 in
1293 4512 1484 4556 sancta
1529 4501 1807 4558 Trinitate
1843 4504 2022 4558 sancti

443 4592 635 4648 Patres
666 4594 746 4648 usi
791 4604 941 4661 sunt,
973 4594 1232 4648 traditum
1270 4593 1321 4648 in
1358 4594 1558 4650 divinis
1583 4595 1846 4665 'personis
1871 4598 2025 4651 ordi-

446 4701 592 4750 nem,
620 4689 921 4741 secundum
949 4687 1336 4744 substantiales
1358 4703 1547 4743 earum
1580 4703 1870 4755 processus
1898 4704 2023 4745 cum

2113 3579 2256 3635 Filio
2306 3594 2430 3635 esse
2461 3576 2726 3649 Spiritum
2762 3588 3017 3635 sanctum
3048 3620 3063 3644 ,
3101 3579 3227 3650 quia
3271 3579 3364 3644 sit,
3403 3588 3457 3635 et
3490 3580 3715 3633 dicatur

2115 3669 2239 3725 Filii
2294 3668 2558 3740 Spiritus.
2615 3669 2875 3740 Spiritum
2922 3679 3171 3726 sanctum
3234 3671 3450 3734 deinde,
3499 3671 3712 3726 Christi

2118 3760 2382 3832 Spiritum
2412 3762 2543 3828 dici,
2565 3762 2757 3818 eadem
2783 3764 3020 3830 ratione,
3056 3779 3159 3834 qua
3207 3771 3259 3819 et
3308 3763 3439 3818 Filii-
3470 3763 3715 3832 Spiritus

2117 3870 2239 3911 esse
2269 3857 2618 3913 asseveratur
2653 3872 2669 3910 :
2698 3855 2962 3924 Spiritum
2997 3864 3264 3918 sanctum,
3301 3856 3551 3926 spiritum
3592 3856 3704 3907 oris

2116 3946 2236 4003 Filii
2265 3963 2294 4001 a
2317 3948 2599 4019 theologis
2630 3948 2811 4015 tradi,
2846 3957 2898 4003 et
2935 3957 3188 4018 utraque,
3222 3947 3376 4001 illum
3421 3962 3484 4002 ex
3522 3944 3709 4008 Patre,

2117 4049 2172 4095 et
2198 4025 2337 4095 Filio
2367 4055 2512 4107 esse,
2544 4042 2785 4111 signare,
2827 4041 2882 4095 id
2920 4048 3041 4104 est,
3082 4054 3149 4094 ex
3183 4037 3343 4092 Patre
3374 4053 3469 4108 per
3496 4034 3705 4091 Filium

2120 4134 2434 4204 procedere.
2468 4133 2667 4190 Filium
2694 4132 2912 4205 quidem
2940 4130 3177 4187 Verbum
3204 4129 3387 4186 Patris
3406 4130 3539 4194 dici,
3582 4127 3708 4196 Spi-

2121 4227 2286 4281 ritum
2345 4240 2475 4281 vero
2520 4236 2766 4282 sanctum
2823 4224 2949 4281 Filii
3006 4225 3193 4280 itidem
3238 4224 3496 4289 Verbum,
3526 4235 3709 4278 causas

2123 4318 2336 4372 ratione
2366 4317 2545 4383 tradi;
2574 4317 2841 4386 Spiritum
2864 4325 3113 4373 sanctum
3156 4323 3416 4385 praeterea
3447 4316 3612 4369 etiam
3640 4328 3703 4367 cx

2126 4408 2265 4464 Filio
2290 4421 2411 4465 esse
2440 4424 2471 4463 a
2508 4408 2735 4464 summis
2764 4406 3031 4478 theologis
3059 4407 3327 4461 insinuari
3355 4423 3370 4472 ;
3398 4404 3619 4469 Filium,
3644 4416 3707 4456 eo

2124 4502 2273 4569 quod
2308 4501 2379 4556 sit
2411 4500 2876 4557 incommutabilis
2913 4501 3093 4569 imago
3148 4497 3352 4565 Patris,
3409 4496 3705 4565 omniaque

2126 4592 2303 4648 Patris
2328 4593 2467 4649 bona
2499 4593 2869 4649 essentialiter
2897 4592 3113 4659 habeat,
3150 4593 3339 4648 eadem
3375 4589 3612 4653 ratione,
3648 4594 3706 4640 ιιι

2127 4700 2314 4741 verum
2355 4684 2534 4741 Patris
2568 4685 2772 4741 Filium
2798 4724 2814 4750 ,
2850 4683 3113 4755 Spiritum
3163 4692 3434 4761 sanctum.
3469 4683 3701 4744 habere;

448 4777 1017 4833 consubstantialitate
1071 4779 1370 4847 insinuare,
1415 4781 1716 4835 secundum
1755 4782 2021 4837 utentium
2057 4823 2104 4883 υ
2128 4790 2233 4847 qua
2258 4776 2408 4831 illum
2464 4777 2629 4833 habet
2660 4776 2822 4831 Pater
2855 4776 3055 4832 :aliter
3084 4774 3284 4846 quippe
3326 4774 3455 4828 illud
3491 4773 3703 4826 incom-

450 4869 847 4935 iutentionem;
903 4870 1174 4941 Spiritum
1233 4871 1431 4928 deinde
1463 4882 1717 4928 sanctum
1776 4889 1899 4928 cum
1954 4891 2023 4930 ex

449 4960 612 5016 Patre
641 4976 738 5030 per
764 4960 959 5017 Filium
993 4962 1273 5033 procedat,
1310 4979 1408 5033 per
1437 4965 1617 5034 ipsum
1657 4966 2021 5022 substantiam

449 5055 668 5110 habere.
700 5056 823 5119 Per.
857 5067 915 5111 et
954 5073 1054 5123 ex,
1091 5057 1141 5111 in
1176 5056 1377 5113 divinis
1415 5058 1555 5126 apud
1585 5068 1803 5112 sanctos
1826 5098 1842 5123 ,
1878 5058 2021 5114 idem

445 5149 774 5219 significare.
812 5149 948 5203 Tum
981 5149 1176 5204 Filium
1218 5151 1284 5203 ad
1319 5150 1577 5220 Spiritum
1604 5191 1618 5217 ,
1652 5149 2026 5220 Spiritumque

448 5243 631 5297 itidem
663 5244 730 5298 ad
756 5242 974 5307 Filium,
1007 5246 1302 5298 secundum
1333 5243 1674 5308 habitum,et
1703 5244 2023 5299 relationem

450 5335 650 5389 habere
695 5337 762 5389 ad
823 5334 1170 5398 alterutrum,
1229 5350 1257 5388 a
1320 5335 1526 5389 sanctis
1579 5334 1741 5388 tradi.
1798 5332 2023 5398 Deinde,

447 5431 901 5501 quemadmodum
955 5431 1118 5487 Pater
1177 5448 1355 5487 causa:
1386 5432 1597 5487 ratione
1645 5440 1771 5486 ante
1827 5427 2022 5484 Filium

448 5524 823 5593 intellegitur;
880 5523 952 5578 ita
997 5534 1052 5579 et
1099 5523 1296 5583 Filium
1347 5525 1534 5580 eadem
1588 5538 1766 5579 causa:
1821 5521 2033 5577 ratione

450 5624 578 5671 ante
600 5616 862 5686 Spiritum
904 5616 1180 5687 intelligi:
1236 5618 1495 5688 majorem
1545 5617 1757 5687 Spiritu
1800 5613 2037 5685 Filium,

455 5707 757 5761 secundum
790 5708 1003 5765 scilicet
1037 5711 1380 5779 personalem
1420 5710 1667 5765 ordinem
1698 5724 1728 5762 a
1768 5707 2036 5773 theologis

456 5801 617 5855 tradi.
677 5802 874 5857 Deinde
909 5819 936 5856 a
982 5803 1117 5859 Filio
1168 5820 1288 5860 esse
1340 5804 1539 5859 habere
1610 5801 1874 5873 Spiritum
1910 5816 2037 5856 san-

460 5900 641 5957 ctum,
676 5902 859 5963 utpote
885 5894 953 5949 ab
994 5896 1109 5966 ipso
1158 5895 1505 5969 audientem,
1539 5902 1592 5948 et
1655 5891 2035 5962 accipientem.

2131 4870 2389 4926 mutabile
2412 4870 2546 4925 tolli.
2581 4869 2812 4937 Mittere,
2843 4880 2900 4923 et
2936 4869 3098 4933 mitti,
3128 4882 3347 4933 causam
3378 4878 3430 4923 et
3464 4866 3685 4921 causale

2130 4966 2184 5020 in
2221 4966 2417 5019 divinis
2447 4964 2692 5033 personis
2723 4963 3057 5030 significare.
3099 4960 3324 5016 Fontem
3360 4975 3481 5016 esse
3526 4955 3701 5035 sancti

2132 5054 2367 5122 Spiritus
2404 5053 2627 5119 Filium;
2679 5051 2940 5121 Spiritum
2978 5060 3225 5107 sanctum
3270 5048 3557 5118 imaginem
3584 5057 3702 5099 esse

2138 5147 2283 5213 Filii,
2318 5155 2373 5202 et
2428 5145 2684 5200 virtutem
2751 5145 2869 5211 ejus
2909 5143 3211 5198 naturalem
3236 5180 3250 5204 ,
3284 5156 3347 5196 ac
3404 5141 3697 5197 viventem,

2132 5249 2187 5311 et
2243 5237 2584 5294 essentialem
2628 5216 3081 5306 operationem':
3136 5232 3589 5302 quemadmodum
3648 5235 3700 5282 et

2134 5331 2305 5388 Filius
2338 5331 2453 5385 hanc
2510 5330 2693 5384 omnia
2740 5326 2920 5383 Patris
2950 5338 3050 5382 est.
3102 5326 3179 5381 Ac
3234 5324 3426 5379 faciem
3486 5322 3697 5393 quidem

2135 5426 2313 5481 Patris
2346 5440 2468 5479 esse
2495 5424 2690 5478 Filium
2719 5426 2899 5478 causa:
2935 5422 3176 5487 ratione;
3205 5417 3537 5489 primitivam
3572 5415 3696 5469 item
3739 5474 3745 5479 ο

2133 5518 2364 5575 formam
2395 5516 2630 5585 Spiritus
2657 5514 2852 5570 Filium
2881 5530 2895 5579 ;
2940 5527 3004 5567 ac
3044 5512 3317 5582 proprium
3346 5509 3563 5580 quidem
3594 5503 3698 5558 Pa-

2135 5613 2234 5667 tris
2260 5625 2380 5667 esse
2422 5609 2645 5674 Filium,
2678 5608 2822 5677 quod
2870 5621 2937 5662 ex
2971 5607 3062 5661 illo
3098 5606 3209 5671 sit;
3250 5602 3528 5674 proprium
3576 5608 3700 5651 vero

2134 5705 2257 5762 Filii
2296 5702 2580 5773 Spiritum,
2608 5701 2763 5773 quasi
2803 5715 2897 5771 per
2932 5698 3107 5769 ipsum
3152 5694 3495 5760 naturaliter,
3517 5702 3699 5747 essen.

2139 5799 2445 5867 tialiterque
2476 5796 2860 5866 prodeuntem,
2896 5802 2952 5847 et
2983 5807 3048 5847 ex
3088 5790 3205 5857 ipso
3267 5804 3377 5842 esse
3429 5782 3695 5851 accipien-

2138 5902 2266 5958 tem,
2297 5901 2457 5961 atque
2487 5906 2551 5945 cx
2585 5904 2651 5946 eo
2678 5888 3047 5944 exsistentem.
3093 5882 3339 5949 Latinos,
3374 5880 3693 5946 Grazqosque
