3984 6552
261 372 344 436 129
1026 404 1029 407 π
1323 375 1719 440 ADVERSUS
1750 378 2063 441 GRKECOS
2105 380 2245 441 LIB.
2293 380 2401 442 Ill.

3392 392 3492 455 130

260 490 486 544 doctores
518 487 909 552 communiter,
937 498 992 544 et
1022 490 1366 561 apertissime
1394 505 1459 543 ex
1503 489 1639 544 Filio
1671 505 1811 556 esse,
1844 499 1889 550 Α
1919 503 1984 544 ex
2029 490 2200 545 tribus
2236 490 2545 563 Beniamin,
2585 494 3019 571 discipulumque
3044 499 3359 562 Gamalielis
3398 518 3497 565 an;

262 590 305 634 et
332 592 621 645 exsistere,
649 595 712 637 ac
742 582 1040 652 procedere
1061 581 1321 653 Spiritum
1344 592 1589 638 sanctum
1617 581 1814 637 divinis

261 677 539 732 rationibus
588 678 824 732 tradere.

318 770 434 824 Hec
482 780 669 827 autem
718 773 898 827 omnia
950 772 1194 841 pluribus
1247 771 1549 828 rationibus
1596 778 1816 829 ostensa

260 874 365 919 sunt
395 881 410 928 ;
445 879 590 932 quae,
618 879 742 920 cum
773 880 902 920 vera
945 867 1075 929 sint,
1124 875 1177 920 et
1213 865 1544 921 ﬁrmissimis
1579 866 1818 937 undique

259 958 533 1012 rationibus
571 958 805 1023 munita,
825 966 1036 1012 constat
1061 956 1323 1026 profecto,
1360 959 1485 1028 quia
1514 958 1817 1028 producere

259 1050 381 1119 quod
419 1048 646 1114 dicitur,
678 1050 940 1119 possibile
966 1066 1075 1105 non
1111 1060 1217 1113 est,
1259 1062 1316 1103 ut
1351 1050 1527 1105 Patris
1556 1053 1815 1107 substan-

260 1145 367 1197 tiale
403 1144 493 1197 sit.
522 1142 712 1212 Neque
731 1146 875 1199 enim
921 1145 1061 1198 idem
1094 1145 1332 1213 Spiritus
1357 1184 1373 1208 ,
1405 1145 1601 1200 tertius
1630 1146 1813 1210 simul.

257 1246 299 1288 et
327 1235 596 1291 secundus
622 1251 651 1289 a
672 1235 834 1291 Patre
864 1252 985 1292 esse
1023 1246 1222 1307 potest,
1265 1252 1442 1308 neque
1473 1240 1818 1295 continenter

258 1336 303 1380 et
335 1328 442 1381 sine
467 1328 653 1382 medio
686 1342 751 1383 ex
784 1328 982 1399 primo,
1014 1340 1068 1382 et
1099 1343 1197 1398 per
1233 1345 1382 1390 eum,
1414 1330 1504 1400 qui
1547 1331 1617 1385 sit
1642 1331 1817 1385 couti-

258 1430 429 1476 nenter
457 1435 520 1473 ex
559 1421 785 1490 primo:
823 1436 1000 1490 neque
1050 1421 1116 1476 de
1148 1421 1266 1475 solo
1291 1419 1452 1476 Patre
1500 1414 1813 1491 procedere,

256 1521 303 1564 rt
339 1526 443 1580 per
489 1510 693 1566 Filium
737 1516 1036 1579 procedere
1077 1531 1092 1569 :
1149 1528 1325 1583 neque
1372 1514 1667 1584 productor
1722 1529 1820 1584 per

258 1603 503 1672 Verbum,
541 1615 602 1659 et
625 1606 778 1667 solus
804 1608 1101 1677 productor
1133 1621 1288 1672 esse,
1327 1615 1381 1661 et
1408 1617 1601 1681 caetera
1634 1605 1820 1677 hujus-

259 1699 410 1762 modi,
442 1712 568 1761 quae
610 1699 873 1769 praedicta
903 1709 1048 1755 sunt.
1072 1698 1197 1754 llam
1230 1699 1374 1754 enim
1405 1699 1819 1755 evidentissime

254 1790 344 1847 sibi
378 1793 656 1846 contraria
690 1800 855 1856 sunt;
903 1799 957 1844 et
998 1790 1137 1846 idem
1176 1802 1280 1855 est.
1310 1807 1373 1845 ac
1405 1792 1452 1847 si
1512 1807 1686 1862 neque
1746 1808 1813 1848 ex

255 1883 397 1938 Patre
432 1883 665 1939 omnino
693 1886 992 1954 procedere
1017 1884 1170 1939 illum
1200 1884 1595 1952 conﬁteantur;
1637 1888 1816 1941 maxi-

259 1990 332 2030 me
361 1990 479 2031 cum
523 1990 554 2029 a
612 1976 820 2034 sanctis
867 1977 1201 2033 declaratum
1236 1976 1337 2057 sit,
1366 1976 1510 2047 quod
1544 1992 1816 2047 nunquam

255 2071 534 2137 procedere
568 2070 846 2127 diceretur
881 2085 947 2126 ex
976 2069 1161 2138 Patre,
1194 2070 1297 2125 nisi
1333 2080 1387 2126 et
1408 2085 1439 2124 a
1469 2069 1609 2126 Filio
1630 2086 1820 2145 prece.

250 2162 409 2216 deret.
461 2161 722 2232 Namque
784 2163 1079 2233 procedere
1152 2177 1222 2217 ex
1281 2160 1447 2219 Patre
1504 2162 1667 2218 etiam
1722 2178 1820 2232 per

257 2256 434 2319 Filium
468 2270 580 2312 una
622 2255 1027 2325 complectitur,
1072 2255 1271 2326 quippe
1301 2255 1632 2325 procedendi
1681 2255 1816 2311 deli-

256 2349 373 2401 uitio
407 2356 525 2413 est,
575 2362 639 2403 ex
683 2344 845 2400 Patre
892 2360 990 2416 per
1012 2344 1208 2400 Filium
1254 2348 1585 2413 procedere,
1623 2360 1817 2402 secun.

255 2441 367 2495 dum
388 2441 533 2509 quod
580 2440 744 2495 etiam
793 2454 823 2493 a
868 2438 1004 2494 Filio
1033 2438 1385 2507 discernitur,
1413 2453 1510 2509 per
1538 2439 1813 2512 proprium

253 2533 348 2597 sui,
376 2533 833 2602 diderentemque
858 2546 1194 2602 processum.

314 2625 503 2694 Porro,
533 2625 754 2681 sublato
779 2624 926 2694 quod
956 2639 1048 2695 per
1072 2623 1266 2679 Filium
1288 2624 1580 2696 procedere
1608 2621 1813 2680 asseri-

253 2718 550 2782 tnr,etiam
605 2731 677 2772 ex
710 2715 876 2771 Patre
925 2714 1221 2785 procedere
1250 2714 1394 2785 quod
1447 2714 1667 2779 dicitur,
1706 2728 1813 2769 una

252 2808 460 2874 tollitur,
496 2809 713 2863 sublata
752 2810 956 2880 quippe
994 2805 1285 2875 cujuslibet
1325 2808 1643 2861 substantiae
1684 2807 1814 2861 deli-

251 2899 463 2966 uidene,
481 2899 712 2970 ejusque
735 2899 1081 2957 substantiali
1100 2899 1454 2968 pr0prietate,
1479 2880 1814 2954 deﬁnitionis

251 3010 455 3064 quoque
484 2974 688 3049 nomen
738 2992 1006 3057 aufertur,
1039 2992 1457 3062 substantiaque
1488 3007 1648 3063 quam
1684 2991 1816 3047 deﬁ-

254 3086 461 3142 nitionis
494 3101 697 3144 nomen
735 3086 935 3156 signat,
974 3101 1078 3140 una
1112 3085 1340 3141 tollitur.
1382 3084 1651 3154 Quoniam
1686 3100 1816 3142 vero

1920 580 2126 649 aliquid
2164 582 2512 652 hujusmudi;
2555 587 2835 656 proprium
2881 591 3136 659 quidem,
3172 610 3279 653 non
3316 606 3493 655 tamen

1917 673 2070 744 quasi
2102 674 2462 730 substantiale
2492 691 2589 733 ens
2613 696 2627 746 ;
2653 680 2775 746 sed,
2810 691 2869 736 ut
2892 684 3039 738 notio
3072 684 3422 758 simpliciter.

1989 766 2256 823 Praeterea
2291 769 2423 823 nihil
2463 773 2758 826 secundum
2803 777 3145 846 negationem
3196 779 3357 836 habet
3393 784 3496 838 hoc

1917 874 2041 916 esse
2062 860 2288 930 aliquid.
2330 860 2560 934 Negatio
2590 866 2788 935 quippe
2816 868 2915 934 rei,
2940 884 3057 938 quae
3086 871 3158 926 sit
3186 873 3409 937 ablatio,
3440 858 3495 931 et

1933 952 2073 1024 eius,
2106 970 2225 1024 qua:
2250 970 2362 1012 non
2394 958 2499 1024 sit,
2529 957 2724 1027 positio
2753 968 2857 1016 est.
2906 960 3132 1033 Negatio
3180 974 3362 1021 autem
3414 982 3497 1025 est

1918 1048 2062 1118 quod
2099 1049 2299 1105 dicitur
2338 1050 2660 1119 ingenitum,
2712 1061 2766 1106 et
2810 1052 2923 1123 jam
2962 1055 3349 1114 subsistentem
3407 1078 3497 1118 se-

1918 1141 2125 1210 quitur,
2152 1141 2328 1211 ipsum
2376 1143 2525 1197 enim
2560 1143 2854 1212 signiﬁcat,
2898 1147 3143 1216 genitum
3182 1166 3290 1205 non
3345 1167 3492 1216 esse,

1886 1284 1891 1287 _
1918 1245 2015 1305 per
2044 1235 2186 1303 quod
2210 1234 2328 1289 sine
2358 1249 2526 1290 causa
2566 1251 2691 1291 esse
2732 1236 3005 1308 signatur.
3029 1244 3135 1295 Aut
3178 1242 3340 1313 igitur
3369 1249 3496 1302 sub-
3586 1312 3587 1315 η

1919 1324 2174 1389 stantiale
2198 1322 2380 1382 Patris
2410 1330 2711 1394 paternitas
2739 1338 2848 1395 est,
2878 1345 2941 1386 ac
2972 1332 3198 1405 gignere
3224 1347 3344 1404 est;
3382 1340 3498 1395 sive

1918 1416 2205 1495 produCIio
2234 1429 2288 1474 et
2318 1419 2600 1489 inspiratio
2625 1438 2641 1487 ;
2666 1431 2718 1475 et
2750 1422 3076 1492 producere,
3104 1435 3159 1482 et
3191 1428 3494 1500 inspirare;
3542 1472 3543 1475 η

1918 1510 2037 1567 sive
2077 1523 2369 1581 utrumque
2402 1514 2626 1577 'simul,
2676 1518 2791 1571 sive
2828 1528 3027 1588 praeter
3078 1520 3225 1588 haec,
3280 1527 3495 1582 tertium

1919 1608 2201 1678 quiddam.
2238 1608 2303 1661 Et
2335 1609 2551 1663 tertium
2587 1608 2717 1665 illud
2762 1610 3017 1681 quidem,
3052 1629 3212 1673 nemo
3230 1617 3494 1676 hactenus

1920 1701 2055 1756 dixit
2090 1701 2176 1765 ;si
2199 1701 2321 1769 quis
2348 1699 2491 1755 enim
2527 1715 2747 1757 causam
2800 1702 2968 1771 dicat,
3008 1706 3237 1775 primum
3278 1710 3495 1781 quidem

1922 1807 2119 1847 nomen
2170 1788 2287 1861 ejus
2342 1806 2506 1847 causa
2568 1793 2889 1864 simpliciter
2929 1798 3037 1851 erit
3086 1814 3102 1853 :
3159 1800 3317 1856 sicuti
3371 1802 3494 1859 Filii

1918 1884 2156 1954 quidem,
2183 1883 2353 1940 Filius
2392 1898 2620 1952 nomen;
2658 1894 2711 1940 et
2738 1888 2915 1943 sancti
2956 1888 3194 1959 Spiritus
3216 1934 3232 1959 ,
3256 1894 3496 1964 Spiritus

1917 1985 2139 2034 sanctus
2172 1996 2187 2031 :
2229 1979 2620 2048 oportebatqne
2677 1994 2779 2051 pro
2839 1979 3001 2037 Patre
3038 1998 3258 2042 causam
3289 1991 3496 2059 dicere,

1917 2071 2099 2141 quod,
2138 2084 2168 2124 a
2222 2068 2515 2139 Scriptura
2561 2078 2764 2127 sanctae
2802 2077 3203 2133 consuetudine
3250 2079 3494 2149 aberret,

1918 2178 2042 2234 quae
2084 2176 2300 2233 semper
2346 2177 2467 2218 cum
2510 2162 2578 2220 de
2616 2162 2726 2219 Deo
2778 2164 3056 2236 loquitur,
3089 2170 3311 2227 Patrem
3368 2189 3494 2230 eum

1919 2262 2097 2309 vocat.
2934 2308 2937 2309 ν
3120 2316 3129 2327 Α

1988 2334 2279 2411 Praeterea,
2306 2360 2469 2403 causa
2500 2349 2801 2423 universale
2832 2365 2954 2407 cum
2986 2354 3093 2422 sit,
3128 2367 3181 2412 et
3205 2357 3409 2424 Patris,
3437 2372 3493 2417 et

1916 2438 2293 2509 productoris,
2329 2448 2517 2509 atque,
2542 2442 2809 2498 creatoris
2856 2446 3208 2514 praedicatum
3242 2459 3327 2507 est
3358 2468 3376 2507 :
3422 2453 3499 2509 si-

1917 2530 2156 2602 quidem.
2178 2539 2236 2585 ut
2268 2531 2619 2601 praedicatum
2653 2533 2994 2592 solummodo
3018 2542 3317 2610 accipiatur
3332 2543 3495 2601 sicuti

1916 2637 2113 2693 genera
2151 2662 2167 2687 ,
2207 2633 2261 2678 et
2313 2624 2546 2692 species,
2598 2633 2652 2680 et
2698 2628 2881 2683 omnia
2938 2644 3059 2700 qua!
3117 2634 3499 2693 universaliter

1916 2723 2104 2769 contra
2145 2714 2491 2785 particttlaria
2516 2717 2884 2787 praedicantur
2906 2762 2922 2787 ,
2954 2720 3095 2777 nulla
3137 2734 3291 2781 extra
3321 2727 3487 2785 intel-

1916 2803 2173 2874 ligentem
2197 2806 2432 2860 animam
2473 2820 2562 2861 res
2596 2815 2700 2873 est,
2746 2808 2839 2863 sed
2884 2810 2994 2880 ipsa
3028 2812 3369 2873 solummodo
3406 2820 3495 2872 in-

1917 2896 2219 2968 telligentia
2242 2906 2323 2953 est
2354 2914 2369 2953 :
2400 2898 2471 2953 ita
2505 2899 2651 2952 nulla
2683 2899 2786 2954 erit
2832 2916 2920 2955 res
2950 2900 3132 2957 Patris
3164 2905 3495 2973 substantia,

1916 2988 2011 3042 sed
2036 2988 2373 3045 solummodo
2424 2989 2821 3060 intelligentia;
2853 2992 3068 3062 eritque
3128 3009 3192 3050 ex
3226 3012 3332 3052 non
3366 3000 3495 3055 sub-

1918 3079 2152 3134 sistente
2208 3079 2554 3145 subsistens,
2616 3081 2759 3151 quod
2817 3081 3110 3138 absurdum
3166 3068 3496 3145 estfPatris

253 3181 509 3236 veraciter
539 3178 791 3249 procedit
831 3194 896 3233 ex
938 3176 1096 3232 Patre
1140 3176 1377 3246 Spiritus
1430 3186 1673 3244 sanctus,
1715 3192 1811 3247 per
1843 3190 1887 3250 ε
1920 3170 2065 3233 enim
2125 3167 2652 3237 SI'PeI‘SIIbSlanliale
2701 3184 2898 3227 nomen
2930 3179 2985 3229 et
3042 3188 3154 3230 rem
3203 3174 3495 3247 signiﬁcat,

255 3272 437 3328 Filium
475 3275 645 3329 etiam
680 3272 979 3341 procedere
1001 3267 1147 3340 quod
1177 3269 1377 3325 dicitur
1405 3276 1702 3324 asseretur.
1736 3268 1815 3323 lta

250 3368 383 3422 enim
419 3366 594 3423 sancti
640 3364 836 3420 Patres
878 3364 1199 3435 procedendi
1242 3363 1585 3433 complexam
1625 3362 1816 3419 deﬁni-

256 3459 439 3513 tionem
470 3457 796 3515 substantiae
842 3455 1080 3526 Spiritus
1135 3454 1548 3524 cxplicuerunt,
1586 3464 1643 3511 et
1695 3471 1817 3525 quae

255 3552 383 3606 dicta
418 3560 569 3616 sunt,
614 3565 744 3605 vera
793 3564 918 3605 esse
956 3558 1351 3604 monstrarunt.
1393 3549 1728 3618 Atqueunn,
1756 3559 1817 3604 ut

254 3644 442 3697 dictum
464 3652 585 3708 est,
617 3642 917 3710 producere
955 3639 1314 3694 substantiale
1348 3637 1529 3695 Patris
1562 3654 1683 3695 esse
1707 3656 1815 3696 non

254 3743 459 3803 potest,
491 3732 679 3803 idque,
723 3746 846 3788 cum
897 3746 963 3786 ex
1012 3729 1390 3801 superioribus
1427 3738 1662 3794 constat,
1702 3739 1814 3784 tum

250 3827 400 3881 etiam
421 3841 487 3880 ex
524 3826 635 3890 bis,
674 3838 797 3895 qua:
825 3821 1146 3886 subiicimus
1177 3838 1194 3888 ;
1226 3822 1352 3892 quia
1378 3823 1522 3876 enim
1550 3821 1814 3876 unitatem

252 3933 309 3973 ac
362 3916 690 3973 Trinitatem
749 3914 961 3979 Domini
1002 3912 1137 3970 ﬁdes
1186 3929 1314 3970 vera
1368 3914 1735 3979 commendat,
1761 3913 1813 3968 id

250 4012 457 4082 quidem
482 4010 744 4075 essentia,
766 4008 821 4064 id
846 4017 1029 4063 autem
1062 4008 1335 4077 personis,
1364 4022 1427 4064 ac
1460 4016 1659 4076 prater
1687 4020 1814 4076 pro-

252 4104 517 4173 prietates,
586 4101 792 4171 quibus
846 4113 1092 4170 personae
1164 4098 1462 4155 secundum
1523 4110 1815 4166 processus

254 4192 503 4247 rationem
540 4191 997 4259 distinguuntur:
1048 4186 1192 4243 nulla
1230 4186 1335 4241 alia
1376 4198 1460 4242 est
1498 4186 1848 4253 divinarum.

254 4298 597 4353 personarum
619 4281 953 4348 diﬂ'erentia,
999 4281 1222 4351 solaque
1272 4279 1454 4334 divina
1506 4279 1811 4335 substantia

255 4376 571 4446 relinquitur
615 4392 629 4429 :
666 4372 1087 4442 inspiciendum,
1146 4370 1303 4439 juxta
1366 4370 1492 4426 fidei
1550 4382 1813 4425 concessa

256 4468 531 4539 principia,
560 4462 811 4537 quaenam
843 4466 913 4521 sit
941 4464 1248 4535 proprietas
1281 4462 1482 4527 Patris,
1523 4462 1814 4533 ipsumque

254 4562 472 4631 speciale
500 4559 806 4631 proprium,
848 4560 989 4627 quod
1012 4558 1283 4629 praecipue
1314 4556 1493 4611 Patris
1525 4570 1808 4611 commen-

257 4654 339 4708 dat
364 4667 675 4724 personam,
697 4659 752 4706 et
780 4649 999 4705 Patrem
1054 4648 1209 4714 facit,
1245 4664 1307 4703 ac
1340 4648 1634 4703 secundum
1669 4645 1813 4717 quod

256 4745 317 4798 ad
337 4744 639 4815 coaequales
666 4741 773 4799 sibi
803 4755 1063 4812 personas
1088 4737 1218 4795 Filii
1251 4739 1594 4810 Spiritusque
1622 4739 1816 4795 distin-

256 4836 442 4905 guitur.

321 4928 446 4983 Cum
479 4929 647 4997 igitur
682 4926 785 4982 tria
818 4924 1180 4981 communiter
1217 4923 1284 4979 de
1325 4923 1488 4978 Patre
1518 4923 1810 4982 dicantur:

258 5020 389 5088 quod
438 5020 705 5089 ingenitus
755 5020 861 5098 sit;
900 5018 1044 5087 quod
1096 5017 1294 5085 Pater,
1325 5016 1473 5087 quod
1502 5018 1684 5084 spirat,
1718 5030 1814 5069 seu

259 5112 500 5179 producat
524 5130 545 5178 ;
574 5111 867 5183 ingenitum
893 5113 1134 5181 quidem,
1173 5110 1315 5179 quod
1344 5123 1566 5165 causam
1593 5108 1812 5180 signat;

260 5214 312 5257 et
340 5205 382 5259 si
405 5206 703 5260 secundum
728 5206 832 5258 hoc
854 5202 1018 5258 Pater
1055 5217 1085 5257 a
1108 5202 1249 5257 Filio
1291 5201 1602 5272 Spirituque
1630 5212 1814 5256 secer-

262 5293 415 5359 nitur,
446 5293 624 5351 Patris
648 5300 825 5349 tameu
858 5306 1144 5362 personam
1179 5306 1285 5347 non
1319 5290 1698 5355 commendat,
1729 5304 1818 5345 so-

261 5382 469 5455 lumque
499 5385 822 5455 designatio,
848 5392 903 5437 et
933 5382 1083 5438 notio
1122 5380 1291 5452 ipsius
1340 5392 1461 5446 est,
1484 5380 1597 5449 jam
1638 5381 1817 5436 subsi-

260 5489 477 5534 stentem
511 5492 765 5547 sequens,
794 5485 854 5532 ut
908 5473 1233 5544 simpliciter
1275 5474 1579 5544 proprium.
1609 5473 1815 5543 Duplex

258 5569 389 5623 enim
429 5569 703 5639 proprium
736 5577 840 5624 est.
872 5567 1034 5622 Aliud
1060 5566 1207 5636 enim
1252 5576 1337 5621 est
1370 5567 1647 5637 proprium
1671 5565 1813 5635 quod

260 5660 654 5717 snbstantialem
676 5661 915 5731 speciem
946 5659 1213 5729 cujusque
1237 5659 1624 5725 commendat;
1653 5666 1815 5726 atque
1861 5702 1867 5709 .

264 5748 323 5804 ab
360 5750 480 5807 aliis
536 5761 803 5821 separat:
858 5759 919 5804 ut
956 5747 1107 5803 verbi
1168 5746 1369 5818 gratia,
1418 5744 1645 5801 Paulum
1693 5759 1815 5801 esse

262 5842 449 5900 animal
481 5861 497 5914 ;
535 5843 680 5901 aliud
707 5857 856 5910 vero,
894 5841 1208 5913 magistrum
1231 5838 1400 5897 fuisse
1430 5840 1692 5911 gentium,
1721 5848 1813 5895 aut

1918 3262 1995 3317 ait
2032 3262 2185 3316 divus
2226 3261 2542 3333 Dionysius.

1994 3352 2147 3418 Quod
2177 3355 2220 3407 si
2255 3367 2367 3407 rem
2417 3352 2655 3421 aliquam
2708 3353 2983 3425 signiﬁcat
3024 3371 3216 3429 causa.
3245 3359 3299 3413 in
3328 3358 3493 3417 Patre

1918 3443 2329 3502 substantialem
2351 3482 2369 3508 ,
2402 3444 2450 3500 si
2496 3444 2718 3513 quidem
2755 3445 2900 3499 aliud
2934 3447 3237 3518 quidpiam,
3265 3462 3492 3519 praeter-

1917 3553 2082 3608 quam
2117 3536 2525 3608 patcruitatem.
2574 3552 2639 3591 ac
2683 3540 3094 3606 productionem
3126 3542 3493 3613 signiﬁcabit;

1917 3642 1974 3688 et
2007 3631 2349 3701 perspicuum
2370 3636 2475 3694 est,
2502 3629 2646 3697 quod
2672 3629 2792 3685 alia:
2815 3630 2932 3687 ista
2961 3646 3047 3688 res
3084 3635 3381 3702 paternitaa
3410 3638 3493 3691 vi-

1919 3723 2132 3788 delicet,
2182 3731 2240 3778 et
2284 3738 2472 3786 causa,
2506 3719 2560 3775 in
2611 3722 2776 3777 Patre
2834 3722 2967 3778 sint.
3003 3723 3189 3794 itaque
3232 3735 3288 3781 et
3344 3726 3493 3782 aliud

1916 3816 2121 3887 aliquid
2173 3833 2355 3879 causa,
2408 3823 2603 3884 praeter
2680 3813 2895 3870 Patrem
2926 3855 2941 3881 ,
3005 3820 3493 3888 productoremqne

1915 3909 2196 3979 signabit:
2252 3918 2413 3977 atque
2444 3909 2516 3961 ita
2539 3947 2554 3971 ,
2603 3907 2928 3977 compositio
2975 3908 3027 3962 in
3068 3908 3175 3964 Deo
3198 3910 3300 3965 erit
3330 3910 3492 3967 diﬁ‘e-

1917 4001 2152 4056 rentium
2212 3999 2630 4070 intelligibiliqu
2687 4014 2867 4055 rerum
2907 4018 2923 4059 :
2982 4003 3253 4072 simulque
3297 4006 3349 4060 in
3382 4006 3493 4063 Deo

1912 4089 2231 4162 perfectius,
2260 4101 2422 4160 atque
2454 4090 2828 4161 imperfectius
2862 4094 2988 4161 erit,
3021 4109 3198 4164 neque
3228 4096 3336 4153 erit
3358 4098 3494 4154 alte«

1914 4197 2058 4245 rum.
2086 4182 2229 4252 quod
2251 4181 2503 4239 alterum.
3076 4224 3087 4249 ι
3191 4245 3205 4257 ,

1910 4344 1911 4347 η
1984 4275 2140 4342 Quod
2187 4276 2231 4331 si
2271 4274 2412 4335 idem
2464 4285 2550 4331 est
2599 4291 2762 4333 causa
2808 4276 2955 4347 quod
3009 4278 3306 4347 paternitas
3332 4289 3496 4351 atque

1915 4368 2225 4439 productio.
2256 4367 2429 4422 satius
2468 4379 2551 4423 est
2580 4383 2676 4437 pro
2702 4383 2870 4425 causa
2900 4368 3039 4437 quod
3074 4383 3361 4424 commune
3382 4381 3491 4437 est,

1916 4474 2038 4526 quae
2074 4460 2245 4529 magis
2277 4461 2492 4530 propria
2534 4471 2659 4515 sunt
2709 4460 3085 4519 substantialia
3119 4474 3261 4523 esse.
3286 4462 3490 4525 d’cere.

1918 4552 2302 4622 pateruitatem
2338 4552 2680 4616 St‘iilCl'l,8€ll
2717 4555 3149 4622 productionem,
3192 4556 3316 4623 quia
3348 4565 3400 4611 et
3425 4557 3492 4611 de

1915 4644 2092 4714 magis
2129 4644 2364 4713 propriis
2418 4644 2877 4699 substantialibus
2916 4658 3096 4698 sermo
3133 4655 3251 4711 est,
3305 4648 3496 4703 docto-

1915 4749 2113 4805 resque
2128 4737 2500 4805 paternitatem
2530 4750 2625 4806 pro
2651 4736 2970 4806 proprietate
2997 4737 3206 4802 dicunt,
3224 4741 3484 4808 quoniam
3541 4772 3549 4781 -

1911 4839 1971 4885 et
1999 4827 2215 4884 Patrem
2252 4830 2481 4897 primum
2524 4830 2875 4883 conﬁtentur.

1993 4922 2149 4989 Quod
2205 4922 2368 4992 igitur
2420 4922 2637 4977 tertium
2674 4921 2806 4976 illud
2852 4921 3105 4989 quiddam
3131 4937 3297 4977 causa
3352 4925 3491 4980 sub-

1917 5014 2190 5068 stantialis
2241 5014 2337 5079 sit,
2386 5021 2601 5068 constat
2655 5029 2722 5067 ex
2757 5014 2867 5078 bis,
2928 5014 3022 5068 sed
3082 5024 3259 5070 tamen
3314 5030 3492 5085 neque

1915 5115 2207 5176 utrumque
2251 5107 2410 5163 simul
2472 5109 2857 5177 paternitatem
2908 5106 3090 5163 dicere
3138 5107 3221 5161 fas
3247 5109 3490 5164 est.Aut

1914 5198 2061 5253 enim
2092 5200 2166 5253 ita
2202 5201 2362 5253 ambo
2411 5209 2572 5253 erunt
2615 5199 3029 5265 substantialis,
3059 5200 3215 5270 quasi
3259 5202 3486 5256 seorsim

1914 5300 2207 5359 uirumque
2228 5290 2334 5345 erit
2374 5290 2534 5344 Pater
2562 5290 2859 5345 secundum
2897 5291 3037 5345 hanc
3084 5291 3348 5345 rationem
3370 5293 3491 5346 duas

1913 5382 2251 5437 substantiae.
2299 5382 2569 5438 Possibile
2605 5382 2752 5438 enim
2793 5397 2901 5438 non
2932 5392 3060 5450 est,
3105 5384 3210 5438 duo
3235 5386 3490 5440 substan-

1914 5474 2066 5530 tialia
2100 5475 2333 5544 cuipiam
2354 5475 2538 5531 inesse
2552 5474 2757 5533 dicere.

1996 5565 2169 5622 Porro
2228 5567 2333 5623 hoc
2388 5568 2586 5637 ipsum,
2621 5583 2731 5624 non
2787 5573 2921 5624 duas
2958 5580 3081 5622 esse
3131 5568 3488 5633 substantias,

1915 5659 2056 5717 idem
2106 5659 2221 5715 fere
2264 5667 2371 5727 est,
2422 5674 2490 5717 ac
2518 5659 2564 5715 si
2598 5660 2762 5715 homo
2806 5658 3076 5729 quispiam
3099 5657 3239 5715 duas
3290 5658 3489 5715 habeat

1914 5751 2147 5808 animas.
2177 5750 2295 5807 Non
2334 5751 2481 5807 enim
2537 5752 2849 5807 dicerentur
2888 5752 2999 5807 duo
3047 5766 3169 5808 esse
3215 5751 3486 5807 homines.

1920 5844 2220 5915 Utrumque
2254 5845 2398 5901 enim
2451 5844 2811 5904 substantiale
2857 5844 3082 5903 insitum
3105 5884 3122 5911 ,
3155 5844 3300 5916 quod
3324 5852 3497 5901 suum
