4010 6552
521 400 618 468 ῙἼῙ

1772 404 2173 465 MANUEUS
2212 406 2297 465 (Ἃ
2313 402 2519 466 ιεοε

3661 398 3763 466 ῙΩ

513 525 616 578 est,
655 511 836 575 faciet,
897 520 951 566 et
1005 511 1438 579 commendabit;
1482 514 1566 570 sin
1614 528 1744 569 vero
1792 516 1862 571 ita
1917 516 2075 571 ambo
2105 523 2148 579 Α
2182 496 2540 589 proprietaies
2596 519 2926 590 personaies,
2987 519 3149 576 etiam
3203 533 3306 572 una
3363 516 3762 573 substantiales

512 603 888 660 s'ubstantialia
943 612 1088 667 sunt,
1146 612 1201 656 ttt
1258 604 1522 668 alterum.
1572 605 1746 661 solum
1809 621 1928 660 esse
1975 622 2079 659 non

511 699 726 768 possit;
789 707 1079 763 utrumque
1138 697 1511 764 imperfectum
1578 697 1720 764 erit;
1777 708 1855 762 et,
1907 714 2082 768 neque

512 790 725 844 Patrem
757 790 927 844 solum
952 788 1139 844 dit-ens
1174 789 1466 858 quispiam,
1489 806 1659 859 neque
1682 793 2077 860 productorem,

511 882 870 934 substantiam
905 866 1146 947 perfecte
1170 922 1185 947 ,
1219 881 1535 951 integreque
1573 881 1806 953 signabit
1835 902 1843 932 :
1878 881 1949 937 ita
1986 898 2083 939 nec

412 980 421 987 '
509 966 687 1027 Patris
728 984 1011 1041 personam
1067 974 1344 1037 discernet
1376 992 1402 1030 a
1452 976 1715 1042 reliquis:
1756 960 2079 1030 eftertinm

509 1063 653 1154 aliud
684 1050 958 1133 quidpiam
1005 1066 1188 1121 dicere
1239 1083 1455 1122 necesse
1500 1069 1623 1131 erit,
1651 1069 1795 1136 quod
1850 1068 1918 1122 sit
1948 1069 2079 1123 sub-

508 1158 720 1211 stantia:
763 1174 979 1213 nomen.
1030 1157 1093 1213 Et
1139 1158 1371 1214 fortasse
1405 1173 1628 1214 oausam
1661 1160 1805 1216 dicet
1855 1162 2077 1233 aliquis.

503 1248 653 1301 aliud
682 1251 826 1303 enim
866 1250 1120 1319 possibile
1157 1266 1259 1306 non
1297 1262 1398 1307 est.
1439 1255 1505 1306 At
1536 1254 1676 1307 istud
1713 1270 1834 1310 esse
1874 1255 2079 1325 imposs-

503 1340 687 1406 sihile,
722 1358 882 1411 supra
937 1345 1366 1400 demonstratum
1424 1358 1527 1401 εει.
1580 1348 1686 1402 Sed
1738 1351 2072 1403 contrarium

508 1450 606 1490 usu
633 1438 904 1504 cernitur;
955 1442 1045 1509 qni
1074 1440 1216 1494 enim
1251 1440 1467 1496 Patrem
1501 1441 1632 1495 dicit
1681 1443 1852 1497 solum
1888 1459 2077 1512 perso-

509 1544 631 1581 nam
666 1529 925 1598 aliquam,
960 1533 1229 1587 veraciter
1255 1544 1418 1603 atque
1450 1533 1689 1604 perfecte
1726 1546 1784 1590 se
1821 1546 2077 1605 putat,ac

506 1621 864 1675 substantiam
921 1626 1121 1678 dicere.
1170 1624 1233 1679 Et
1278 1626 1330 1679 lti
1389 1628 1579 1691 etiam,
1639 1626 1729 1695 qui
1778 1630 2079 1697 producere

509 1711 687 1766 Patris
735 1715 1089 1770 substantiola
1138 1726 1347 1784 ponunt
1396 1718 1777 1788 productorem
1813 1720 2076 1789 dicentes,

506 1803 723 1859 Patrem
749 1822 809 1862 se.
830 1808 1136 1877 signiﬁcare
1160 1818 1372 1880 putant.

579 1896 695 1952 Non
751 1900 932 1968 itaque
986 1900 1057 1954 ita
1107 1903 1432 1971 pro-luctio,
1472 1922 1533 1958 ac
1571 1906 1869 1973 paternitas
1920 1907 2077 1960 ambo

504 1989 668 2044 simul
702 1991 1079 2047 substantiaiia
1124 2004 1266 2055 sunt,
1288 2005 1343 2048 ut
1371 1995 1598 2048 alterum
1630 1997 1800 2051 solum
1834 2007 2077 2052 essenon

508 2082 677 2149 possit
706 2096 721 2148 ;
759 2081 1022 2152 reiiquum
1055 2100 1184 2152 ergo
1213 2093 1313 2152 est,
1335 2086 1417 2140 vel
1445 2086 1822 2156 productorem
1858 2090 2076 2159 quidem

506 2173 863 2229 substantiale
904 2191 1047 2241 esse,
1076 2178 1457 2246 paternitatem
1490 2180 1667 2233 autem
1703 2176 1879 2249 sequi,
1916 2178 2070 2248 quasi

508 2268 780 2334 proprium
818 2267 1137 2337 simpliciter
1172 2277 1334 2337 atque
1372 2270 1703 2339 agnitionem
1733 2287 1747 2326 :
1772 2282 1872 2326 aut
1896 2284 2078 2343 pater-

508 2358 730 2410 nitatem
781 2358 997 2426 quidem
1061 2355 1421 2412 substantiale
1471 2372 1609 2423 esse,
1662 2361 2074 2429 productionem

505 2460 654 2509 vero,
692 2456 748 2500 ut
778 2447 1109 2513 agnitionem
1139 2447 1313 2517 sequi.
1346 2445 1452 2502 Sed
1493 2445 1536 2502 si
1573 2450 1789 2518 quidem
1826 2444 2078 2504 substan-

504 2540 635 2593 tiale
658 2539 940 2608 productio
974 2549 1088 2598 est.
1120 2540 1414 2609 paternitas
1458 2540 1637 2594 autem
1690 2555 1922 2610 sequens
1953 2557 2078 2613 pro-

510 2634 705 2703 prium.
739 2640 790 2685 et
818 2632 1177 2686 substantiam
1219 2631 1566 2701 signiﬁcans;
1596 2634 1803 2701 primus
1836 2649 1985 2703 ergo,
2017 2643 2072 2691 et

507 2725 624 2780 sine
656 2723 833 2779 tttedio
864 2725 1193 2793 productivm
1232 2725 1548 2780 substantia:
1589 2741 1906 2794 processus,
1948 2743 2078 2799 pro-

500 2821 729 2882 ducere,
762 2818 845 2872 vel
869 2817 1078 2888 spirare
1104 2819 1228 2881 erit,
1266 2810 1420 2885 (μιθέί
1454 2819 1572 2874 sine
1606 2820 1783 2874 medio
1817 2821 2076 2876 substan-

500 2908 690 2961 :tialent
747 2909 980 2991 spagient
1033 2920 1286 2976 sequens.
1326 2907 1763 2978 Unumquodque
1789 2909 1935 2963 enim
1987 2924 2075 2966 se-

495 3004 742 3053 .cundum
799 3014 951 3054 suam
1031 2995 1470 3065 subsistentem,
1554 2999 2075 3072 substantialetnque

497 3093 917 3162 proprietatem,
952 3093 1104 3162 prius
1139 3100 1396 3159 operatur
1428 3105 1442 3145 :
1475 3105 1567 3160 per
1599 3093 1829 3161 primum
1872 3104 2072 3159 autem,

2184 611 2493 671 divinarum
2548 625 2900 679 personarum
2958 625 3078 664 esse
3136 608 3406 664 conﬁteri.
3470 604 3763 677 Propterea

2188 701 2450 758 Dominus
2503 712 2689 758 noster
2720 719 2842 756 cum
2887 700 3172 757 Trinitatis
3222 700 3540 771 mysterium
3588 699 3764 753 trade-

2186 804 2287 858 ret,
2320 794 2374 847 in
2412 794 2633 848 neruine
2685 792 2886 858 Patris,
2924 806 2977 849 et
3007 793 3165 859 Filii,
3203 802 3256 847 et
3307 788 3537 860 Spiritus
3566 794 3761 855 sancti,

2183 885 2337 951 disci.
2362 882 2479 939 ttlos
2517 884 2793 953 baptizare
2824 886 2991 952 jussit
3023 884 3066 939 ί.
3102 884 3204 939 Per
3245 883 3297 938 id
3338 880 3580 954 quidem,
3617 882 3762 953 quod

2184 977 2339 1043 dixit,
2370 975 2422 1030 in
2482 978 2708 1041 nomine,
2736 991 2895 1032 unam
2938 977 3226 1030 essentiam
3279 976 3531 1044 signans;
3564 988 3659 1044 per
3708 973 3761 1028 id

2182 1083 2332 1133 vero,
2359 1070 2501 1138 quod
2524 1081 2743 1123 srctttus
2782 1066 3048 1138 adjunxit,
3091 1064 3272 1121 Patris
3312 1078 3360 1120 et
3401 1062 3554 1129 Filii,
3578 1075 3629 1120 et
3648 1065 3766 1134 Spi-

2180 1165 2321 1217 ritus
2353 1162 2523 1217 sant-ti
2553 1201 2567 1225 ,
2601 1161 2958 1231 proprietates
2998 1159 3265 1223 indicans,
3300 1160 3592 1213 secundum
3623 1171 3763 1226 quas

2181 1251 2376 1308 divina:
2408 1252 2716 1307 subsisutnt
2767 1266 3012 1321 personae
3039 1292 3053 1317 ,
3090 1250 3384 1305 secundum
3422 1250 3761 1305 substantias

2181 1360 2332 1411 suas,
2376 1344 2428 1415 in
2462 1342 2575 1399 suis
2606 1343 2838 1412 propriis
2879 1356 3054 1413 neque
3104 1343 3539 1397 communionem
3588 1341 3757 1396 ullam

2178 1435 2614 1504 admittentibus,
2669 1437 2881 1491 essendi
2941 1436 3139 1491 modis.
3190 1432 3253 1490 Et
3309 1435 3563 1505 quoniam
3620 1436 3762 1489 ratio

2179 1531 2396 1600 quidem
2427 1531 2768 1600 pateruitatis
2805 1539 2886 1583 est
2931 1527 3210 1597 generatio
3248 1529 3540 1583 secundum
3572 1543 3762 1582 essen-

2179 1624 2335 1686 tiam,
2379 1618 2707 1690 Filiumque,
2748 1620 2923 1689 primo
2956 1632 3019 1672 ac
3052 1618 3172 1675 sine
3202 1617 3310 1671 ullo
3342 1618 3519 1672 medio
3554 1616 3759 1689 produ-

2179 1728 2337 1781 cere;
2368 1710 2858 1785 operaturquippe
2891 1723 3086 1767 natura
3122 1712 3173 1766 in
3222 1712 3385 1767 Patre
3407 1751 3421 1773 ,
3453 1709 3754 1766 secundum

2177 1809 2563 1877 proprietatem
2597 1818 2860 1877 persome,
2894 1806 2948 1859 itt
2980 1817 3082 1873 qua
3114 1814 3226 1870 est;
3256 1805 3421 1872 geniti
3456 1817 3583 1857 vero
3608 1801 3753 1855 ratio

2178 1911 2283 1964 est,
2315 1900 2434 1952 sine
2466 1898 2573 1951 ullo
2606 1897 2781 1951 medio
2803 1908 2866 1949 ex
2901 1895 3066 1948 Patre
3089 1909 3249 1961 esse;
3278 1894 3516 1962 Spiritus
3552 1903 3754 1956 autem,

2178 1992 2293 2046 sive
2316 1989 2659 2060 procedentis
2687 2002 2715 2042 a
2758 1987 2917 2041 Patre
2947 2002 3043 2055 per
3070 1987 3305 2057 genitum
3365 1998 3520 2052 esse;
3555 1985 3757 2039 ideirco

2179 2078 2394 2137 Patrem
2451 2079 2641 2135 ordine
2694 2091 3039 2151 prepouens,
3096 2077 3294 2132 Filium
3357 2078 3653 2145 subiunxit,
3698 2084 3758 2129 ut

2178 2174 2269 2246 qui
2302 2176 2372 2228 sit
2401 2187 2467 2228 ex
2504 2172 2664 2228 Patre
2686 2173 2801 2228 sine
2836 2172 2944 2226 ullo
2977 2172 3151 2226 medio
3175 2186 3193 2235 ;
3217 2170 3433 2224 tertium
3475 2184 3605 2224 vero
3630 2167 3757 2238 Spi-

2180 2268 2344 2322 ritum
2404 2276 2652 2321 sanctum
2703 2263 2931 2327 addidit,
2983 2273 3041 2317 ut
3074 2277 3139 2317 ex
3171 2262 3330 2318 Patre
3367 2262 3751 2332 procedentem

2304 2354 2522 2411 Filium.

2213 2372 2274 2412 cr
2304 2365 2522 2411 Filium.

2174 2365 2223 2528 Ρ.
2249 2449 2303 2503 ltt
2335 2448 2566 2509 singulis
2593 2446 2735 2500 enim
2778 2444 2996 2515 propria
3051 2445 3134 2498 sui
3178 2444 3372 2513 ipsius,
3405 2448 3458 2497 et
3494 2443 3751 2497 substan-

2179 2543 2341 2606 tialis,
2369 2552 2421 2594 et
2449 2550 2709 2598 constans
2733 2547 2789 2593 et
2811 2539 3148 2594 substantiva
3184 2538 3416 2604 species,
3446 2539 3749 2591 secundum

2177 2650 2339 2705 quant
2375 2632 2630 2688 subsistit
2681 2631 2878 2701 prima,
2898 2639 2955 2685 et
2986 2630 3324 2694 sinentedio,
3359 2630 3481 2699 ejus
3510 2627 3753 2695 Operatio

2173 2737 2283 2793 est,
2313 2739 2410 2796 per
2428 2740 2588 2793 quant
2624 2724 3023 2791 praecogitatam
3053 2722 3157 2775 alia
3184 2732 3401 2792 quoque
3430 2731 3689 2790 operatur
3732 2733 3749 2773 :

2175 2818 2321 2872 sicut
2386 2815 2536 2869 vet-bi
2588 2815 2780 2889 gratia,
2815 2813 2866 2867 itt
2920 2814 3156 2879 homine,
3194 2812 3454 2868 rationale
3494 2812 3753 2867 subst-uc

2172 2909 2305 2965 tiale
2359 2924 2485 2964 eum
2534 2908 2608 2962 sit
2642 2905 2848 2978 speciei
2899 2906 3039 2976 ejus,
3075 2909 3372 2961 secundum
3422 2919 3587 2975 quam
3624 2916 3750 2958 esse

2176 3002 2284 3058 hoc
2318 3000 2576 3071 quiddam
2610 2999 2749 3053 idem
2785 2999 3058 3069 hominem
3097 2998 3282 3062 habet,
3316 2999 3431 3066 ipsa
3458 3003 3543 3051 est
3572 2998 3748 3066 prima

2175 3090 2291 3162 ejus
2320 3092 2625 3147 immediata
2656 3090 2922 3159 Operatio,
2946 3094 3041 3159 per
3085 3104 3246 3159 quam
3277 3099 3328 3143 et
3359 3089 3463 3143 alia
3497 3094 3752 3158 operatur

492 3195 560 3239 ,αι
591 3185 709 3238 sine
733 3185 929 3249 medio,
958 3184 1117 3237 etiam
1151 3184 1252 3237 alia
1287 3185 1555 3253 producit.
1607 3186 1743 3239 liinc
1774 3186 1939 3253 igitur
1978 3201 2073 3257 per
2097 3194 2143 3257 ο
2175 3202 2295 3255 quin
2310 3196 2643 3241 constantem
2663 3184 2776 3252 ejus
2805 3185 3038 3254 speciem
3071 3191 3605 3257 seqtmntttrwtputa
3624 3182 3751 3235 visi-

496 3279 809 3345 iprodncere
862 3274 1004 3345 quod
1050 3262 1401 3339 dicitur,erit
1432 3276 1678 3345 gignere,
1723 3280 2072 3347 genitumque

492 3377 605 3429 iper
657 3365 957 3431 produt-ens
1006 3372 1312 3418 nascetur:
1362 3376 1413 3417 et
1447 3362 1615 3420 Filius
1662 3379 1728 3421 ex
1774 3365 1934 3423 Patre
1976 3383 2075 3438 per

488 3450 764 3519 {Spiritum
796 3450 918 3515 erit,
967 3466 1141 3520 neque
1170 3453 1275 3506 erit
1320 3453 1489 3508 Filius
1520 3471 1585 3510 ex
1619 3453 1778 3511 Patre
1806 3458 1922 3512 sine
1958 3473 2073 3513 nte-

508 3544 613 3605 dio,
648 3524 819 3611 neque
850 3543 1042 3596 tertius
1071 3557 1101 3596 a
1131 3540 1291 3598 Patre
1343 3544 1578 3614 Spiritus
1609 3549 1905 3601 secundum
1948 3562 2071 3616 per-

506 3631 748 3684 sonalem
808 3631 1087 3695 ordinem;
1164 3629 1507 3699 Spiritusque
1576 3637 1887 3703 conjunget’
1927 3632 2074 3687 Patri

442 3722 783 3786 .‘Yerbum,
844 3722 1186 3795 plurimaque
1240 3728 1552 3781 necessario
1618 3736 1916 3795 sequentur
1979 3728 2072 3783 ab-

484 3814 690 3867 surda.
1460 3848 1461 3855 ι
2054 3824 2055 3827 “

577 3904 809 3972 Quibus,
861 3910 917 3958 ut
966 3905 1278 3975 praedictum
1309 3911 1413 3968 est,
1446 3915 1499 3961 et
1524 3907 1795 3962 catholica
1833 3910 1966 3965 ﬂdes
2019 3920 2076 3964 et

484 4006 815 4051 sanctorum
847 3996 1068 4050 Patrqu
1104 3997 1482 4075 Ecclesiastica
1521 3999 1769 4054 doctrina
1798 4002 2073 4057 contraria

506 4090 692 4155 sentit,
725 4103 789 4144 ac
828 4090 1106 4158 praedicat.
1151 4087 1356 4159 Nempe
1385 4091 1528 4144 enim
1549 4090 1703 4159 juxta
1738 4094 1877 4148 hanc
1906 4095 2068 4149 ratloo

496 4198 628 4235 atem
677 4183 1055 4251 productorem
1101 4198 1167 4235 ex
1206 4170 1588 4247 substantiali,
1644 4184 1822 4253 potius
1878 4196 2073 4240 VOCare

488 4270 809 4333 conveniet,
845 4284 1006 4338 quam
1047 4284 1114 4325 ex
1145 4285 1211 4324 eo
1237 4271 1378 4339 quod
1410 4274 1769 4333 substantiam
1790 4278 2071 4343 sequitur;

480 4361 644 4424 -quod
674 4373 703 4410 a
736 4359 1033 4428 Scriptum
1080 4361 1204 4426 tide,
1263 4371 1426 4431 atque
1468 4378 1497 4416 a
1527 4365 1925 4421 consuetudine
1953 4370 2073 4419 omi-

484 4451 635 4505 ,υἱιιο
666 4451 898 4503 alienum
927 4463 1032 4505 est.

577 4542 839 4606 Quoniam
873 4543 1038 4612 igitur
1067 4544 1198 4598 nihil
1246 4558 1435 4599 eorum
1484 4559 1604 4615 quae
1638 4546 1894 4616 prmdicta
1924 4558 2073 4615 sunt,

484 4634 856 4687 anhelantum
891 4647 1183 4702 est,neqne
1214 4639 1532 4706 ingenitum,
1566 4651 1739 4705 neque
1772 4654 1956 4703 causa,
1978 4653 2075 4695 tte-

496 4740 612 4793 que
642 4724 923 4792 productio
950 4734 1006 4778 et
1058 4728 1358 4792 patentitas
1390 4728 1571 4792 sintut,
1632 4730 1788 4796 quasi
1845 4729 2073 4785 alterum

492 4828 626 4868 esse
653 4831 763 4868 non
794 4821 1004 4885 possit:
1035 4834 1206 4887 neque
1236 4820 1539 4887 producere
1570 4830 1775 4874 tantum
1801 4823 1946 4891 quod
1979 4825 2067 4879 dio
2098 4818 2099 4821 “

498 4906 669 4971 citur,
705 4910 1058 4964 substantiale
1105 4911 1286 4967 Patris
1331 4920 1453 4968 esst:
1506 4914 1731 4985 potest':
1763 4928 1955 4985 reStat,
2014 4928 2074 4974 ut

492 5001 887 5067 patet-nitatem
941 5002 1119 5055 solam
1167 5002 1346 5059 Patris
1376 5021 1497 5063 esse
1528 5011 1884 5067 substantialis
1931 5013 2075 5067 dica-

498 5106 647 5156 saos,
680 5091 830 5158 quasi
881 5095 1349 5150 commendantem
1398 5101 1449 5153 itt
1480 5104 1736 5173 preprio,
1771 5112 1828 5157 et
1869 5105 2072 5159 nemini

500 5182 793 5237 comnmne
822 5200 942 5238 esse
975 5185 1154 5240 Patris
1180 5204 1489 5257 personant,
1530 5198 1645 5250 sive
1684 5197 2072 5263 substantiam,

501 5278 916 5345 productionem
953 5292 1078 5331 vero
1111 5294 1399 5346 personam
1431 5286 1618 5353 sequi,
1653 5294 1713 5340 ut
1743 5292 2071 5358 agnitionem

488 5367 844 5434 simpliciter,
903 5382 967 5423 ae
1016 5372 1467 5440 signiﬁcationem
1526 5378 1845 5440 substantiae
1899 5381 2069 5448 ipsius

495 5457 615 5528 jam
647 5457 1009 5513 subsistentia.
1039 5460 1105 5513 Et
1144 5474 1546 5533 consequenter
1581 5466 1917 5522 nativitatem
1948 5472 2068 5539 qui-

492 5550 631 5603 dem
682 5547 803 5602 Filii
856 5566 1141 5619 personam
1200 5558 1626 5623 commendans,
1663 5560 2067 5627 processionem

503 5654 638 5695 Miro
686 5640 860 5697 sancti
916 5641 1152 5710 Spiritus
1198 5660 1531 5716 personam:
1569 5660 1733 5719 atque
1777 5651 1911 5709 istas
1950 5663 2065 5710 tres

527 5824 550 5855 ³
584 5826 770 5881 Mutila.
802 5842 991 5896 sunt,
1023 5827 1104 5891 l9,
1128 5826 1218 5884 20.

2176 3280 2323 3340 bile;
2354 3278 2484 3334 solis
2516 3282 2731 3348 quoque
2780 3278 2993 3346 species
3038 3289 3283 3342 unacum
3321 3275 3415 3337 sit,
3450 3274 3749 3328 secundum

2176 3379 2337 3441 quant
2370 3371 2450 3424 sol
2487 3371 2755 3431 subsistit,
2779 3369 3103 3438 principium
3140 3366 3434 3432 estprinne
3466 3375 3522 3420 et
3558 3367 3754 3420 imme-

2176 3462 2333 3515 diata:
2358 3460 2762 3528 operationisin
2787 3459 2903 3512 sole
2922 3457 3156 3521 lncendi,
3183 3470 3302 3527 qua
3343 3456 3544 3511 nullam
3583 3458 3749 3512 aliam

2178 3561 2300 3605 ante
2315 3567 2374 3605 se
2389 3552 2681 3618 cogitatam
2708 3553 3083 3616 operationem
3114 3550 3173 3603 in
3207 3553 3325 3603 sole
3343 3550 3533 3604 habet.
3549 3551 3626 3603 Ac
3652 3564 3751 3618 per

2177 3644 2315 3699 hanc
2331 3642 2545 3697 loeendi
2571 3642 2963 3710 operationem,
2979 3645 3234 3710 quatiente
3249 3657 3437 3697 omnes
3452 3644 3585 3697 alias
3599 3643 3753 3711 cogl—

2174 3744 2344 3800 tatur,
2378 3742 2537 3803 atque
2560 3733 2685 3807 sine
2725 3734 2907 3788 medio
2938 3734 2991 3786 in
3024 3734 3141 3788 sole
3173 3742 3279 3799 est,
3318 3735 3613 3801 illustrare.
3636 3736 3752 3789 sie-

2174 3842 2325 3892 care,
2369 3826 2671 3882 calefacere
2717 3828 2796 3881 sol
2830 3837 2889 3881 ut
2915 3830 3110 3897 possit,
3153 3828 3338 3882 habet.
3403 3828 3753 3899 Rursumque

2176 3936 2443 3977 numanus
2472 3923 2685 3976 animus
2711 3935 2832 3974 cum
2869 3936 2965 3990 per
2997 3921 3411 3990 intelligentiam
3442 3922 3616 3989 prima
3644 3920 3751 3981 sibi

2175 4018 2229 4063 et
2253 4010 2568 4070 immedista
2599 4010 2670 4063 sit
2693 4010 2855 4073 actio,
2876 4023 2972 4077 per
3000 4008 3139 4063 bene
3161 4012 3564 4079 praecogitatam
3581 4011 3751 4065 etiam

2175 4111 2490 4169 sequentem
2513 4102 2909 4171 operationem,
2942 4101 3081 4155 velle
3108 4102 3322 4155 scilicet
3350 4101 3582 4170 perlicit.
3607 4103 3755 4170 Ope-

2170 4192 2416 4244 rationes
2463 4191 2606 4243 enim
2655 4191 2755 4244 ista
2805 4191 3057 4245 dicuntur
3087 4194 3387 4260 ,quoniam
3440 4200 3496 4248 et
3552 4194 3754 4248 intelli-

2174 4296 2322 4351 gere,
2356 4289 2416 4336 et
2447 4282 2710 4351 cogitare,
2750 4290 2806 4335 et
2838 4284 3299 4346 animadvertere.
3331 4294 3388 4340 et
3424 4286 3579 4351 velle,
3608 4287 3753 4341 sicut

2172 4371 2338 4424 etiam
2380 4372 2623 4441 gignere,
2654 4375 2863 4442 operari
2904 4375 3106 4445 aliquid
3140 4385 3243 4431 est.

2243 4464 2536 4530 Quocirca,
2569 4465 2823 4535 quoniam
2866 4468 3167 4520 secundum
3192 4470 3449 4539 gignendi
3476 4476 3748 4531 rationem

2108 4530 2151 4588 θ
2176 4555 2355 4611 Patris
2400 4530 2628 4625 persona
2654 4560 2903 4614 SttbsiStil
2942 4574 2958 4625 ;
3010 4575 3107 4630 per
3343 4556 3575 4634 gignere
3601 4570 3748 4637 quod

2175 4650 2393 4715 dicitur,
2425 4651 2590 4705 etiam
2623 4653 2917 4721 produclor
2955 4652 3119 4707 Pater
3164 4658 3293 4710 erit.
3350 4657 3476 4712 Ideo
3521 4669 3577 4714 et
3611 4675 3749 4715 con-

2174 4749 2300 4811 grue
2328 4756 2461 4797 sane
2487 4744 2780 4808 productor
2839 4759 2934 4812 per
2975 4746 3213 4801 Verbum
3242 4749 3427 4805 dictus
3455 4761 3540 4804 est
3574 4753 3751 4821 ;~Spi-

2171 4834 2416 4904 ritusque
2437 4850 2499 4887 ex
2540 4835 2698 4888 Patre
2723 4840 3038 4906 procedere.
3068 4837 3253 4907 Neque
3282 4841 3388 4894 hoc
3414 4842 3615 4910 solum,
3651 4848 3746 4900 sed

2166 4927 2225 4976 et
2257 4934 2352 4989 per
2386 4920 2582 4976 Filium
2608 4922 2751 4993 facta
2777 4938 2898 4977 esse
2927 4928 3132 4993 omnia,
3163 4931 3504 4998 accepimus.

2244 5013 2368 5068 Ilaec
2418 5004 2596 5069 aufem
2626 5016 2888 5084 prmdicta
2932 5019 3114 5071 omnia
3165 5021 3464 5088 roborant;
3514 5038 3749 5095 namque
3836 5084 3843 5089 λ

2168 5111 2224 5159 et
2253 5106 2507 5159 traditum
2562 5108 2947 5162 commendant
3001 5111 3269 5178 ordinem,
3302 5114 3614 5186 Filimnque
3652 5135 3747 5173 ne-

2172 5199 2412 5252 cessario
2439 5198 2597 5268 prius
2621 5213 2804 5255 mente
2836 5204 3073 5271 concipi,
3102 5217 3265 5271 quam
3304 5206 3588 5276 Spiritum,
3611 5220 3674 5263 et
3717 5227 3745 5263 ι

2173 5288 2333 5343 Patre
2360 5293 2576 5345 tertium
2633 5294 2927 5348 secundum
2956 5299 3298 5366 persnnalem
3351 5302 3599 5356 ordinem
3630 5318 3747 5357 θῦσε

2178 5377 2436 5447 Spiritum
2459 5398 2475 5435 :
2506 5391 2665 5450 atque
2680 5398 2802 5438 cum
2825 5388 3015 5441 ordine
3031 5396 3382 5457 personarum
3405 5394 3473 5445 ad
3493 5394 3744 5457 invicem.

2176 5473 2349 5539 quies
2376 5477 2726 5541 processibus
2747 5481 2911 5531 simul
2940 5479 3267 5548 declaratur,
3304 5484 3558 5537 essentia:
3613 5500 3741 5553 quo.

2174 5580 2281 5634 que
2309 5566 2597 5623 roboratur
2625 5569 2900 5634 identitas.
2930 5582 3054 5626 cum
3079 5577 3268 5628 tertius
3310 5576 3484 5645 primo
3508 5589 3606 5647 per
3634 5590 3742 5632 me-

2174 5658 2319 5712 diutn
2342 5657 2610 5730 jungitur,
2642 5660 2796 5731 juxta
2824 5661 3144 5733 Gregorium
3170 5663 3492 5735 Nyssenom,
3525 5674 3741 5721 natan-
