3984 6550
498 390 603 454 135

1749 390 2152 451 MANUELIS
2188 389 2495 450 CALECE

3645 392 3752 458 136

495 512 637 560 esset
671 502 887 559 causale
940 516 1029 559 res
1060 498 1113 557 in
1143 502 1298 566 Filio,
1330 513 1383 559 et
1417 515 1607 561 sancto
1634 504 1858 577 Spiritu,
1896 520 2065 562 unum
2093 509 2139 566 Α
2172 520 2294 562 men
2325 505 2376 559 id
2417 514 2654 573 constat,
2692 505 2891 561 nullam
2920 520 3017 578 per
3041 508 3128 563 illa
3153 522 3437 579 personam
3465 524 3753 567 commen-

495 602 680 648 eSsent
714 593 931 648 causale
988 596 1170 648 ambo.
1209 596 1419 651 Mittere
1467 607 1669 663 autem,
1705 608 1760 652 et
1791 609 2068 662 emanare,

497 698 659 756 atque
679 688 777 739 alia
795 686 1123 755 huiusmodi.
1150 704 1252 742 una
1271 705 1356 745 res
1375 700 1499 745 sunt
1526 692 1576 745 in
1606 692 1783 752 Patre.
1813 706 1876 746 ac
1905 690 2064 755 Filio,

507 778 752 845 utrisque
785 778 1139 844 mittentibus,
1169 790 1221 831 et
1246 781 1643 848 emanantibus,
1663 798 1802 838 unus
1830 783 1921 852 qui
1950 786 2071 838 mit-

502 869 585 930 tit,
634 880 738 932 est,
772 879 825 921 et
860 884 999 923 unus
1034 870 1179 924 lous.
1211 871 1496 927 Ostensum
1520 882 1606 929 est
1628 876 1792 938 enim,
1825 876 2066 939 Patrem,

498 971 550 1013 et
586 959 801 1024 Filium,
827 960 1031 1017 fontem
1069 978 1195 1015 esse
1226 965 1395 1018 sancti
1458 966 1715 1034 Spiritus,
1756 976 1918 1038 atque
1949 983 2070 1024 om-

499 1052 586 1105 nia
625 1051 800 1106 Patris
863 1052 1061 1107 habere
1095 1052 1285 1108 Filiutn
1322 1058 1616 1112 secundum
1662 1060 1913 1114 eumdem
1950 1075 2069 1114 mo—

495 1142 649 1207 dum,
684 1152 880 1211 praeter
900 1160 1084 1212 quam,
1112 1142 1326 1199 Patrem
1352 1162 1493 1201 esse.
1515 1149 1591 1204 Ac
1624 1148 1784 1204 Patre
1820 1150 2068 1207 mittente

501 1234 787 1302 Spiritum,
818 1234 983 1289 mittit
1009 1237 1149 1289 hunc
1176 1243 1232 1288 et
1265 1236 1436 1292 Filius
1461 1255 1568 1293 una
1600 1240 1839 1304 datione,
1873 1251 1927 1296 et
1955 1257 2061 1297 una

496 1326 803 1394 largitione,
852 1336 909 1377 ιιι
934 1326 1006 1380 ait
1045 1342 1270 1396 magnus
1301 1327 1551 1385 Basilius.
1590 1328 1714 1387 Haec
1746 1332 1909 1402 igitur
1934 1333 2068 1387 dua-

497 1432 615 1469 rttm
671 1430 1023 1484 personarum
1065 1419 1131 1472 ad
1165 1418 1426 1487 reliquam
1482 1430 1610 1475 sunt
1677 1424 1916 1491 propria.
1947 1422 2064 1477 Alis

495 1523 646 1571 vero,
671 1508 829 1561 unius
861 1515 1092 1563 tantum.
1118 1511 1289 1580 Atque
1317 1512 1507 1565 borum
1534 1512 1677 1566 aliud
1699 1513 1912 1581 quidem
1945 1529 2069 1583 per-—

497 1613 647 1652 sonas
665 1598 1023 1652 substantiale
1058 1609 1162 1667 est,
1197 1609 1254 1656 ut
1282 1602 1578 1672 paternitas
1604 1614 1661 1658 et
1700 1603 1984 1668 nativitas,
2011 1611 2067 1656 et

496 1688 786 1754 processio.
825 1687 981 1740 Aliud
1013 1698 1191 1745 autem
1224 1706 1506 1760 personam
1534 1691 1644 1758 jam
1677 1692 2065 1747 subsistentem

495 1782 761 1855 sequitur,
816 1762 912 1841 sed
941 1802 1050 1840 non
1101 1785 1255 1839 illam
1307 1785 1540 1850 statuit;
1575 1792 1656 1849 ut,
1688 1785 1979 1855 ingenitum
2010 1784 2063 1838 in

494 1878 671 1940 Patre,
699 1882 811 1933 sive
835 1880 1000 1933 etiam
1026 1879 1317 1945 producam
1354 1877 1406 1929 in
1442 1877 1557 1945 ipso
1587 1875 1728 1939 solo,
1758 1878 2057 1931 secundum

493 1985 613 2034 eos,
669 1971 847 2036 quies
894 1969 1009 2021 solo
1039 1969 1197 2024 Patre
1232 1968 1526 2038 procedere
1562 1966 1825 2037 Spiritum
1851 1968 2060 2022 dicunt.

497 2059 684 2125 Neque
720 2059 905 2125 igitur,
942 2072 1061 2126 quae
1085 2058 1450 2113 communiter
1476 2057 1859 2126 praedicantur,
1895 2057 2062 2112 totius

490 2152 703 2206 deitatis
727 2149 1097 2205 substantialia
1131 2158 1297 2211 sunt;
1334 2147 1476 2201 nulla
1504 2146 1647 2201 enim
1682 2162 1777 2216 per
1806 2146 1893 2201 illa
1926 2146 2061 2202 sub-

490 2244 687 2300 stantia
748 2244 1077 2309 insinuatur,
1133 2256 1448 2310 nequequas
1482 2240 1691 2295 duobus
1740 2239 1957 2308 prepria
1994 2239 2062 2293 ad

488 2350 653 2389 unum
690 2342 853 2396 sunt;
888 2332 1030 2386 nulla
1064 2331 1207 2386 enim
1241 2345 1472 2399 persona
1519 2340 1601 2383 est
1636 2330 1851 2398 proprie
1870 2343 2064 2384 causa-

489 2427 578 2489 Iis,
610 2440 781 2493 neque
828 2439 966 2478 unus
995 2433 1101 2485 est,
1131 2421 1221 2491 qtti
1262 2421 1425 2475 mittit
1478 2420 1746 2488 Spiritum
1784 2431 2056 2477 sanctum.

490 2518 649 2571 Pater
677 2517 844 2579 enim,
868 2525 923 2569 et
945 2512 1114 2567 Filius
1152 2511 1315 2566 simul
1343 2527 1482 2565 unus
1515 2521 1621 2577 est,
1655 2512 1747 2580 qui
1794 2512 2059 2581 Spiritum

490 2615 736 2659 sanctum
760 2604 942 2657 mittit.
972 2601 1297 2657 Communia
1314 2601 1481 2664 enim,
1514 2614 1632 2669 quae
1662 2615 1771 2654 rent
1799 2601 2062 2666 indicant,

485 2694 834 2766 singulariter
852 2693 1073 2763 quidem
1111 2692 1162 2745 in
1199 2691 1395 2746 divinis
1423 2693 1704 2757 dicuntur,
1734 2706 1839 2746 non
1878 2701 2060 2746 tamen

486 2803 590 2844 una
625 2800 854 2855 persona
880 2786 1173 2838 secundum
1203 2784 1352 2837 illaut
1386 2783 1728 2853 intelligitur.

561 2877 667 2930 Sed
699 2891 872 2945 neque
904 2877 1043 2944 quod
1074 2879 1233 2929 unius
1259 2876 1474 2943 quidem
1500 2875 1667 2929 solius
1687 2889 1928 2944 persona:
1956 2886 2064 2938 est.

484 2984 771 3038 personam
797 2976 984 3021 autem
1015 2969 1277 3037 sequitur,
1301 2968 1749 3033 sicutiugenltum
1783 2971 1837 3021 in
1867 2968 2061 3023 Patre:

485 3061 590 3115 hoc
619 3058 761 3113 enim
792 3073 1133 3128 nequaquam
1164 3059 1325 3121 sis'it,
1348 3059 1561 3127 negatio
1588 3074 1710 3113 cum
1741 3060 1834 3121 sit,
1867 3073 2064 3129 aequa-

2173 598 2287 653 dari
2315 614 2331 664 ;
2364 598 2476 654 sola
2506 598 2648 653 enim
2685 599 3064 654 substantialia
3095 600 3239 657 hanc
3260 602 3459 659 habent
3522 605 3655 669 vim,
3691 614 3754 659 et

2170 704 2288 759 qua
2320 691 2410 743 uni
2443 690 2781 745 substantiali
2812 695 3242 759 communicant,
3271 696 3316 751 si
3347 696 3564 764 quidem
3590 704 3747 751 esset

2169 781 2446 849 possibile,
2479 796 2698 837 necesse
2722 794 2864 838 esset
2885 800 3044 838 unam
3070 788 3233 840 etiam
3264 801 3386 840 esse
3416 801 3704 853 personam
3728 802 3748 849 ς

2169 871 2273 925 alia
2296 872 2768 934 vero,'nullatenus
2788 890 2804 928 :
2825 875 3004 945 itaque
3021 877 3151 931 solis
3176 876 3280 933 illis
3309 877 3481 932 tribus
3499 877 3744 947 proltrie-

2183 960 2382 1015 tatibus
2430 961 2626 1015 divina:
2654 975 2897 1030 personae
2922 965 3377 1019 t-tdiscernuntur
3393 976 3447 1018 et
3470 967 3757 1019 commen-

2168 1044 2625 1117 dautur;ca:teris
2642 1067 2770 1107 vero
2805 1066 3103 1109 noscuntur
3130 1055 3327 1111 solum.
3362 1056 3593 1127 Ideoque
3626 1058 3739 1112 Ds-

2170 1158 2463 1197 mascenus
2495 1142 2547 1196 in
2574 1144 2707 1199 solis
2730 1143 2903 1197 tribus
2932 1145 3016 1210 bis
3036 1147 3463 1216 proprietatibus
3490 1150 3755 1203 substan-

2169 1234 2363 1287 tiarum
2389 1233 2747 1290 din‘erentiam
2776 1234 3020 1288 deﬁnivit
3061 1235 3311 1305 intelligi,
3363 1237 3520 1305 quasi
3555 1252 3756 1306 perso-

2170 1341 2267 1382 nas
2312 1328 2846 1397 commendantibus,
2911 1343 3019 1383 non
3059 1328 3495 1397 signiﬁcantibus
3545 1329 3755 1394 solum,

2170 1429 2228 1475 ut
2255 1420 2345 1473 illa
2376 1428 2458 1474 est
2512 1420 2757 1490 ingeniti,
2792 1434 2913 1489 qua:
2940 1418 3118 1475 Patris
3154 1422 3357 1490 agnitio
3374 1430 3478 1487 est,
3511 1421 3608 1476 sed
3636 1436 3752 1475 non

2169 1510 2315 1564 illum
2353 1512 2694 1566 commendat
2738 1510 3099 1581 personaliter
3147 1523 3394 1581 ;prteter
3437 1513 3581 1568 enim
3634 1525 3757 1568 tres

2168 1603 2453 1671 praedictas
2475 1602 2809 1660 diﬂerenties
2860 1602 3274 1665 substantiales,
3316 1604 3529 1658 caeteris
3561 1613 3621 1659 ut
3652 1617 3758 1658 no.

2168 1694 2407 1749 tionibus
2459 1694 2592 1750 solis
2641 1695 2836 1748 divinae
2902 1708 3147 1764 persona!
3192 1694 3599 1761 discernuntur,
3637 1710 3751 1749 non

2170 1797 2347 1841 tamen
2390 1796 2451 1840 ut
2494 1787 2840 1841 discretionis
2894 1786 3100 1855 causis,
3131 1783 3247 1840 sed‘
3294 1796 3353 1840 ut
3404 1787 3758 1843 discretionis

2172 1890 2380 1934 tantum
2406 1880 2599 1949 signis.

2234 1971 2310 2025 Ex
2341 1971 2540 2038 quibus
2576 1980 2810 2036 constat,
2838 1974 2980 2041 quod
3011 1974 3059 2029 si
3112 1974 3235 2045 quis
3284 1981 3596 2030 sanctarum
3646 1970 3757 2025 Pa-

2164 2069 2307 2114 trum
2359 2060 2506 2114 Patri
2556 2062 2844 2130 ingeuittun
2886 2064 3140 2132 reddidit,
3198 2066 3248 2119 id
3277 2081 3381 2120 non
3414 2074 3471 2119 ut
3498 2064 3759 2119 substan-

2163 2152 2312 2214 tiale,
2352 2153 2447 2208 sed
2500 2162 2560 2208 ut
2610 2154 2960 2225 agnitionem,
3008 2166 3063 2210 et
3091 2158 3366 2227 proprium
3430 2155 3757 2227 simpliciter

2162 2247 2434 2301 attribuit.
2476 2245 2534 2299 Si
2563 2246 2685 2314 quis
2718 2257 2898 2303 autem
2935 2247 3153 2304 Patrem
3183 2252 3481 2320 genitorem
3512 2266 3577 2306 ac
3611 2264 3747 2321 pro-

2160 2338 2440 2394 ductorem
2484 2339 2794 2411 appellavit,
2852 2351 2911 2395 ut
2964 2341 3259 2410 Gregorius
3308 2342 3616 2411 Tlteologus
3692 2344 3749 2397 in

2162 2432 2336 2500 primo
2364 2446 2613 2487 sermone
2686 2418 2752 2490 de
2795 2430 2953 2500 Filio,
2988 2436 3247 2503 genitoris
3273 2435 3488 2503 quidem
3522 2449 3752 2500 nomen,

2162 2535 2221 2579 ut
2242 2526 2598 2584 substantiale
2633 2524 2785 2580 Patri
2818 2528 3111 2596 separavit.
3171 2528 3407 2597 Equsle
3467 2529 3612 2582 enim
3657 2538 3752 2583 est

2161 2616 2376 2674 Patrem
2410 2633 2474 2673 ac
2503 2618 2813 2687 genitorem
2851 2618 3069 2679 dicere:
3100 2619 3304 2688 quippe
3332 2628 3386 2673 et
3418 2617 3748 2687 pateruitas,

2162 2719 2217 2765 et
2275 2709 2528 2764 nativitas
2559 2709 3130 2766 tantumdemwalet.
3206 2708 3560 2765 Productnris
3609 2722 3749 2764 vero

2164 2817 2383 2866 nomen,
2422 2812 2480 2856 ut
2527 2816 2762 2871 sequens
2817 2813 3099 2871 paternam
3164 2802 3276 2868 jam
3345 2801 3743 2856 subsistentem

2163 2892 2542 2956 substantiam,
2602 2893 2949 2949 substantiali
2998 2892 3349 2963 paternitatis
3372 2892 3591 2963 proprio
3638 2892 3746 2946 ad-

2157 2982 2312 3056 jecit.

2234 3076 2312 3129 Ac
2345 3090 2555 3140 rursus,
2585 3075 2630 3131 si
2661 3077 2784 3147 quis
2844 3077 3170 3147 principium
3221 3077 3436 3132 Patrem
3495 3074 3743 3145 appella-

480 3162 676 3221 turque
713 3151 1096 3215 substantiam,
1121 3165 1283 3218 quam
1315 3143 1600 3206 allirmatio
1654 3150 1910 3205 insinuat.
1947 3150 2058 3204 Ali-
2083 3207 2126 3264 ϐ
2163 3168 2260 3233 νὴ,
2294 3183 2401 3221 non
2434 3182 2565 3224 sane
2588 3143 2750 3223 ειίέηι
2775 3143 3132 3225 substantia“,
3165 3171 3283 3239 eius
3326 3143 3604 3239 ρτορι-ίάά,
3656 3170 3740 3223 ει,

484 3255 670 3264 ._____-
732 3244 771 3264 ..ε
808 3242 1167 3264 _,_=.__M-.--.
1203 3241 1633 3264 ----:__-_:...m
1665 3241 1860 3264 .s:..:.....
1908 3256 2020 3264 --_.
2236 3258 2285 3264 _-
2397 3259 2408 3264 -
2609 3260 2618 3264 -
2724 3263 2728 3264 ,
2908 3260 2918 3264 _
3226 3262 3235 3264 _
3304 3261 3330 3264 ,_
3598 3260 3607 3264 _
3656 3260 3670 3264 _

483 3255 694 3314 terque,
726 3244 771 3314 si
804 3242 1037 3312 genitum
1064 3255 1171 3294 non
1200 3254 1319 3295 esse
1342 3241 1635 3310 ingenitum
1662 3241 1879 3304 dicitur,
1904 3256 2052 3296 com-

482 3308 643 3389 mune
699 3308 930 3400 e.rit:ltoc
960 3343 1013 3387 et
1052 3331 1277 3402 Spiritui
1309 3308 1515 3387 sancto.
1565 3330 1631 3386 Et
1657 3333 1770 3403 ipse
1804 3333 1945 3387 enim
1976 3341 2059 3387 est

480 3427 983 3498 ingenitus;neque
1043 3425 1186 3480 enim
1246 3425 1459 3494 genitus
1493 3434 1617 3489 est;
1675 3423 2056 3479 substantialia

480 3522 627 3576 enim
668 3532 1015 3587 personarum
1050 3518 1273 3571 omnino
1336 3518 1680 3571 consortium
1720 3518 2054 3586 reliquarum

481 3628 585 3667 non
618 3612 943 3667 admittunt:
973 3611 1066 3663 sed
1126 3623 1299 3678 neque
1343 3611 1643 3680 producere
1698 3608 2057 3664 substantiale

478 3719 600 3760 esse
634 3713 992 3758 monstratum
1024 3710 1106 3756 est
1148 3719 1161 3755 :
1201 3701 1582 3770 paternitatem
1626 3709 1807 3755 autem
1878 3701 2054 3770 sequi,

396 3828 405 3835 ρ
458 3772 1006 3866 .signiticativutnque
1035 3787 1375 3848 solummodo
1399 3806 1519 3848 esse
1545 3801 1784 3862 paterna:
1809 3791 2056 3847 substan-

484 3888 593 3941 tiae.

551 4001 628 4055 lta
660 4002 826 4070 igitur
861 4009 971 4055 tres
999 3998 1120 4053 illas
1140 3998 1524 4069 proprietates,
1552 3994 1714 4060 solas,
1742 3996 2048 4051 divinarum

481 4106 833 4164 personarum
864 4089 1248 4145 substantiales
1270 4103 1391 4144 esse
1413 4087 1699 4142 dicendum
1729 4091 1840 4143 em.
1873 4087 2050 4143 Patris

479 4186 694 4256 quidem
718 4185 1124 4256 paternitatem,
1169 4192 1329 4250 atque
1355 4183 1525 4251 ipsum
1559 4180 1799 4248 gignere,
1823 4180 1927 4235 hoc
1946 4190 2049 4242 est,

477 4295 538 4334 se
573 4281 747 4349 ipsum
785 4279 914 4332 dare
936 4276 1088 4330 alteri
1117 4288 1361 4344 persona:
1403 4274 1697 4328 secundum
1750 4272 2050 4327 nativitatis

476 4390 819 4447 processura.
879 4372 1003 4426 Filii
1066 4385 1196 4425 vero
1242 4368 1606 4429 nativitatem,
1638 4368 1919 4435 ipsumque
1948 4380 2047 4419 na-

476 4470 577 4533 sci,
603 4468 705 4521 hoc
756 4472 861 4527 est,
888 4464 1132 4531 accipere
1188 4460 1243 4513 in
1283 4459 1464 4527 scipso
1499 4456 1713 4510 Patrem
1758 4455 1913 4524 juxta
1944 4470 2046 4509 na-

2160 3258 2457 3327 gniﬁcavit,
2527 3260 2619 3315 sed
2649 3260 3009 3316 substantiam
3046 3260 3191 3315 illius
3224 3261 3466 3315 iudicare
3523 3260 3725 3316 voluit.

2168 3349 2291 3420 lpse
2322 3352 2464 3405 enim
2493 3365 2558 3406 ex
2586 3351 2772 3421 nullo;
2809 3351 2980 3408 Filius
3022 3364 3226 3415 autem,
3259 3363 3313 3408 et
3345 3352 3581 3421 Spiritus
3604 3368 3739 3406 san-

2157 3450 2298 3505 ctus,
2327 3450 2381 3496 et
2420 3443 2599 3496 omnia
2624 3441 2770 3510 Filii,
2800 3453 2857 3499 et
2879 3444 3056 3499 sancti
3091 3442 3329 3512 Spiritus
3356 3446 3424 3497 ad
3474 3459 3597 3499 eum
3643 3458 3738 3498 re-

2156 3532 2423 3589 feruntur.
2454 3533 2612 3601 Nam,
2639 3543 2695 3589 et
2740 3536 2833 3605 qui
2866 3535 3141 3617 majorem
3151 3536 3287 3590 Filio
3307 3535 3525 3590 Patrem
3551 3540 3740 3591 causae

2157 3625 2365 3679 ratione
2390 3626 2660 3691 dixerunt,
2694 3642 2801 3681 nou
2834 3637 2891 3682 ut
2912 3628 3275 3683 substantiale
3341 3629 3523 3697 majus
3575 3628 3734 3692 illud,

2154 3717 2250 3771 sed
2290 3726 2346 3770 ut
2374 3719 2648 3773 notionem
2682 3717 2859 3773 Patris
2913 3720 2977 3773 ad
3023 3718 3221 3773 Filium
3276 3729 3486 3774 tantum
3544 3720 3734 3774 reddi-

2154 3808 2385 3873 derunt;
2418 3809 2667 3864 similiter
2686 3818 2741 3864 et
2767 3812 2831 3864 de
2852 3825 2939 3875 eo,
2971 3811 3114 3881 quod
3168 3810 3287 3865 sine
3306 3811 3572 3881 principio
3596 3812 3739 3866 dici-

2159 3908 2267 3965 tur,
2296 3900 2819 3969 philosophandum.

2226 3991 2381 4058 Quod
2410 3994 2577 4065 igitur
2624 3996 2928 4050 divinarum
2988 4012 3341 4062 personarum
3372 4000 3439 4052 ad
3497 3998 3732 4054 invicem

2150 4082 2369 4139 habitus
2444 4099 2567 4153 cum
2624 4100 2808 4141 eorum
2876 4088 3193 4143 substantiae
3257 4087 3585 4153 ditl‘erentia,
3636 4105 3732 4145 se-

2149 4176 2385 4231 cundum
2437 4175 2650 4232 divinos
2706 4192 3037 4249 arcanosque
3095 4195 3381 4249 processus
3446 4193 3733 4251 appareat.

2148 4266 2417 4338 simulque
2440 4282 2563 4323 eum
2615 4269 2733 4339 ipso
2808 4270 3086 4327 relationis
3150 4273 3373 4337 habitu;
3421 4289 3607 4340 causa,
3676 4284 3735 4329 et

2149 4360 2366 4414 causale
2392 4359 2551 4414 simul
2582 4362 2975 4426 introducatur,
3019 4373 3176 4418 antea
3247 4365 3497 4433 plurimis
3557 4368 3747 4431 ratioo,

2150 4454 2309 4507 nibus
2341 4457 2603 4511 constitit.
2638 4454 2795 4512 Nunc
2839 4466 3015 4512 autem
3056 4459 3369 4522 dicendum,
3450 4462 3731 4529 quomodo

476 4558 658 4614 scendi
720 4555 1144 4625 processionem.
1191 4549 1378 4604 Saneti
1434 4559 1611 4602 autent
1645 4546 1883 4617 Spiritus
1917 4547 2124 4624 pro-.1)
2150 4545 2445 4599 secundum
2479 4561 2723 4613 causam,
2751 4559 2807 4601 et
2838 4549 3058 4603 causale
3101 4548 3297 4614 solum,
3341 4558 3396 4604 et
3424 4550 3728 4606 Secundum

474 4651 797 4710 cessionem,
820 4647 1103 4715 ipsumque
1120 4642 1435 4712 procedere,
1466 4641 1515 4693 id
1540 4649 1644 4704 est,
1672 4641 1726 4694 in
1756 4640 2045 4709 semetipso

478 4743 693 4794 Patrem
732 4753 794 4791 ac
857 4736 1049 4790 Filium
1081 4734 1325 4801 accipere
1350 4772 1366 4797 ,
1414 4733 1705 4786 secundum
1749 4732 2045 4785 naturalem

474 4830 923 4899 essentialemque
974 4841 1287 4897 processum
1335 4840 1401 4879 ex
1467 4825 1633 4878 Patre
1660 4838 1755 4893 per
1819 4824 2041 4879 Filium.

475 4925 721 4991 Istasque
755 4935 859 4974 non
884 4919 1055 4974 solum
1078 4915 1484 4979 substantiales,
1509 4916 1601 4969 sed
1643 4924 1697 4969 et
1733 4916 2046 4984 personales

473 5018 636 5071 etiam
672 5015 910 5084 proprie,
944 5023 999 5065 et
1030 5010 1288 5070 maxime,
1318 5016 1371 5062 et
1403 5006 1830 5075 peculiarissime
1861 5008 2047 5061 dicen-

476 5111 627 5169 dum,
664 5117 849 5174 utpote
880 5118 1136 5174 personas
1156 5100 1619 5158 commendantes.

492 5242 496 5246 Α
544 5198 738 5258 Porro,
773 5212 894 5264 quae
917 5195 1186 5264 proprium
1224 5192 1426 5261 aliquid
1445 5192 1668 5245 duarum
1686 5203 2042 5259 personarum

472 5291 540 5343 sd
572 5288 837 5357 reliquam
896 5285 1195 5348 insinuant,
1224 5283 1602 5351 proprietates,
1646 5296 1743 5337 seu
1772 5281 2041 5343 notiones,

469 5396 564 5435 seu
594 5382 747 5449 signa
776 5378 1005 5431 duarum
1046 5375 1347 5443 aliquarum
1378 5387 1732 5443 personarum
1783 5371 2039 5425 vocanda:

472 5482 620 5526 sunt.
681 5467 836 5532 Quod
858 5468 901 5521 si
941 5465 1026 5521 cui
1057 5466 1263 5534 placeat
1298 5471 1352 5517 et
1384 5478 1447 5518 ea
1480 5460 1782 5532 personalia
1833 5459 2037 5522 dicere,

468 5534 535 5613 eo
557 5559 697 5626 quod
730 5555 975 5624 personis
1025 5551 1306 5618 attributa,
1370 5564 1478 5605 non
1510 5560 1688 5603 tamen
1718 5545 2032 5602 communia

473 5647 713 5704 omnium
739 5651 911 5710 sunt;
969 5643 1129 5697 liccat
1177 5642 1358 5696 dicere
1379 5640 1432 5695 id
1478 5638 1721 5710 quidem,
1759 5636 1889 5691 dum
1951 5646 2037 5690 ta-

2148 4630 2265 4700 ipsa
2323 4637 2475 4703 prius
2539 4636 2751 4711 divina;
2784 4652 3031 4705 personae
3090 4638 3499 4707 discernuntur,
3560 4652 3732 4709 atque

2145 4724 2264 4795 ipsa
2294 4728 2636 4783 discretionis
2674 4744 2839 4783 causa
2869 4738 3035 4793 sunt;
3087 4744 3206 4798 quae
3254 4745 3443 4794 cauea,
3478 4738 3536 4785 et
3593 4747 3732 4786 cau-

2143 4822 2279 4883 sale,
2312 4821 2694 4877 substantiales
2724 4822 3082 4890 proprietates
3109 4861 3124 4886 ,
3194 4824 3363 4891 ipsum
3390 4826 3567 4880 Patris
3632 4841 3730 4881 su-

2144 4911 2601 4980 persubstantiale
2628 4926 2847 4979 nomen,
2893 4921 2947 4966 et
2981 4926 3093 4967 rem
3122 4911 3266 4976 Filii.
3296 4927 3351 4969 et
3371 4916 3549 4971 sancti
3599 4916 3727 4988 Spi~

2145 5001 2279 5055 ritus
2318 5002 2720 5059 commendant.

2214 5092 2611 5162 Praesupposito
2663 5095 2827 5164 igitur
2888 5099 3148 5156 unitatem
3210 5100 3265 5155 in
3328 5098 3619 5165 Trinitate,
3668 5110 3728 5156 et

2142 5181 2458 5236 Trinitatem
2490 5173 2562 5237 in‘
2599 5185 2806 5240 unitate
2834 5200 2958 5243 esse
3041 5188 3348 5255 colendam,
3411 5193 3720 5247 secundum

2142 5272 2261 5327 ﬁdei
2286 5274 2632 5341 positionem,
2666 5286 2718 5331 et
2759 5278 2827 5339 ab
2855 5277 2941 5333 bis
2961 5294 3081 5347 quae
3105 5295 3135 5334 a
3167 5281 3373 5337 sanctis
3400 5283 3543 5337 dicta
3563 5292 3718 5347 sunt.

2140 5378 2249 5419 non
2310 5366 2671 5443 discedentes,
2722 5366 3062 5426 Damasceno
3109 5372 3353 5439 quidem,
3414 5373 3718 5429 secundum

2144 5468 2362 5508 causam
2412 5462 2466 5508 et
2492 5456 2708 5510 causale
2734 5456 3093 5513 diﬂ‘erentiam
3142 5460 3194 5513 in
3221 5460 3419 5514 divinis
3465 5461 3721 5529 personis

2140 5544 2505 5615 intelligente;
2556 5546 2798 5616 Nysseno
2856 5558 3038 5604 autem
3096 5549 3359 5619 Gregorio
3427 5550 3649 5604 dicente
3695 5566 3712 5605 :

2146 5634 2586 5691 lncommutubile
2617 5652 2824 5694 natura:
2875 5640 3037 5709 ipsius
3093 5642 3501 5704 considerantes,
3560 5642 3716 5711 αεθι-

548 5760 663 5828 (57)
715 5758 790 5816 De
823 5757 1135 5813 actionibus
1176 5754 1485 5812 divinarum
1521 5763 1885 5824 persoaarum
1916 5747 2040 5805 vide
2075 5747 2141 5801 ι).
2176 5746 2485 5804 Tbomamt
2533 5765 2589 5820 q.
2620 5750 2791 5815 (1.25,
2885 5761 2940 5807 et
3026 5752 3157 5808 ibid.
3239 5752 3565 5825 Gregorium
3651 5755 3722 5810 de

473 5830 744 5887 Valentia.
