3984 6552
387 345 478 415 137
1446 351 1845 412 ADVERSUS
1886 349 2201 411 GRAECOS
2230 353 2375 411 LIB.
2428 353 2543 414 III.

3505 355 3606 417 138

381 465 593 516 renlt'ttm
620 464 901 515 secum/tun
938 478 1170 525 causam,
1206 476 1248 517 ει·
1274 468 1503 531 causale,
1539 482 1639 519 non
1671 478 1938 533 negamus;
1968 459 2018 522 Δ
2046 459 2235 525 Filius,
2272 472 2322 516 et
2355 464 2589 531 Spiritus
2618 465 2682 517 ad
2730 465 2941 519 Putrem
2980 466 3283 543 uniuntur,.
3309 478 3364 521 et
3406 471 3611 523 disccr~

377 552 427 602 in
458 567 560 619 quo
591 552 725 613 solo,
755 551 981 605 alterum
1012 554 1074 605 ub
1107 553 1274 607 altera
1337 554 1594 623 distingui
1652 553 1939 617 depreheno

375 644 583 708 dirum;
613 644 753 712 quod
782 645 1181 714 proposuimus,
1248 645 1603 709 habebimus;
1648 646 1768 714 quia
1801 646 1941 699 enim

376 738 469 789 tria
502 736 591 789 illa
622 752 787 790 unum
819 752 940 791 cum
975 718 1082 792 sint
1121 737 1419 793 secundum
1458 737 1770 801 essentiam,
1822 736 1943 790 sine

372 842 533 883 eausa
567 828 781 898 quidem
819 844 941 885 esse
965 831 1167 896 omnia,
1197 829 1452 899 possibile
1492 845 1597 885 non
1631 839 1749 897 esti;
1783 830 1942 884 aliam

376 936 499 973 vero
516 936 748 977 causam
775 937 835 978 se
861 924 1220 993 antiquiorem
1265 924 1493 987 habere,
1555 924 1711 995 longe
1743 923 1949 993 impos-

372 1011 580 1065 sibiiius
610 1028 623 1064 :
658 1021 850 1075 restat,
874 1021 935 1066 ut
961 1013 1120 1067 trium
1142 1013 1369 1069 istorum
1392 1029 1579 1075 unum,
1615 1013 1942 1083 reliquorum

369 1118 530 1156 causa
565 1104 657 1159 sit.
692 1102 1047 1159 Procedentia
1081 1105 1389 1175 igiturinde
1426 1105 1684 1174 possibile
1728 1120 1836 1160 non
1861 1113 1947 1160 est

370 1197 699 1265 producendi
736 1212 983 1266 personae
1015 1198 1246 1263 ratione,
1302 1212 1423 1252 esse
1454 1198 1663 1261 eadem;
1707 1198 1941 1267 seipsum

368 1289 510 1343 enim
550 1289 753 1359 aliquid
783 1292 1098 1358 producere,
1132 1304 1195 1345 ac
1233 1292 1313 1345 sui
1347 1290 1517 1359 ipsius
1549 1304 1768 1344 causam
1800 1305 1941 1355 esse,

367 1381 627 1451 possibile
666 1397 769 1436 non
820 1389 927 1436 est.
1834 1454 1835 1459 γ

433 1473 622 1542 ltaque
663 1473 1017 1541 procedentia
1046 1487 1266 1528 necesse
1314 1482 1393 1527 est
1436 1474 1793 1543 personaliter
1838 1472 1940 1529 dis-

370 1568 583 1636 tingui;
617 1569 764 1621 unita
797 1568 1016 1637 quidem
1078 1568 1374 1623 secundum
1435 1570 1721 1623 essentiam
1752 1586 1765 1636 ;
1801 1566 1945 1623 nulla

367 1660 517 1711 enim
557 1660 608 1711 in
664 1673 724 1713 ea
814 1659 1075 1715 discretio
1132 1660 1470 1716 conceditur:
1516 1662 1742 1717 discreta
1798 1679 1943 1729 vero,

365 1751 666 1805 secundum
709 1751 1065 1818 substantias,
1143 1768 1239 1807 seu
1306 1768 1599 1822 personas;
1677 1764 1732 1808 et
1771 1771 1945 1825 neque

364 1854 593 1911 propter
625 1844 878 1897 unionem
910 1860 1167 1914 personas
1200 1846 1460 1901 confundi
1494 1866 1508 1914 ;
1536 1863 1704 1917 neque
1722 1860 1943 1919 propter

367 1933 779 1998 discretionem,
801 1936 1093 2007 essentiam
1116 1934 1306 1994 dividi.
1369 1937 1608 1993 Perfecta
1639 1940 1779 1994 enim
1812 1937 1940 2008 illic,

363 2034 419 2077 et
455 2038 673 2100 summa
702 2025 853 2093 unio,
899 2037 1059 2096 atque
1115 2026 1396 2085 discretio.
1454 2028 1625 2098 Atque
1688 2029 1941 2084 unionem

365 2115 585 2183 quidem
613 2116 793 2171 unitas
819 2119 1088 2184 essentiae,
1121 2129 1178 2173 ut
1208 2119 1412 2173 dictum
1469 2130 1570 2186 est,
1625 2120 1789 2187 facit;
1831 2120 1944 2176 dis-

368 2206 669 2259 cretionem
729 2222 880 2272 vero,
934 2209 1234 2263 secundum
1294 2224 1535 2276 causam,
1597 2222 1649 2267 et
1705 2212 1941 2277 causale,

369 2294 506 2348 ﬁdes
548 2294 861 2352 conﬁtetur.
901 2298 1077 2369 Atque
1104 2315 1165 2354 ea
1196 2308 1280 2356 est
1324 2318 1475 2368 quae,
1513 2304 1805 2357 secundum
1861 2319 1940 2368 se,

369 2401 546 2455 neque
572 2399 786 2457 propter
810 2390 952 2444 aliud
993 2406 1077 2447 res
1104 2394 1335 2446 maxime
1364 2406 1415 2447 et
1450 2396 1586 2459 unit,
1631 2407 1686 2450 et
1735 2395 1941 2453 discer-

370 2478 479 2530 nit.
540 2478 810 2533 Discretio
856 2480 1063 2535 scilicet
1127 2482 1424 2538 secundum
1470 2460 1732 2551 .causam,
1782 2494 1943 2555 atque

367 2572 611 2625 causalc.
643 2572 823 2642 Neque
850 2577 992 2630 enim
1023 2560 1405 2630 discretionem
1454 2576 1623 2646 magis
1701 2578 1942 2633 confusi-

364 2675 470 2713 one
512 2660 734 2716 liberum
766 2664 1007 2731 cogitare
1032 2679 1316 2734 possumus
1344 2682 1359 2731 ;
1405 2680 1576 2735 neque
1610 2667 1940 2722 consortium

366 2752 605 2803 duorum
636 2751 941 2821 aliquorum
974 2754 1169 2822 majus,
1203 2769 1362 2822 quam
1418 2768 1537 2808 cum
1598 2755 1822 2808 alterum
1878 2771 1941 2811 ex

366 2842 543 2894 altero
577 2856 698 2896 esse
754 2842 969 2899 habeat.
1031 2843 1276 2915 Namque
1356 2847 1651 2899 secundum
1699 2860 1939 2914 causam,

362 2943 419 2987 et
453 2934 671 2988 eausaie
713 2936 983 2992 invenitur
1022 2937 1227 3006 aliquid
1254 2938 1549 2992 secundum
1607 2939 1938 3007 :equivocatn

364 3038 616 3089 causam,
650 3028 750 3083 sibi
786 3029 962 3083 simile
993 3033 1297 3099 producens
1324 3032 1374 3084 in
1412 3031 1597 3085 eadem
1636 3032 1854 3099 specie:
1889 3041 1942 3085 et

2051 563 2254 609 nuntur
2318 557 2613 611 secundum
2676 559 2882 613 scilicet
2944 560 3611 635 spccicnroppositionis

2049 661 2244 712 causzn,
2279 655 2439 718 atque
2474 651 2730 705 causalis.

2118 739 2351 795 Necesse
2376 752 2458 794 cst
2481 742 2662 809 igitur,
2695 744 2737 797 si
2766 744 3103 798 discernendi
3131 756 3276 812 sunt,
3303 748 3385 802 vel
3412 748 3609 805 Filiqu

2052 829 2290 898 Spiritus
2345 834 2519 886 sancti
2559 849 2680 889 esse
2739 850 2985 899 causam,
3037 837 3115 890 vel
3162 838 3422 905 Spiritum
3467 841 3610 895 Filii.

2051 921 2154 976 Sed
2191 937 2411 977 causam
2461 924 2676 992 quidem
2724 940 2846 980 esse
2883 925 3004 980 Filii
3056 927 3317 997 Spiritum
3359 942 3613 985 constare

2050 1027 2156 1065 non
2190 1022 2397 1081 potest;
2429 1015 2556 1083 quia
2590 1016 2782 1071 tertius
2813 1031 2839 1070 a
2884 1014 3043 1073 Patre
3073 1019 3301 1075 traditus
3327 1031 3425 1087 est,
3456 1023 3608 1089 juxta

2050 1104 2390 1172 personalem
2444 1106 2714 1170 ordinem,
2764 1108 2886 1173 quia
2924 1109 3182 1165 naturalis
3218 1120 3271 1166 et
3302 1114 3611 1170 essentialis

2050 1193 2293 1261 operatio
2351 1202 2403 1248 ct
2440 1196 2612 1249 virtus
2658 1194 2776 1250 Filii
2814 1195 3048 1267 Spiritus
3089 1212 3205 1267 cst;
3256 1204 3381 1271 quia
3438 1205 3613 1274 imago

2051 1283 2167 1353 ejus
2194 1300 2314 1341 esse
2340 1285 2571 1353 dicitur;
2598 1289 2850 1358 quoniam
2878 1292 3111 1362 Spiritus
3136 1293 3255 1349 Filii
3284 1311 3310 1348 a
3345 1296 3609 1368 theologia

2052 1376 2327 1431 traditur:
2358 1378 2448 1446 qui
2500 1379 2743 1447 profecto
2795 1383 2966 1437 sancti
3005 1382 3237 1452 Spiritus
3274 1386 3441 1442 Filius
3492 1405 3614 1443 esse

2052 1485 2157 1525 non
2216 1471 2433 1526 dicitur.
2492 1472 2676 1543 Neque
2725 1477 2866 1530 enim
2928 1489 3338 1546 convertuntur,
3400 1494 3613 1550 propter

2052 1566 2387 1632 personalem
2419 1570 2688 1635 ordinem,
2717 1579 2883 1640 atque
2912 1571 2965 1628 id
2999 1573 3229 1631 maxime
3260 1577 3512 1646 quoniam
3549 1593 3611 1631 ex

2052 1654 2209 1711 Patre
2232 1672 2327 1727 per
2355 1657 2546 1713 Filium
2581 1675 2703 1717 esse
2734 1661 2968 1731 Spiritus
3002 1666 3253 1729 traditur,
3287 1682 3390 1720 non
3436 1677 3612 1721 tamen

2051 1762 2081 1801 e
2121 1759 2332 1804 contra.
2370 1748 2673 1807 'l‘olleretur
2705 1764 2885 1808 autem
2919 1766 2973 1809 et
3003 1757 3077 1824 id,
3110 1759 3251 1828 quod
3290 1775 3610 1815 concessum

2047 1848 2152 1905 est,
2201 1840 2395 1896 Filiutn
2434 1858 2554 1897 esse
2589 1859 2654 1899 ex
2714 1845 2870 1901 Patre
2906 1848 3023 1902 sine
3072 1849 3248 1905 medio
3297 1868 3310 1903 :
3358 1851 3436 1905 sic
3468 1853 3612 1907 enim

2045 1942 2191 1987 esset
2222 1934 2390 1989 Filius
2419 1952 2482 1990 cx
2512 1936 2671 1992 Patre
2698 1954 2794 2009 per
2819 1940 3102 2011 Spiritum,
3129 1952 3182 1998 et
3213 1956 3613 2015 consequenter

2050 2024 2286 2094 Spiritus
2314 2026 2492 2093 Pater,
2536 2034 2945 2091 communicans
2978 2037 3049 2103 ei,
3097 2039 3393 2093 secundum
3432 2049 3610 2110 pater-

2047 2117 2232 2171 nitatis
2260 2119 2547 2175 rationem.

2117 2206 2305 2267 Restat
2371 2214 2553 2284 itaque
2594 2218 2831 2285 ,Filium
2900 2236 3116 2304 causam
3183 2241 3307 2281 esse
3376 2226 3611 2297 Spiritus

2046 2305 2221 2359 sancti
2252 2300 2279 2372 ,ί
2310 2307 2679 2379 Spiritumquc
2726 2327 2821 2381 per
2870 2300 3069 2383 ipsum,
3104 2326 3156 2373 et
3208 2321 3274 2373 ab
3308 2320 3425 2388 ipso
3468 2337 3610 2376 esse.

2046 2391 2158 2450 Hac
2192 2412 2318 2467 ergo
2344 2400 2571 2466 ratione,
2597 2411 2651 2456 et
2682 2404 2937 2479 unieptur
2965 2409 3030 2462 ad
3060 2409 3287 2465 invicem
3324 2422 3378 2467 et
3405 2413 3613 2469 discer-

2046 2496 2262 2553 nentur,
2311 2491 2453 2558 quod
2508 2492 2669 2548 etiam
2719 2492 2995 2564 Nyssenus
3026 2498 3304 2568 indicavit,
3339 2503 3529 2560 dicens
3559 2506 3610 2559 in

2045 2580 2158 2635 sola
2221 2585 2520 2638 secundum
2590 2601 2833 2653 causam,
2898 2600 2950 2645 et
3016 2595 3235 2650 causale
3302 2597 3610 2654 diderentia

2045 2671 2256 2727 divinas
2290 2689 2551 2741 personas
2581 2679 2644 2730 ad
2679 2679 2908 2736 invicem
2939 2682 3217 2756 distingui.
3256 2688 3440 2758 Neque
3466 2693 3610 2746 enim

2045 2763 2110 2817 de
2138 2764 2252 2819 solo
2287 2765 2445 2820 Patre
2470 2766 2537 2822 ad
2562 2767 2781 2831 Filium,
2813 2782 2865 2826 et
2893 2773 3152 2842 Spiritum
3189 2788 3438 2835 sanctum
3472 2782 3613 2848 dixit

2046 2855 2161 2909 hrcc
2203 2873 2215 2909 :
2252 2856 2324 2910 ita
2379 2858 2520 2912 enim
2582 2862 2751 2918 solius
2782 2865 2845 2917 ad
2907 2881 2967 2919 ea
3019 2884 3139 2936 quae
3189 2884 3253 2925 ex
3310 2872 3429 2942 ipso
3464 2884 3608 2933 sunt,

2048 2946 2433 3004 discretionem
2489 2953 2820 3021 tradidisset,
2875 2972 3048 3026 neque
3098 2960 3388 3031 adjecisset
3429 2986 3439 3019 :
3479 2964 3611 3035 Ejus

2044 3052 2265 3108 quoque,
2302 3042 2440 3108 quod
2469 3056 2532 3096 ea:
2569 3059 2735 3098 causa
2780 3055 2882 3112 est,
2924 3048 3082 3102 aliam
3116 3068 3325 3107 rursum
3368 3056 3613 3123 cli/fercu-

365 3114 669 3167 secundum
702 3118 922 3185 quidem
979 3118 1123 3188 quod
1184 3134 1366 3181 causa.
1429 3129 1482 3174 et
1538 3122 1757 3176 causale
1808 3131 1936 3176 sunt
1967 3148 2011 3208 ο
2045 3127 2174 3182 tiam
2220 3130 2584 3201 intelligimus.
2618 3134 2741 3190 [latae
2776 3147 2956 3193 autem
2988 3153 3041 3194 et
3077 3143 3160 3195 liis
3195 3158 3312 3212 quae
3359 3114 3609 3215 ettpcrins

364 3209 639 3271 opposita,
695 3210 761 3263 ad
791 3210 1016 3264 invicem
1068 3212 1360 3267 habebunt.
1393 3212 1514 3267 Ideo
1549 3214 1711 3267 etiam
1753 3228 1938 3269 neces-

363 3302 520 3354 sario
581 3303 990 3358 discernentur:
1054 3305 1350 3358 secundum
1412 3306 1761 3375 autemquod
1809 3322 1940 3361 cau-

362 3391 499 3453 sale,
532 3405 599 3445 ex
624 3408 787 3447 causa
819 3409 947 3458 esse,
982 3404 1145 3463 atque
1178 3395 1471 3450 essentiam
1524 3398 1741 3466 accipit,
1794 3413 1943 3453 com-

363 3483 723 3537 tnunicabunt
756 3484 1007 3549 invicem,
1040 3486 1275 3541 maxime
1303 3502 1426 3541 cum
1469 3490 1685 3557 proprie
1715 3489 1779 3543 ad
1805 3490 1941 3542 invi-

362 3590 483 3628 cem
513 3590 613 3643 per
642 3586 896 3630 naturam
929 3577 1183 3633 habeant.
1221 3578 1419 3634 Filium
1463 3580 1624 3650 igitur
1667 3596 1730 3633 ex
1782 3579 1942 3638 Patre

363 3666 538 3730 nasci,
567 3666 701 3721 tides
747 3668 909 3723 nobis
978 3683 1042 3723 ac
1099 3668 1288 3739 religio
1344 3672 1526 3727 tradit.
1550 3672 1647 3726 "Et
1677 3661 1933 3741 quoniam

361 3757 670 3809 secundum
704 3757 757 3811 id
795 3759 935 3827 quod
962 3760 1182 3829 gignere
1207 3772 1261 3815 et
1294 3762 1441 3817 nasci
1492 3763 1711 3827 dicitur,
1770 3779 1938 3833 0pp0«

361 3848 497 3898 sitio
527 3861 731 3911 causas,
802 3859 856 3901 et
910 3850 1169 3914 causalis,
1232 3853 1531 3907 secundum
1583 3868 1645 3907 ea
1699 3868 1819 3923 qua:
1870 3860 1938 3915 ad

362 3934 572 4005 aliquid
614 3938 887 4004 dicuntur,
946 3938 1239 4008 inspicitur
1270 3942 1567 3995 secundum
1622 3941 1673 3996 id
1702 3942 1939 4011 quidem,

356 4029 511 4097 quod
541 4028 688 4081 aliud
725 4030 840 4095 dat,
916 4030 1062 4085 aliud
1149 4033 1272 4089 inde
1335 4035 1585 4103 prodiens
1646 4037 1937 4091 essentiam

358 4119 588 4186 accipit,
630 4118 751 4174 dum
774 4120 1087 4177 necessario
1118 4137 1365 4191 persona:
1393 4124 1773 4195 intelliguntur
1796 4125 1939 4196 ejus-

357 4208 487 4263 dem
535 4211 765 4264 naturae.

437 4298 701 4364 Rursum,
731 4300 946 4357 dicente
990 4301 1272 4373 Scriptura
1304 4305 1468 4360 Deum
1503 4322 1568 4361 es
1606 4306 1716 4370 Deo
1748 4322 1939 4379 proce-

358 4391 533 4456 dere;
573 4392 871 4446 secundum
895 4396 1136 4449 eamdem
1163 4397 1425 4451 rationem
1458 4398 1725 4466 Oppositio
1745 4412 1941 4455 secun-

358 4482 494 4536 dum
536 4497 782 4546 causam,
837 4493 894 4538 et
956 4486 1177 4541 causale
1225 4489 1391 4542 etiam
1453 4490 1540 4544 hic
1599 4490 1934 4561 intelligitur,
1971 4494 2013 4548 D
2045 4516 2165 4557 cum
2196 4504 2596 4573 discernantur,

360 4574 668 4627 secundum
700 4588 861 4642 quam
895 4577 1316 4645 oppositionem,
1344 4588 1399 4634 et
1444 4580 1683 4636 discerni
1733 4581 1821 4635 illa
1870 4584 1936 4636 ab

359 4667 603 4719 invicem
635 4677 692 4719 et
714 4666 857 4719 uniri
896 4667 1039 4722 licet.
1091 4668 1164 4722 Ita
1199 4669 1362 4738 igitur
1388 4670 1575 4738 Filius,
1611 4678 1667 4727 et
1699 4673 1936 4742 Spiritus

360 4768 594 4813 sanctus
629 4774 696 4811 ex
754 4758 914 4813 Patre
961 4775 1083 4814 cum
1130 4760 1261 4826 sint,
1315 4770 1367 4817 et
1400 4764 1557 4828 uniti,
1606 4774 1659 4818 et
1715 4764 1935 4820 discreti

357 4861 513 4905 Sllltls

434 4943 710 4997 Caeterum
742 4946 865 5013 quia
898 4955 1120 5014 pr0pter
1166 4946 1452 5002 Trinitatis
1483 4950 1727 5004 ordinent
1774 4961 1937 5022 atque

357 5035 791 5101 confessionem,
840 5052 944 5091 non
977 5038 1151 5108 magis
1175 5040 1431 5095 convenit
1475 5040 1572 5094 ista
1612 5043 1676 5095 ad
1724 5043 1932 5098 Patrem

356 5136 421 5179 et
453 5126 690 5180 discreta
738 5137 805 5196 et,
835 5128 985 5182 unita
1021 5142 1162 5194 esse,
1207 5145 1367 5199 quam
1417 5131 1528 5185 sint
1586 5133 1651 5186 ad
1705 5135 1932 5189 invicem

358 5216 535 5269 Filius
559 5227 615 5271 et
646 5217 880 5286 Spiritus
908 5229 1170 5285 sanctus;
1201 5221 1337 5276 alias
1364 5223 1560 5291 quippe
1596 5224 1935 5292 inaequalitas

358 5309 417 5362 in
454 5308 726 5363 Trinitate
754 5320 921 5375 esset,
956 5326 1133 5381 neque
1176 5311 1243 5366 ad
1286 5313 1521 5368 invicem
1556 5314 1936 5371 discerneren-

355 5408 468 5453 tur.
504 5399 561 5451 Si
597 5408 780 5453 autem
816 5414 920 5455 non
953 5400 1421 5467 discernerentur,
1472 5419 1577 5459 una
1619 5405 1778 5461 etiam
1813 5418 1936 5474 per-

354 5507 496 5545 sona
552 5503 736 5556 esset;
786 5496 987 5562 quippe
1047 5495 1258 5549 sublata
1311 5495 1575 5552 relatione
1632 5500 1934 5552 secundum

352 5597 610 5645 causam,
649 5594 815 5650 atque
850 5585 1089 5650 causale,
1126 5588 1239 5640 sola
1284 5586 1526 5641 essentia
1582 5588 1931 5656 relinquitur.

351 5676 609 5740 Constat,
631 5679 890 5747 quoniam
922 5691 975 5735 et
1005 5681 1196 5747 Filius,
1232 5691 1284 5736 et
1318 5681 1555 5752 Spiritus
1590 5694 1831 5745 sanctus,
1869 5687 1934 5738 ad

351 5786 416 5823 se
451 5770 688 5822 invicem
721 5778 775 5823 et
807 5772 938 5825 uniti
968 5782 1022 5826 et
1050 5773 1270 5827 discreti
1303 5784 1447 5841 sunt,
1478 5776 1931 5845 quemadmodum

608 5867 872 5926 Parant“
916 5870 1026 5927 Gtt.
1073 5871 1116 5929 C
1131 5869 1247 5931 Lll.

2046 3220 2304 3287 diximus,
2354 3237 2677 3282 consonant.
2710 3228 2851 3285 Ante
2885 3232 3028 3286 enim
3064 3233 3325 3304 Spiritum
3359 3252 3606 3296 sanctum

2045 3308 2243 3366 Filium
2287 3313 2509 3385 intelligi
2554 3332 2775 3375 necesse
2806 3330 2922 3387 est;
2968 3324 3318 3397 habitumque
3348 3332 3411 3384 ad
3451 3334 3610 3387 alter-

2045 3408 2229 3456 utrum
2286 3403 2488 3460 habere
2542 3406 2737 3462 Filium
2789 3420 2843 3465 et
2904 3411 3191 3482 Spiritum,
3240 3418 3609 3493 inajoremque

2046 3494 2249 3565 Spiritu
2291 3493 2484 3553 Filium
2527 3516 2706 3556 causae
2744 3505 2957 3561 ratione
3000 3508 3145 3574 dici;
3182 3520 3340 3580 atque
3385 3528 3413 3568 a
3445 3517 3605 3581 Filio,

2044 3586 2243 3642 habere
2297 3605 2438 3656 esse,
2493 3601 2550 3647 ut
2585 3594 2676 3663 qui
2730 3596 2796 3650 ab
2828 3596 2946 3664 ipso
2972 3601 3224 3669 accipiat,
3258 3613 3310 3660 et
3343 3622 3464 3676 qua:
3502 3611 3607 3666 alia

2044 3684 2294 3752 prtetlicta
2328 3696 2472 3743 sunt.

2114 3773 2169 3829 Si
2208 3778 2328 3846 quis
2380 3787 2561 3833 autem
2596 3781 2838 3851 obiiciat,
2892 3785 3190 3863 Nyssenum
3236 3792 3394 3848 aliam
3442 3799 3610 3865 proti-

2045 3876 2247 3922 tentem
2283 3867 2641 3926 differentiam
2672 3888 2858 3944 aperte
2888 3878 3061 3935 videri
3112 3884 3248 3939 velle
3300 3901 3407 3942 non
3463 3890 3608 3961 ejus-

2043 3959 2185 4013 modi
2220 3969 2269 4014 et
2307 3960 2392 4016 bic
2421 3963 2469 4015 in
2509 3963 2668 4031 Filio,
2714 3976 2767 4020 et
2799 3967 3024 4038 Spiritu,
3054 3975 3266 4041 qualem
3312 3959 3605 4035 secundum

2043 4061 2286 4137 causam,
2324 4059 2381 4103 et
2408 4055 2625 4108 causale
2662 4056 2898 4113 reddidit
2933 4078 2947 4115 :
2980 4062 3121 4117 scite
3159 4070 3428 4134 convenit,
3462 4072 3604 4125 illum

2043 4138 2205 4192 aliam
2241 4143 2537 4196 secundum
2573 4161 2881 4213 numerum,
2914 4168 3019 4207 non
3070 4161 3365 4214 secundum
3406 4163 3610 4216 diserta-

2045 4225 2205 4283 tionis
2234 4231 2467 4298 speciem
2499 4247 2676 4289 causa:
2714 4246 2765 4289 et
2797 4242 3032 4295 causalis
3055 4243 3272 4311 dicere;
3309 4259 3366 4303 ut
3399 4252 3608 4305 disc-9r-

2043 4330 2241 4374 nantur
2267 4314 2482 4391 quidem
2511 4324 2740 4392 scilicet,
2776 4345 2879 4384 non
2927 4340 3105 4389 tamen
3140 4340 3436 4395 secundum
3475 4323 3607 4397 cau-

2045 4425 2181 4477 sam,
2214 4421 2267 4465 et
2298 4406 2517 4471 causale
2552 4434 2565 4471 :
2601 4421 2894 4475 secundum
2949 4426 3162 4482 modum
3216 4445 3339 4485 vero
3373 4408 3605 4490 alterum

2629 4523 2775 4597 puta,
2816 4515 2956 4571 sicut
2984 4522 3255 4575 contraria
3288 4524 3607 4597 discernun-

2044 4605 2129 4649 tur
2154 4596 2218 4651 ad
2272 4598 2525 4667 inVicem,
2579 4605 2659 4657 vel
2708 4592 2828 4674 quae
2854 4615 3148 4666 secundum
3183 4618 3518 4686 negationem
3552 4596 3609 4676 ct

2041 4684 2449 4744 atlirmationem
2479 4703 2627 4759 sunt,
2664 4696 2741 4750 vel
2777 4714 2895 4767 quae
2925 4704 3219 4757 secundum
3251 4684 3603 4774 privationem

2040 4788 2092 4831 et
2115 4779 2393 4846 habitum;
2423 4783 2506 4837 vel
2540 4789 2838 4842 secundum
2869 4792 3072 4861 aliquid
3104 4796 3247 4849 aliud
3274 4800 3602 4869 ltujustnodi.
3684 4862 3687 4865 ,

2043 4870 2263 4924 Constat
2300 4883 2479 4927 autem
2520 4885 2575 4930 et
2621 4879 2743 4946 quia
2803 4884 2985 4951 aliam,
3035 4903 3138 4943 non
3189 4891 3411 4949 alterum
3448 4899 3601 4954 dixit.

2040 4960 2192 5014 Alius
2246 4964 2390 5017 enim
2429 4968 2568 5034 quod
2621 4971 2839 5038 dicitur,
2892 4978 2943 5030 in
2994 4980 3076 5033 liis
3109 4998 3227 5049 qum
3274 4987 3375 5039 sub
3413 4991 3601 5043 eadem

2041 5053 2222 5121 specie
2272 5064 2397 5108 sunt
2440 5067 2494 5111 et
2518 5060 2907 5133 adducuntur,
2934 5068 3131 5125 Gratata
3159 5075 3442 5133 locutionis
3474 5096 3601 5134 usus

2040 5141 2283 5211 proferre
2317 5152 2628 5215 consuevit;
2663 5152 2833 5208 altera
2868 5174 2993 5214 vero
3028 5172 3081 5216 et
3126 5165 3383 5235 alter-itas,
3430 5169 3480 5224 in
3515 5172 3599 5226 liis

2039 5234 2157 5303 qua:
2189 5236 2269 5290 vel
2320 5241 2521 5307 specie,
2568 5244 2647 5297 vel
2692 5261 2889 5314 genere
2920 5250 3194 5319 dim-runt,
3226 5234 3460 5327 dicitur;
3497 5265 3595 5317 nisi

2038 5325 2177 5381 forte
2222 5329 2446 5386 abusive
2473 5333 2720 5403 dicatur;
2757 5342 2900 5407 quod
2929 5345 3169 5411 profecto
3201 5348 3412 5404 abusive
3448 5325 3598 5406 inun-

2038 5427 2200 5484 quam
2275 5417 2531 5476 Ecclesia:
2598 5429 2852 5496 magister
2915 5433 2966 5484 in
3036 5436 3233 5491 divinis
3293 5443 3593 5509 posuisset;

2040 5519 2249 5570 verum,
2278 5510 2377 5564 etsi
2412 5515 2591 5580 specie
2640 5520 2908 5583 eamdem,
2943 5520 2996 5573 in
3021 5535 3282 5591 quantum
3319 5531 3421 5583 sub
3446 5549 3597 5584 cuin-

2039 5596 2157 5649 dem
2178 5599 2423 5665 speciem
2454 5596 2764 5670 adducitur,
2796 5622 2973 5664 causa:
3003 5620 3055 5665 et
3085 5616 3321 5669 causalis
3348 5622 3592 5681 scilicet;

2037 5690 2161 5755 quia
2207 5698 2379 5746 tamen
2410 5694 2594 5759 etiam,
2630 5702 2771 5766 quod
2817 5707 2932 5756 sine
2966 5704 3142 5759 medio
3172 5723 3236 5760 ex
3281 5710 3478 5780 aliquo,
3520 5716 3595 5767 vel

2038 5782 2178 5851 quod
2230 5797 2326 5853 per
2369 5786 2586 5858 aliquod
2629 5794 2827 5859 prodit,
2882 5794 3097 5851 causale
3138 5813 3313 5856 causae
3362 5815 3462 5861 est.
3500 5823 3596 5874 per

3169 5894 3206 5951 5
