  <div class='ocr_page' id='page_1' title='image "/cluster/home/n/w/nwhite01/storage/ocr_20150623/152/hvd.32044019208404/079.png"; bbox 0 0 4010 6600; ppageno 0'>
   <div class='ocr_carea' id='block_1_1' title="bbox 408 417 512 483">
    <p class='ocr_par' dir='ltr' id='par_1_1' title="bbox 408 417 512 483">
     <span class='ocr_line' id='line_1_1' title="bbox 408 417 512 483; baseline -0.029 0"><span class='ocrx_word' id='word_1_1' title='bbox 408 417 512 483; x_wconf 73' lang='lat'><strong>139</strong></span> 
     </span>
    </p>
   </div>
   <div class='ocr_carea' id='block_1_2' title="bbox 1662 413 2402 492">
    <p class='ocr_par' dir='ltr' id='par_1_2' title="bbox 1662 413 2402 492">
     <span class='ocr_line' id='line_1_2' title="bbox 1662 413 2402 492; baseline 0.003 -21"><span class='ocrx_word' id='word_1_2' title='bbox 1662 413 2058 492; x_wconf 75' lang='lat' dir='ltr'><strong>MANUELIS</strong></span> <span class='ocrx_word' id='word_1_3' title='bbox 2098 415 2402 473; x_wconf 57' lang='lat' dir='ltr'><strong>annos</strong></span> 
     </span>
    </p>
   </div>
   <div class='ocr_carea' id='block_1_3' title="bbox 3527 408 3628 472">
    <p class='ocr_par' dir='ltr' id='par_1_3' title="bbox 3527 408 3628 472">
     <span class='ocr_line' id='line_1_3' title="bbox 3527 408 3628 472; baseline 0 -1"><span class='ocrx_word' id='word_1_4' title='bbox 3527 408 3628 472; x_wconf 74' lang='grc'><strong>140</strong></span> 
     </span>
    </p>
   </div>
   <div class='ocr_carea' id='block_1_4' title="bbox 391 520 3629 602">
    <p class='ocr_par' dir='ltr' id='par_1_4' title="bbox 391 520 3629 602">
     <span class='ocr_line' id='line_1_4' title="bbox 391 520 3629 602; baseline -0.003 -19"><span class='ocrx_word' id='word_1_5' title='bbox 391 546 553 602; x_wconf 82' lang='lat' dir='ltr'><strong>quam</strong></span> <span class='ocrx_word' id='word_1_6' title='bbox 587 527 789 599; x_wconf 99' lang='lat' dir='ltr'><strong>prodit,</strong></span> <span class='ocrx_word' id='word_1_7' title='bbox 813 535 868 582; x_wconf 90' lang='lat' dir='ltr'><strong>et</strong></span> <span class='ocrx_word' id='word_1_8' title='bbox 900 524 1131 580; x_wconf 78' lang='lat' dir='ltr'><strong>maxime</strong></span> <span class='ocrx_word' id='word_1_9' title='bbox 1161 539 1282 577; x_wconf 88' lang='lat' dir='ltr'><strong>cum</strong></span> <span class='ocrx_word' id='word_1_10' title='bbox 1319 538 1608 593; x_wconf 66' lang='lat' dir='ltr'><strong>proct&#39;ssus</strong></span> <span class='ocrx_word' id='word_1_11' title='bbox 1641 523 1953 592; x_wconf 56' lang='lat' dir='ltr'><strong>atquiwcus</strong></span> <span class='ocrx_word' id='word_1_12' title='bbox 1985 528 2027 583; x_wconf 73' lang='grc' dir='ltr'><strong>Α</strong></span> <span class='ocrx_word' id='word_1_13' title='bbox 2131 521 2406 593; x_wconf 76' lang='lat' dir='ltr'><strong>Nysseuus</strong></span> <span class='ocrx_word' id='word_1_14' title='bbox 2437 521 2632 592; x_wconf 85' lang='lat' dir='ltr'><strong>quippe</strong></span> <span class='ocrx_word' id='word_1_15' title='bbox 2664 523 2958 596; x_wconf 69' lang='lat' dir='ltr'><strong>Gregorius</strong></span> <span class='ocrx_word' id='word_1_16' title='bbox 2981 522 3297 576; x_wconf 75' lang='lat' dir='ltr'><strong>discernens</strong></span> <span class='ocrx_word' id='word_1_17' title='bbox 3321 520 3430 574; x_wconf 90' lang='lat' dir='ltr'><strong>ait:</strong></span> <span class='ocrx_word' id='word_1_18' title='bbox 3469 520 3629 574; x_wconf 82' lang='lat' dir='ltr'><strong>Aliud</strong></span> 
     </span>
    </p>
   </div>
   <div class='ocr_carea' id='block_1_5' title="bbox 390 614 1952 684">
    <p class='ocr_par' dir='ltr' id='par_1_5' title="bbox 390 614 1952 684">
     <span class='ocr_line' id='line_1_5' title="bbox 390 614 1952 684; baseline -0.007 -7"><span class='ocrx_word' id='word_1_19' title='bbox 390 623 576 683; x_wconf 82' lang='lat' dir='ltr'><strong>fuerit.</strong></span> <span class='ocrx_word' id='word_1_20' title='bbox 613 619 732 675; x_wconf 86' lang='lat' dir='ltr'><strong>Filii</strong></span> <span class='ocrx_word' id='word_1_21' title='bbox 789 635 916 673; x_wconf 89' lang='lat' dir='ltr'><strong>vero</strong></span> <span class='ocrx_word' id='word_1_22' title='bbox 951 619 1022 672; x_wconf 91' lang='lat' dir='ltr'><strong>sit</strong></span> <span class='ocrx_word' id='word_1_23' title='bbox 1076 617 1384 672; x_wconf 76' lang='lat' dir='ltr'><strong>immediate</strong></span> <span class='ocrx_word' id='word_1_24' title='bbox 1417 617 1694 682; x_wconf 77' lang='lat' dir='ltr'><strong>ttat‘tvitas,</strong></span> <span class='ocrx_word' id='word_1_25' title='bbox 1720 614 1952 684; x_wconf 78' lang='lat' dir='ltr'><strong>Spiritus</strong></span> 
     </span>
    </p>
   </div>
   <div class='ocr_carea' id='block_1_6' title="bbox 389 706 1991 780">
    <p class='ocr_par' dir='ltr' id='par_1_6' title="bbox 389 706 1991 780">
     <span class='ocr_line' id='line_1_6' title="bbox 389 706 1991 780; baseline -0.003 -18"><span class='ocrx_word' id='word_1_26' title='bbox 389 724 566 765; x_wconf 77' lang='lat' dir='ltr'><strong>autem</strong></span> <span class='ocrx_word' id='word_1_27' title='bbox 635 712 865 764; x_wconf 87' lang='lat' dir='ltr'><strong>mediata</strong></span> <span class='ocrx_word' id='word_1_28' title='bbox 926 711 1204 780; x_wconf 82' lang='lat' dir='ltr'><strong>processio</strong></span> <span class='ocrx_word' id='word_1_29' title='bbox 1258 723 1355 778; x_wconf 86' lang='lat' dir='ltr'><strong>per</strong></span> <span class='ocrx_word' id='word_1_30' title='bbox 1407 707 1602 760; x_wconf 87' lang='lat' dir='ltr'><strong>Filium</strong></span> <span class='ocrx_word' id='word_1_31' title='bbox 1663 706 1780 773; x_wconf 87' lang='lat' dir='ltr'><strong>ejus</strong></span> <span class='ocrx_word' id='word_1_32' title='bbox 1837 706 1991 770; x_wconf 79' lang='lat' dir='ltr'><strong>est,‘</strong></span> 
     </span>
    </p>
   </div>
   <div class='ocr_carea' id='block_1_7' title="bbox 387 794 1955 872">
    <p class='ocr_par' dir='ltr' id='par_1_7' title="bbox 387 794 1955 872">
     <span class='ocr_line' id='line_1_7' title="bbox 387 794 1955 872; baseline -0.002 -19"><span class='ocrx_word' id='word_1_33' title='bbox 387 805 658 872; x_wconf 77' lang='lat' dir='ltr'><strong>simulque</strong></span> <span class='ocrx_word' id='word_1_34' title='bbox 723 802 942 856; x_wconf 85' lang='lat' dir='ltr'><strong>causale</strong></span> <span class='ocrx_word' id='word_1_35' title='bbox 998 799 1244 869; x_wconf 86' lang='lat' dir='ltr'><strong>utrisque</strong></span> <span class='ocrx_word' id='word_1_36' title='bbox 1305 799 1572 863; x_wconf 89' lang='lat' dir='ltr'><strong>reddidit,</strong></span> <span class='ocrx_word' id='word_1_37' title='bbox 1628 807 1683 851; x_wconf 90' lang='lat' dir='ltr'><strong>et</strong></span> <span class='ocrx_word' id='word_1_38' title='bbox 1737 794 1955 852; x_wconf 85' lang='lat' dir='ltr'><strong>causale</strong></span> 
     </span>
    </p>
   </div>
   <div class='ocr_carea' id='block_1_8' title="bbox 390 889 1956 955">
    <p class='ocr_par' dir='ltr' id='par_1_8' title="bbox 390 889 1956 955">
     <span class='ocr_line' id='line_1_8' title="bbox 390 889 1956 955; baseline -0.004 -7"><span class='ocrx_word' id='word_1_39' title='bbox 390 899 678 950; x_wconf 84' lang='lat' dir='ltr'><strong>insinuans</strong></span> <span class='ocrx_word' id='word_1_40' title='bbox 747 894 983 948; x_wconf 78' lang='lat' dir='ltr'><strong>Verbum</strong></span> <span class='ocrx_word' id='word_1_41' title='bbox 1047 909 1113 948; x_wconf 87' lang='lat' dir='ltr'><strong>ex</strong></span> <span class='ocrx_word' id='word_1_42' title='bbox 1172 908 1334 947; x_wconf 89' lang='lat' dir='ltr'><strong>causa</strong></span> <span class='ocrx_word' id='word_1_43' title='bbox 1401 907 1545 955; x_wconf 91' lang='lat' dir='ltr'><strong>esse,</strong></span> <span class='ocrx_word' id='word_1_44' title='bbox 1605 889 1956 946; x_wconf 86' lang='lat' dir='ltr'><strong>subdividens</strong></span> 
     </span>
    </p>
   </div>
   <div class='ocr_carea' id='block_1_9' title="bbox 389 980 1954 1050">
    <p class='ocr_par' dir='ltr' id='par_1_9' title="bbox 389 980 1954 1050">
     <span class='ocr_line' id='line_1_9' title="bbox 389 980 1954 1050; baseline -0.008 -6"><span class='ocrx_word' id='word_1_45' title='bbox 389 994 549 1044; x_wconf 87' lang='lat' dir='ltr'><strong>etiam</strong></span> <span class='ocrx_word' id='word_1_46' title='bbox 587 989 652 1040; x_wconf 88' lang='lat' dir='ltr'><strong>ad</strong></span> <span class='ocrx_word' id='word_1_47' title='bbox 690 987 945 1050; x_wconf 84' lang='lat' dir='ltr'><strong>invicem,</strong></span> <span class='ocrx_word' id='word_1_48' title='bbox 995 985 1296 1040; x_wconf 87' lang='lat' dir='ltr'><strong>secundum</strong></span> <span class='ocrx_word' id='word_1_49' title='bbox 1348 998 1562 1037; x_wconf 86' lang='lat' dir='ltr'><strong>causam</strong></span> <span class='ocrx_word' id='word_1_50' title='bbox 1614 991 1669 1036; x_wconf 92' lang='lat' dir='ltr'><strong>et</strong></span> <span class='ocrx_word' id='word_1_51' title='bbox 1716 980 1954 1046; x_wconf 85' lang='lat' dir='ltr'><strong>causale,</strong></span> 
     </span>
    </p>
   </div>
   <div class='ocr_carea' id='block_1_10' title="bbox 389 1075 1953 1150">
    <p class='ocr_par' dir='ltr' id='par_1_10' title="bbox 389 1075 1953 1150">
     <span class='ocr_line' id='line_1_10' title="bbox 389 1075 1953 1150; baseline -0.005 -15"><span class='ocrx_word' id='word_1_52' title='bbox 389 1079 646 1135; x_wconf 81' lang='lat' dir='ltr'><strong>discrevit</strong></span> <span class='ocrx_word' id='word_1_53' title='bbox 708 1079 912 1147; x_wconf 86' lang='lat' dir='ltr'><strong>aliquid</strong></span> <span class='ocrx_word' id='word_1_54' title='bbox 965 1076 1184 1150; x_wconf 84' lang='lat' dir='ltr'><strong>quidem</strong></span> <span class='ocrx_word' id='word_1_55' title='bbox 1235 1076 1579 1130; x_wconf 91' lang='lat' dir='ltr'><strong>continenter</strong></span> <span class='ocrx_word' id='word_1_56' title='bbox 1614 1088 1676 1126; x_wconf 81' lang='lat' dir='ltr'><strong>ex</strong></span> <span class='ocrx_word' id='word_1_57' title='bbox 1726 1075 1953 1142; x_wconf 90' lang='lat' dir='ltr'><strong>primo:</strong></span> 
     </span>
    </p>
   </div>
   <div class='ocr_carea' id='block_1_11' title="bbox 393 1165 1956 1239">
    <p class='ocr_par' dir='ltr' id='par_1_11' title="bbox 393 1165 1956 1239">
     <span class='ocr_line' id='line_1_11' title="bbox 393 1165 1956 1239; baseline -0.007 -14"><span class='ocrx_word' id='word_1_58' title='bbox 393 1172 534 1225; x_wconf 90' lang='lat' dir='ltr'><strong>aliud</strong></span> <span class='ocrx_word' id='word_1_59' title='bbox 563 1186 690 1224; x_wconf 78' lang='lat' dir='ltr'><strong>vero</strong></span> <span class='ocrx_word' id='word_1_60' title='bbox 721 1186 816 1239; x_wconf 89' lang='lat' dir='ltr'><strong>per</strong></span> <span class='ocrx_word' id='word_1_61' title='bbox 853 1169 906 1223; x_wconf 75' lang='lat' dir='ltr'><strong>id</strong></span> <span class='ocrx_word' id='word_1_62' title='bbox 937 1168 1079 1238; x_wconf 90' lang='lat' dir='ltr'><strong>quod</strong></span> <span class='ocrx_word' id='word_1_63' title='bbox 1111 1176 1254 1222; x_wconf 87' lang='lat' dir='ltr'><strong>esset</strong></span> <span class='ocrx_word' id='word_1_64' title='bbox 1279 1166 1621 1219; x_wconf 90' lang='lat' dir='ltr'><strong>continenter</strong></span> <span class='ocrx_word' id='word_1_65' title='bbox 1645 1178 1707 1218; x_wconf 76' lang='lat' dir='ltr'><strong>ex</strong></span> <span class='ocrx_word' id='word_1_66' title='bbox 1743 1165 1956 1230; x_wconf 88' lang='lat' dir='ltr'><strong>primo;</strong></span> 
     </span>
    </p>
   </div>
   <div class='ocr_carea' id='block_1_12' title="bbox 398 1257 1961 1331">
    <p class='ocr_par' dir='ltr' id='par_1_12' title="bbox 398 1257 1961 1331">
     <span class='ocr_line' id='line_1_12' title="bbox 398 1257 1961 1331; baseline -0.006 -14"><span class='ocrx_word' id='word_1_67' title='bbox 398 1267 448 1318; x_wconf 88' lang='lat' dir='ltr'><strong>itt</strong></span> <span class='ocrx_word' id='word_1_68' title='bbox 480 1263 593 1319; x_wconf 86' lang='lat' dir='ltr'><strong>sola</strong></span> <span class='ocrx_word' id='word_1_69' title='bbox 640 1277 872 1331; x_wconf 80' lang='lat' dir='ltr'><strong>namque</strong></span> <span class='ocrx_word' id='word_1_70' title='bbox 905 1275 1066 1314; x_wconf 85' lang='lat' dir='ltr'><strong>causa</strong></span> <span class='ocrx_word' id='word_1_71' title='bbox 1112 1271 1164 1313; x_wconf 86' lang='lat' dir='ltr'><strong>et</strong></span> <span class='ocrx_word' id='word_1_72' title='bbox 1199 1257 1398 1310; x_wconf 81' lang='lat' dir='ltr'><strong>causali</strong></span> <span class='ocrx_word' id='word_1_73' title='bbox 1442 1257 1660 1309; x_wconf 86' lang='lat' dir='ltr'><strong>divinas</strong></span> <span class='ocrx_word' id='word_1_74' title='bbox 1699 1267 1961 1324; x_wconf 84' lang='lat' dir='ltr'><strong>personas</strong></span> 
     </span>
    </p>
   </div>
   <div class='ocr_carea' id='block_1_13' title="bbox 395 1344 1958 1422">
    <p class='ocr_par' dir='ltr' id='par_1_13' title="bbox 395 1344 1958 1422">
     <span class='ocr_line' id='line_1_13' title="bbox 395 1344 1958 1422; baseline -0.006 -16"><span class='ocrx_word' id='word_1_75' title='bbox 395 1354 632 1408; x_wconf 81' lang='lat' dir='ltr'><strong>discerni</strong></span> <span class='ocrx_word' id='word_1_76' title='bbox 666 1350 1142 1422; x_wconf 81' lang='lat' dir='ltr'><strong>deprehendimus.</strong></span> <span class='ocrx_word' id='word_1_77' title='bbox 1178 1345 1242 1400; x_wconf 86' lang='lat' dir='ltr'><strong>Et</strong></span> <span class='ocrx_word' id='word_1_78' title='bbox 1276 1348 1530 1415; x_wconf 88' lang='lat' dir='ltr'><strong>quoniam</strong></span> <span class='ocrx_word' id='word_1_79' title='bbox 1555 1344 1717 1398; x_wconf 87' lang='lat' dir='ltr'><strong>Pater</strong></span> <span class='ocrx_word' id='word_1_80' title='bbox 1742 1344 1958 1411; x_wconf 85' lang='lat' dir='ltr'><strong>quidem</strong></span> 
     </span>
    </p>
   </div>
   <div class='ocr_carea' id='block_1_14' title="bbox 396 1435 1960 1517">
    <p class='ocr_par' dir='ltr' id='par_1_14' title="bbox 396 1435 1960 1517">
     <span class='ocr_line' id='line_1_14' title="bbox 396 1435 1960 1517; baseline -0.007 -18"><span class='ocrx_word' id='word_1_81' title='bbox 396 1451 541 1517; x_wconf 83' lang='lat' dir='ltr'><strong>quod</strong></span> <span class='ocrx_word' id='word_1_82' title='bbox 596 1446 818 1508; x_wconf 87' lang='lat' dir='ltr'><strong>dicitur,</strong></span> <span class='ocrx_word' id='word_1_83' title='bbox 890 1445 1196 1511; x_wconf 79' lang='lat' dir='ltr'><strong>gignentem</strong></span> <span class='ocrx_word' id='word_1_84' title='bbox 1262 1438 1490 1504; x_wconf 87' lang='lat' dir='ltr'><strong>indicat,</strong></span> <span class='ocrx_word' id='word_1_85' title='bbox 1551 1435 1720 1491; x_wconf 73' lang='lat' dir='ltr'><strong>Filius</strong></span> <span class='ocrx_word' id='word_1_86' title='bbox 1777 1445 1960 1490; x_wconf 88' lang='lat' dir='ltr'><strong>autem</strong></span> 
     </span>
    </p>
   </div>
   <div class='ocr_carea' id='block_1_15' title="bbox 394 1510 1977 1600">
    <p class='ocr_par' dir='ltr' id='par_1_15' title="bbox 394 1510 1977 1600">
     <span class='ocr_line' id='line_1_15' title="bbox 394 1510 1977 1600; baseline -0.009 -7"><span class='ocrx_word' id='word_1_87' title='bbox 394 1547 747 1600; x_wconf 79' lang='lat' dir='ltr'><strong>msceutem,</strong></span> <span class='ocrx_word' id='word_1_88' title='bbox 803 1544 1026 1589; x_wconf 90' lang='lat' dir='ltr'><strong>sanctus</strong></span> <span class='ocrx_word' id='word_1_89' title='bbox 1075 1546 1204 1586; x_wconf 87' lang='lat' dir='ltr'><strong>vero</strong></span> <span class='ocrx_word' id='word_1_90' title='bbox 1258 1530 1497 1600; x_wconf 87' lang='lat' dir='ltr'><strong>Spiritus</strong></span> <span class='ocrx_word' id='word_1_91' title='bbox 1554 1510 1977 1598; x_wconf 47' lang='lat' dir='ltr'><strong>procedentem,‘</strong></span> 
     </span>
    </p>
   </div>
   <div class='ocr_carea' id='block_1_16' title="bbox 392 1621 1964 1697">
    <p class='ocr_par' dir='ltr' id='par_1_16' title="bbox 392 1621 1964 1697">
     <span class='ocr_line' id='line_1_16' title="bbox 392 1621 1964 1697; baseline -0.006 -14"><span class='ocrx_word' id='word_1_92' title='bbox 392 1647 492 1684; x_wconf 84' lang='lat' dir='ltr'><strong>seu</strong></span> <span class='ocrx_word' id='word_1_93' title='bbox 538 1629 882 1697; x_wconf 78' lang='lat' dir='ltr'><strong>inspiratam,</strong></span> <span class='ocrx_word' id='word_1_94' title='bbox 915 1639 1092 1680; x_wconf 74' lang='lat' dir='ltr'><strong>eausm</strong></span> <span class='ocrx_word' id='word_1_95' title='bbox 1125 1639 1252 1691; x_wconf 76' lang='lat' dir='ltr'><strong>ergo</strong></span> <span class='ocrx_word' id='word_1_96' title='bbox 1287 1632 1338 1676; x_wconf 88' lang='lat' dir='ltr'><strong>et</strong></span> <span class='ocrx_word' id='word_1_97' title='bbox 1371 1621 1630 1688; x_wconf 88' lang='lat' dir='ltr'><strong>causalis,</strong></span> <span class='ocrx_word' id='word_1_98' title='bbox 1665 1622 1780 1674; x_wconf 82' lang='lat' dir='ltr'><strong>sive</strong></span> <span class='ocrx_word' id='word_1_99' title='bbox 1813 1621 1964 1690; x_wconf 86' lang='lat' dir='ltr'><strong>prin-</strong></span> 
     </span>
    </p>
   </div>
   <div class='ocr_carea' id='block_1_17' title="bbox 397 1714 1965 1790">
    <p class='ocr_par' dir='ltr' id='par_1_17' title="bbox 397 1714 1965 1790">
     <span class='ocr_line' id='line_1_17' title="bbox 397 1714 1965 1790; baseline -0.008 -12"><span class='ocrx_word' id='word_1_100' title='bbox 397 1723 550 1790; x_wconf 91' lang='lat' dir='ltr'><strong>cipii,</strong></span> <span class='ocrx_word' id='word_1_101' title='bbox 576 1733 628 1776; x_wconf 92' lang='lat' dir='ltr'><strong>et</strong></span> <span class='ocrx_word' id='word_1_102' title='bbox 659 1735 846 1774; x_wconf 88' lang='lat' dir='ltr'><strong>eorum</strong></span> <span class='ocrx_word' id='word_1_103' title='bbox 881 1734 999 1788; x_wconf 74' lang='lat' dir='ltr'><strong>qua:</strong></span> <span class='ocrx_word' id='word_1_104' title='bbox 1036 1728 1161 1770; x_wconf 92' lang='lat' dir='ltr'><strong>sunt</strong></span> <span class='ocrx_word' id='word_1_105' title='bbox 1189 1731 1251 1770; x_wconf 75' lang='lat' dir='ltr'><strong>es</strong></span> <span class='ocrx_word' id='word_1_106' title='bbox 1287 1715 1554 1784; x_wconf 89' lang='lat' dir='ltr'><strong>principio</strong></span> <span class='ocrx_word' id='word_1_107' title='bbox 1590 1714 1805 1766; x_wconf 87' lang='lat' dir='ltr'><strong>nomina</strong></span> <span class='ocrx_word' id='word_1_108' title='bbox 1841 1722 1965 1766; x_wconf 90' lang='lat' dir='ltr'><strong>sunt</strong></span> 
     </span>
    </p>
   </div>
   <div class='ocr_carea' id='block_1_18' title="bbox 393 1805 1961 1880">
    <p class='ocr_par' dir='ltr' id='par_1_18' title="bbox 393 1805 1961 1880">
     <span class='ocr_line' id='line_1_18' title="bbox 393 1805 1961 1880; baseline -0.004 -16"><span class='ocrx_word' id='word_1_109' title='bbox 393 1825 594 1867; x_wconf 65' lang='lat' dir='ltr'><strong>sanctae</strong></span> <span class='ocrx_word' id='word_1_110' title='bbox 654 1821 708 1866; x_wconf 90' lang='lat' dir='ltr'><strong>et</strong></span> <span class='ocrx_word' id='word_1_111' title='bbox 771 1806 1312 1880; x_wconf 82' lang='lat' dir='ltr'><strong>supersuhstantialis</strong></span> <span class='ocrx_word' id='word_1_112' title='bbox 1366 1805 1652 1860; x_wconf 84' lang='lat' dir='ltr'><strong>Trinitatis</strong></span> <span class='ocrx_word' id='word_1_113' title='bbox 1719 1805 1961 1867; x_wconf 87' lang='lat' dir='ltr'><strong>nomina,</strong></span> 
     </span>
    </p>
   </div>
   <div class='ocr_carea' id='block_1_19' title="bbox 2062 613 3633 684">
    <p class='ocr_par' dir='ltr' id='par_1_19' title="bbox 2062 613 3633 684">
     <span class='ocr_line' id='line_1_19' title="bbox 2062 613 3633 684; baseline 0 -18"><span class='ocrx_word' id='word_1_114' title='bbox 2062 615 2196 666; x_wconf 81' lang='lat' dir='ltr'><strong>enim</strong></span> <span class='ocrx_word' id='word_1_115' title='bbox 2227 625 2299 667; x_wconf 78' lang='lat' dir='ltr'><strong>est</strong></span> <span class='ocrx_word' id='word_1_116' title='bbox 2361 615 2682 668; x_wconf 80' lang='lat' dir='ltr'><strong>continenter</strong></span> <span class='ocrx_word' id='word_1_117' title='bbox 2711 630 2774 666; x_wconf 84' lang='lat' dir='ltr'><strong>ea:</strong></span> <span class='ocrx_word' id='word_1_118' title='bbox 2826 614 3024 682; x_wconf 78' lang='lat' dir='ltr'><strong>primo;</strong></span> <span class='ocrx_word' id='word_1_119' title='bbox 3064 613 3213 668; x_wconf 83' lang='lat' dir='ltr'><strong>aliud</strong></span> <span class='ocrx_word' id='word_1_120' title='bbox 3250 628 3342 683; x_wconf 80' lang='lat' dir='ltr'><strong>per</strong></span> <span class='ocrx_word' id='word_1_121' title='bbox 3371 613 3449 679; x_wconf 86' lang='lat' dir='ltr'><strong>id,</strong></span> <span class='ocrx_word' id='word_1_122' title='bbox 3494 617 3633 684; x_wconf 81' lang='lat' dir='ltr'><strong>quod</strong></span> 
     </span>
    </p>
   </div>
   <div class='ocr_carea' id='block_1_20' title="bbox 2059 705 3634 775">
    <p class='ocr_par' dir='ltr' id='par_1_20' title="bbox 2059 705 3634 775">
     <span class='ocr_line' id='line_1_20' title="bbox 2059 705 3634 775; baseline 0.001 -18"><span class='ocrx_word' id='word_1_123' title='bbox 2059 715 2130 757; x_wconf 80' lang='lat' dir='ltr'><strong>est</strong></span> <span class='ocrx_word' id='word_1_124' title='bbox 2181 706 2513 758; x_wconf 78' lang='lat' dir='ltr'><strong>continenter</strong></span> <span class='ocrx_word' id='word_1_125' title='bbox 2553 720 2617 758; x_wconf 74' lang='lat' dir='ltr'><strong>ex</strong></span> <span class='ocrx_word' id='word_1_126' title='bbox 2647 705 2856 775; x_wconf 84' lang='lat' dir='ltr'><strong>primo;</strong></span> <span class='ocrx_word' id='word_1_127' title='bbox 2912 707 3053 774; x_wconf 89' lang='lat' dir='ltr'><strong>quod</strong></span> <span class='ocrx_word' id='word_1_128' title='bbox 3108 706 3254 759; x_wconf 89' lang='lat' dir='ltr'><strong>enim</strong></span> <span class='ocrx_word' id='word_1_129' title='bbox 3293 713 3421 760; x_wconf 85' lang='lat' dir='ltr'><strong>ante</strong></span> <span class='ocrx_word' id='word_1_130' title='bbox 3468 707 3634 760; x_wconf 89' lang='lat' dir='ltr'><strong>etiam</strong></span> 
     </span>
    </p>
   </div>
   <div class='ocr_carea' id='block_1_21' title="bbox 2062 794 3621 867">
    <p class='ocr_par' dir='ltr' id='par_1_21' title="bbox 2062 794 3621 867">
     <span class='ocr_line' id='line_1_21' title="bbox 2062 794 3621 867; baseline 0.004 -21"><span class='ocrx_word' id='word_1_131' title='bbox 2062 794 2319 859; x_wconf 80' lang='lat' dir='ltr'><strong>diximus,</strong></span> <span class='ocrx_word' id='word_1_132' title='bbox 2351 811 2572 850; x_wconf 79' lang='lat' dir='ltr'><strong>causam</strong></span> <span class='ocrx_word' id='word_1_133' title='bbox 2621 804 2675 850; x_wconf 89' lang='lat' dir='ltr'><strong>et</strong></span> <span class='ocrx_word' id='word_1_134' title='bbox 2703 795 2922 852; x_wconf 87' lang='lat' dir='ltr'><strong>causale</strong></span> <span class='ocrx_word' id='word_1_135' title='bbox 2970 809 3263 866; x_wconf 86' lang='lat' dir='ltr'><strong>processus</strong></span> <span class='ocrx_word' id='word_1_136' title='bbox 3311 797 3621 867; x_wconf 87' lang='lat' dir='ltr'><strong>bujusmodi</strong></span> 
     </span>
    </p>
   </div>
   <div class='ocr_carea' id='block_1_22' title="bbox 2066 887 3634 955">
    <p class='ocr_par' dir='ltr' id='par_1_22' title="bbox 2066 887 3634 955">
     <span class='ocr_line' id='line_1_22' title="bbox 2066 887 3634 955; baseline 0.002 -14"><span class='ocrx_word' id='word_1_137' title='bbox 2066 887 2450 941; x_wconf 82' lang='lat' dir='ltr'><strong>connuendant</strong></span> <span class='ocrx_word' id='word_1_138' title='bbox 2475 905 2490 954; x_wconf 89' lang='lat'><strong>;</strong></span> <span class='ocrx_word' id='word_1_139' title='bbox 2520 889 2623 942; x_wconf 88' lang='lat' dir='ltr'><strong>nisi</strong></span> <span class='ocrx_word' id='word_1_140' title='bbox 2657 888 2800 942; x_wconf 91' lang='lat' dir='ltr'><strong>enim</strong></span> <span class='ocrx_word' id='word_1_141' title='bbox 2833 903 3125 955; x_wconf 77' lang='lat' dir='ltr'><strong>processus</strong></span> <span class='ocrx_word' id='word_1_142' title='bbox 3149 889 3203 944; x_wconf 92' lang='lat' dir='ltr'><strong>in</strong></span> <span class='ocrx_word' id='word_1_143' title='bbox 3232 887 3432 944; x_wconf 85' lang='lat' dir='ltr'><strong>divinis</strong></span> <span class='ocrx_word' id='word_1_144' title='bbox 3463 898 3634 954; x_wconf 86' lang='lat' dir='ltr'><strong>esset,</strong></span> 
     </span>
    </p>
   </div>
   <div class='ocr_carea' id='block_1_23' title="bbox 2061 978 3634 1052">
    <p class='ocr_par' dir='ltr' id='par_1_23' title="bbox 2061 978 3634 1052">
     <span class='ocr_line' id='line_1_23' title="bbox 2061 978 3634 1052; baseline 0.004 -22"><span class='ocrx_word' id='word_1_145' title='bbox 2061 978 2301 1045; x_wconf 87' lang='lat' dir='ltr'><strong>profecto</strong></span> <span class='ocrx_word' id='word_1_146' title='bbox 2355 994 2533 1049; x_wconf 91' lang='lat' dir='ltr'><strong>neque</strong></span> <span class='ocrx_word' id='word_1_147' title='bbox 2570 980 2853 1046; x_wconf 90' lang='lat' dir='ltr'><strong>discretio,</strong></span> <span class='ocrx_word' id='word_1_148' title='bbox 2907 995 3083 1052; x_wconf 74' lang='lat' dir='ltr'><strong>neque</strong></span> <span class='ocrx_word' id='word_1_149' title='bbox 3133 995 3394 1037; x_wconf 88' lang='lat' dir='ltr'><strong>numerus</strong></span> <span class='ocrx_word' id='word_1_150' title='bbox 3444 996 3634 1052; x_wconf 75' lang='lat' dir='ltr'><strong>perso~</strong></span> 
     </span>
    </p>
   </div>
   <div class='ocr_carea' id='block_1_24' title="bbox 2063 1073 3630 1148">
    <p class='ocr_par' dir='ltr' id='par_1_24' title="bbox 2063 1073 3630 1148">
     <span class='ocr_line' id='line_1_24' title="bbox 2063 1073 3630 1148; baseline 0.001 -25"><span class='ocrx_word' id='word_1_151' title='bbox 2063 1086 2252 1123; x_wconf 86' lang='lat' dir='ltr'><strong>narum</strong></span> <span class='ocrx_word' id='word_1_152' title='bbox 2291 1080 2471 1136; x_wconf 79' lang='lat' dir='ltr'><strong>esset;</strong></span> <span class='ocrx_word' id='word_1_153' title='bbox 2507 1086 2859 1148; x_wconf 84' lang='lat' dir='ltr'><strong>personarum</strong></span> <span class='ocrx_word' id='word_1_154' title='bbox 2890 1087 3021 1128; x_wconf 84' lang='lat' dir='ltr'><strong>vero</strong></span> <span class='ocrx_word' id='word_1_155' title='bbox 3042 1086 3305 1128; x_wconf 82' lang='lat' dir='ltr'><strong>numerus</strong></span> <span class='ocrx_word' id='word_1_156' title='bbox 3325 1073 3630 1148; x_wconf 89' lang='lat' dir='ltr'><strong>secundum</strong></span> 
     </span>
    </p>
   </div>
   <div class='ocr_carea' id='block_1_25' title="bbox 2060 1161 3580 1236">
    <p class='ocr_par' dir='ltr' id='par_1_25' title="bbox 2060 1161 3580 1236">
     <span class='ocr_line' id='line_1_25' title="bbox 2060 1161 3580 1236; baseline 0.002 -21"><span class='ocrx_word' id='word_1_157' title='bbox 2060 1175 2305 1227; x_wconf 68' lang='lat' dir='ltr'><strong>causam,</strong></span> <span class='ocrx_word' id='word_1_158' title='bbox 2340 1172 2394 1216; x_wconf 91' lang='lat' dir='ltr'><strong>et</strong></span> <span class='ocrx_word' id='word_1_159' title='bbox 2433 1163 2651 1220; x_wconf 83' lang='lat' dir='ltr'><strong>causale</strong></span> <span class='ocrx_word' id='word_1_160' title='bbox 2690 1164 2883 1218; x_wconf 78' lang='lat' dir='ltr'><strong>divinae</strong></span> <span class='ocrx_word' id='word_1_161' title='bbox 2923 1179 3169 1233; x_wconf 71' lang='lat' dir='ltr'><strong>personae</strong></span> <span class='ocrx_word' id='word_1_162' title='bbox 3207 1161 3580 1236; x_wconf 75' lang='lat' dir='ltr'><strong>distingpitur.</strong></span> 
     </span>
    </p>
   </div>
   <div class='ocr_carea' id='block_1_26' title="bbox 2132 1255 3628 1321">
    <p class='ocr_par' dir='ltr' id='par_1_26' title="bbox 2132 1255 3628 1321">
     <span class='ocr_line' id='line_1_26' title="bbox 2132 1255 3628 1321; baseline 0.001 -14"><span class='ocrx_word' id='word_1_163' title='bbox 2132 1255 2306 1307; x_wconf 83' lang='lat' dir='ltr'><strong>Simul</strong></span> <span class='ocrx_word' id='word_1_164' title='bbox 2353 1265 2533 1310; x_wconf 88' lang='lat' dir='ltr'><strong>autem</strong></span> <span class='ocrx_word' id='word_1_165' title='bbox 2564 1266 2805 1321; x_wconf 89' lang='lat' dir='ltr'><strong>constat,</strong></span> <span class='ocrx_word' id='word_1_166' title='bbox 2830 1257 2995 1312; x_wconf 88' lang='lat' dir='ltr'><strong>etiam</strong></span> <span class='ocrx_word' id='word_1_167' title='bbox 3029 1256 3324 1312; x_wconf 89' lang='lat' dir='ltr'><strong>secundum</strong></span> <span class='ocrx_word' id='word_1_168' title='bbox 3351 1256 3628 1310; x_wconf 86' lang='lat' dir='ltr'><strong>contraria</strong></span> 
     </span>
    </p>
   </div>
   <div class='ocr_carea' id='block_1_27' title="bbox 2065 1346 3633 1416">
    <p class='ocr_par' dir='ltr' id='par_1_27' title="bbox 2065 1346 3633 1416">
     <span class='ocr_line' id='line_1_27' title="bbox 2065 1346 3633 1416; baseline 0.004 -21"><span class='ocrx_word' id='word_1_169' title='bbox 2065 1346 2328 1412; x_wconf 86' lang='lat' dir='ltr'><strong>possibile</strong></span> <span class='ocrx_word' id='word_1_170' title='bbox 2365 1362 2469 1400; x_wconf 92' lang='lat' dir='ltr'><strong>non</strong></span> <span class='ocrx_word' id='word_1_171' title='bbox 2506 1362 2627 1400; x_wconf 85' lang='lat' dir='ltr'><strong>esse</strong></span> <span class='ocrx_word' id='word_1_172' title='bbox 2657 1347 2870 1402; x_wconf 86' lang='lat' dir='ltr'><strong>divinas</strong></span> <span class='ocrx_word' id='word_1_173' title='bbox 2902 1347 3136 1404; x_wconf 88' lang='lat' dir='ltr'><strong>discerni</strong></span> <span class='ocrx_word' id='word_1_174' title='bbox 3165 1362 3462 1416; x_wconf 81' lang='lat' dir='ltr'><strong>personas;</strong></span> <span class='ocrx_word' id='word_1_175' title='bbox 3500 1362 3633 1402; x_wconf 83' lang='lat' dir='ltr'><strong>con-</strong></span> 
     </span>
    </p>
   </div>
   <div class='ocr_carea' id='block_1_28' title="bbox 2067 1436 3636 1507">
    <p class='ocr_par' dir='ltr' id='par_1_28' title="bbox 2067 1436 3636 1507">
     <span class='ocr_line' id='line_1_28' title="bbox 2067 1436 3636 1507; baseline 0 -17"><span class='ocrx_word' id='word_1_176' title='bbox 2067 1436 2233 1490; x_wconf 88' lang='lat' dir='ltr'><strong>traria</strong></span> <span class='ocrx_word' id='word_1_177' title='bbox 2292 1438 2434 1490; x_wconf 88' lang='lat' dir='ltr'><strong>enim</strong></span> <span class='ocrx_word' id='word_1_178' title='bbox 2494 1437 2805 1493; x_wconf 72' lang='lat' dir='ltr'><strong>differentes</strong></span> <span class='ocrx_word' id='word_1_179' title='bbox 2849 1439 3061 1507; x_wconf 88' lang='lat' dir='ltr'><strong>species</strong></span> <span class='ocrx_word' id='word_1_180' title='bbox 3117 1440 3520 1503; x_wconf 87' lang='lat' dir='ltr'><strong>commendant,</strong></span> <span class='ocrx_word' id='word_1_181' title='bbox 3573 1449 3636 1491; x_wconf 91' lang='lat' dir='ltr'><strong>ut</strong></span> 
     </span>
    </p>
   </div>
   <div class='ocr_carea' id='block_1_29' title="bbox 2066 1529 3632 1600">
    <p class='ocr_par' dir='ltr' id='par_1_29' title="bbox 2066 1529 3632 1600">
     <span class='ocr_line' id='line_1_29' title="bbox 2066 1529 3632 1600; baseline 0.001 -17"><span class='ocrx_word' id='word_1_182' title='bbox 2066 1529 2248 1588; x_wconf 88' lang='lat' dir='ltr'><strong>album</strong></span> <span class='ocrx_word' id='word_1_183' title='bbox 2292 1540 2346 1583; x_wconf 89' lang='lat' dir='ltr'><strong>et</strong></span> <span class='ocrx_word' id='word_1_184' title='bbox 2381 1530 2620 1600; x_wconf 79' lang='lat' dir='ltr'><strong>nigrum,</strong></span> <span class='ocrx_word' id='word_1_185' title='bbox 2661 1542 2716 1586; x_wconf 91' lang='lat' dir='ltr'><strong>et</strong></span> <span class='ocrx_word' id='word_1_186' title='bbox 2752 1531 3018 1588; x_wconf 83' lang='lat' dir='ltr'><strong>rationale</strong></span> <span class='ocrx_word' id='word_1_187' title='bbox 3062 1540 3115 1586; x_wconf 90' lang='lat' dir='ltr'><strong>et</strong></span> <span class='ocrx_word' id='word_1_188' title='bbox 3145 1531 3483 1595; x_wconf 85' lang='lat' dir='ltr'><strong>irrationale,</strong></span> <span class='ocrx_word' id='word_1_189' title='bbox 3513 1545 3632 1584; x_wconf 88' lang='lat' dir='ltr'><strong>cor-</strong></span> 
     </span>
    </p>
   </div>
   <div class='ocr_carea' id='block_1_30' title="bbox 2065 1621 3632 1692">
    <p class='ocr_par' dir='ltr' id='par_1_30' title="bbox 2065 1621 3632 1692">
     <span class='ocr_line' id='line_1_30' title="bbox 2065 1621 3632 1692; baseline 0.001 -19"><span class='ocrx_word' id='word_1_190' title='bbox 2065 1635 2276 1691; x_wconf 88' lang='lat' dir='ltr'><strong>pusque</strong></span> <span class='ocrx_word' id='word_1_191' title='bbox 2303 1631 2356 1676; x_wconf 90' lang='lat' dir='ltr'><strong>et</strong></span> <span class='ocrx_word' id='word_1_192' title='bbox 2384 1621 2742 1692; x_wconf 85' lang='lat' dir='ltr'><strong>incorporale.</strong></span> <span class='ocrx_word' id='word_1_193' title='bbox 2774 1623 2918 1678; x_wconf 89' lang='lat' dir='ltr'><strong>Deus</strong></span> <span class='ocrx_word' id='word_1_194' title='bbox 2946 1632 3125 1676; x_wconf 89' lang='lat' dir='ltr'><strong>autem</strong></span> <span class='ocrx_word' id='word_1_195' title='bbox 3156 1638 3262 1677; x_wconf 91' lang='lat' dir='ltr'><strong>una</strong></span> <span class='ocrx_word' id='word_1_196' title='bbox 3291 1622 3500 1692; x_wconf 82' lang='lat' dir='ltr'><strong>species</strong></span> <span class='ocrx_word' id='word_1_197' title='bbox 3525 1631 3632 1683; x_wconf 87' lang='lat' dir='ltr'><strong>est,</strong></span> 
     </span>
    </p>
   </div>
   <div class='ocr_carea' id='block_1_31' title="bbox 2064 1713 3631 1783">
    <p class='ocr_par' dir='ltr' id='par_1_31' title="bbox 2064 1713 3631 1783">
     <span class='ocr_line' id='line_1_31' title="bbox 2064 1713 3631 1783; baseline -0.001 -17"><span class='ocrx_word' id='word_1_198' title='bbox 2064 1728 2401 1783; x_wconf 86' lang='lat' dir='ltr'><strong>quaecunque</strong></span> <span class='ocrx_word' id='word_1_199' title='bbox 2434 1718 2646 1768; x_wconf 87' lang='lat' dir='ltr'><strong>tandem</strong></span> <span class='ocrx_word' id='word_1_200' title='bbox 2678 1715 2772 1780; x_wconf 85' lang='lat' dir='ltr'><strong>sit,</strong></span> <span class='ocrx_word' id='word_1_201' title='bbox 2797 1714 2840 1768; x_wconf 91' lang='lat' dir='ltr'><strong>si</strong></span> <span class='ocrx_word' id='word_1_202' title='bbox 2872 1713 2977 1768; x_wconf 91' lang='lat' dir='ltr'><strong>dici</strong></span> <span class='ocrx_word' id='word_1_203' title='bbox 3024 1715 3205 1780; x_wconf 88' lang='lat' dir='ltr'><strong>liceat,</strong></span> <span class='ocrx_word' id='word_1_204' title='bbox 3233 1724 3290 1771; x_wconf 91' lang='lat' dir='ltr'><strong>et</strong></span> <span class='ocrx_word' id='word_1_205' title='bbox 3320 1729 3425 1769; x_wconf 90' lang='lat' dir='ltr'><strong>una</strong></span> <span class='ocrx_word' id='word_1_206' title='bbox 3470 1713 3631 1767; x_wconf 89' lang='lat' dir='ltr'><strong>triunt</strong></span> 
     </span>
    </p>
   </div>
   <div class='ocr_carea' id='block_1_32' title="bbox 2065 1805 2735 1861">
    <p class='ocr_par' dir='ltr' id='par_1_32' title="bbox 2065 1805 2735 1861">
     <span class='ocr_line' id='line_1_32' title="bbox 2065 1805 2735 1861; baseline 0.004 -3"><span class='ocrx_word' id='word_1_207' title='bbox 2065 1805 2304 1858; x_wconf 86' lang='lat' dir='ltr'><strong>essentia</strong></span> <span class='ocrx_word' id='word_1_208' title='bbox 2339 1813 2393 1859; x_wconf 89' lang='lat' dir='ltr'><strong>et</strong></span> <span class='ocrx_word' id='word_1_209' title='bbox 2421 1805 2601 1860; x_wconf 88' lang='lat' dir='ltr'><strong>unitas</strong></span> <span class='ocrx_word' id='word_1_210' title='bbox 2633 1815 2735 1861; x_wconf 88' lang='lat' dir='ltr'><strong>est.</strong></span> 
     </span>
    </p>
   </div>
   <div class='ocr_carea' id='block_1_33' title="bbox 394 1885 3632 1966">
    <p class='ocr_par' dir='ltr' id='par_1_33' title="bbox 394 1885 3632 1966">
     <span class='ocr_line' id='line_1_33' title="bbox 394 1885 3632 1966; baseline -0.001 -9"><span class='ocrx_word' id='word_1_211' title='bbox 394 1903 574 1958; x_wconf 83' lang='lat' dir='ltr'><strong>Patris</strong></span> <span class='ocrx_word' id='word_1_212' title='bbox 607 1903 835 1965; x_wconf 86' lang='lat' dir='ltr'><strong>scilicet,</strong></span> <span class='ocrx_word' id='word_1_213' title='bbox 867 1909 918 1954; x_wconf 89' lang='lat' dir='ltr'><strong>et</strong></span> <span class='ocrx_word' id='word_1_214' title='bbox 976 1899 1120 1962; x_wconf 83' lang='lat' dir='ltr'><strong>Filii,</strong></span> <span class='ocrx_word' id='word_1_215' title='bbox 1170 1906 1222 1951; x_wconf 90' lang='lat' dir='ltr'><strong>et</strong></span> <span class='ocrx_word' id='word_1_216' title='bbox 1255 1895 1428 1952; x_wconf 88' lang='lat' dir='ltr'><strong>sancti</strong></span> <span class='ocrx_word' id='word_1_217' title='bbox 1461 1895 1721 1964; x_wconf 88' lang='lat' dir='ltr'><strong>Spiritus.</strong></span> <span class='ocrx_word' id='word_1_218' title='bbox 1755 1895 1818 1949; x_wconf 87' lang='lat' dir='ltr'><strong>Et</strong></span> <span class='ocrx_word' id='word_1_219' title='bbox 1845 1894 1970 1964; x_wconf 90' lang='lat' dir='ltr'><strong>quia</strong></span> <span class='ocrx_word' id='word_1_220' title='bbox 2005 1903 2044 1958; x_wconf 77' lang='grc' dir='ltr'><strong><em>Β</em></strong></span> <span class='ocrx_word' id='word_1_221' title='bbox 2142 1890 2328 1961; x_wconf 78' lang='lat' dir='ltr'><strong>Neque</strong></span> <span class='ocrx_word' id='word_1_222' title='bbox 2349 1885 2647 1950; x_wconf 84' lang='lat' dir='ltr'><strong>secundum</strong></span> <span class='ocrx_word' id='word_1_223' title='bbox 2672 1897 3027 1966; x_wconf 79' lang='lat' dir='ltr'><strong>privationem</strong></span> <span class='ocrx_word' id='word_1_224' title='bbox 3055 1899 3269 1966; x_wconf 84' lang='lat' dir='ltr'><strong>quidem</strong></span> <span class='ocrx_word' id='word_1_225' title='bbox 3293 1910 3345 1955; x_wconf 91' lang='lat' dir='ltr'><strong>et</strong></span> <span class='ocrx_word' id='word_1_226' title='bbox 3366 1900 3632 1966; x_wconf 83' lang='lat' dir='ltr'><strong>habiturn,</strong></span> 
     </span>
    </p>
   </div>
   <div class='ocr_carea' id='block_1_34' title="bbox 399 1985 1967 2066">
    <p class='ocr_par' dir='ltr' id='par_1_34' title="bbox 399 1985 1967 2066">
     <span class='ocr_line' id='line_1_34' title="bbox 399 1985 1967 2066; baseline -0.004 -22"><span class='ocrx_word' id='word_1_227' title='bbox 399 1996 722 2066; x_wconf 69' lang='lat' dir='ltr'><strong>paternitas,</strong></span> <span class='ocrx_word' id='word_1_228' title='bbox 768 1999 822 2046; x_wconf 89' lang='lat' dir='ltr'><strong>et</strong></span> <span class='ocrx_word' id='word_1_229' title='bbox 855 1992 1135 2044; x_wconf 88' lang='lat' dir='ltr'><strong>nativitas.</strong></span> <span class='ocrx_word' id='word_1_230' title='bbox 1168 1999 1328 2059; x_wconf 87' lang='lat' dir='ltr'><strong>atque</strong></span> <span class='ocrx_word' id='word_1_231' title='bbox 1365 1987 1643 2058; x_wconf 85' lang='lat' dir='ltr'><strong>processio</strong></span> <span class='ocrx_word' id='word_1_232' title='bbox 1686 1985 1812 2040; x_wconf 67' lang='lat' dir='ltr'><strong>solze</strong></span> <span class='ocrx_word' id='word_1_233' title='bbox 1844 1993 1967 2039; x_wconf 86' lang='lat' dir='ltr'><strong>sunt</strong></span> 
     </span>
    </p>
   </div>
   <div class='ocr_carea' id='block_1_35' title="bbox 411 2075 1967 2155">
    <p class='ocr_par' dir='ltr' id='par_1_35' title="bbox 411 2075 1967 2155">
     <span class='ocr_line' id='line_1_35' title="bbox 411 2075 1967 2155; baseline -0.006 -16"><span class='ocrx_word' id='word_1_234' title='bbox 411 2085 797 2140; x_wconf 77' lang='lat' dir='ltr'><strong>substantiales</strong></span> <span class='ocrx_word' id='word_1_235' title='bbox 853 2083 1214 2155; x_wconf 85' lang='lat' dir='ltr'><strong>proprietates</strong></span> <span class='ocrx_word' id='word_1_236' title='bbox 1263 2093 1615 2146; x_wconf 65' lang='lat' dir='ltr'><strong>personarum</strong></span> <span class='ocrx_word' id='word_1_237' title='bbox 1657 2096 1670 2131; x_wconf 91' lang='lat'><strong>:</strong></span> <span class='ocrx_word' id='word_1_238' title='bbox 1727 2075 1967 2146; x_wconf 83' lang='lat' dir='ltr'><strong>proprie-</strong></span> 
     </span>
    </p>
   </div>
   <div class='ocr_carea' id='block_1_36' title="bbox 411 2171 1965 2243">
    <p class='ocr_par' dir='ltr' id='par_1_36' title="bbox 411 2171 1965 2243">
     <span class='ocr_line' id='line_1_36' title="bbox 411 2171 1965 2243; baseline -0.006 -11"><span class='ocrx_word' id='word_1_239' title='bbox 411 2182 552 2234; x_wconf 73' lang='lat' dir='ltr'><strong>tates</strong></span> <span class='ocrx_word' id='word_1_240' title='bbox 583 2193 710 2230; x_wconf 83' lang='lat' dir='ltr'><strong>vero</strong></span> <span class='ocrx_word' id='word_1_241' title='bbox 755 2178 894 2231; x_wconf 89' lang='lat' dir='ltr'><strong>idem</strong></span> <span class='ocrx_word' id='word_1_242' title='bbox 944 2191 1082 2237; x_wconf 84' lang='lat' dir='ltr'><strong>esse,</strong></span> <span class='ocrx_word' id='word_1_243' title='bbox 1111 2173 1252 2243; x_wconf 90' lang='lat' dir='ltr'><strong>quod</strong></span> <span class='ocrx_word' id='word_1_244' title='bbox 1303 2171 1658 2234; x_wconf 87' lang='lat' dir='ltr'><strong>substantias,</strong></span> <span class='ocrx_word' id='word_1_245' title='bbox 1688 2178 1965 2223; x_wconf 87' lang='lat' dir='ltr'><strong>ostensum</strong></span> 
     </span>
    </p>
   </div>
   <div class='ocr_carea' id='block_1_37' title="bbox 400 2245 1962 2334">
    <p class='ocr_par' dir='ltr' id='par_1_37' title="bbox 400 2245 1962 2334">
     <span class='ocr_line' id='line_1_37' title="bbox 400 2245 1962 2334; baseline -0.006 -12"><span class='ocrx_word' id='word_1_246' title='bbox 400 2283 484 2324; x_wconf 79' lang='lat' dir='ltr'><strong>est</strong></span> <span class='ocrx_word' id='word_1_247' title='bbox 533 2269 826 2324; x_wconf 81' lang='lat' dir='ltr'><strong>secundum</strong></span> <span class='ocrx_word' id='word_1_248' title='bbox 880 2266 1186 2334; x_wconf 79' lang='lat' dir='ltr'><strong>theologum</strong></span> <span class='ocrx_word' id='word_1_249' title='bbox 1235 2245 1617 2328; x_wconf 45' lang='lat' dir='ltr'><strong>Grcgorium’:</strong></span> <span class='ocrx_word' id='word_1_250' title='bbox 1655 2260 1962 2314; x_wconf 83' lang='lat' dir='ltr'><strong>substantia</strong></span> 
     </span>
    </p>
   </div>
   <div class='ocr_carea' id='block_1_38' title="bbox 401 2349 1965 2426">
    <p class='ocr_par' dir='ltr' id='par_1_38' title="bbox 401 2349 1965 2426">
     <span class='ocr_line' id='line_1_38' title="bbox 401 2349 1965 2426; baseline -0.004 -15"><span class='ocrx_word' id='word_1_251' title='bbox 401 2376 551 2423; x_wconf 80' lang='lat' dir='ltr'><strong>vero,</strong></span> <span class='ocrx_word' id='word_1_252' title='bbox 595 2361 708 2413; x_wconf 84' lang='lat' dir='ltr'><strong>sive</strong></span> <span class='ocrx_word' id='word_1_253' title='bbox 739 2371 965 2426; x_wconf 85' lang='lat' dir='ltr'><strong>persona</strong></span> <span class='ocrx_word' id='word_1_254' title='bbox 1001 2354 1242 2416; x_wconf 83' lang='lat' dir='ltr'><strong>Patrem,</strong></span> <span class='ocrx_word' id='word_1_255' title='bbox 1281 2363 1334 2404; x_wconf 90' lang='lat' dir='ltr'><strong>et</strong></span> <span class='ocrx_word' id='word_1_256' title='bbox 1375 2349 1590 2414; x_wconf 83' lang='lat' dir='ltr'><strong>Filium,</strong></span> <span class='ocrx_word' id='word_1_257' title='bbox 1619 2359 1671 2405; x_wconf 91' lang='lat' dir='ltr'><strong>et</strong></span> <span class='ocrx_word' id='word_1_258' title='bbox 1701 2350 1965 2420; x_wconf 90' lang='lat' dir='ltr'><strong>Spiritum</strong></span> 
     </span>
    </p>
   </div>
   <div class='ocr_carea' id='block_1_39' title="bbox 399 2442 1967 2520">
    <p class='ocr_par' dir='ltr' id='par_1_39' title="bbox 399 2442 1967 2520">
     <span class='ocr_line' id='line_1_39' title="bbox 399 2442 1967 2520; baseline -0.007 -13"><span class='ocrx_word' id='word_1_259' title='bbox 399 2461 650 2508; x_wconf 68' lang='lat' dir='ltr'><strong>sanctum</strong></span> <span class='ocrx_word' id='word_1_260' title='bbox 715 2449 912 2520; x_wconf 81' lang='lat' dir='ltr'><strong>signat.</strong></span> <span class='ocrx_word' id='word_1_261' title='bbox 973 2447 1049 2500; x_wconf 84' lang='lat' dir='ltr'><strong>Ita</strong></span> <span class='ocrx_word' id='word_1_262' title='bbox 1094 2443 1238 2500; x_wconf 89' lang='lat' dir='ltr'><strong>enim</strong></span> <span class='ocrx_word' id='word_1_263' title='bbox 1295 2442 1967 2498; x_wconf 83' lang='lat' dir='ltr'><strong>Dantaseenus..delinivit</strong></span> 
     </span>
    </p>
   </div>
   <div class='ocr_carea' id='block_1_40' title="bbox 398 2535 1966 2604">
    <p class='ocr_par' dir='ltr' id='par_1_40' title="bbox 398 2535 1966 2604">
     <span class='ocr_line' id='line_1_40' title="bbox 398 2535 1966 2604; baseline -0.006 -6"><span class='ocrx_word' id='word_1_264' title='bbox 398 2547 585 2600; x_wconf 83' lang='lat' dir='ltr'><strong>dicens</strong></span> <span class='ocrx_word' id='word_1_265' title='bbox 613 2560 627 2596; x_wconf 91' lang='lat'><strong>:</strong></span> <span class='ocrx_word' id='word_1_266' title='bbox 659 2541 843 2595; x_wconf 81' lang='lat' dir='ltr'><strong>Deitas</strong></span> <span class='ocrx_word' id='word_1_267' title='bbox 888 2549 1133 2592; x_wconf 83' lang='lat' dir='ltr'><strong>naturam</strong></span> <span class='ocrx_word' id='word_1_268' title='bbox 1165 2538 1398 2600; x_wconf 82' lang='lat' dir='ltr'><strong>indicat;</strong></span> <span class='ocrx_word' id='word_1_269' title='bbox 1431 2538 1593 2593; x_wconf 82' lang='lat' dir='ltr'><strong>Pater</strong></span> <span class='ocrx_word' id='word_1_270' title='bbox 1626 2545 1801 2588; x_wconf 87' lang='lat' dir='ltr'><strong>autent</strong></span> <span class='ocrx_word' id='word_1_271' title='bbox 1829 2535 1966 2604; x_wconf 81' lang='lat' dir='ltr'><strong>quod</strong></span> 
     </span>
    </p>
   </div>
   <div class='ocr_carea' id='block_1_41' title="bbox 399 2629 1967 2700">
    <p class='ocr_par' dir='ltr' id='par_1_41' title="bbox 399 2629 1967 2700">
     <span class='ocr_line' id='line_1_41' title="bbox 399 2629 1967 2700; baseline -0.006 -10"><span class='ocrx_word' id='word_1_272' title='bbox 399 2640 616 2698; x_wconf 84' lang='lat' dir='ltr'><strong>dicitur,</strong></span> <span class='ocrx_word' id='word_1_273' title='bbox 665 2631 1061 2695; x_wconf 79' lang='lat' dir='ltr'><strong>substantiam;</strong></span> <span class='ocrx_word' id='word_1_274' title='bbox 1103 2632 1238 2700; x_wconf 70' lang='lat' dir='ltr'><strong>quia</strong></span> <span class='ocrx_word' id='word_1_275' title='bbox 1288 2630 1444 2684; x_wconf 84' lang='lat' dir='ltr'><strong>etiam</strong></span> <span class='ocrx_word' id='word_1_276' title='bbox 1496 2629 1789 2683; x_wconf 79' lang='lat' dir='ltr'><strong>substantia</strong></span> <span class='ocrx_word' id='word_1_277' title='bbox 1825 2645 1967 2682; x_wconf 69' lang='lat' dir='ltr'><strong>com~</strong></span> 
     </span>
    </p>
   </div>
   <div class='ocr_carea' id='block_1_42' title="bbox 398 2721 1966 2797">
    <p class='ocr_par' dir='ltr' id='par_1_42' title="bbox 398 2721 1966 2797">
     <span class='ocr_line' id='line_1_42' title="bbox 398 2721 1966 2797; baseline -0.006 -16"><span class='ocrx_word' id='word_1_278' title='bbox 398 2746 552 2782; x_wconf 83' lang='lat' dir='ltr'><strong>mune</strong></span> <span class='ocrx_word' id='word_1_279' title='bbox 590 2744 706 2782; x_wconf 83' lang='lat' dir='ltr'><strong>cum</strong></span> <span class='ocrx_word' id='word_1_280' title='bbox 744 2727 959 2797; x_wconf 85' lang='lat' dir='ltr'><strong>proprio</strong></span> <span class='ocrx_word' id='word_1_281' title='bbox 991 2733 1089 2778; x_wconf 86' lang='lat' dir='ltr'><strong>est.</strong></span> <span class='ocrx_word' id='word_1_282' title='bbox 1139 2721 1366 2778; x_wconf 83' lang='lat' dir='ltr'><strong>ConSIat</strong></span> <span class='ocrx_word' id='word_1_283' title='bbox 1407 2722 1523 2776; x_wconf 62' lang='lat' dir='ltr'><strong>haec</strong></span> <span class='ocrx_word' id='word_1_284' title='bbox 1556 2722 1773 2776; x_wconf 91' lang='lat' dir='ltr'><strong>nomina</strong></span> <span class='ocrx_word' id='word_1_285' title='bbox 1810 2721 1966 2774; x_wconf 64' lang='lat' dir='ltr'><strong>induo</strong></span> 
     </span>
    </p>
   </div>
   <div class='ocr_carea' id='block_1_43' title="bbox 395 2811 1962 2886">
    <p class='ocr_par' dir='ltr' id='par_1_43' title="bbox 395 2811 1962 2886">
     <span class='ocr_line' id='line_1_43' title="bbox 395 2811 1962 2886; baseline -0.008 -11"><span class='ocrx_word' id='word_1_286' title='bbox 395 2835 526 2875; x_wconf 85' lang='lat' dir='ltr'><strong>cere</strong></span> <span class='ocrx_word' id='word_1_287' title='bbox 581 2819 965 2873; x_wconf 83' lang='lat' dir='ltr'><strong>discretionem</strong></span> <span class='ocrx_word' id='word_1_288' title='bbox 1003 2816 1368 2886; x_wconf 84' lang='lat' dir='ltr'><strong>personaletu,</strong></span> <span class='ocrx_word' id='word_1_289' title='bbox 1421 2826 1487 2868; x_wconf 87' lang='lat' dir='ltr'><strong>ac</strong></span> <span class='ocrx_word' id='word_1_290' title='bbox 1536 2811 1841 2867; x_wconf 88' lang='lat' dir='ltr'><strong>necessario</strong></span> <span class='ocrx_word' id='word_1_291' title='bbox 1881 2811 1962 2864; x_wconf 87' lang='lat' dir='ltr'><strong>di-</strong></span> 
     </span>
    </p>
   </div>
   <div class='ocr_carea' id='block_1_44' title="bbox 397 2908 849 2977">
    <p class='ocr_par' dir='ltr' id='par_1_44' title="bbox 397 2908 849 2977">
     <span class='ocr_line' id='line_1_44' title="bbox 397 2908 849 2977; baseline -0.007 -13"><span class='ocrx_word' id='word_1_292' title='bbox 397 2918 578 2964; x_wconf 81' lang='lat' dir='ltr'><strong>screta</strong></span> <span class='ocrx_word' id='word_1_293' title='bbox 614 2908 849 2977; x_wconf 81' lang='lat' dir='ltr'><strong>signare.</strong></span> 
     </span>
    </p>
   </div>
   <div class='ocr_carea' id='block_1_45' title="bbox 466 2992 1966 3066">
    <p class='ocr_par' dir='ltr' id='par_1_45' title="bbox 466 2992 1966 3066">
     <span class='ocr_line' id='line_1_45' title="bbox 466 2992 1966 3066; baseline -0.005 -14"><span class='ocrx_word' id='word_1_294' title='bbox 466 3001 734 3066; x_wconf 81' lang='lat' dir='ltr'><strong>Quocirca</strong></span> <span class='ocrx_word' id='word_1_295' title='bbox 802 3006 859 3050; x_wconf 90' lang='lat' dir='ltr'><strong>et</strong></span> <span class='ocrx_word' id='word_1_296' title='bbox 923 2993 1039 3050; x_wconf 67' lang='lat' dir='ltr'><strong>haec</strong></span> <span class='ocrx_word' id='word_1_297' title='bbox 1096 2993 1210 3048; x_wconf 86' lang='lat' dir='ltr'><strong>sola</strong></span> <span class='ocrx_word' id='word_1_298' title='bbox 1265 2992 1482 3062; x_wconf 88' lang='lat' dir='ltr'><strong>proprie</strong></span> <span class='ocrx_word' id='word_1_299' title='bbox 1543 2993 1851 3062; x_wconf 73' lang='lat' dir='ltr'><strong>personalia</strong></span> <span class='ocrx_word' id='word_1_300' title='bbox 1911 3004 1966 3046; x_wconf 89' lang='lat' dir='ltr'><strong>ct</strong></span> 
     </span>
    </p>
   </div>
   <div class='ocr_carea' id='block_1_46' title="bbox 395 3075 1963 3156">
    <p class='ocr_par' dir='ltr' id='par_1_46' title="bbox 395 3075 1963 3156">
     <span class='ocr_line' id='line_1_46' title="bbox 395 3075 1963 3156; baseline -0.005 -10"><span class='ocrx_word' id='word_1_301' title='bbox 395 3089 774 3148; x_wconf 77' lang='lat' dir='ltr'><strong>substantialia</strong></span> <span class='ocrx_word' id='word_1_302' title='bbox 811 3097 960 3152; x_wconf 90' lang='lat' dir='ltr'><strong>sunt,</strong></span> <span class='ocrx_word' id='word_1_303' title='bbox 987 3101 1106 3156; x_wconf 63' lang='lat' dir='ltr'><strong>qua!</strong></span> <span class='ocrx_word' id='word_1_304' title='bbox 1129 3099 1328 3151; x_wconf 69' lang='lat' dir='ltr'><strong>causae,</strong></span> <span class='ocrx_word' id='word_1_305' title='bbox 1359 3085 1697 3154; x_wconf 88' lang='lat' dir='ltr'><strong>cattsalisque</strong></span> <span class='ocrx_word' id='word_1_306' title='bbox 1721 3075 1963 3140; x_wconf 88' lang='lat' dir='ltr'><strong>habitum</strong></span> 
     </span>
    </p>
   </div>
   <div class='ocr_carea' id='block_1_47' title="bbox 399 3178 1961 3255">
    <p class='ocr_par' dir='ltr' id='par_1_47' title="bbox 399 3178 1961 3255">
     <span class='ocr_line' id='line_1_47' title="bbox 399 3178 1961 3255; baseline -0.008 -13"><span class='ocrx_word' id='word_1_307' title='bbox 399 3187 638 3255; x_wconf 78' lang='lat' dir='ltr'><strong>signant,</strong></span> <span class='ocrx_word' id='word_1_308' title='bbox 698 3180 1021 3248; x_wconf 77' lang='lat' dir='ltr'><strong>singulaque</strong></span> <span class='ocrx_word' id='word_1_309' title='bbox 1074 3179 1303 3248; x_wconf 83' lang='lat' dir='ltr'><strong>singulis</strong></span> <span class='ocrx_word' id='word_1_310' title='bbox 1359 3179 1578 3249; x_wconf 84' lang='lat' dir='ltr'><strong>proprie</strong></span> <span class='ocrx_word' id='word_1_311' title='bbox 1642 3178 1961 3241; x_wconf 81' lang='lat' dir='ltr'><strong>redduntur,</strong></span> 
     </span>
    </p>
   </div>
   <div class='ocr_carea' id='block_1_48' title="bbox 398 3267 1969 3333">
    <p class='ocr_par' dir='ltr' id='par_1_48' title="bbox 398 3267 1969 3333">
     <span class='ocr_line' id='line_1_48' title="bbox 398 3267 1969 3333; baseline -0.005 -1"><span class='ocrx_word' id='word_1_312' title='bbox 398 3278 541 3332; x_wconf 87' lang='lat' dir='ltr'><strong>nulla</strong></span> <span class='ocrx_word' id='word_1_313' title='bbox 585 3271 991 3328; x_wconf 86' lang='lat' dir='ltr'><strong>communitatis</strong></span> <span class='ocrx_word' id='word_1_314' title='bbox 1030 3271 1242 3327; x_wconf 85' lang='lat' dir='ltr'><strong>ratione</strong></span> <span class='ocrx_word' id='word_1_315' title='bbox 1287 3270 1631 3333; x_wconf 83' lang='lat' dir='ltr'><strong>introducta;</strong></span> <span class='ocrx_word' id='word_1_316' title='bbox 1665 3267 1969 3326; x_wconf 69' lang='lat' dir='ltr'><strong>sulﬁciuut-</strong></span> 
     </span>
    </p>
   </div>
   <div class='ocr_carea' id='block_1_49' title="bbox 405 3363 1966 3439">
    <p class='ocr_par' dir='ltr' id='par_1_49' title="bbox 405 3363 1966 3439">
     <span class='ocr_line' id='line_1_49' title="bbox 405 3363 1966 3439; baseline -0.003 -18"><span class='ocrx_word' id='word_1_317' title='bbox 405 3383 514 3439; x_wconf 86' lang='lat' dir='ltr'><strong>que</strong></span> <span class='ocrx_word' id='word_1_318' title='bbox 563 3371 662 3436; x_wconf 80' lang='lat' dir='ltr'><strong>per</strong></span> <span class='ocrx_word' id='word_1_319' title='bbox 710 3379 772 3420; x_wconf 88' lang='lat' dir='ltr'><strong>se</strong></span> <span class='ocrx_word' id='word_1_320' title='bbox 802 3365 918 3434; x_wconf 89' lang='lat' dir='ltr'><strong>ipsa</strong></span> <span class='ocrx_word' id='word_1_321' title='bbox 969 3363 1320 3417; x_wconf 87' lang='lat' dir='ltr'><strong>discretionis</strong></span> <span class='ocrx_word' id='word_1_322' title='bbox 1365 3363 1746 3417; x_wconf 85' lang='lat' dir='ltr'><strong>commendare</strong></span> <span class='ocrx_word' id='word_1_323' title='bbox 1799 3363 1966 3416; x_wconf 86' lang='lat' dir='ltr'><strong>ratio-</strong></span> 
     </span>
    </p>
   </div>
   <div class='ocr_carea' id='block_1_50' title="bbox 401 3455 1968 3524">
    <p class='ocr_par' dir='ltr' id='par_1_50' title="bbox 401 3455 1968 3524">
     <span class='ocr_line' id='line_1_50' title="bbox 401 3455 1968 3524; baseline -0.004 -9"><span class='ocrx_word' id='word_1_324' title='bbox 401 3478 545 3516; x_wconf 87' lang='lat' dir='ltr'><strong>ncnt.</strong></span> <span class='ocrx_word' id='word_1_325' title='bbox 587 3459 764 3514; x_wconf 78' lang='lat' dir='ltr'><strong>Patris</strong></span> <span class='ocrx_word' id='word_1_326' title='bbox 794 3466 938 3513; x_wconf 89' lang='lat' dir='ltr'><strong>enim</strong></span> <span class='ocrx_word' id='word_1_327' title='bbox 973 3468 1134 3524; x_wconf 88' lang='lat' dir='ltr'><strong>super</strong></span> <span class='ocrx_word' id='word_1_328' title='bbox 1165 3455 1520 3510; x_wconf 84' lang='lat' dir='ltr'><strong>substantialc</strong></span> <span class='ocrx_word' id='word_1_329' title='bbox 1559 3470 1753 3511; x_wconf 87' lang='lat' dir='ltr'><strong>nomen</strong></span> <span class='ocrx_word' id='word_1_330' title='bbox 1801 3465 1854 3508; x_wconf 89' lang='lat' dir='ltr'><strong>et</strong></span> <span class='ocrx_word' id='word_1_331' title='bbox 1883 3471 1968 3509; x_wconf 84' lang='lat' dir='ltr'><strong>res</strong></span> 
     </span>
    </p>
   </div>
   <div class='ocr_carea' id='block_1_51' title="bbox 399 3540 1966 3612">
    <p class='ocr_par' dir='ltr' id='par_1_51' title="bbox 399 3540 1966 3612">
     <span class='ocr_line' id='line_1_51' title="bbox 399 3540 1966 3612; baseline -0.003 -10"><span class='ocrx_word' id='word_1_332' title='bbox 399 3567 618 3605; x_wconf 75' lang='lat' dir='ltr'><strong>causam</strong></span> <span class='ocrx_word' id='word_1_333' title='bbox 681 3549 884 3605; x_wconf 80' lang='lat' dir='ltr'><strong>indicat</strong></span> <span class='ocrx_word' id='word_1_334' title='bbox 939 3547 1088 3610; x_wconf 79' lang='lat' dir='ltr'><strong>Filii,</strong></span> <span class='ocrx_word' id='word_1_335' title='bbox 1145 3559 1199 3602; x_wconf 87' lang='lat' dir='ltr'><strong>ct</strong></span> <span class='ocrx_word' id='word_1_336' title='bbox 1255 3540 1379 3601; x_wconf 71' lang='lat' dir='ltr'><strong>Filii</strong></span> <span class='ocrx_word' id='word_1_337' title='bbox 1431 3546 1618 3612; x_wconf 82' lang='lat' dir='ltr'><strong>etiam,</strong></span> <span class='ocrx_word' id='word_1_338' title='bbox 1675 3555 1756 3599; x_wconf 78' lang='lat' dir='ltr'><strong>et.</strong></span> <span class='ocrx_word' id='word_1_339' title='bbox 1791 3543 1966 3598; x_wconf 84' lang='lat' dir='ltr'><strong>sancti</strong></span> 
     </span>
    </p>
   </div>
   <div class='ocr_carea' id='block_1_52' title="bbox 402 3637 1965 3714">
    <p class='ocr_par' dir='ltr' id='par_1_52' title="bbox 402 3637 1965 3714">
     <span class='ocr_line' id='line_1_52' title="bbox 402 3637 1965 3714; baseline -0.007 -16"><span class='ocrx_word' id='word_1_340' title='bbox 402 3643 638 3714; x_wconf 86' lang='lat' dir='ltr'><strong>Spiritus</strong></span> <span class='ocrx_word' id='word_1_341' title='bbox 678 3642 955 3698; x_wconf 79' lang='lat' dir='ltr'><strong>similiter.</strong></span> <span class='ocrx_word' id='word_1_342' title='bbox 1000 3639 1239 3707; x_wconf 87' lang='lat' dir='ltr'><strong>Quorum</strong></span> <span class='ocrx_word' id='word_1_343' title='bbox 1271 3637 1441 3692; x_wconf 85' lang='lat' dir='ltr'><strong>Filius</strong></span> <span class='ocrx_word' id='word_1_344' title='bbox 1475 3639 1691 3708; x_wconf 86' lang='lat' dir='ltr'><strong>quidem</strong></span> <span class='ocrx_word' id='word_1_345' title='bbox 1722 3637 1965 3691; x_wconf 88' lang='lat' dir='ltr'><strong>habitum</strong></span> 
     </span>
    </p>
   </div>
   <div class='ocr_carea' id='block_1_53' title="bbox 403 3728 1966 3802">
    <p class='ocr_par' dir='ltr' id='par_1_53' title="bbox 403 3728 1966 3802">
     <span class='ocr_line' id='line_1_53' title="bbox 403 3728 1966 3802; baseline -0.005 -14"><span class='ocrx_word' id='word_1_346' title='bbox 403 3737 468 3789; x_wconf 84' lang='lat' dir='ltr'><strong>ad</strong></span> <span class='ocrx_word' id='word_1_347' title='bbox 529 3736 746 3788; x_wconf 83' lang='lat' dir='ltr'><strong>Patrem</strong></span> <span class='ocrx_word' id='word_1_348' title='bbox 809 3735 1011 3802; x_wconf 82' lang='lat' dir='ltr'><strong>signat,</strong></span> <span class='ocrx_word' id='word_1_349' title='bbox 1075 3740 1298 3784; x_wconf 87' lang='lat' dir='ltr'><strong>sanctus</strong></span> <span class='ocrx_word' id='word_1_350' title='bbox 1365 3740 1544 3784; x_wconf 82' lang='lat' dir='ltr'><strong>autem</strong></span> <span class='ocrx_word' id='word_1_351' title='bbox 1600 3729 1838 3798; x_wconf 83' lang='lat' dir='ltr'><strong>Spiritus</strong></span> <span class='ocrx_word' id='word_1_352' title='bbox 1903 3728 1966 3781; x_wconf 89' lang='lat' dir='ltr'><strong>ad</strong></span> 
     </span>
    </p>
   </div>
   <div class='ocr_carea' id='block_1_54' title="bbox 405 3810 1967 3898">
    <p class='ocr_par' dir='ltr' id='par_1_54' title="bbox 405 3810 1967 3898">
     <span class='ocr_line' id='line_1_54' title="bbox 405 3810 1967 3898; baseline -0.004 -18"><span class='ocrx_word' id='word_1_353' title='bbox 405 3828 806 3898; x_wconf 84' lang='lat' dir='ltr'><strong>productorem,</strong></span> <span class='ocrx_word' id='word_1_354' title='bbox 839 3824 953 3879; x_wconf 75' lang='lat' dir='ltr'><strong>sive</strong></span> <span class='ocrx_word' id='word_1_355' title='bbox 985 3823 1279 3892; x_wconf 83' lang='lat' dir='ltr'><strong>spirantem</strong></span> <span class='ocrx_word' id='word_1_356' title='bbox 1307 3821 1544 3878; x_wconf 84' lang='lat' dir='ltr'><strong>causalis</strong></span> <span class='ocrx_word' id='word_1_357' title='bbox 1566 3810 1771 3876; x_wconf 75' lang='lat' dir='ltr'><strong>habere</strong></span> <span class='ocrx_word' id='word_1_358' title='bbox 1801 3819 1967 3875; x_wconf 87' lang='lat' dir='ltr'><strong>ratio-</strong></span> 
     </span>
    </p>
   </div>
   <div class='ocr_carea' id='block_1_55' title="bbox 406 3903 1992 3988">
    <p class='ocr_par' dir='ltr' id='par_1_55' title="bbox 406 3903 1992 3988">
     <span class='ocr_line' id='line_1_55' title="bbox 406 3903 1992 3988; baseline -0.008 -14"><span class='ocrx_word' id='word_1_359' title='bbox 406 3932 528 3974; x_wconf 87' lang='lat' dir='ltr'><strong>nem</strong></span> <span class='ocrx_word' id='word_1_360' title='bbox 562 3919 821 3982; x_wconf 81' lang='lat' dir='ltr'><strong>traditur,</strong></span> <span class='ocrx_word' id='word_1_361' title='bbox 872 3914 1112 3970; x_wconf 76' lang='lat' dir='ltr'><strong>maxime</strong></span> <span class='ocrx_word' id='word_1_362' title='bbox 1159 3929 1280 3969; x_wconf 89' lang='lat' dir='ltr'><strong>cum</strong></span> <span class='ocrx_word' id='word_1_363' title='bbox 1323 3913 1501 3969; x_wconf 87' lang='lat' dir='ltr'><strong>dictus</strong></span> <span class='ocrx_word' id='word_1_364' title='bbox 1541 3903 1609 3969; x_wconf 71' lang='lat' dir='ltr'><strong>Sil</strong></span> <span class='ocrx_word' id='word_1_365' title='bbox 1637 3913 1992 3988; x_wconf 63' lang='lat' dir='ltr'><strong>spiraculum&quot;</strong></span> 
     </span>
    </p>
   </div>
   <div class='ocr_carea' id='block_1_56' title="bbox 405 3990 1968 4082">
    <p class='ocr_par' dir='ltr' id='par_1_56' title="bbox 405 3990 1968 4082">
     <span class='ocr_line' id='line_1_56' title="bbox 405 3990 1968 4082; baseline -0.002 -17"><span class='ocrx_word' id='word_1_366' title='bbox 405 4010 828 4082; x_wconf 77' lang='lat' dir='ltr'><strong>munipOtentis;</strong></span> <span class='ocrx_word' id='word_1_367' title='bbox 881 4007 1114 4077; x_wconf 82' lang='lat' dir='ltr'><strong>Filiique</strong></span> <span class='ocrx_word' id='word_1_368' title='bbox 1165 4006 1495 4079; x_wconf 88' lang='lat' dir='ltr'><strong>spiraculum</strong></span> <span class='ocrx_word' id='word_1_369' title='bbox 1548 3990 1692 4062; x_wconf 20' lang='lat' dir='ltr'><strong>esse.</strong></span> <span class='ocrx_word' id='word_1_370' title='bbox 1724 4005 1968 4076; x_wconf 86' lang='lat' dir='ltr'><strong>Spiritus</strong></span> 
     </span>
    </p>
   </div>
   <div class='ocr_carea' id='block_1_57' title="bbox 405 4096 1969 4168">
    <p class='ocr_par' dir='ltr' id='par_1_57' title="bbox 405 4096 1969 4168">
     <span class='ocr_line' id='line_1_57' title="bbox 405 4096 1969 4168; baseline -0.001 -12"><span class='ocrx_word' id='word_1_371' title='bbox 405 4113 650 4166; x_wconf 84' lang='lat' dir='ltr'><strong>sanctus,</strong></span> <span class='ocrx_word' id='word_1_372' title='bbox 687 4096 1016 4168; x_wconf 88' lang='lat' dir='ltr'><strong>spiraculum</strong></span> <span class='ocrx_word' id='word_1_373' title='bbox 1049 4107 1179 4151; x_wconf 79' lang='lat' dir='ltr'><strong>vero</strong></span> <span class='ocrx_word' id='word_1_374' title='bbox 1212 4096 1470 4166; x_wconf 82' lang='lat' dir='ltr'><strong>spirantis</strong></span> <span class='ocrx_word' id='word_1_375' title='bbox 1491 4103 1608 4164; x_wconf 82' lang='lat' dir='ltr'><strong>est;</strong></span> <span class='ocrx_word' id='word_1_376' title='bbox 1645 4106 1699 4151; x_wconf 93' lang='lat' dir='ltr'><strong>et</strong></span> <span class='ocrx_word' id='word_1_377' title='bbox 1733 4096 1969 4167; x_wconf 80' lang='lat' dir='ltr'><strong>Spiritus</strong></span> 
     </span>
    </p>
   </div>
   <div class='ocr_carea' id='block_1_58' title="bbox 408 4188 1970 4264">
    <p class='ocr_par' dir='ltr' id='par_1_58' title="bbox 408 4188 1970 4264">
     <span class='ocr_line' id='line_1_58' title="bbox 408 4188 1970 4264; baseline -0.003 -16"><span class='ocrx_word' id='word_1_378' title='bbox 408 4215 436 4249; x_wconf 89' lang='lat' dir='ltr'><strong>a</strong></span> <span class='ocrx_word' id='word_1_379' title='bbox 469 4195 722 4264; x_wconf 81' lang='lat' dir='ltr'><strong>spirando</strong></span> <span class='ocrx_word' id='word_1_380' title='bbox 765 4191 1145 4248; x_wconf 84' lang='lat' dir='ltr'><strong>denominatus</strong></span> <span class='ocrx_word' id='word_1_381' title='bbox 1190 4199 1295 4244; x_wconf 89' lang='lat' dir='ltr'><strong>est.</strong></span> <span class='ocrx_word' id='word_1_382' title='bbox 1347 4188 1411 4244; x_wconf 85' lang='lat' dir='ltr'><strong>Et</strong></span> <span class='ocrx_word' id='word_1_383' title='bbox 1447 4189 1588 4244; x_wconf 89' lang='lat' dir='ltr'><strong>sicut</strong></span> <span class='ocrx_word' id='word_1_384' title='bbox 1617 4189 1693 4243; x_wconf 89' lang='lat' dir='ltr'><strong>ait</strong></span> <span class='ocrx_word' id='word_1_385' title='bbox 1743 4205 1970 4260; x_wconf 77' lang='lat' dir='ltr'><strong>magnus</strong></span> 
     </span>
    </p>
   </div>
   <div class='ocr_carea' id='block_1_59' title="bbox 405 4281 1966 4354">
    <p class='ocr_par' dir='ltr' id='par_1_59' title="bbox 405 4281 1966 4354">
     <span class='ocr_line' id='line_1_59' title="bbox 405 4281 1966 4354; baseline -0.006 -12"><span class='ocrx_word' id='word_1_386' title='bbox 405 4289 755 4352; x_wconf 78' lang='lat' dir='ltr'><strong>Athanasius,</strong></span> <span class='ocrx_word' id='word_1_387' title='bbox 789 4281 1024 4354; x_wconf 83' lang='lat' dir='ltr'><strong>Spiritus</strong></span> <span class='ocrx_word' id='word_1_388' title='bbox 1065 4281 1364 4352; x_wconf 86' lang='lat' dir='ltr'><strong>processio.</strong></span> <span class='ocrx_word' id='word_1_389' title='bbox 1393 4281 1664 4351; x_wconf 83' lang='lat' dir='ltr'><strong>spiraculo</strong></span> <span class='ocrx_word' id='word_1_390' title='bbox 1697 4282 1966 4336; x_wconf 81' lang='lat' dir='ltr'><strong>assimila-</strong></span> 
     </span>
    </p>
   </div>
   <div class='ocr_carea' id='block_1_60' title="bbox 410 4373 1976 4448">
    <p class='ocr_par' dir='ltr' id='par_1_60' title="bbox 410 4373 1976 4448">
     <span class='ocr_line' id='line_1_60' title="bbox 410 4373 1976 4448; baseline -0.004 -14"><span class='ocrx_word' id='word_1_391' title='bbox 410 4383 517 4436; x_wconf 77' lang='lat' dir='ltr'><strong>tur.</strong></span> <span class='ocrx_word' id='word_1_392' title='bbox 550 4377 797 4448; x_wconf 82' lang='lat' dir='ltr'><strong>Spiritus.</strong></span> <span class='ocrx_word' id='word_1_393' title='bbox 815 4382 993 4430; x_wconf 82' lang='lat' dir='ltr'><strong>autem</strong></span> <span class='ocrx_word' id='word_1_394' title='bbox 1024 4375 1295 4444; x_wconf 80' lang='lat' dir='ltr'><strong>processio</strong></span> <span class='ocrx_word' id='word_1_395' title='bbox 1321 4385 1605 4442; x_wconf 77' lang='lat' dir='ltr'><strong>precessus</strong></span> <span class='ocrx_word' id='word_1_396' title='bbox 1636 4383 1720 4428; x_wconf 91' lang='lat' dir='ltr'><strong>est</strong></span> <span class='ocrx_word' id='word_1_397' title='bbox 1747 4391 1759 4426; x_wconf 91' lang='lat'>:</span> <span class='ocrx_word' id='word_1_398' title='bbox 1787 4373 1976 4442; x_wconf 86' lang='lat' dir='ltr'><strong>itaque</strong></span> 
     </span>
    </p>
   </div>
   <div class='ocr_carea' id='block_1_61' title="bbox 413 4463 1971 4540">
    <p class='ocr_par' dir='ltr' id='par_1_61' title="bbox 413 4463 1971 4540">
     <span class='ocr_line' id='line_1_61' title="bbox 413 4463 1971 4540; baseline -0.004 -13"><span class='ocrx_word' id='word_1_399' title='bbox 413 4483 466 4527; x_wconf 91' lang='lat' dir='ltr'><strong>ct</strong></span> <span class='ocrx_word' id='word_1_400' title='bbox 511 4468 819 4540; x_wconf 85' lang='lat' dir='ltr'><strong>inspiratio.</strong></span> <span class='ocrx_word' id='word_1_401' title='bbox 871 4465 1008 4520; x_wconf 77' lang='lat' dir='ltr'><strong>Nam</strong></span> <span class='ocrx_word' id='word_1_402' title='bbox 1067 4478 1119 4521; x_wconf 88' lang='lat' dir='ltr'><strong>et</strong></span> <span class='ocrx_word' id='word_1_403' title='bbox 1165 4463 1403 4536; x_wconf 88' lang='lat' dir='ltr'><strong>Spiritus</strong></span> <span class='ocrx_word' id='word_1_404' title='bbox 1434 4466 1732 4534; x_wconf 86' lang='lat' dir='ltr'><strong>procedens</strong></span> <span class='ocrx_word' id='word_1_405' title='bbox 1771 4467 1971 4522; x_wconf 88' lang='lat' dir='ltr'><strong>dicitur</strong></span> 
     </span>
    </p>
   </div>
   <div class='ocr_carea' id='block_1_62' title="bbox 2069 1984 3636 2056">
    <p class='ocr_par' dir='ltr' id='par_1_62' title="bbox 2069 1984 3636 2056">
     <span class='ocr_line' id='line_1_62' title="bbox 2069 1984 3636 2056; baseline 0.006 -21"><span class='ocrx_word' id='word_1_406' title='bbox 2069 1997 2189 2052; x_wconf 71' lang='lat' dir='ltr'><strong>qua:</strong></span> <span class='ocrx_word' id='word_1_407' title='bbox 2251 1984 2397 2040; x_wconf 91' lang='lat' dir='ltr'><strong>enim</strong></span> <span class='ocrx_word' id='word_1_408' title='bbox 2461 1986 2781 2056; x_wconf 86' lang='lat' dir='ltr'><strong>intpertccte</strong></span> <span class='ocrx_word' id='word_1_409' title='bbox 2821 1989 3082 2055; x_wconf 33' lang='lat' dir='ltr'><strong>‘ltabent,</strong></span> <span class='ocrx_word' id='word_1_410' title='bbox 3136 1990 3432 2046; x_wconf 84' lang='lat' dir='ltr'><strong>secundum</strong></span> <span class='ocrx_word' id='word_1_411' title='bbox 3495 1991 3636 2045; x_wconf 89' lang='lat' dir='ltr'><strong>hanc</strong></span> 
     </span>
    </p>
   </div>
   <div class='ocr_carea' id='block_1_63' title="bbox 2069 2077 3634 2153">
    <p class='ocr_par' dir='ltr' id='par_1_63' title="bbox 2069 2077 3634 2153">
     <span class='ocr_line' id='line_1_63' title="bbox 2069 2077 3634 2153; baseline 0.003 -23"><span class='ocrx_word' id='word_1_412' title='bbox 2069 2077 2472 2146; x_wconf 90' lang='lat' dir='ltr'><strong>oppositionem</strong></span> <span class='ocrx_word' id='word_1_413' title='bbox 2533 2079 2964 2145; x_wconf 86' lang='lat' dir='ltr'><strong>discernuntur,</strong></span> <span class='ocrx_word' id='word_1_414' title='bbox 3035 2082 3199 2138; x_wconf 72' lang='lat' dir='ltr'><strong>veluti</strong></span> <span class='ocrx_word' id='word_1_415' title='bbox 3253 2083 3320 2138; x_wconf 74' lang='lat' dir='ltr'><strong>ab</strong></span> <span class='ocrx_word' id='word_1_416' title='bbox 3387 2095 3634 2153; x_wconf 86' lang='lat' dir='ltr'><strong>aspectu,</strong></span> 
     </span>
    </p>
   </div>
   <div class='ocr_carea' id='block_1_64' title="bbox 2069 2167 3634 2244">
    <p class='ocr_par' dir='ltr' id='par_1_64' title="bbox 2069 2167 3634 2244">
     <span class='ocr_line' id='line_1_64' title="bbox 2069 2167 3634 2244; baseline 0.006 -24"><span class='ocrx_word' id='word_1_417' title='bbox 2069 2167 2289 2223; x_wconf 83' lang='lat' dir='ltr'><strong>caecitas</strong></span> <span class='ocrx_word' id='word_1_418' title='bbox 2323 2179 2378 2224; x_wconf 91' lang='lat' dir='ltr'><strong>et</strong></span> <span class='ocrx_word' id='word_1_419' title='bbox 2427 2185 2456 2222; x_wconf 86' lang='lat' dir='ltr'><strong>a</strong></span> <span class='ocrx_word' id='word_1_420' title='bbox 2506 2185 2649 2226; x_wconf 77' lang='lat' dir='ltr'><strong>czeco</strong></span> <span class='ocrx_word' id='word_1_421' title='bbox 2692 2173 2898 2228; x_wconf 89' lang='lat' dir='ltr'><strong>videns.</strong></span> <span class='ocrx_word' id='word_1_422' title='bbox 2942 2169 3093 2229; x_wconf 81' lang='lat' dir='ltr'><strong>Nulla</strong></span> <span class='ocrx_word' id='word_1_423' title='bbox 3129 2190 3257 2230; x_wconf 91' lang='lat' dir='ltr'><strong>vero</strong></span> <span class='ocrx_word' id='word_1_424' title='bbox 3303 2175 3532 2244; x_wconf 87' lang='lat' dir='ltr'><strong>privatio</strong></span> <span class='ocrx_word' id='word_1_425' title='bbox 3578 2175 3634 2229; x_wconf 93' lang='lat' dir='ltr'><strong>in</strong></span> 
     </span>
    </p>
   </div>
   <div class='ocr_carea' id='block_1_65' title="bbox 2069 2258 3632 2336">
    <p class='ocr_par' dir='ltr' id='par_1_65' title="bbox 2069 2258 3632 2336">
     <span class='ocr_line' id='line_1_65' title="bbox 2069 2258 3632 2336; baseline 0.004 -24"><span class='ocrx_word' id='word_1_426' title='bbox 2069 2258 2182 2314; x_wconf 89' lang='lat' dir='ltr'><strong>Deo</strong></span> <span class='ocrx_word' id='word_1_427' title='bbox 2234 2260 2431 2315; x_wconf 88' lang='lat' dir='ltr'><strong>summi</strong></span> <span class='ocrx_word' id='word_1_428' title='bbox 2471 2261 2595 2316; x_wconf 90' lang='lat' dir='ltr'><strong>boni</strong></span> <span class='ocrx_word' id='word_1_429' title='bbox 2630 2273 2743 2329; x_wconf 87' lang='lat' dir='ltr'><strong>est;</strong></span> <span class='ocrx_word' id='word_1_430' title='bbox 2797 2266 2996 2334; x_wconf 85' lang='lat' dir='ltr'><strong>quippe</strong></span> <span class='ocrx_word' id='word_1_431' title='bbox 3051 2267 3478 2336; x_wconf 79' lang='lat' dir='ltr'><strong>perfectissimus</strong></span> <span class='ocrx_word' id='word_1_432' title='bbox 3513 2277 3632 2333; x_wconf 87' lang='lat' dir='ltr'><strong>cst;</strong></span> 
     </span>
    </p>
   </div>
   <div class='ocr_carea' id='block_1_66' title="bbox 2069 2350 3634 2426">
    <p class='ocr_par' dir='ltr' id='par_1_66' title="bbox 2069 2350 3634 2426">
     <span class='ocr_line' id='line_1_66' title="bbox 2069 2350 3634 2426; baseline 0.004 -22"><span class='ocrx_word' id='word_1_433' title='bbox 2069 2357 2120 2404; x_wconf 92' lang='lat' dir='ltr'><strong>et</strong></span> <span class='ocrx_word' id='word_1_434' title='bbox 2173 2350 2606 2406; x_wconf 80' lang='lat' dir='ltr'><strong>substantiarum</strong></span> <span class='ocrx_word' id='word_1_435' title='bbox 2656 2351 2910 2422; x_wconf 81' lang='lat' dir='ltr'><strong>quaelibet</strong></span> <span class='ocrx_word' id='word_1_436' title='bbox 2960 2354 3196 2423; x_wconf 84' lang='lat' dir='ltr'><strong>perfecta</strong></span> <span class='ocrx_word' id='word_1_437' title='bbox 3229 2365 3344 2423; x_wconf 78' lang='lat' dir='ltr'><strong>eSt;</strong></span> <span class='ocrx_word' id='word_1_438' title='bbox 3386 2357 3634 2426; x_wconf 78' lang='lat' dir='ltr'><strong>Deosque</strong></span> 
     </span>
    </p>
   </div>
   <div class='ocr_carea' id='block_1_67' title="bbox 2069 2448 3631 2525">
    <p class='ocr_par' dir='ltr' id='par_1_67' title="bbox 2069 2448 3631 2525">
     <span class='ocr_line' id='line_1_67' title="bbox 2069 2448 3631 2525; baseline 0.002 -27"><span class='ocrx_word' id='word_1_439' title='bbox 2069 2452 2219 2525; x_wconf 79' lang='lat' dir='ltr'><strong>totus</strong></span> <span class='ocrx_word' id='word_1_440' title='bbox 2257 2459 2320 2498; x_wconf 83' lang='lat' dir='ltr'><strong>ex</strong></span> <span class='ocrx_word' id='word_1_441' title='bbox 2375 2453 2486 2499; x_wconf 94' lang='lat' dir='ltr'><strong>toto</strong></span> <span class='ocrx_word' id='word_1_442' title='bbox 2536 2461 2716 2511; x_wconf 82' lang='lat' dir='ltr'><strong>verus,</strong></span> <span class='ocrx_word' id='word_1_443' title='bbox 2754 2461 2817 2503; x_wconf 88' lang='lat' dir='ltr'><strong>ac</strong></span> <span class='ocrx_word' id='word_1_444' title='bbox 2873 2448 3149 2517; x_wconf 90' lang='lat' dir='ltr'><strong>perfectus</strong></span> <span class='ocrx_word' id='word_1_445' title='bbox 3201 2460 3284 2504; x_wconf 90' lang='lat' dir='ltr'><strong>est</strong></span> <span class='ocrx_word' id='word_1_446' title='bbox 3335 2451 3631 2504; x_wconf 89' lang='lat' dir='ltr'><strong>secundum</strong></span> 
     </span>
    </p>
   </div>
   <div class='ocr_carea' id='block_1_68' title="bbox 2069 2528 3630 2610">
    <p class='ocr_par' dir='ltr' id='par_1_68' title="bbox 2069 2528 3630 2610">
     <span class='ocr_line' id='line_1_68' title="bbox 2069 2528 3630 2610; baseline 0.002 -20"><span class='ocrx_word' id='word_1_447' title='bbox 2069 2535 2194 2591; x_wconf 75' lang='lat' dir='ltr'><strong>fidei</strong></span> <span class='ocrx_word' id='word_1_448' title='bbox 2226 2537 2548 2605; x_wconf 86' lang='lat' dir='ltr'><strong>positiones,</strong></span> <span class='ocrx_word' id='word_1_449' title='bbox 2584 2536 2679 2592; x_wconf 85' lang='lat' dir='ltr'><strong>sed</strong></span> <span class='ocrx_word' id='word_1_450' title='bbox 2712 2553 2886 2608; x_wconf 88' lang='lat' dir='ltr'><strong>neque</strong></span> <span class='ocrx_word' id='word_1_451' title='bbox 2907 2548 2964 2594; x_wconf 91' lang='lat' dir='ltr'><strong>ut</strong></span> <span class='ocrx_word' id='word_1_452' title='bbox 2992 2540 3284 2594; x_wconf 83' lang='lat' dir='ltr'><strong>affirmatio</strong></span> <span class='ocrx_word' id='word_1_453' title='bbox 3311 2551 3364 2595; x_wconf 91' lang='lat' dir='ltr'><strong>et</strong></span> <span class='ocrx_word' id='word_1_454' title='bbox 3397 2528 3630 2610; x_wconf 76' lang='lat' dir='ltr'><strong>negatio.</strong></span> 
     </span>
    </p>
   </div>
   <div class='ocr_carea' id='block_1_69' title="bbox 2069 2628 3636 2700">
    <p class='ocr_par' dir='ltr' id='par_1_69' title="bbox 2069 2628 3636 2700">
     <span class='ocr_line' id='line_1_69' title="bbox 2069 2628 3636 2700; baseline 0.003 -19"><span class='ocrx_word' id='word_1_455' title='bbox 2069 2628 2226 2694; x_wconf 87' lang='lat' dir='ltr'><strong>Nam,</strong></span> <span class='ocrx_word' id='word_1_456' title='bbox 2261 2629 2561 2684; x_wconf 90' lang='lat' dir='ltr'><strong>secundum</strong></span> <span class='ocrx_word' id='word_1_457' title='bbox 2608 2629 2750 2684; x_wconf 89' lang='lat' dir='ltr'><strong>hanc</strong></span> <span class='ocrx_word' id='word_1_458' title='bbox 2797 2631 3190 2700; x_wconf 91' lang='lat' dir='ltr'><strong>oppositionem</strong></span> <span class='ocrx_word' id='word_1_459' title='bbox 3222 2647 3344 2700; x_wconf 73' lang='lat' dir='ltr'><strong>qute</strong></span> <span class='ocrx_word' id='word_1_460' title='bbox 3393 2644 3518 2686; x_wconf 85' lang='lat' dir='ltr'><strong>sunt</strong></span> <span class='ocrx_word' id='word_1_461' title='bbox 3563 2633 3636 2686; x_wconf 87' lang='lat' dir='ltr'><strong>ab</strong></span> 
     </span>
    </p>
   </div>
   <div class='ocr_carea' id='block_1_70' title="bbox 2069 2721 3631 2794">
    <p class='ocr_par' dir='ltr' id='par_1_70' title="bbox 2069 2721 3631 2794">
     <span class='ocr_line' id='line_1_70' title="bbox 2069 2721 3631 2794; baseline -0.001 -17"><span class='ocrx_word' id='word_1_462' title='bbox 2069 2721 2156 2778; x_wconf 91' lang='lat' dir='ltr'><strong>his</strong></span> <span class='ocrx_word' id='word_1_463' title='bbox 2184 2738 2306 2794; x_wconf 65' lang='lat' dir='ltr'><strong>quae</strong></span> <span class='ocrx_word' id='word_1_464' title='bbox 2339 2738 2445 2778; x_wconf 91' lang='lat' dir='ltr'><strong>non</strong></span> <span class='ocrx_word' id='word_1_465' title='bbox 2478 2730 2629 2789; x_wconf 90' lang='lat' dir='ltr'><strong>sunt,</strong></span> <span class='ocrx_word' id='word_1_466' title='bbox 2661 2722 3067 2785; x_wconf 89' lang='lat' dir='ltr'><strong>discernuntur,</strong></span> <span class='ocrx_word' id='word_1_467' title='bbox 3101 2732 3158 2778; x_wconf 93' lang='lat' dir='ltr'><strong>ut</strong></span> <span class='ocrx_word' id='word_1_468' title='bbox 3195 2739 3224 2777; x_wconf 88' lang='lat' dir='ltr'><strong>a</strong></span> <span class='ocrx_word' id='word_1_469' title='bbox 3256 2723 3391 2777; x_wconf 87' lang='lat' dir='ltr'><strong>falso</strong></span> <span class='ocrx_word' id='word_1_470' title='bbox 3418 2738 3631 2777; x_wconf 90' lang='lat' dir='ltr'><strong>verum.</strong></span> 
     </span>
    </p>
   </div>
   <div class='ocr_carea' id='block_1_71' title="bbox 2076 2814 3634 2884">
    <p class='ocr_par' dir='ltr' id='par_1_71' title="bbox 2076 2814 3634 2884">
     <span class='ocr_line' id='line_1_71' title="bbox 2076 2814 3634 2884; baseline 0 -16"><span class='ocrx_word' id='word_1_471' title='bbox 2076 2814 2244 2870; x_wconf 87' lang='lat' dir='ltr'><strong>Porro</strong></span> <span class='ocrx_word' id='word_1_472' title='bbox 2275 2816 2327 2870; x_wconf 89' lang='lat' dir='ltr'><strong>itt</strong></span> <span class='ocrx_word' id='word_1_473' title='bbox 2379 2816 2487 2870; x_wconf 90' lang='lat' dir='ltr'><strong>Deo</strong></span> <span class='ocrx_word' id='word_1_474' title='bbox 2533 2814 2713 2870; x_wconf 90' lang='lat' dir='ltr'><strong>nullus</strong></span> <span class='ocrx_word' id='word_1_475' title='bbox 2744 2831 2850 2872; x_wconf 92' lang='lat' dir='ltr'><strong>non</strong></span> <span class='ocrx_word' id='word_1_476' title='bbox 2886 2815 3104 2870; x_wconf 89' lang='lat' dir='ltr'><strong>essendi</strong></span> <span class='ocrx_word' id='word_1_477' title='bbox 3153 2817 3304 2884; x_wconf 82' lang='lat' dir='ltr'><strong>locus</strong></span> <span class='ocrx_word' id='word_1_478' title='bbox 3352 2825 3456 2869; x_wconf 90' lang='lat' dir='ltr'><strong>est.</strong></span> <span class='ocrx_word' id='word_1_479' title='bbox 3492 2816 3634 2869; x_wconf 84' lang='lat' dir='ltr'><strong>Deus</strong></span> 
     </span>
    </p>
   </div>
   <div class='ocr_carea' id='block_1_72' title="bbox 2067 2891 3638 2977">
    <p class='ocr_par' dir='ltr' id='par_1_72' title="bbox 2067 2891 3638 2977">
     <span class='ocr_line' id='line_1_72' title="bbox 2067 2891 3638 2977; baseline -0.001 -15"><span class='ocrx_word' id='word_1_480' title='bbox 2067 2891 2514 2963; x_wconf 42' lang='lat' dir='ltr'><strong>euitn&#39;essentia</strong></span> <span class='ocrx_word' id='word_1_481' title='bbox 2577 2906 3114 2977; x_wconf 87' lang='lat' dir='ltr'><strong>supersubstantialis</strong></span> <span class='ocrx_word' id='word_1_482' title='bbox 3176 2918 3282 2973; x_wconf 88' lang='lat' dir='ltr'><strong>est,</strong></span> <span class='ocrx_word' id='word_1_483' title='bbox 3346 2907 3638 2976; x_wconf 82' lang='lat' dir='ltr'><strong>virtusque</strong></span> 
     </span>
    </p>
   </div>
   <div class='ocr_carea' id='block_1_73' title="bbox 2065 2999 3634 3070">
    <p class='ocr_par' dir='ltr' id='par_1_73' title="bbox 2065 2999 3634 3070">
     <span class='ocr_line' id='line_1_73' title="bbox 2065 2999 3634 3070; baseline -0.002 -16"><span class='ocrx_word' id='word_1_484' title='bbox 2065 3000 2215 3054; x_wconf 85' lang='lat' dir='ltr'><strong>omni</strong></span> <span class='ocrx_word' id='word_1_485' title='bbox 2246 3001 2449 3055; x_wconf 87' lang='lat' dir='ltr'><strong>virtute</strong></span> <span class='ocrx_word' id='word_1_486' title='bbox 2476 3001 2727 3070; x_wconf 89' lang='lat' dir='ltr'><strong>superior</strong></span> <span class='ocrx_word' id='word_1_487' title='bbox 2750 3010 2804 3055; x_wconf 90' lang='lat' dir='ltr'><strong>et</strong></span> <span class='ocrx_word' id='word_1_488' title='bbox 2835 2999 3210 3064; x_wconf 56' lang='lat' dir='ltr'><strong>exsatientior,</strong></span> <span class='ocrx_word' id='word_1_489' title='bbox 3237 3008 3397 3067; x_wconf 87' lang='lat' dir='ltr'><strong>atque</strong></span> <span class='ocrx_word' id='word_1_490' title='bbox 3425 3000 3634 3053; x_wconf 82' lang='lat' dir='ltr'><strong>incom-</strong></span> 
     </span>
    </p>
   </div>
   <div class='ocr_carea' id='block_1_74' title="bbox 2067 3091 3637 3159">
    <p class='ocr_par' dir='ltr' id='par_1_74' title="bbox 2067 3091 3637 3159">
     <span class='ocr_line' id='line_1_74' title="bbox 2067 3091 3637 3159; baseline -0.003 -14"><span class='ocrx_word' id='word_1_491' title='bbox 2067 3092 2344 3146; x_wconf 75' lang='lat' dir='ltr'><strong>mutabilis</strong></span> <span class='ocrx_word' id='word_1_492' title='bbox 2370 3093 2598 3148; x_wconf 85' lang='lat' dir='ltr'><strong>veritas.</strong></span> <span class='ocrx_word' id='word_1_493' title='bbox 2652 3091 2791 3147; x_wconf 79' lang='lat' dir='ltr'><strong>Deus</strong></span> <span class='ocrx_word' id='word_1_494' title='bbox 2823 3091 2961 3146; x_wconf 79' lang='lat' dir='ltr'><strong>enim</strong></span> <span class='ocrx_word' id='word_1_495' title='bbox 3003 3105 3059 3146; x_wconf 77' lang='lat' dir='ltr'><strong>se</strong></span> <span class='ocrx_word' id='word_1_496' title='bbox 3109 3091 3279 3159; x_wconf 81' lang='lat' dir='ltr'><strong>ipsum</strong></span> <span class='ocrx_word' id='word_1_497' title='bbox 3310 3105 3500 3158; x_wconf 78' lang='lat' dir='ltr'><strong>negare</strong></span> <span class='ocrx_word' id='word_1_498' title='bbox 3531 3105 3637 3143; x_wconf 89' lang='lat' dir='ltr'><strong>non</strong></span> 
     </span>
    </p>
   </div>
   <div class='ocr_carea' id='block_1_75' title="bbox 2067 3183 3346 3262">
    <p class='ocr_par' dir='ltr' id='par_1_75' title="bbox 2067 3183 3346 3262">
     <span class='ocr_line' id='line_1_75' title="bbox 2067 3183 3346 3262; baseline 0.002 -25"><span class='ocrx_word' id='word_1_499' title='bbox 2067 3193 2256 3250; x_wconf 81' lang='lat' dir='ltr'><strong>potest,</strong></span> <span class='ocrx_word' id='word_1_500' title='bbox 2291 3191 2346 3238; x_wconf 94' lang='lat' dir='ltr'><strong>ut</strong></span> <span class='ocrx_word' id='word_1_501' title='bbox 2385 3184 2460 3237; x_wconf 89' lang='lat' dir='ltr'><strong>ait</strong></span> <span class='ocrx_word' id='word_1_502' title='bbox 2486 3183 2684 3239; x_wconf 87' lang='lat' dir='ltr'><strong>Paulus</strong></span> <span class='ocrx_word' id='word_1_503' title='bbox 2707 3185 2749 3238; x_wconf 84' lang='grc'><strong>¹.</strong></span> <span class='ocrx_word' id='word_1_504' title='bbox 3329 3251 3346 3262; x_wconf 40' lang='grc' dir='ltr'><strong><em>ο</em></strong></span> 
     </span>
    </p>
   </div>
   <div class='ocr_carea' id='block_1_76' title="bbox 2087 3270 3631 3344">
    <p class='ocr_par' dir='ltr' id='par_1_76' title="bbox 2087 3270 3631 3344">
     <span class='ocr_line' id='line_1_76' title="bbox 2087 3270 3631 3344; baseline -0.003 -17"><span class='ocrx_word' id='word_1_505' title='bbox 2087 3323 2092 3327; x_wconf 84' lang='grc'><strong><em>,</em></strong></span> <span class='ocrx_word' id='word_1_506' title='bbox 2143 3273 2412 3330; x_wconf 80' lang='lat' dir='ltr'><strong>Praeterea</strong></span> <span class='ocrx_word' id='word_1_507' title='bbox 2451 3288 2557 3328; x_wconf 89' lang='lat' dir='ltr'><strong>non</strong></span> <span class='ocrx_word' id='word_1_508' title='bbox 2592 3283 2675 3330; x_wconf 88' lang='lat' dir='ltr'><strong>est</strong></span> <span class='ocrx_word' id='word_1_509' title='bbox 2709 3273 2946 3344; x_wconf 72' lang='lat' dir='ltr'><strong>negatio.</strong></span> <span class='ocrx_word' id='word_1_510' title='bbox 2987 3273 3129 3342; x_wconf 88' lang='lat' dir='ltr'><strong>quod</strong></span> <span class='ocrx_word' id='word_1_511' title='bbox 3165 3271 3463 3327; x_wconf 87' lang='lat' dir='ltr'><strong>affirmatio</strong></span> <span class='ocrx_word' id='word_1_512' title='bbox 3501 3270 3631 3326; x_wconf 83' lang='lat' dir='ltr'><strong>sitn-</strong></span> 
     </span>
    </p>
   </div>
   <div class='ocr_carea' id='block_1_77' title="bbox 2073 3364 3637 3433">
    <p class='ocr_par' dir='ltr' id='par_1_77' title="bbox 2073 3364 3637 3433">
     <span class='ocr_line' id='line_1_77' title="bbox 2073 3364 3637 3433; baseline -0.001 -16"><span class='ocrx_word' id='word_1_513' title='bbox 2073 3367 2308 3432; x_wconf 85' lang='lat' dir='ltr'><strong>pliciter.</strong></span> <span class='ocrx_word' id='word_1_514' title='bbox 2357 3366 2592 3421; x_wconf 84' lang='lat' dir='ltr'><strong>Persona</strong></span> <span class='ocrx_word' id='word_1_515' title='bbox 2639 3375 2826 3421; x_wconf 88' lang='lat' dir='ltr'><strong>autem</strong></span> <span class='ocrx_word' id='word_1_516' title='bbox 2871 3379 2976 3420; x_wconf 90' lang='lat' dir='ltr'><strong>una</strong></span> <span class='ocrx_word' id='word_1_517' title='bbox 3008 3374 3091 3420; x_wconf 87' lang='lat' dir='ltr'><strong>est</strong></span> <span class='ocrx_word' id='word_1_518' title='bbox 3115 3364 3458 3433; x_wconf 88' lang='lat' dir='ltr'><strong>simpliciter,</strong></span> <span class='ocrx_word' id='word_1_519' title='bbox 3492 3366 3637 3432; x_wconf 89' lang='lat' dir='ltr'><strong>quod</strong></span> 
     </span>
    </p>
   </div>
   <div class='ocr_carea' id='block_1_78' title="bbox 2073 3453 3641 3527">
    <p class='ocr_par' dir='ltr' id='par_1_78' title="bbox 2073 3453 3641 3527">
     <span class='ocr_line' id='line_1_78' title="bbox 2073 3453 3641 3527; baseline -0.004 -15"><span class='ocrx_word' id='word_1_520' title='bbox 2073 3460 2275 3525; x_wconf 85' lang='lat' dir='ltr'><strong>altera;</strong></span> <span class='ocrx_word' id='word_1_521' title='bbox 2311 3460 2606 3514; x_wconf 89' lang='lat' dir='ltr'><strong>secundum</strong></span> <span class='ocrx_word' id='word_1_522' title='bbox 2634 3459 2926 3516; x_wconf 83' lang='lat' dir='ltr'><strong>relationes</strong></span> <span class='ocrx_word' id='word_1_523' title='bbox 2958 3457 3174 3527; x_wconf 88' lang='lat' dir='ltr'><strong>quidem</strong></span> <span class='ocrx_word' id='word_1_524' title='bbox 3208 3454 3348 3518; x_wconf 65' lang='lat' dir='ltr'><strong>duae,</strong></span> <span class='ocrx_word' id='word_1_525' title='bbox 3375 3453 3641 3523; x_wconf 80' lang='lat' dir='ltr'><strong>simplici-</strong></span> 
     </span>
    </p>
   </div>
   <div class='ocr_carea' id='block_1_79' title="bbox 2075 3550 3638 3618">
    <p class='ocr_par' dir='ltr' id='par_1_79' title="bbox 2075 3550 3638 3618">
     <span class='ocr_line' id='line_1_79' title="bbox 2075 3550 3638 3618; baseline -0.001 -15"><span class='ocrx_word' id='word_1_526' title='bbox 2075 3561 2156 3606; x_wconf 88' lang='lat' dir='ltr'><strong>ter</strong></span> <span class='ocrx_word' id='word_1_527' title='bbox 2185 3561 2364 3607; x_wconf 84' lang='lat' dir='ltr'><strong>autem</strong></span> <span class='ocrx_word' id='word_1_528' title='bbox 2399 3568 2526 3605; x_wconf 87' lang='lat' dir='ltr'><strong>una.</strong></span> <span class='ocrx_word' id='word_1_529' title='bbox 2553 3551 2688 3618; x_wconf 75' lang='lat' dir='ltr'><strong>Nam</strong></span> <span class='ocrx_word' id='word_1_530' title='bbox 2727 3551 3026 3608; x_wconf 71' lang='lat' dir='ltr'><strong>secundum</strong></span> <span class='ocrx_word' id='word_1_531' title='bbox 3074 3550 3392 3614; x_wconf 84' lang='lat' dir='ltr'><strong>essentiam,</strong></span> <span class='ocrx_word' id='word_1_532' title='bbox 3417 3559 3472 3603; x_wconf 87' lang='lat' dir='ltr'><strong>et</strong></span> <span class='ocrx_word' id='word_1_533' title='bbox 3515 3562 3638 3602; x_wconf 85' lang='lat' dir='ltr'><strong>esse</strong></span> 
     </span>
    </p>
   </div>
   <div class='ocr_carea' id='block_1_80' title="bbox 2074 3631 3637 3716">
    <p class='ocr_par' dir='ltr' id='par_1_80' title="bbox 2074 3631 3637 3716">
     <span class='ocr_line' id='line_1_80' title="bbox 2074 3631 3637 3716; baseline -0.005 -17"><span class='ocrx_word' id='word_1_534' title='bbox 2074 3645 2257 3699; x_wconf 89' lang='lat' dir='ltr'><strong>unitas</strong></span> <span class='ocrx_word' id='word_1_535' title='bbox 2285 3647 2363 3701; x_wconf 91' lang='lat' dir='ltr'><strong>eis</strong></span> <span class='ocrx_word' id='word_1_536' title='bbox 2391 3657 2472 3701; x_wconf 89' lang='lat' dir='ltr'><strong>est</strong></span> <span class='ocrx_word' id='word_1_537' title='bbox 2513 3665 2528 3702; x_wconf 89' lang='lat'><strong>:</strong></span> <span class='ocrx_word' id='word_1_538' title='bbox 2579 3645 2692 3716; x_wconf 85' lang='lat' dir='ltr'><strong>Ego</strong></span> <span class='ocrx_word' id='word_1_539' title='bbox 2745 3646 2886 3699; x_wconf 71' lang='lat' dir='ltr'><strong>enim</strong></span> <span class='ocrx_word' id='word_1_540' title='bbox 2930 3655 2980 3699; x_wconf 80' lang='lat' dir='ltr'><strong>ct</strong></span> <span class='ocrx_word' id='word_1_541' title='bbox 3028 3631 3212 3709; x_wconf 81' lang='lat' dir='ltr'><strong>Pater,</strong></span> <span class='ocrx_word' id='word_1_542' title='bbox 3245 3643 3440 3712; x_wconf 87' lang='lat' dir='ltr'><strong>inquit,</strong></span> <span class='ocrx_word' id='word_1_543' title='bbox 3473 3655 3637 3694; x_wconf 74' lang='lat' dir='ltr'><strong>unum</strong></span> 
     </span>
    </p>
   </div>
   <div class='ocr_carea' id='block_1_81' title="bbox 2071 3736 3639 3807">
    <p class='ocr_par' dir='ltr' id='par_1_81' title="bbox 2071 3736 3639 3807">
     <span class='ocr_line' id='line_1_81' title="bbox 2071 3736 3639 3807; baseline 0.002 -18"><span class='ocrx_word' id='word_1_544' title='bbox 2071 3752 2251 3790; x_wconf 79' lang='lat' dir='ltr'><strong>sumus</strong></span> <span class='ocrx_word' id='word_1_545' title='bbox 2280 3737 2300 3768; x_wconf 88' lang='grc'><em>³</em></span> <span class='ocrx_word' id='word_1_546' title='bbox 2329 3755 2342 3791; x_wconf 90' lang='lat'><strong>:</strong></span> <span class='ocrx_word' id='word_1_547' title='bbox 2375 3747 2426 3791; x_wconf 90' lang='lat' dir='ltr'><strong>et</strong></span> <span class='ocrx_word' id='word_1_548' title='bbox 2475 3740 2687 3807; x_wconf 77' lang='lat' dir='ltr'><strong>negatio</strong></span> <span class='ocrx_word' id='word_1_549' title='bbox 2711 3737 2930 3807; x_wconf 86' lang='lat' dir='ltr'><strong>quidem</strong></span> <span class='ocrx_word' id='word_1_550' title='bbox 2978 3736 3225 3805; x_wconf 85' lang='lat' dir='ltr'><strong>sequitur</strong></span> <span class='ocrx_word' id='word_1_551' title='bbox 3275 3748 3336 3789; x_wconf 87' lang='lat' dir='ltr'><strong>ea</strong></span> <span class='ocrx_word' id='word_1_552' title='bbox 3371 3748 3490 3801; x_wconf 81' lang='lat' dir='ltr'><strong>quae</strong></span> <span class='ocrx_word' id='word_1_553' title='bbox 3541 3747 3639 3800; x_wconf 76' lang='lat' dir='ltr'><strong>per</strong></span> 
     </span>
    </p>
   </div>
   <div class='ocr_carea' id='block_1_82' title="bbox 2075 3827 3635 3901">
    <p class='ocr_par' dir='ltr' id='par_1_82' title="bbox 2075 3827 3635 3901">
     <span class='ocr_line' id='line_1_82' title="bbox 2075 3827 3635 3901; baseline -0.001 -19"><span class='ocrx_word' id='word_1_554' title='bbox 2075 3828 2180 3884; x_wconf 88' lang='lat' dir='ltr'><strong>aiia</strong></span> <span class='ocrx_word' id='word_1_555' title='bbox 2213 3832 2505 3886; x_wconf 83' lang='lat' dir='ltr'><strong>indiscreta</strong></span> <span class='ocrx_word' id='word_1_556' title='bbox 2533 3839 2702 3899; x_wconf 83' lang='lat' dir='ltr'><strong>sunt;</strong></span> <span class='ocrx_word' id='word_1_557' title='bbox 2729 3831 2942 3901; x_wconf 71' lang='lat' dir='ltr'><strong>signum</strong></span> <span class='ocrx_word' id='word_1_558' title='bbox 2972 3830 3116 3886; x_wconf 88' lang='lat' dir='ltr'><strong>enim</strong></span> <span class='ocrx_word' id='word_1_559' title='bbox 3139 3827 3506 3891; x_wconf 86' lang='lat' dir='ltr'><strong>discretionis,</strong></span> <span class='ocrx_word' id='word_1_560' title='bbox 3529 3841 3635 3880; x_wconf 91' lang='lat' dir='ltr'><strong>non</strong></span> 
     </span>
    </p>
   </div>
   <div class='ocr_carea' id='block_1_83' title="bbox 2073 3923 3638 3998">
    <p class='ocr_par' dir='ltr' id='par_1_83' title="bbox 2073 3923 3638 3998">
     <span class='ocr_line' id='line_1_83' title="bbox 2073 3923 3638 3998; baseline -0.001 -22"><span class='ocrx_word' id='word_1_561' title='bbox 2073 3933 2256 3998; x_wconf 72' lang='lat' dir='ltr'><strong>autern</strong></span> <span class='ocrx_word' id='word_1_562' title='bbox 2291 3925 2696 3980; x_wconf 81' lang='lat' dir='ltr'><strong>discretionem</strong></span> <span class='ocrx_word' id='word_1_563' title='bbox 2756 3924 2906 3980; x_wconf 85' lang='lat' dir='ltr'><strong>facit.</strong></span> <span class='ocrx_word' id='word_1_564' title='bbox 2956 3924 3131 3979; x_wconf 77' lang='lat' dir='ltr'><strong>ilomo</strong></span> <span class='ocrx_word' id='word_1_565' title='bbox 3182 3923 3328 3978; x_wconf 91' lang='lat' dir='ltr'><strong>enim</strong></span> <span class='ocrx_word' id='word_1_566' title='bbox 3379 3933 3435 3978; x_wconf 89' lang='lat' dir='ltr'><strong>et</strong></span> <span class='ocrx_word' id='word_1_567' title='bbox 3490 3923 3638 3974; x_wconf 87' lang='lat' dir='ltr'><strong>aliud</strong></span> 
     </span>
    </p>
   </div>
   <div class='ocr_carea' id='block_1_84' title="bbox 2075 4012 3640 4084">
    <p class='ocr_par' dir='ltr' id='par_1_84' title="bbox 2075 4012 3640 4084">
     <span class='ocr_line' id='line_1_84' title="bbox 2075 4012 3640 4084; baseline -0.003 -15"><span class='ocrx_word' id='word_1_568' title='bbox 2075 4015 2350 4084; x_wconf 85' lang='lat' dir='ltr'><strong>quodlibet</strong></span> <span class='ocrx_word' id='word_1_569' title='bbox 2411 4014 2610 4082; x_wconf 78' lang='lat' dir='ltr'><strong>animal</strong></span> <span class='ocrx_word' id='word_1_570' title='bbox 2663 4015 2876 4071; x_wconf 81' lang='lat' dir='ltr'><strong>ratione</strong></span> <span class='ocrx_word' id='word_1_571' title='bbox 2930 4023 2984 4067; x_wconf 94' lang='lat' dir='ltr'><strong>et</strong></span> <span class='ocrx_word' id='word_1_572' title='bbox 3050 4014 3351 4084; x_wconf 88' lang='lat' dir='ltr'><strong>privatione</strong></span> <span class='ocrx_word' id='word_1_573' title='bbox 3413 4012 3640 4068; x_wconf 83' lang='lat' dir='ltr'><strong>rationis</strong></span> 
     </span>
    </p>
   </div>
   <div class='ocr_carea' id='block_1_85' title="bbox 2074 4105 3639 4179">
    <p class='ocr_par' dir='ltr' id='par_1_85' title="bbox 2074 4105 3639 4179">
     <span class='ocr_line' id='line_1_85' title="bbox 2074 4105 3639 4179; baseline -0.002 -18"><span class='ocrx_word' id='word_1_574' title='bbox 2074 4109 2498 4179; x_wconf 81' lang='lat' dir='ltr'><strong>discernuntur;</strong></span> <span class='ocrx_word' id='word_1_575' title='bbox 2541 4123 2666 4163; x_wconf 86' lang='lat' dir='ltr'><strong>cum</strong></span> <span class='ocrx_word' id='word_1_576' title='bbox 2699 4108 3040 4173; x_wconf 85' lang='lat' dir='ltr'><strong>irrationale,</strong></span> <span class='ocrx_word' id='word_1_577' title='bbox 3074 4117 3132 4162; x_wconf 91' lang='lat' dir='ltr'><strong>ut</strong></span> <span class='ocrx_word' id='word_1_578' title='bbox 3163 4107 3376 4176; x_wconf 88' lang='lat' dir='ltr'><strong>species</strong></span> <span class='ocrx_word' id='word_1_579' title='bbox 3411 4106 3466 4161; x_wconf 93' lang='lat' dir='ltr'><strong>in</strong></span> <span class='ocrx_word' id='word_1_580' title='bbox 3499 4105 3639 4160; x_wconf 84' lang='lat' dir='ltr'><strong>divi-</strong></span> 
     </span>
    </p>
   </div>
   <div class='ocr_carea' id='block_1_86' title="bbox 2074 4183 3640 4274">
    <p class='ocr_par' dir='ltr' id='par_1_86' title="bbox 2074 4183 3640 4274">
     <span class='ocr_line' id='line_1_86' title="bbox 2074 4183 3640 4274; baseline -0.001 -22"><span class='ocrx_word' id='word_1_581' title='bbox 2074 4183 2322 4252; x_wconf 86' lang='lat' dir='ltr'><strong>sionibus</strong></span> <span class='ocrx_word' id='word_1_582' title='bbox 2353 4185 2674 4274; x_wconf 64' lang='lat' dir='ltr'><strong>accipiatur.</strong></span> <span class='ocrx_word' id='word_1_583' title='bbox 2711 4196 2980 4252; x_wconf 84' lang='lat' dir='ltr'><strong>Caeterum</strong></span> <span class='ocrx_word' id='word_1_584' title='bbox 3037 4212 3142 4251; x_wconf 93' lang='lat' dir='ltr'><strong>non</strong></span> <span class='ocrx_word' id='word_1_585' title='bbox 3180 4212 3245 4251; x_wconf 91' lang='lat' dir='ltr'><strong>eo</strong></span> <span class='ocrx_word' id='word_1_586' title='bbox 3291 4199 3436 4267; x_wconf 85' lang='lat' dir='ltr'><strong>quod</strong></span> <span class='ocrx_word' id='word_1_587' title='bbox 3475 4198 3640 4252; x_wconf 90' lang='lat' dir='ltr'><strong>homo</strong></span> 
     </span>
    </p>
   </div>
   <div class='ocr_carea' id='block_1_87' title="bbox 2073 4287 3638 4358">
    <p class='ocr_par' dir='ltr' id='par_1_87' title="bbox 2073 4287 3638 4358">
     <span class='ocr_line' id='line_1_87' title="bbox 2073 4287 3638 4358; baseline 0.002 -17"><span class='ocrx_word' id='word_1_588' title='bbox 2073 4295 2270 4352; x_wconf 75' lang='lat' dir='ltr'><strong>est,.,et</strong></span> <span class='ocrx_word' id='word_1_589' title='bbox 2315 4289 2479 4343; x_wconf 71' lang='lat' dir='ltr'><strong>homo</strong></span> <span class='ocrx_word' id='word_1_590' title='bbox 2519 4303 2624 4356; x_wconf 78' lang='lat' dir='ltr'><strong>non</strong></span> <span class='ocrx_word' id='word_1_591' title='bbox 2665 4298 2769 4344; x_wconf 89' lang='lat' dir='ltr'><strong>est.</strong></span> <span class='ocrx_word' id='word_1_592' title='bbox 2809 4287 2926 4344; x_wconf 73' lang='lat' dir='ltr'><strong>Non</strong></span> <span class='ocrx_word' id='word_1_593' title='bbox 2975 4290 3120 4344; x_wconf 81' lang='lat' dir='ltr'><strong>enim</strong></span> <span class='ocrx_word' id='word_1_594' title='bbox 3156 4289 3258 4346; x_wconf 86' lang='lat' dir='ltr'><strong>hoc</strong></span> <span class='ocrx_word' id='word_1_595' title='bbox 3291 4299 3396 4354; x_wconf 89' lang='lat' dir='ltr'><strong>est,</strong></span> <span class='ocrx_word' id='word_1_596' title='bbox 3437 4302 3638 4358; x_wconf 77' lang='lat' dir='ltr'><strong>equum</strong></span> 
     </span>
    </p>
   </div>
   <div class='ocr_carea' id='block_1_88' title="bbox 2073 4381 3637 4452">
    <p class='ocr_par' dir='ltr' id='par_1_88' title="bbox 2073 4381 3637 4452">
     <span class='ocr_line' id='line_1_88' title="bbox 2073 4381 3637 4452; baseline 0 -16"><span class='ocrx_word' id='word_1_597' title='bbox 2073 4396 2218 4447; x_wconf 86' lang='lat' dir='ltr'><strong>esse,</strong></span> <span class='ocrx_word' id='word_1_598' title='bbox 2266 4381 2409 4452; x_wconf 91' lang='lat' dir='ltr'><strong>quod</strong></span> <span class='ocrx_word' id='word_1_599' title='bbox 2445 4381 2718 4437; x_wconf 78' lang='lat' dir='ltr'><strong>hominem</strong></span> <span class='ocrx_word' id='word_1_600' title='bbox 2774 4395 2884 4438; x_wconf 88' lang='lat' dir='ltr'><strong>non</strong></span> <span class='ocrx_word' id='word_1_601' title='bbox 2928 4396 3075 4439; x_wconf 80' lang='lat' dir='ltr'><strong>esse.</strong></span> <span class='ocrx_word' id='word_1_602' title='bbox 3103 4381 3370 4449; x_wconf 81' lang='lat' dir='ltr'><strong>Quoniam</strong></span> <span class='ocrx_word' id='word_1_603' title='bbox 3413 4395 3548 4437; x_wconf 79' lang='lat' dir='ltr'><strong>vero</strong></span> <span class='ocrx_word' id='word_1_604' title='bbox 3583 4382 3637 4436; x_wconf 86' lang='lat' dir='ltr'><strong>in</strong></span> 
     </span>
    </p>
   </div>
   <div class='ocr_carea' id='block_1_89' title="bbox 2076 4472 3638 4545">
    <p class='ocr_par' dir='ltr' id='par_1_89' title="bbox 2076 4472 3638 4545">
     <span class='ocr_line' id='line_1_89' title="bbox 2076 4472 3638 4545; baseline 0 -17"><span class='ocrx_word' id='word_1_605' title='bbox 2076 4474 2164 4530; x_wconf 80' lang='lat' dir='ltr'><strong>his</strong></span> <span class='ocrx_word' id='word_1_606' title='bbox 2196 4487 2316 4544; x_wconf 67' lang='lat' dir='ltr'><strong>qua</strong></span> <span class='ocrx_word' id='word_1_607' title='bbox 2353 4472 2421 4528; x_wconf 87' lang='lat' dir='ltr'><strong>ad</strong></span> <span class='ocrx_word' id='word_1_608' title='bbox 2473 4473 2699 4544; x_wconf 81' lang='lat' dir='ltr'><strong>aliquid,</strong></span> <span class='ocrx_word' id='word_1_609' title='bbox 2748 4489 2871 4545; x_wconf 70' lang='lat' dir='ltr'><strong>quas</strong></span> <span class='ocrx_word' id='word_1_610' title='bbox 2900 4475 2954 4533; x_wconf 85' lang='lat' dir='ltr'><strong>in</strong></span> <span class='ocrx_word' id='word_1_611' title='bbox 2986 4476 3222 4531; x_wconf 77' lang='lat' dir='ltr'><strong>essentia</strong></span> <span class='ocrx_word' id='word_1_612' title='bbox 3276 4473 3638 4544; x_wconf 75' lang='lat' dir='ltr'><strong>inspiciuntur</strong></span> 
     </span>
    </p>
   </div>
   <div class='ocr_carea' id='block_1_90' title="bbox 410 4558 3638 4640">
    <p class='ocr_par' dir='ltr' id='par_1_90' title="bbox 410 4558 3638 4640">
     <span class='ocr_line' id='line_1_90' title="bbox 410 4558 3638 4640; baseline -0.002 -23"><span class='ocrx_word' id='word_1_613' title='bbox 410 4571 633 4635; x_wconf 82' lang='lat' dir='ltr'><strong>propter</strong></span> <span class='ocrx_word' id='word_1_614' title='bbox 680 4575 996 4632; x_wconf 79' lang='lat' dir='ltr'><strong>processura</strong></span> <span class='ocrx_word' id='word_1_615' title='bbox 1045 4558 1278 4624; x_wconf 86' lang='lat' dir='ltr'><strong>scilicet,</strong></span> <span class='ocrx_word' id='word_1_616' title='bbox 1328 4559 1626 4612; x_wconf 88' lang='lat' dir='ltr'><strong>secundum</strong></span> <span class='ocrx_word' id='word_1_617' title='bbox 1686 4575 1847 4630; x_wconf 87' lang='lat' dir='ltr'><strong>quem</strong></span> <span class='ocrx_word' id='word_1_618' title='bbox 1902 4575 1967 4615; x_wconf 79' lang='lat' dir='ltr'><strong>ex</strong></span> <span class='ocrx_word' id='word_1_619' title='bbox 2003 4565 2371 4640; x_wconf 78' lang='lat' dir='ltr'><strong>Dsecundum</strong></span> <span class='ocrx_word' id='word_1_620' title='bbox 2406 4566 2634 4632; x_wconf 71' lang='lat' dir='ltr'><strong>scilicet</strong></span> <span class='ocrx_word' id='word_1_621' title='bbox 2687 4581 2912 4623; x_wconf 68' lang='lat' dir='ltr'><strong>causam</strong></span> <span class='ocrx_word' id='word_1_622' title='bbox 2965 4577 3020 4622; x_wconf 68' lang='lat' dir='ltr'><strong>et</strong></span> <span class='ocrx_word' id='word_1_623' title='bbox 3066 4567 3306 4632; x_wconf 60' lang='lat' dir='ltr'><strong>canale,</strong></span> <span class='ocrx_word' id='word_1_624' title='bbox 3363 4567 3638 4636; x_wconf 59' lang='lat' dir='ltr'><strong>mpm-iu&quot;-</strong></span> 
     </span>
    </p>
   </div>
   <div class='ocr_carea' id='block_1_91' title="bbox 409 4651 1219 4725">
    <p class='ocr_par' dir='ltr' id='par_1_91' title="bbox 409 4651 1219 4725">
     <span class='ocr_line' id='line_1_91' title="bbox 409 4651 1219 4725; baseline -0.006 -13"><span class='ocrx_word' id='word_1_625' title='bbox 409 4658 573 4712; x_wconf 82' lang='lat' dir='ltr'><strong>Patre</strong></span> <span class='ocrx_word' id='word_1_626' title='bbox 600 4671 695 4725; x_wconf 89' lang='lat' dir='ltr'><strong>per</strong></span> <span class='ocrx_word' id='word_1_627' title='bbox 723 4654 919 4710; x_wconf 75' lang='lat' dir='ltr'><strong>Filium</strong></span> <span class='ocrx_word' id='word_1_628' title='bbox 953 4651 1219 4722; x_wconf 87' lang='lat' dir='ltr'><strong>procedit.</strong></span> 
     </span>
    </p>
   </div>
   <div class='ocr_carea' id='block_1_92' title="bbox 477 4742 1973 4816">
    <p class='ocr_par' dir='ltr' id='par_1_92' title="bbox 477 4742 1973 4816">
     <span class='ocr_line' id='line_1_92' title="bbox 477 4742 1973 4816; baseline -0.006 -9"><span class='ocrx_word' id='word_1_629' title='bbox 477 4751 706 4807; x_wconf 84' lang='lat' dir='ltr'><strong>Constat</strong></span> <span class='ocrx_word' id='word_1_630' title='bbox 739 4748 922 4816; x_wconf 88' lang='lat' dir='ltr'><strong>itaque</strong></span> <span class='ocrx_word' id='word_1_631' title='bbox 954 4743 1341 4802; x_wconf 80' lang='lat' dir='ltr'><strong>substantiales</strong></span> <span class='ocrx_word' id='word_1_632' title='bbox 1383 4742 1762 4814; x_wconf 81' lang='lat' dir='ltr'><strong>prOprietates,</strong></span> <span class='ocrx_word' id='word_1_633' title='bbox 1791 4754 1973 4812; x_wconf 79' lang='lat' dir='ltr'><strong>pater-</strong></span> 
     </span>
    </p>
   </div>
   <div class='ocr_carea' id='block_1_93' title="bbox 412 4836 1969 4904">
    <p class='ocr_par' dir='ltr' id='par_1_93' title="bbox 412 4836 1969 4904">
     <span class='ocr_line' id='line_1_93' title="bbox 412 4836 1969 4904; baseline -0.004 -9"><span class='ocrx_word' id='word_1_634' title='bbox 412 4843 638 4896; x_wconf 87' lang='lat' dir='ltr'><strong>nitatem</strong></span> <span class='ocrx_word' id='word_1_635' title='bbox 667 4847 720 4896; x_wconf 87' lang='lat' dir='ltr'><strong>et</strong></span> <span class='ocrx_word' id='word_1_636' title='bbox 749 4838 1113 4899; x_wconf 79' lang='lat' dir='ltr'><strong>nativitatem,</strong></span> <span class='ocrx_word' id='word_1_637' title='bbox 1141 4846 1191 4891; x_wconf 85' lang='lat' dir='ltr'><strong>et</strong></span> <span class='ocrx_word' id='word_1_638' title='bbox 1221 4836 1645 4904; x_wconf 80' lang='lat' dir='ltr'><strong>processionem,</strong></span> <span class='ocrx_word' id='word_1_639' title='bbox 1677 4836 1969 4890; x_wconf 88' lang='lat' dir='ltr'><strong>secundum</strong></span> 
     </span>
    </p>
   </div>
   <div class='ocr_carea' id='block_1_94' title="bbox 415 4927 1976 4995">
    <p class='ocr_par' dir='ltr' id='par_1_94' title="bbox 415 4927 1976 4995">
     <span class='ocr_line' id='line_1_94' title="bbox 415 4927 1976 4995; baseline -0.002 -11"><span class='ocrx_word' id='word_1_640' title='bbox 415 4947 660 4994; x_wconf 86' lang='lat' dir='ltr'><strong>causam,</strong></span> <span class='ocrx_word' id='word_1_641' title='bbox 693 4929 933 4990; x_wconf 82' lang='lat' dir='ltr'><strong>causale,</strong></span> <span class='ocrx_word' id='word_1_642' title='bbox 971 4927 1182 4981; x_wconf 85' lang='lat' dir='ltr'><strong>divinas</strong></span> <span class='ocrx_word' id='word_1_643' title='bbox 1226 4929 1441 4994; x_wconf 72' lang='lat' dir='ltr'><strong>signare</strong></span> <span class='ocrx_word' id='word_1_644' title='bbox 1473 4940 1767 4994; x_wconf 83' lang='lat' dir='ltr'><strong>personas;</strong></span> <span class='ocrx_word' id='word_1_645' title='bbox 1817 4937 1976 4995; x_wconf 91' lang='lat' dir='ltr'><strong>atque</strong></span> 
     </span>
    </p>
   </div>
   <div class='ocr_carea' id='block_1_95' title="bbox 415 5016 1974 5085">
    <p class='ocr_par' dir='ltr' id='par_1_95' title="bbox 415 5016 1974 5085">
     <span class='ocr_line' id='line_1_95' title="bbox 415 5016 1974 5085; baseline -0.005 -9"><span class='ocrx_word' id='word_1_646' title='bbox 415 5023 537 5076; x_wconf 88' lang='lat' dir='ltr'><strong>ideo</strong></span> <span class='ocrx_word' id='word_1_647' title='bbox 589 5018 976 5076; x_wconf 85' lang='lat' dir='ltr'><strong>substantiales</strong></span> <span class='ocrx_word' id='word_1_648' title='bbox 1023 5027 1076 5070; x_wconf 86' lang='lat' dir='ltr'><strong>et</strong></span> <span class='ocrx_word' id='word_1_649' title='bbox 1133 5017 1385 5085; x_wconf 78' lang='lat' dir='ltr'><strong>praprias</strong></span> <span class='ocrx_word' id='word_1_650' title='bbox 1442 5016 1737 5070; x_wconf 87' lang='lat' dir='ltr'><strong>secundum</strong></span> <span class='ocrx_word' id='word_1_651' title='bbox 1791 5031 1869 5080; x_wconf 85' lang='lat' dir='ltr'><strong>se,</strong></span> <span class='ocrx_word' id='word_1_652' title='bbox 1914 5031 1974 5069; x_wconf 90' lang='lat' dir='ltr'><strong>ac</strong></span> 
     </span>
    </p>
   </div>
   <div class='ocr_carea' id='block_1_96' title="bbox 419 5089 1972 5185">
    <p class='ocr_par' dir='ltr' id='par_1_96' title="bbox 419 5089 1972 5185">
     <span class='ocr_line' id='line_1_96' title="bbox 419 5089 1972 5185; baseline -0.006 -18"><span class='ocrx_word' id='word_1_653' title='bbox 419 5115 634 5185; x_wconf 78' lang='lat' dir='ltr'><strong>preprie</strong></span> <span class='ocrx_word' id='word_1_654' title='bbox 675 5111 802 5174; x_wconf 87' lang='lat' dir='ltr'><strong>dici,</strong></span> <span class='ocrx_word' id='word_1_655' title='bbox 835 5089 1187 5176; x_wconf 47' lang='lat' dir='ltr'><strong>solisque’his</strong></span> <span class='ocrx_word' id='word_1_656' title='bbox 1217 5106 1640 5174; x_wconf 82' lang='lat' dir='ltr'><strong>preprietatibus</strong></span> <span class='ocrx_word' id='word_1_657' title='bbox 1671 5106 1972 5160; x_wconf 88' lang='lat' dir='ltr'><strong>divinarmn</strong></span> 
     </span>
    </p>
   </div>
   <div class='ocr_carea' id='block_1_97' title="bbox 419 5199 1976 5284">
    <p class='ocr_par' dir='ltr' id='par_1_97' title="bbox 419 5199 1976 5284">
     <span class='ocr_line' id='line_1_97' title="bbox 419 5199 1976 5284; baseline -0.009 -17"><span class='ocrx_word' id='word_1_658' title='bbox 419 5223 775 5284; x_wconf 86' lang='lat' dir='ltr'><strong>personarum</strong></span> <span class='ocrx_word' id='word_1_659' title='bbox 833 5205 1192 5261; x_wconf 78' lang='lat' dir='ltr'><strong>differentiam</strong></span> <span class='ocrx_word' id='word_1_660' title='bbox 1249 5201 1492 5271; x_wconf 79' lang='lat' dir='ltr'><strong>intelligi.</strong></span> <span class='ocrx_word' id='word_1_661' title='bbox 1554 5199 1615 5254; x_wconf 86' lang='lat' dir='ltr'><strong>Et</strong></span> <span class='ocrx_word' id='word_1_662' title='bbox 1672 5199 1801 5254; x_wconf 89' lang='lat' dir='ltr'><strong>illud</strong></span> <span class='ocrx_word' id='word_1_663' title='bbox 1851 5200 1976 5254; x_wconf 89' lang='lat' dir='ltr'><strong>item</strong></span> 
     </span>
    </p>
   </div>
   <div class='ocr_carea' id='block_1_98' title="bbox 419 5292 1979 5367">
    <p class='ocr_par' dir='ltr' id='par_1_98' title="bbox 419 5292 1979 5367">
     <span class='ocr_line' id='line_1_98' title="bbox 419 5292 1979 5367; baseline -0.007 -9"><span class='ocrx_word' id='word_1_664' title='bbox 419 5313 658 5365; x_wconf 85' lang='lat' dir='ltr'><strong>constat,</strong></span> <span class='ocrx_word' id='word_1_665' title='bbox 699 5298 1056 5367; x_wconf 82' lang='lat' dir='ltr'><strong>preprietates</strong></span> <span class='ocrx_word' id='word_1_666' title='bbox 1091 5293 1305 5362; x_wconf 86' lang='lat' dir='ltr'><strong>quidem</strong></span> <span class='ocrx_word' id='word_1_667' title='bbox 1336 5292 1632 5348; x_wconf 90' lang='lat' dir='ltr'><strong>secundum</strong></span> <span class='ocrx_word' id='word_1_668' title='bbox 1659 5306 1897 5355; x_wconf 84' lang='lat' dir='ltr'><strong>causam,</strong></span> <span class='ocrx_word' id='word_1_669' title='bbox 1929 5304 1979 5347; x_wconf 90' lang='lat' dir='ltr'><strong>et</strong></span> 
     </span>
    </p>
   </div>
   <div class='ocr_carea' id='block_1_99' title="bbox 416 5384 1971 5455">
    <p class='ocr_par' dir='ltr' id='par_1_99' title="bbox 416 5384 1971 5455">
     <span class='ocr_line' id='line_1_99' title="bbox 416 5384 1971 5455; baseline -0.009 -5"><span class='ocrx_word' id='word_1_670' title='bbox 416 5395 634 5450; x_wconf 87' lang='lat' dir='ltr'><strong>causale</strong></span> <span class='ocrx_word' id='word_1_671' title='bbox 668 5389 1027 5445; x_wconf 82' lang='lat' dir='ltr'><strong>subsiStentes</strong></span> <span class='ocrx_word' id='word_1_672' title='bbox 1059 5384 1366 5454; x_wconf 61' lang='lat' dir='ltr'><strong>cogitatiotti</strong></span> <span class='ocrx_word' id='word_1_673' title='bbox 1405 5398 1693 5455; x_wconf 87' lang='lat' dir='ltr'><strong>processus</strong></span> <span class='ocrx_word' id='word_1_674' title='bbox 1717 5386 1971 5452; x_wconf 69' lang='lat' dir='ltr'><strong>ingerere,</strong></span> 
     </span>
    </p>
   </div>
   <div class='ocr_carea' id='block_1_100' title="bbox 415 5466 1974 5551">
    <p class='ocr_par' dir='ltr' id='par_1_100' title="bbox 415 5466 1974 5551">
     <span class='ocr_line' id='line_1_100' title="bbox 415 5466 1974 5551; baseline -0.01 -10"><span class='ocrx_word' id='word_1_675' title='bbox 415 5495 736 5551; x_wconf 88' lang='lat' dir='ltr'><strong>rursutuque</strong></span> <span class='ocrx_word' id='word_1_676' title='bbox 763 5489 1051 5547; x_wconf 88' lang='lat' dir='ltr'><strong>processus</strong></span> <span class='ocrx_word' id='word_1_677' title='bbox 1087 5485 1328 5536; x_wconf 76' lang='lat' dir='ltr'><strong>causam,</strong></span> <span class='ocrx_word' id='word_1_678' title='bbox 1362 5485 1416 5528; x_wconf 91' lang='lat' dir='ltr'><strong>et</strong></span> <span class='ocrx_word' id='word_1_679' title='bbox 1447 5475 1682 5536; x_wconf 82' lang='lat' dir='ltr'><strong>causale,</strong></span> <span class='ocrx_word' id='word_1_680' title='bbox 1708 5466 1974 5540; x_wconf 81' lang='lat' dir='ltr'><strong>simulque</strong></span> 
     </span>
    </p>
   </div>
   <div class='ocr_carea' id='block_1_101' title="bbox 343 5555 1973 5635">
    <p class='ocr_par' dir='ltr' id='par_1_101' title="bbox 343 5555 1973 5635">
     <span class='ocr_line' id='line_1_101' title="bbox 343 5555 1973 5635; baseline -0.013 0"><span class='ocrx_word' id='word_1_681' title='bbox 343 5555 345 5557; x_wconf 13' lang='grc' dir='ltr'><strong><em>ι</em></strong></span> <span class='ocrx_word' id='word_1_682' title='bbox 417 5573 798 5633; x_wconf 81' lang='lat' dir='ltr'><strong>discretionem</strong></span> <span class='ocrx_word' id='word_1_683' title='bbox 835 5566 1164 5624; x_wconf 71' lang='lat' dir='ltr'><strong>subini‘erre.</strong></span> <span class='ocrx_word' id='word_1_684' title='bbox 1208 5565 1312 5619; x_wconf 87' lang='lat' dir='ltr'><strong>lsta</strong></span> <span class='ocrx_word' id='word_1_685' title='bbox 1337 5565 1479 5619; x_wconf 85' lang='lat' dir='ltr'><strong>enim</strong></span> <span class='ocrx_word' id='word_1_686' title='bbox 1529 5575 1620 5635; x_wconf 83' lang='lat' dir='ltr'><strong>per</strong></span> <span class='ocrx_word' id='word_1_687' title='bbox 1657 5564 1973 5621; x_wconf 85' lang='lat' dir='ltr'><strong>alterutrum</strong></span> 
     </span>
    </p>
   </div>
   <div class='ocr_carea' id='block_1_102' title="bbox 420 5669 766 5736">
    <p class='ocr_par' dir='ltr' id='par_1_102' title="bbox 420 5669 766 5736">
     <span class='ocr_line' id='line_1_102' title="bbox 420 5669 766 5736; baseline -0.023 -10"><span class='ocrx_word' id='word_1_688' title='bbox 420 5669 766 5736; x_wconf 79' lang='lat' dir='ltr'><strong>colliguntur.</strong></span> 
     </span>
    </p>
   </div>
   <div class='ocr_carea' id='block_1_103' title="bbox 491 5843 1413 5913">
    <p class='ocr_par' dir='ltr' id='par_1_103' title="bbox 491 5843 1413 5913">
     <span class='ocr_line' id='line_1_103' title="bbox 491 5843 1413 5913; baseline -0.007 -8"><span class='ocrx_word' id='word_1_689' title='bbox 491 5853 512 5882; x_wconf 82' lang='grc'>¹</span> <span class='ocrx_word' id='word_1_690' title='bbox 542 5848 724 5905; x_wconf 84' lang='lat' dir='ltr'><strong>lTitn.</strong></span> <span class='ocrx_word' id='word_1_691' title='bbox 759 5863 820 5913; x_wconf 84' lang='lat' dir='ltr'><strong>tt,</strong></span> <span class='ocrx_word' id='word_1_692' title='bbox 851 5847 933 5902; x_wconf 76' lang='lat' dir='ltr'><strong>i3.</strong></span> <span class='ocrx_word' id='word_1_693' title='bbox 1010 5844 1029 5877; x_wconf 86' lang='grc'>³</span> <span class='ocrx_word' id='word_1_694' title='bbox 1054 5843 1209 5902; x_wconf 84' lang='lat' dir='ltr'><strong>Joan.</strong></span> <span class='ocrx_word' id='word_1_695' title='bbox 1243 5861 1296 5912; x_wconf 66' lang='grc' dir='ltr'><strong>ς,</strong></span> <span class='ocrx_word' id='word_1_696' title='bbox 1325 5843 1413 5900; x_wconf 73' lang='lat'><strong>50.</strong></span> 
     </span>
    </p>
   </div>
   <div class='ocr_carea' id='block_1_104' title="bbox 2077 4657 3636 4730">
    <p class='ocr_par' dir='ltr' id='par_1_104' title="bbox 2077 4657 3636 4730">
     <span class='ocr_line' id='line_1_104' title="bbox 2077 4657 3636 4730; baseline 0.002 -19"><span class='ocrx_word' id='word_1_697' title='bbox 2077 4657 2280 4728; x_wconf 86' lang='lat' dir='ltr'><strong>aliquid</strong></span> <span class='ocrx_word' id='word_1_698' title='bbox 2323 4657 2507 4714; x_wconf 81' lang='lat' dir='ltr'><strong>simile</strong></span> <span class='ocrx_word' id='word_1_699' title='bbox 2555 4657 2657 4715; x_wconf 84' lang='lat' dir='ltr'><strong>sibi</strong></span> <span class='ocrx_word' id='word_1_700' title='bbox 2699 4658 3030 4729; x_wconf 63' lang='lat' dir='ltr'><strong>productius.</strong></span> <span class='ocrx_word' id='word_1_701' title='bbox 3083 4661 3136 4714; x_wconf 89' lang='lat' dir='ltr'><strong>in</strong></span> <span class='ocrx_word' id='word_1_702' title='bbox 3189 4661 3377 4714; x_wconf 83' lang='lat' dir='ltr'><strong>eadem</strong></span> <span class='ocrx_word' id='word_1_703' title='bbox 3432 4661 3636 4730; x_wconf 80' lang='lat' dir='ltr'><strong>specie,</strong></span> 
     </span>
    </p>
   </div>
   <div class='ocr_carea' id='block_1_105' title="bbox 2077 4749 3634 4817">
    <p class='ocr_par' dir='ltr' id='par_1_105' title="bbox 2077 4749 3634 4817">
     <span class='ocr_line' id='line_1_105' title="bbox 2077 4749 3634 4817; baseline 0.001 -14"><span class='ocrx_word' id='word_1_704' title='bbox 2077 4749 2374 4804; x_wconf 87' lang='lat' dir='ltr'><strong>secundum</strong></span> <span class='ocrx_word' id='word_1_705' title='bbox 2411 4749 2694 4805; x_wconf 77' lang='lat' dir='ltr'><strong>unirocam</strong></span> <span class='ocrx_word' id='word_1_706' title='bbox 2749 4765 3001 4817; x_wconf 85' lang='lat' dir='ltr'><strong>causam;</strong></span> <span class='ocrx_word' id='word_1_707' title='bbox 3041 4751 3182 4807; x_wconf 87' lang='lat' dir='ltr'><strong>Deus</strong></span> <span class='ocrx_word' id='word_1_708' title='bbox 3238 4760 3415 4806; x_wconf 81' lang='lat' dir='ltr'><strong>autem</strong></span> <span class='ocrx_word' id='word_1_709' title='bbox 3469 4767 3634 4806; x_wconf 87' lang='lat' dir='ltr'><strong>unum</strong></span> 
     </span>
    </p>
   </div>
   <div class='ocr_carea' id='block_1_106' title="bbox 2074 4840 3636 4915">
    <p class='ocr_par' dir='ltr' id='par_1_106' title="bbox 2074 4840 3636 4915">
     <span class='ocr_line' id='line_1_106' title="bbox 2074 4840 3636 4915; baseline 0.003 -23"><span class='ocrx_word' id='word_1_710' title='bbox 2074 4849 2159 4893; x_wconf 88' lang='lat' dir='ltr'><strong>est</strong></span> <span class='ocrx_word' id='word_1_711' title='bbox 2210 4842 2477 4915; x_wconf 82' lang='lat' dir='ltr'><strong>essentia;</strong></span> <span class='ocrx_word' id='word_1_712' title='bbox 2532 4841 2654 4904; x_wconf 89' lang='lat' dir='ltr'><strong>tria,</strong></span> <span class='ocrx_word' id='word_1_713' title='bbox 2706 4840 3158 4896; x_wconf 88' lang='lat' dir='ltr'><strong>substantialibus</strong></span> <span class='ocrx_word' id='word_1_714' title='bbox 3212 4842 3636 4911; x_wconf 87' lang='lat' dir='ltr'><strong>pr0prietatibus</strong></span> 
     </span>
    </p>
   </div>
   <div class='ocr_carea' id='block_1_107' title="bbox 2077 4933 3638 5002">
    <p class='ocr_par' dir='ltr' id='par_1_107' title="bbox 2077 4933 3638 5002">
     <span class='ocr_line' id='line_1_107' title="bbox 2077 4933 3638 5002; baseline -0.002 -15"><span class='ocrx_word' id='word_1_715' title='bbox 2077 4936 2372 4988; x_wconf 86' lang='lat' dir='ltr'><strong>secundum</strong></span> <span class='ocrx_word' id='word_1_716' title='bbox 2402 4949 2624 4988; x_wconf 85' lang='lat' dir='ltr'><strong>causam</strong></span> <span class='ocrx_word' id='word_1_717' title='bbox 2657 4942 2714 4987; x_wconf 87' lang='lat' dir='ltr'><strong>et</strong></span> <span class='ocrx_word' id='word_1_718' title='bbox 2750 4933 2999 5000; x_wconf 83' lang='lat' dir='ltr'><strong>causale;</strong></span> <span class='ocrx_word' id='word_1_719' title='bbox 3031 4933 3300 5002; x_wconf 78' lang='lat' dir='ltr'><strong>oppositio</strong></span> <span class='ocrx_word' id='word_1_720' title='bbox 3341 4933 3638 4988; x_wconf 84' lang='lat' dir='ltr'><strong>secundum</strong></span> 
     </span>
    </p>
   </div>
   <div class='ocr_carea' id='block_1_108' title="bbox 2077 5023 3636 5096">
    <p class='ocr_par' dir='ltr' id='par_1_108' title="bbox 2077 5023 3636 5096">
     <span class='ocr_line' id='line_1_108' title="bbox 2077 5023 3636 5096; baseline 0.002 -20"><span class='ocrx_word' id='word_1_721' title='bbox 2077 5038 2294 5078; x_wconf 87' lang='lat' dir='ltr'><strong>causam</strong></span> <span class='ocrx_word' id='word_1_722' title='bbox 2328 5035 2381 5078; x_wconf 90' lang='lat' dir='ltr'><strong>et</strong></span> <span class='ocrx_word' id='word_1_723' title='bbox 2413 5023 2631 5078; x_wconf 89' lang='lat' dir='ltr'><strong>causale</strong></span> <span class='ocrx_word' id='word_1_724' title='bbox 2661 5025 2712 5078; x_wconf 91' lang='lat' dir='ltr'><strong>in</strong></span> <span class='ocrx_word' id='word_1_725' title='bbox 2743 5026 2844 5086; x_wconf 82' lang='lat' dir='ltr'><strong>his.</strong></span> <span class='ocrx_word' id='word_1_726' title='bbox 2869 5040 2987 5094; x_wconf 74' lang='lat' dir='ltr'><strong>qua:</strong></span> <span class='ocrx_word' id='word_1_727' title='bbox 3015 5028 3091 5085; x_wconf 82' lang='lat' dir='ltr'><strong>ad</strong></span> <span class='ocrx_word' id='word_1_728' title='bbox 3121 5025 3328 5096; x_wconf 79' lang='lat' dir='ltr'><strong>aliquid</strong></span> <span class='ocrx_word' id='word_1_729' title='bbox 3356 5028 3636 5091; x_wconf 77' lang='lat' dir='ltr'><strong>dicuntur,</strong></span> 
     </span>
    </p>
   </div>
   <div class='ocr_carea' id='block_1_109' title="bbox 2075 5115 3632 5174">
    <p class='ocr_par' dir='ltr' id='par_1_109' title="bbox 2075 5115 3632 5174">
     <span class='ocr_line' id='line_1_109' title="bbox 2075 5115 3632 5174; baseline 0.002 -5"><span class='ocrx_word' id='word_1_730' title='bbox 2075 5115 2250 5169; x_wconf 92' lang='lat' dir='ltr'><strong>locum</strong></span> <span class='ocrx_word' id='word_1_731' title='bbox 2286 5115 2449 5170; x_wconf 77' lang='lat' dir='ltr'><strong>habet</strong></span> <span class='ocrx_word' id='word_1_732' title='bbox 2479 5116 2533 5169; x_wconf 90' lang='lat' dir='ltr'><strong>in</strong></span> <span class='ocrx_word' id='word_1_733' title='bbox 2553 5123 2741 5170; x_wconf 88' lang='lat' dir='ltr'><strong>sancta</strong></span> <span class='ocrx_word' id='word_1_734' title='bbox 2776 5115 3062 5172; x_wconf 83' lang='lat' dir='ltr'><strong>Trinitate.</strong></span> <span class='ocrx_word' id='word_1_735' title='bbox 3098 5117 3220 5174; x_wconf 79' lang='lat' dir='ltr'><strong>Ideo</strong></span> <span class='ocrx_word' id='word_1_736' title='bbox 3253 5129 3306 5173; x_wconf 79' lang='lat' dir='ltr'><strong>et</strong></span> <span class='ocrx_word' id='word_1_737' title='bbox 3332 5118 3632 5174; x_wconf 81' lang='lat' dir='ltr'><strong>secundum</strong></span> 
     </span>
    </p>
   </div>
   <div class='ocr_carea' id='block_1_110' title="bbox 2075 5206 3637 5279">
    <p class='ocr_par' dir='ltr' id='par_1_110' title="bbox 2075 5206 3637 5279">
     <span class='ocr_line' id='line_1_110' title="bbox 2075 5206 3637 5279; baseline 0.003 -21"><span class='ocrx_word' id='word_1_738' title='bbox 2075 5206 2242 5279; x_wconf 61' lang='lat' dir='ltr'><strong>solam</strong></span> <span class='ocrx_word' id='word_1_739' title='bbox 2277 5220 2495 5276; x_wconf 77' lang='lat' dir='ltr'><strong>causam</strong></span> <span class='ocrx_word' id='word_1_740' title='bbox 2543 5215 2597 5259; x_wconf 89' lang='lat' dir='ltr'><strong>et</strong></span> <span class='ocrx_word' id='word_1_741' title='bbox 2631 5208 2867 5270; x_wconf 87' lang='lat' dir='ltr'><strong>causale,</strong></span> <span class='ocrx_word' id='word_1_742' title='bbox 2913 5219 2965 5262; x_wconf 88' lang='lat' dir='ltr'><strong>et</strong></span> <span class='ocrx_word' id='word_1_743' title='bbox 3010 5224 3040 5263; x_wconf 87' lang='lat' dir='ltr'><strong>a</strong></span> <span class='ocrx_word' id='word_1_744' title='bbox 3090 5207 3370 5278; x_wconf 86' lang='lat' dir='ltr'><strong>Scriptura</strong></span> <span class='ocrx_word' id='word_1_745' title='bbox 3421 5222 3637 5273; x_wconf 64' lang='lat' dir='ltr'><strong>sancta,</strong></span> 
     </span>
    </p>
   </div>
   <div class='ocr_carea' id='block_1_111' title="bbox 2075 5297 3639 5382">
    <p class='ocr_par' dir='ltr' id='par_1_111' title="bbox 2075 5297 3639 5382">
     <span class='ocr_line' id='line_1_111' title="bbox 2075 5297 3639 5382; baseline 0.001 -30"><span class='ocrx_word' id='word_1_746' title='bbox 2075 5308 2128 5353; x_wconf 89' lang='lat' dir='ltr'><strong>et</strong></span> <span class='ocrx_word' id='word_1_747' title='bbox 2169 5313 2197 5351; x_wconf 87' lang='lat' dir='ltr'><strong>a</strong></span> <span class='ocrx_word' id='word_1_748' title='bbox 2249 5298 2456 5352; x_wconf 83' lang='lat' dir='ltr'><strong>sanctis</strong></span> <span class='ocrx_word' id='word_1_749' title='bbox 2505 5297 2776 5364; x_wconf 77' lang='lat' dir='ltr'><strong>Panibus,</strong></span> <span class='ocrx_word' id='word_1_750' title='bbox 2822 5300 3034 5356; x_wconf 80' lang='lat' dir='ltr'><strong>divinas</strong></span> <span class='ocrx_word' id='word_1_751' title='bbox 3065 5316 3326 5371; x_wconf 74' lang='lat' dir='ltr'><strong>personas</strong></span> <span class='ocrx_word' id='word_1_752' title='bbox 3379 5303 3639 5382; x_wconf 70' lang='lat' dir='ltr'><strong>discerni,</strong></span> 
     </span>
    </p>
   </div>
   <div class='ocr_carea' id='block_1_112' title="bbox 2081 5389 3639 5448">
    <p class='ocr_par' dir='ltr' id='par_1_112' title="bbox 2081 5389 3639 5448">
     <span class='ocr_line' id='line_1_112' title="bbox 2081 5389 3639 5448; baseline 0.003 -5"><span class='ocrx_word' id='word_1_753' title='bbox 2081 5389 2334 5443; x_wconf 85' lang='lat' dir='ltr'><strong>traditum</strong></span> <span class='ocrx_word' id='word_1_754' title='bbox 2369 5397 2470 5443; x_wconf 89' lang='lat' dir='ltr'><strong>est.</strong></span> <span class='ocrx_word' id='word_1_755' title='bbox 2504 5389 2680 5446; x_wconf 82' lang='lat' dir='ltr'><strong>Patris</strong></span> <span class='ocrx_word' id='word_1_756' title='bbox 2706 5391 2852 5445; x_wconf 88' lang='lat' dir='ltr'><strong>enim</strong></span> <span class='ocrx_word' id='word_1_757' title='bbox 2885 5392 2952 5447; x_wconf 90' lang='lat' dir='ltr'><strong>ad</strong></span> <span class='ocrx_word' id='word_1_758' title='bbox 2980 5391 3174 5448; x_wconf 83' lang='lat' dir='ltr'><strong>Filium</strong></span> <span class='ocrx_word' id='word_1_759' title='bbox 3208 5394 3403 5448; x_wconf 84' lang='lat' dir='ltr'><strong>tradita</strong></span> <span class='ocrx_word' id='word_1_760' title='bbox 3437 5395 3639 5448; x_wconf 81' lang='lat' dir='ltr'><strong>discre-</strong></span> 
     </span>
    </p>
   </div>
   <div class='ocr_carea' id='block_1_113' title="bbox 2084 5481 3644 5553">
    <p class='ocr_par' dir='ltr' id='par_1_113' title="bbox 2084 5481 3644 5553">
     <span class='ocr_line' id='line_1_113' title="bbox 2084 5481 3644 5553; baseline 0.004 -19"><span class='ocrx_word' id='word_1_761' title='bbox 2084 5484 2176 5543; x_wconf 85' lang='lat' dir='ltr'><strong>tio,</strong></span> <span class='ocrx_word' id='word_1_762' title='bbox 2201 5495 2376 5534; x_wconf 73' lang='lat' dir='ltr'><strong>causte</strong></span> <span class='ocrx_word' id='word_1_763' title='bbox 2409 5490 2463 5534; x_wconf 92' lang='lat' dir='ltr'><strong>et</strong></span> <span class='ocrx_word' id='word_1_764' title='bbox 2509 5481 2742 5536; x_wconf 80' lang='lat' dir='ltr'><strong>causalis</strong></span> <span class='ocrx_word' id='word_1_765' title='bbox 2777 5492 2889 5548; x_wconf 81' lang='lat' dir='ltr'><strong>est;</strong></span> <span class='ocrx_word' id='word_1_766' title='bbox 2921 5483 3104 5539; x_wconf 83' lang='lat' dir='ltr'><strong>itidem</strong></span> <span class='ocrx_word' id='word_1_767' title='bbox 3137 5485 3382 5553; x_wconf 76' lang='lat' dir='ltr'><strong>producti</strong></span> <span class='ocrx_word' id='word_1_768' title='bbox 3425 5496 3480 5539; x_wconf 89' lang='lat' dir='ltr'><strong>et</strong></span> <span class='ocrx_word' id='word_1_769' title='bbox 3515 5502 3644 5552; x_wconf 86' lang='lat' dir='ltr'><strong>pro-</strong></span> 
     </span>
    </p>
   </div>
   <div class='ocr_carea' id='block_1_114' title="bbox 2084 5572 2348 5627">
    <p class='ocr_par' dir='ltr' id='par_1_114' title="bbox 2084 5572 2348 5627">
     <span class='ocr_line' id='line_1_114' title="bbox 2084 5572 2348 5627; baseline -0.004 0"><span class='ocrx_word' id='word_1_770' title='bbox 2084 5572 2348 5627; x_wconf 89' lang='lat' dir='ltr'><strong>ducentis.</strong></span> 
     </span>
    </p>
   </div>
   <div class='ocr_carea' id='block_1_115' title="bbox 2155 5661 3646 5739">
    <p class='ocr_par' dir='ltr' id='par_1_115' title="bbox 2155 5661 3646 5739">
     <span class='ocr_line' id='line_1_115' title="bbox 2155 5661 3646 5739; baseline 0.004 -23"><span class='ocrx_word' id='word_1_771' title='bbox 2155 5661 2379 5719; x_wconf 88' lang='lat' dir='ltr'><strong>Constat</strong></span> <span class='ocrx_word' id='word_1_772' title='bbox 2407 5675 2585 5720; x_wconf 84' lang='lat' dir='ltr'><strong>atttem</strong></span> <span class='ocrx_word' id='word_1_773' title='bbox 2619 5679 2681 5721; x_wconf 78' lang='lat' dir='ltr'><strong>es</strong></span> <span class='ocrx_word' id='word_1_774' title='bbox 2712 5666 3027 5735; x_wconf 66' lang='lat' dir='ltr'><strong>prtctnissis,</strong></span> <span class='ocrx_word' id='word_1_775' title='bbox 3064 5666 3190 5734; x_wconf 79' lang='lat' dir='ltr'><strong>quia</strong></span> <span class='ocrx_word' id='word_1_776' title='bbox 3222 5666 3470 5737; x_wconf 71' lang='lat' dir='ltr'><strong>iugeniti,</strong></span> <span class='ocrx_word' id='word_1_777' title='bbox 3493 5669 3646 5739; x_wconf 71' lang='lat' dir='ltr'><strong>geni~</strong></span> 
     </span>
    </p>
   </div>
  </div>
