3984 6552
420 423 525 489 113

1675 413 2073 475 MANUEIJS
2099 411 2406 474 CALEC:E

3557 413 3667 478 1H

414 533 699 603 Quomodo
733 541 910 588 autem
945 538 1088 586 esset
1127 529 1454 600 proprietas,
1481 543 1599 598 qua:
1628 539 1898 588 IIIOVeltlt‘,
1927 541 1986 580 ac
2020 531 2060 586 Α
2094 525 2162 580 ab
2189 527 2293 581 ltoc
2318 526 2502 592 Pater;
2539 541 2642 581 non
2679 536 2857 581 tamen
2892 528 2943 581 itt
3003 536 3268 595 quantum
3319 526 3556 596 Spiritus
3591 536 3679 582 est

413 628 634 689 decidit,
669 635 725 679 ut
756 626 830 678 ait
858 623 1140 691 theologus
1173 620 1486 689 Gregorius.

489 716 660 773 Simul
680 717 838 772 etiam
858 723 1082 783 apparet
1103 713 1396 766 secundum
1417 711 1789 765 conversionis
1821 725 1875 764 ra
1886 710 1989 765 tio-

422 827 544 865 nem
568 803 737 877 ipsius
763 810 941 876 magni
968 805 1208 876 Dionysii
1243 804 1471 858 intentio
1499 821 1512 856 :
1546 804 1662 872 qui,
1708 802 1990 871 principali

415 912 612 963 dcitnte
639 903 850 955 Patrem
883 902 944 951 ad
963 898 1153 953 Filium
1171 908 1224 951 et
1247 895 1504 965 Spiritum
1528 903 1769 948 sanctum
1795 895 1997 947 discer-

415 1016 542 1053 nere
568 991 1401 1065 videtur,utquidamassernnt.
1456 985 1650 1038 Namsi
1713 984 1996 1042 conversio

413 1091 625 1160 quidem
649 1091 700 1142 in
725 1087 930 1140 duobus
957 1083 1198 1138 terminis
1252 1080 1772 1150 inspiciturzdictntn
1799 1091 1878 1134 est
1897 1096 1996 1134 au-

415 1195 543 1245 tent,
601 1184 671 1234 ita
727 1181 942 1233 divinas
995 1192 1254 1244 personas
1322 1175 1386 1228 ad
1429 1175 1664 1228 invicem
1739 1174 1996 1239 discerni,

415 1288 474 1330 ιιι
533 1274 675 1328 nulla
732 1282 909 1325 tamen
977 1269 1256 1340 convertio
1336 1269 1644 1334 subrepat;
1702 1280 1808 1318 non
1843 1265 2000 1319 aliter

414 1366 791 1421 conversionis
869 1363 1008 1416 ratio
1103 1369 1393 1423 servatur,
1477 1358 1580 1412 nisi
1651 1359 1768 1411 dua:
1835 1358 2002 1412 simul

415 1474 662 1528 personte
689 1456 752 1509 ad
803 1447 1032 1509 invicem
1087 1452 1460 1518 inspiciuntur.
1497 1451 1682 1516 Itaque
1722 1449 2003 1518 principali

414 1539 614 1604 dcitate
645 1548 858 1602 Patrem
891 1547 953 1598 ad
979 1545 1148 1598 solum
1203 1543 1393 1605 Filium
1413 1541 1715 1600 conferens,
1776 1541 1947 1609 ipsum
1976 1555 2003 1591 a

416 1643 555 1697 Filio
582 1637 1040 1707 distinguil.Nam
1081 1637 1124 1688 si
1161 1637 1318 1689 Pater
1352 1646 1410 1687 ρι’
1453 1633 1646 1698 Filius,
1693 1642 1750 1685 ut
1824 1648 1882 1685 se
1940 1629 2004 1684 ad

416 1725 648 1788 imicent
695 1732 945 1794 habeant,
971 1728 1368 1796 inspiciuntur;
1423 1724 1582 1778 Pater
1617 1725 1834 1792 quidem
1888 1723 2007 1777 Filii

634 1826 801 1880 Filius
837 1838 988 1884 vero,
1025 1836 1127 1874 non
1166 1822 1342 1874 Patris
1374 1820 1493 1872 l'ous
1517 1829 1620 1883 est,
1653 1819 1806 1873 sicuti
1837 1833 2009 1888 neque

416 1816 559 1887 Ῐδιισς,

416 1922 595 1975 Pater
640 1918 828 1981 Filius,
853 1931 1028 1984 neque
1067 1913 1237 1966 Filius
1289 1911 1467 1965 Pater.
1505 1912 1578 1964 Ex
1639 1911 1798 1964 Putre
1855 1912 1999 1964 enim

418 2006 608 2070 Filius,
643 2020 750 2057 non
787 2015 962 2056 tamen
999 2017 1062 2057 ett
1123 2001 1262 2055 Filio
1313 1999 1511 2052 Pater:
1568 2001 1825 2074 maxime,
1875 2015 1996 2054 eum

419 2099 666 2150 etdivina
698 2095 978 2165 generatio
1039 2089 1309 2162 gignendo
1354 2091 1420 2142 ad
1449 2089 1521 2151 id,
1556 2091 1696 2158 quod
1732 2079 1995 2158 gignitur,

426 2189 671 2248 habitum
717 2187 938 2247 habeat,
987 2184 1079 2236 sed
1117 2196 1220 2233 non
1271 2178 1338 2232 ad
1407 2180 1481 2243 id,
1513 2179 1653 2246 quod
1725 2179 1991 2248 pret-edit.

420 2285 600 2350 Atque
621 2284 722 2334 hoc
750 2279 953 2334 indicat
975 2279 1160 2338 etiam,
1187 2277 1330 2340 quod
1361 2273 1627 2341 sequitur,
1675 2288 1790 2325 cum
1826 2271 1996 2327 Filius

420 2377 579 2432 Pater
609 2392 707 2429 non
735 2373 823 2434 sit,
849 2364 1010 2441 neque
1034 2367 1371 2425 PaterFitius
1405 2367 1578 2436 ;quod
1609 2366 1826 2434 quidem
1863 2366 1972 2418 indi

420 2479 508 2522 eat
538 2462 1117 2536 supersubstantialem
1179 2462 1324 2514 illam
1394 2458 1630 2512 divinam
1691 2458 1999 2527 generatio-

422 2573 543 2612 nem
585 2573 687 2610 non
731 2553 974 2608 converti
998 2554 1064 2607 ad
1110 2551 1360 2616 invicem,
1411 2549 1623 2604 Patrem
1680 2550 1906 2614 seil'eet,
1937 2565 1998 2603 ac

352 2667 360 2688 '
422 2650 639 2705 Filium.
673 2651 736 2702 Et
761 2647 1010 2718 quoniam
1034 2641 1407 2700 conversionis
1434 2640 1663 2708 dignitas
1717 2641 2002 2696 diseretio-
2064 2629 2066 2631 i

425 2745 510 2800 nis
531 2757 695 2798 causa
713 2738 1073 2796 communiter
1102 2735 1344 2806 personis
1392 2733 1698 2787 necessario
1727 2735 1993 2786 reddenda

423 2847 528 2905 est;
580 2838 768 2890 eadem
827 2830 1071 2903 profecto
1123 2826 1507 2883 conversionis
1552 2826 1762 2880 ratione
1812 2827 1994 2880 dicere

426 2941 739 3000 possumus,
762 2941 883 2979 cum
945 2939 1048 2978 non
1079 2921 1148 2976 sit
1179 2920 1335 2974 Pater
1365 2918 1624 2986 Spiritus,
1661 2933 1834 2987 neque
1874 2918 1996 2988 Spi-

428 3026 561 3078 ritus
594 3021 773 3074 Pater:
809 3016 1066 3088 quoniam
1103 3014 1189 3067 ille
1221 3013 1436 3081 quidem
1486 3010 1607 3066 lens
1651 3023 1705 3066 et
1735 3011 1886 3064 radix
1907 3020 1999 3067 est

424 3111 574 3177 Filii,
607 3126 669 3164 ac
701 3107 954 3176 Spiritus.
985 3103 1116 3170 Qum
1143 3104 1286 3158 enim
1317 3101 1460 3168 Filii,
1497 3119 1560 3156 ac
1609 3101 1842 3170 Spiritus
1871 3109 1997 3155 sunt

2097 621 2322 690 proprie
2347 620 2498 688 juxta
2536 610 2950 674 substantialetn
2978 622 3361 688 proprietatem
3394 622 3676 682 suam,sed

2095 712 2150 765 in
2193 721 2474 781 quamtum
2524 712 2866 766 solummodo
2886 727 2947 765 ex
2967 712 3151 775 Patre,
3184 721 3346 781 atque
3383 713 3452 764 ita
3493 710 3680 764 Solum

2097 814 2154 858 ut
2175 805 2392 859 causale
2413 803 2751 858 discernetur
2773 820 2800 856 a
2826 804 3122 870 Patre,non
3149 812 3330 858 tamen
3378 803 3679 858 secundum

2097 897 2480 967 proprietatem
2533 911 2708 952 suam.
2739 895 2831 952 Sic
2889 908 3068 952 autem
3087 897 3335 951 eumdem
3369 896 3584 958 italu-bit
3608 899 3677 948 ad

2104 990 2322 1044 Patrem
2355 990 2625 1056 habitum,
2651 990 3214 1061 quemetiam'Filius.
3247 991 3425 1057 Atque
3447 989 3547 1050 ita,
3574 1005 3681 1038 non

2098 1083 2226 1145 erit,
2257 1096 2420 1150 quam
2477 1081 2770 1150 qumrimus
2803 1115 2805 1117 ι
2831 1094 3178 1149 personarum
3197 1077 3410 1147 propria
3431 1077 3687 1130 discretio

2102 1169 2401 1227 secundum
2437 1187 2598 1241 quam
2663 1171 2808 1226 nulla
2881 1171 3256 1225 communitas
3314 1152 3573 1230 infertur,
3628 1175 3686 1218 et.

2103 1279 2265 1335 quam
2299 1265 2576 1326 accidens,
2610 1263 3056 1333 consortiumque
3076 1276 3182 1316 non
3230 1260 3517 1318 admittere
3565 1273 3685 1312 tua-

2105 1372 2245 1428 guus
2278 1357 2456 1413 voluit
2478 1356 2713 1412 Basilius
2740 1355 2944 1412 dicere.
2989 1409 2993 1414 .

2121 1495 2124 1500 ’
2175 1487 2279 1542 Sed
2315 1501 2512 1558 neque,
2539 1496 2597 1540 ut
2621 1485 2839 1557 quidam
2867 1485 2918 1538 id
2968 1483 3173 1539 dictum
3229 1490 3530 1551 exponunt,
3559 1480 3685 1533 Filii

2108 1582 2172 1634 a;l
2191 1579 2452 1649 Spiritum
2470 1579 2849 1634 discretionem
2876 1577 3028 1631 nobis
3045 1576 3284 1630 tradidit.
3311 1573 3375 1627 Et
3396 1589 3542 1628 certe
3559 1587 3686 1626 cum

2109 1683 2256 1728 esset
2303 1672 2602 1741 pollicitus,
2671 1669 3037 1723 omnimodatn
3100 1667 3482 1722 sedivinarum
3557 1679 3687 1733 per-

2114 1777 2370 1817 sonarum
2425 1759 2808 1815 discretionem
2906 1760 3271 1812 traditurum:
3329 1766 3382 1811 ct
3435 1755 3683 1810 addidit:

2044 1875 2086 1928 ιε
2114 1853 2199 1906 Ita
2237 1871 2331 1907 nos
2367 1838 2544 1906 divino
2585 1861 2635 1906 et
2672 1853 2822 1906 unire
2847 1849 3039 1916 Verbo,
3095 1861 3142 1904 et
3177 1849 3471 1904 discernere
3494 1848 3682 1900 studeo

2109 1963 2249 2008 mus,
2278 1947 2414 2000 sicut
2449 1946 2628 1999 divina
2654 1945 2770 2013 ipsa
2801 1955 2848 1998 et
2879 1943 3116 2005 unita,et
3139 1942 3366 1994 discreta
3425 1939 3685 1993 suntJta-

2110 2056 2216 2110 que
2266 2040 2421 2105 jufta
2491 2036 2869 2092 conversionis
2902 2036 3190 2097 rationem,
3227 2043 3281 2088 et
3310 2045 3404 2101 per
3429 2031 3504 2093 id,
3536 2031 3686 2098 quod

2107 2133 2337 2197 addidit,
2373 2129 2672 2200 perfectum
2705 2126 3049 2183 discretionis
3100 2124 3420 2194 conjunctae,
3456 2131 3513 2176 ut
3563 2119 3687 2174 dico

2108 2234 2220 2277 tum
2248 2231 2349 2284 est,
2399 2219 2618 2273 tradidit
2653 2219 2891 2283 modum;
2929 2231 3105 2270 causa:
3157 2221 3210 2267 et
3251 2211 3484 2265 causalis
3526 2207 3683 2262 scili-

2105 2323 2211 2377 eet,
2243 2312 2544 2368 secundum
2591 2305 2857 2378 quem'ex
2915 2307 3072 2362 Patre
3131 2319 3226 2374 per
3251 2301 3443 2357 Filium
3488 2313 3686 2371 proce-

2107 2410 2283 2461 derea
2326 2405 2537 2460 caeteris
2569 2400 2886 2459 doctoribus
2931 2399 3130 2456 divinis
3165 2395 3470 2453 rationibus
3519 2408 3684 2446 mon-

2113 2511 2315 2556 sratur.

2178 2617 2442 2672 Prmtcrea
2497 2614 2752 2682 quoniam
2797 2612 2978 2682 omnia
3025 2623 3144 2679 quae
3182 2609 3234 2664 in
3284 2609 3392 2664 Deo
3421 2607 3684 2662 dicuntur

2106 2710 2488 2772 communiter,
2521 2717 2576 2760 et
2602 2704 3122 2762 incommutabiliter
3151 2703 3402 2772 personis
3442 2702 3684 2757 reddun-

2107 2816 2194 2860 tur
2257 2805 2344 2857 ubi
2404 2800 2683 2857 relationis
2739 2798 3012 2869 Oppositio
3069 2811 3177 2852 non
3227 2796 3426 2860 obstat,
3481 2795 3686 2850 dicitur

2107 2905 2283 2949 autent
2308 2894 2453 2947 Deus
2476 2907 2539 2946 ex
2558 2891 2668 2946 Deo
2698 2905 2840 2955 esse,
2867 2888 3263 2959 inspiciendum
3287 2887 3333 2942 si
3361 2902 3466 2942 non
3496 2887 3685 2941 omni-

2107 2989 2205 3043 bus
2237 2985 2509 3058 personis,
2546 2999 2640 3054 per
2686 2984 2926 3052 aliquam
2971 2979 3363 3052 appositionem
3406 2981 3682 3049 congruit.

2107 3083 2376 3153 Quoniam
2416 3080 2578 3150 igitur
2608 3079 2749 3134 Deus
2774 3093 2839 3133 ex
2869 3079 3000 3144 Deo,
3035 3079 3178 3149 quod
3215 3077 3434 3141 dicitur,
3465 3093 3686 3148 proces-

429 3207 497 3263 ad
539 3207 688 3261 illum
731 3205 1062 3273 referuntur.
1103 3199 1338 3268 Spiritus
1381 3207 1561 3250 autem
1616 3193 1797 3250 Patris
1837 3207 1998 3249 causa

2106 3192 2220 3234 sum
2249 3190 2314 3230 ex
2349 3173 2528 3243 aliquo
2551 3174 2834 3240 designat:
2867 3170 3028 3226 Pater
3051 3186 3177 3226 vero
3202 3187 3310 3226 non
3344 3171 3588 3238 procedit
3616 3186 3682 3226 ex

429 3317 535 3356 non
566 3309 668 3353 est.
701 3297 962 3350 Similiter
981 3304 1035 3348 et
1080 3296 1132 3346 in
1162 3293 1319 3353 Filio,
1366 3301 1418 3346 et
1443 3289 1646 3358 Spiritu
1694 3288 2002 3343 dicendum.

427 3393 618 3464 Neque
649 3391 793 3446 enim
821 3388 994 3442 Filius
1019 3387 1274 3456 Spiritus,
1308 3399 1483 3447 neque
1517 3381 1751 3452 Spiritus
1827 3379 2000 3434 Filius

429 3496 533 3541 est.
602 3484 783 3552 Neque
811 3484 946 3536 enim
976 3467 1248 3539 convertit.
1288 3479 1464 3546 inquit.
1493 3475 1770 3547 Nysseuns
1829 3477 2003 3542 ,Iiubi-

431 3597 514 3640 ειη
549 3584 654 3637 ista
679 3576 1073 3645 consequentia.
1111 3572 1220 3625 Iloc
1241 3579 1418 3622 autem
1444 3570 1738 3622 secundum
1766 3568 1997 3636 aliquam

427 3678 648 3734 omnino
676 3667 1070 3742 oppositionem
1103 3662 1386 3732 contingit;
1472 3669 1630 3728 atque
1670 3677 1730 3713 ea
1769 3670 1853 3716 est
1883 3672 2003 3729 qua:

431 3780 608 3825 causa;
636 3763 982 3828 causalis,th
1030 3756 1235 3810 ratione
1258 3753 1501 3806 redditur
1519 3754 1812 3806 secundum
1838 3769 2000 3823 quam

430 3863 635 3916 dictum
693 3865 798 3920 est,
853 3850 1000 3906 aliud
1064 3847 1278 3918 quidem
1370 3845 1830 3898 eontinentcr'ex
1892 3842 2007 3912 pri-

431 3969 541 4016 mo,
593 3949 738 4002 aliud
783 3960 883 4015 per
911 3945 984 4004 id,
1015 3941 1161 4011 quod
1194 3950 1278 3995 est
1304 3941 1649 3994 continenter
1694 3951 1759 3990 ex
1799 3937 1994 4004 primo.

497 4043 764 4097 Piteterea
827 4048 879 4091 et
913 4034 1078 4089 Filius
1115 4033 1232 4089 t‘ons
1257 4033 1425 4087 sancti
1477 4030 1710 4100 Spiritus
1739 4047 1767 4084 a
1799 4030 2006 4087 sanctis

431 4134 683 4190 Patribus
714 4130 1019 4200 appellatus
1043 4137 1124 4180 est
1155 4145 1166 4180 :
1192 4141 1368 4194 neque
1395 4125 1496 4178 hoc
1553 4126 1753 4188 solum,
1811 4139 1997 4179 verum

428 4230 591 4283 etiam
623 4228 768 4281 solus
802 4223 974 4276 Filius
1015 4220 1133 4275 t‘ons
1152 4235 1271 4274 esse
1329 4219 1502 4271 sancti
1555 4217 1792 4283 Spiritus
1855 4231 2002 4272 asse-

430 4323 587 4381 ritur,
616 4320 756 4373 sicut
785 4318 835 4370 in
857 4312 1316 4381 consequentibus
1381 4312 1773 4364 mouSIrubitur
1805 4328 1818 4364 :
1853 4313 1998 4380 quod

433 4413 614 4466 etiaur
629 4410 746 4480 plus
764 4418 873 4469 est,
901 4421 1062 4474 quam
1100 4401 1408 4470 requiratur
1443 4403 1509 4453 ad
1553 4401 1603 4453 id
1633 4403 1776 4470 quod
1809 4416 2007 4470 propo-

432 4492 662 4563 suimits.
691 4501 758 4554 Et
788 4511 934 4554 certe
959 4497 1216 4566 possibile
1237 4512 1342 4550 non
1378 4505 1460 4550 est
1481 4495 1632 4564 juxta
1671 4510 1793 4548 eum
1843 4511 2002 4565 quem

431 4599 648 4668 quidam
681 4594 1052 4654 introducunt,
1100 4587 1394 4644 secundum
1418 4588 1594 4640 sancti
1620 4585 1858 4656 Spiritus
1877 4600 2002 4654 pro—
2034 4573 2076 4628 Ῑ)

334 4697 342 4703 “
433 4703 675 4752 cessum,
710 4684 905 4738 Filium
938 4682 1144 4735 fontem
1203 4693 1330 4734 esse
1361 4679 1535 4734 sancti
1588 4677 1846 4745 Spiritus.
1897 4677 2001 4732 Eos

431 4783 602 4846 enim,
629 4780 722 4849 qui
766 4780 836 4832 ita
859 4785 1087 4848 ponunt,
1152 4773 1384 4844 plurima
1418 4773 1728 4827 necessario
1764 4772 2000 4826 absurda

430 4876 609 4947 sequi,
634 4887 800 4940 supra
868 4876 1230 4923 monstratum
1257 4874 1362 4919 est.
1423 4862 1540 4917 Non
1567 4864 1729 4932 igitur
1763 4879 1829 4917 ex
1879 4864 2002 4917 sola

433 4963 813 5022 conversionis
854 4961 1069 5015 ratione
1101 4956 1276 5012 sancti
1298 4956 1401 5009 viri
1433 4955 1604 5009 claret
1626 4956 1885 5021 intentio;
1909 4959 2002 5011 sed

431 5061 598 5115 etiam
624 5071 690 5110 ex
713 5069 778 5108 eo
799 5056 944 5122 quod
967 5047 1548 5118 supersulistantialem
1564 5047 1802 5101 divinam
1837 5063 2004 5116 gene-

266 5158 271 5164 “
361 5207 367 5213 ,
433 5151 699 5206 rationein
731 5146 944 5200 Patrem
967 5139 1337 5210 appellaverit.
1364 5139 1551 5191 Divina
1597 5141 1740 5192 enim
1773 5154 2000 5206 genera-

433 5246 524 5308 tio,
565 5245 636 5297 ita
673 5239 845 5301 Patri,
881 5237 1024 5291 sicut
1045 5233 1280 5303 genitori
1316 5247 1644 5302 congruens,
1671 5232 1736 5284 ad
1774 5247 2002 5285 nasecnr

391 5383 394 5386 .
435 5347 540 5393 tem
565 5335 759 5390 Filium
789 5347 830 5385 rc
849 5329 1051 5383 dditur.

500 5429 694 5491 Porro,
726 5425 770 5477 si
803 5422 926 5491 quis
988 5418 1116 5472 illud
1171 5417 1332 5472 etiam
1398 5416 1463 5468 ad
1487 5415 1745 5482 Spiritum
1783 5415 2007 5470 reddere

433 5526 690 5578 conetur;
750 5509 979 5579 primum
1031 5508 1250 5575 quidem
1290 5504 1452 5558 etiam
1513 5501 1776 5572 Spiritum
1807 5503 2003 5557 Filium

386 5627 404 5636 ο
428 5622 550 5664 esse
581 5608 762 5660 dicere
794 5612 1035 5670 eogctur.
1109 5597 1296 5650 Divina
1362 5597 1565 5665 quippe
1615 5603 1916 5666 generatio,
1951 5609 2005 5650 ut

432 5701 691 5756 divinius,
727 5692 957 5762 genitori
1002 5685 1256 5755 congruit
1313 5687 1633 5754 genitorque
1691 5687 1756 5737 ad
1805 5685 2000 5739 Filium

428 5790 686 5845 t‘elet'tur.
731 5785 1046 5839 Deiniluetsi
1089 5780 1321 5848 Spiritus
1353 5769 1574 5830 :t'Patt‘e
1605 5781 1797 5830 tlivittze
1845 5793 2005 5846 gnue-

432 5879 656 5942 rationis
692 5880 902 5932 ratione
928 5873 1254 5930 diSCet-uitur
1281 5887 1294 5926 :
1330 5870 1657 5924 discernitur
1705 5871 1920 5938 quidem
1947 5882 1999 5925 et

2104 3271 2318 3339 aliquo;
2353 3282 2530 3338 neque
2586 3269 2730 3321 enim
2791 3266 3185 3334 causalisest;
3235 3273 3486 3320 eteternm
3541 3265 3686 3321 Deus

2105 3365 2321 3441 quidem
2350 3371 2450 3430 est,
2495 3376 2559 3415 ex
2624 3362 2728 3415 Deo
2763 3371 2941 3414 autem
2970 3373 3074 3413 non
3109 3368 3214 3424 ρει,
3265 3360 3426 3414 aliter
3478 3357 3682 3428 qttippe

2104 3457 2222 3511 sine
2250 3454 2515 3525 principio
2541 3468 2646 3528 non
2675 3459 2819 3507 esset
2851 3467 2864 3504 :
2904 3451 3228 3518 principium
3257 3449 3338 3505 sui
3357 3451 3683 3519 pra-cogita-

2109 3561 2242 3615 tum,
2267 3549 2493 3612 habens,
2517 3543 2971 3615 quemadmodum
3002 3551 3056 3596 et
3085 3541 3274 3606 Filius.
3309 3557 3482 3611 neque
3522 3543 3679 3596 radis

2104 3656 2158 3701 et
2188 3645 2308 3699 fons
2336 3633 2472 3707 Filii,
2501 3639 2844 3708 Spiritusqne
2876 3636 3168 3692 diceretur.
3200 3635 3304 3690 Sed
3323 3633 3511 3700 Filius,
3536 3637 3683 3692 Deus

2106 3751 2227 3793 cum
2273 3736 2372 3798 sit,
2405 3749 2470 3786 ex
2529 3731 2639 3786 Deo
2693 3731 2856 3784 Putre
2899 3743 3018 3784 esse
3049 3728 3286 3795 dicitur;
3341 3730 3682 3799 et,Spiritus

2104 3838 2326 3886 sanctus
2357 3829 2498 3882 Deus
2539 3839 2661 3880 cum
2694 3825 2787 3888 sit,
2812 3837 2877 3876 ex
2919 3821 3030 3875 Deo
3064 3821 3251 3876 itidem
3287 3821 3445 3876 Patre
3482 3822 3686 3890 praedi-

2105 3933 2288 3988 catur;
2321 3929 2714 3988 attestaturqoe
2745 3917 2830 3972 his
2858 3917 3020 3970 etiam
3062 3914 3184 3970 fidei
3215 3915 3408 3983 positio
3435 3931 3682 3968 commu-

2104 4018 2298 4085 nisque
2326 4012 2583 4068 Ecclesiae
2619 4009 2802 4078 opiuio
2833 4025 2846 4062 :
2879 4007 2949 4060 ita
2987 4006 3243 4074 quoniam
3276 4009 3414 4060 Deus
3445 4021 3508 4058 ex
3546 3987 3678 4068 Deo,

2104 4107 2248 4180 quod
2311 4106 2528 4170 dicitur,
2565 4102 2700 4157 Filio
2758 4110 2814 4154 et
2877 4099 3102 4168 Spiritui
3154 4109 3344 4151 sancto
3386 4097 3678 4162 convenit;

2056 4226 2061 4230 κ
2105 4209 2270 4267 atque
2306 4196 2432 4251 hinc
2475 4208 2655 4248 causa:
2686 4189 3024 4258 causalisqne
3061 4188 3271 4242 ratione
3306 4203 3334 4241 a
3380 4185 3533 4242 Patre
3562 4188 3679 4241 dis-

2105 4298 2426 4356 cernuntur,
2489 4287 2590 4342 sub
2657 4283 2953 4340 intellectis
3017 4281 3225 4336 scilicet
3298 4280 3678 4336 ditferentibns

2105 4379 2424 4436 substantia:
2484 4375 2868 4446 processibus,
2928 4373 3068 4427 Deus
3119 4383 3302 4426 autem
3350 4382 3434 4426 est
3481 4372 3674 4435 Filius,

2109 4471 2250 4526 Deus
2274 4470 2427 4536 item,
2452 4478 2508 4525 et
2530 4467 2766 4536 Spiritus
2791 4475 3011 4520 sanctus
3043 4482 3058 4520 :
3093 4478 3314 4518 necesse
3349 4474 3454 4526 est,
3478 4466 3522 4517 si
3553 4465 3677 4518 tidei

2109 4562 2376 4634 principia
2427 4574 2648 4616 servare
2689 4557 2948 4613 inviolate
3005 4556 3290 4620 volumus.
3346 4565 3436 4609 aut
3481 4554 3676 4609 Filium

2111 4645 2276 4711 Deum
2308 4670 2372 4709 ex
2400 4654 2509 4708 Deo
2543 4651 2750 4721 Spiritu
2780 4665 2918 4713 esse,
2952 4659 3045 4702 aut
3075 4647 3333 4718 Spiritum
3369 4649 3532 4702 Deum
3557 4663 3678 4700 esse

2105 4765 2170 4804 ex
2207 4746 2317 4802 Deo
2364 4746 2530 4811 Filio;
2582 4758 2687 4798 non
2724 4743 2867 4798 enim
2919 4741 3090 4811 magis
3156 4739 3324 4795 Deum
3365 4739 3431 4792 de
3463 4739 3570 4791 Deo
3612 4740 3677 4790 ad

2105 4841 2319 4896 Patrem
2398 4848 2720 4906 utrumque,
2787 4848 2947 4905 quam
3007 4834 3074 4886 ad
3137 4833 3366 4886 invicem
3426 4831 3677 4885 convenit

2105 4933 2229 4988 dici.

2178 5048 2313 5102 Nam
2339 5044 2618 5101 relationis
2663 5042 2932 5112 oppositio
2964 5055 3067 5095 non
3106 5040 3207 5094 hoc
3241 5039 3507 5104 prohibet.
3549 5039 3673 5111 Ete-

2109 5141 2216 5194 nim
2251 5139 2552 5208 paternitas
2583 5135 2799 5206 quidem
2830 5134 2894 5186 ad
2925 5131 3255 5185 nativitatem
3280 5129 3590 5198 opponitur,
3617 5142 3675 5185 nt

2105 5232 2348 5302 gignere,
2389 5228 2531 5298 quod
2587 5226 2812 5290 dicitur,
2855 5225 2920 5279 ad
2977 5223 3053 5287 id,
3074 5221 3230 5290 quod
3273 5231 3359 5276 est
3409 5213 3589 5284 Pittaci,
3623 5231 3676 5274 et
3720 5249 3728 5254 -

2107 5321 2438 5392 producere,
2481 5320 2547 5373 ad
2598 5319 2648 5372 id
2691 5319 2834 5388 quod
2863 5325 2950 5371 est
2989 5315 3234 5384 produci.
3261 5312 3422 5369 Nasci
3454 5327 3581 5368 vero
3621 5323 3674 5368 et

2108 5414 2419 5482 procedere,
2477 5409 2543 5464 ad
2596 5409 2826 5463 invicem
2889 5423 2994 5461 non
3044 5415 3408 5474 Opponentnr.
3442 5405 3498 5459 Si
3532 5404 3672 5459 cuitu

2105 5509 2450 5570 opponuntur
2474 5509 2527 5554 et
2559 5499 2966 5559 discernuntur,
2986 5497 3208 5550 omnino
3235 5497 3399 5549 etiam
3433 5495 3670 5564 gignere,

2105 5605 2154 5648 ct
2179 5595 2493 5662 producere,
2526 5592 2592 5644 ad
2618 5590 2844 5644 invicem
2877 5599 3238 5660 opponentur;
3272 5588 3444 5657 Atque
3471 5589 3539 5640 ita
3573 5588 3674 5640 erit

2104 5685 2264 5739 Pater
2319 5684 2437 5736 dna:
2517 5698 2797 5753 persouze,
2849 5683 3300 5751 —c0tnpositaQtte.
3348 5681 3668 5739 substantia.

2105 5779 2444 5845 maximeque
2474 5779 2622 5846 juxta
2652 5790 2746 5829 eos
2781 5775 2898 5844 qui,
2936 5785 2994 5828 ut
3023 5775 3224 5829 dictutn
3255 5784 3355 5839 θεῖ,
3381 5774 3674 5842 producere

2103 5869 2463 5925 sobstantiale
2513 5876 2738 5937 ponunt.
2799 5867 2906 5921 Aut
2969 5866 3143 5938 igitur
3189 5868 3309 5921 duae
3359 5867 3672 5920 substantia:
