3984 6552
321 454 414 515 HS
632 502 635 503 ν
1392 442 1790 503 ADVERSUS
1832 442 1894 502 Gl

1975 440 2144 502 tcos
2186 441 2329 503 Ltn.
2368 440 2481 500 ιιι.
3449 416 3548 481 “6

310 564 459 613 ναίει·
486 556 609 621 crit,
634 569 764 626 quas
798 553 1001 608 Scilicet
1036 554 1257 623 gignere
1280 561 1331 605 et
1364 553 1660 620 producere
1695 551 1867 616 signa-
1902 555 1948 611 Α
1978 562 2200 606 sanctus
2233 566 2247 604 :
2276 550 2555 620 quoniam,
2586 556 2642 601 ut
2673 545 2928 609 diximus,
2961 543 3103 598 nulla
3141 542 3418 599 relationis
3446 545 3546 597 ob-

312 655 403 713 hi',
434 660 493 704 nt
545 651 605 703 ad
663 650 767 702 dno
812 648 999 712 etiam,
1050 657 1100 700 et
1147 646 1285 714 quod
1332 645 1592 707 nascitur,
1640 656 1693 699 et
1727 645 1871 712 quod
1979 652 2087 699 stat
2135 643 2426 713 oppositio,
2454 648 2546 693 aut
2589 639 2785 694 Filium
2820 647 2987 693 totum
3022 650 3084 690 ex
3112 633 3250 689 Filio
3285 643 3397 689 toto
3423 634 3552 689 sob-

315 746 622 811 prmluritur
649 740 866 811 proprie
887 739 1071 795 referri
1099 739 1288 807 possit,
1314 748 1404 793 aut
1431 738 1574 807 quod
1615 739 1872 808 gignitur,
1979 736 2208 799 sistere;
2243 734 2331 801 qui
2354 732 2497 785 enim
2529 732 2629 786 hoc
2655 739 2836 798 negat,
2862 737 2954 782 aut
2985 739 3151 784 totam
3181 740 3339 781 unam
3366 741 3552 795 perso-

313 850 359 887 (ιι
400 837 545 905 quod
594 834 929 905 producitur,
969 850 1072 887 una
1106 848 1336 903 persona
1382 834 1521 901 erit;
1573 826 1788 901 quippe,
1821 839 1874 885 et
1983 825 2355 890 nam,'Filitnn
2398 835 2447 880 et
2480 826 2739 893 Spiritum
2772 837 3015 883 sanctum
3053 830 3418 903 conﬁtebitur,
3455 835 3549 881 aut

320 929 468 981 Pater
506 928 752 996 gignens,
784 941 845 979 ac
878 925 1197 994 producens,
1222 939 1324 977 una
1352 938 1575 996 persona
1596 932 1698 982 est.
1727 925 1878 978 Sicut
1985 934 2091 973 non
2120 927 2289 971 totum
2317 931 2381 970 ex
2406 924 2519 971 toto
2547 932 2665 972 esse
2696 916 2913 983 Filium,
2936 928 3117 986 neque:
3144 929 3310 972 totum
3342 936 3407 976 ex
3439 927 3552 972 toto

315 1024 448 1076 enim
511 1036 680 1089 neque
730 1021 892 1075 Paler
942 1022 1008 1075 ad
1055 1036 1113 1075 se
1145 1004 1343 1091 ipsum,
1387 1018 1679 1077 secundum
1731 1022 1873 1090 quod
1985 1022 2105 1063 esse
2156 1006 2417 1075 Spiritum
2476 1016 2744 1070 sanctum,
2780 1017 2890 1074 aut,
2920 1023 3094 1077 neque
3156 1010 3349 1065 Filium
3384 1010 3550 1063 Deum

315 1115 531 1181 gignere
586 1119 638 1165 et
695 1112 994 1180 producere
1053 1112 1274 1179 dicitur,
1321 1112 1649 1172 discernitur
1699 1131 1713 1167 :
1762 1116 1874 1176 ita,
1989 1109 2160 1156 ιοίιηη
2189 1113 2328 1160 esse.
2365 1114 2538 1166 neque
2577 1099 2835 1169 Spiritum
2864 1102 3030 1155 Deum
3062 1110 3255 1167 totum.
3291 1111 3381 1156 alii
3411 1101 3555 1155 alii!"

320 1218 487 1270 neque
519 1202 661 1267 quod
708 1202 1158 1272 gignituﬁatqne
1210 1203 1546 1271 producitur,
1579 1206 1645 1257 ad
1676 1218 1738 1259 ea
1768 1203 1877 1258 dis-
1991 1203 2160 1248 ῑοῑιιῐη
2192 1206 2311 1261 883,8
2352 1191 2576 1257 Filium.
2608 1201 2664 1246 ει
2698 1192 2841 1247 ³ιίυά
2897 1202 3064 1248 totum
3110 1193 3372 1263 Spiritum
3428 1208 3559 1247 san-

316 1302 584 1356 cernelttr,
627 1293 693 1345 ad
747 1307 868 1361 quze
912 1293 1133 1363 gignere
1180 1307 1243 1347 ac
1273 1296 1573 1364 producere
1618 1290 1879 1349 redditur.
1990 1298 2160 1352 ctmn,
2192 1286 2286 1341 sed
2348 1285 2448 1340 ἰδία
2508 1285 2751 1355 profecto
2805 1288 2984 1356 inepta
3029 1297 3082 1342 et
3116 1287 3351 1343 absurda
3414 1295 3556 1341 sunt.
3658 1354 3659 1357 η

320 1383 449 1435 Nihil
482 1384 665 1452 itaque
687 1378 936 1452 prohibet
969 1384 1245 1442 relationis
1288 1367 1575 1454 oppositio.
1612 1385 1778 1440 Deum
1814 1397 1881 1438 ex
1992 1378 2176 1450 Neque
2218 1378 2362 1433 enim
2416 1376 2677 1443 Trinitas,
2731 1394 2908 1450 tIchc
2967 1380 3217 1435 essentia:
3264 1378 3444 1434 unitas
3487 1378 3560 1432 ita
3640 1390 3648 1395 ·

321 1473 420 1527 Deo
452 1490 576 1529 esse
601 1476 728 1541 dici,
754 1477 819 1529 ad
857 1474 1084 1530 invicem
1126 1475 1317 1530 Filium
1358 1486 1411 1530 et
1442 1474 1725 1546 Spiritum.
1766 1473 1881 1530 Nisi
1996 1484 2325 1531 servaretur.

318 1579 488 1619 autem
547 1567 828 1650 btcc.sit,
881 1568 1183 1623 communis
1243 1570 1479 1623 essentia
1534 1568 1882 1636 relinquitur,
2064 1567 2354 1624 Enimvero
2398 1569 2650 1639 quoniam
2685 1576 2904 1637 propter
2937 1566 3020 1620 illa
3065 1581 3185 1636 quae
3225 1564 3367 1622 dicta
3415 1575 3561 1630 sunt,

318 1658 607 1712 secundum
663 1674 839 1728 quam
890 1659 1033 1713 nulla
1083 1659 1339 1713 discretio
1381 1659 1524 1724 Filii,
1559 1667 1615 1715 et
1650 1659 1885 1729 Spiritus
1924 1650 1929 1655 ’
1996 1655 2163 1713 Filius
2225 1668 2370 1714 totus
2424 1675 2487 1713 ex
2544 1666 2659 1713 toto
2708 1658 2775 1711 sit
2818 1654 2976 1712 Filio.
3030 1657 3098 1711 At
3132 1656 3253 1712 Filii
3287 1662 3480 1721 totum,
3511 1667 3565 1709 et

319 1751 615 1819 in~picilttr.
652 1749 777 1807 Ideo
807 1752 969 1807 etiam
1008 1752 1316 1807 necessario
1355 1752 1627 1821 sequitur,
1662 1747 1881 1815 Filium,
1994 1751 2174 1806 Patris
2210 1758 2404 1815 totum,
2448 1767 2613 1805 unum
2658 1758 2827 1805 totum
2871 1765 2991 1804 esse
3036 1754 3332 1806 secundum
3372 1764 3565 1805 essen-

320 1852 368 1897 et
411 1842 677 1911 Spiritum
735 1859 893 1898 unam
949 1860 1231 1915 personam
1275 1860 1417 1913 esse,
1452 1845 1598 1900 nulla
1662 1846 1885 1901 relativa
1922 1890 1963 1944 Β
1995 1844 2146 1903 tiam.
2192 1853 2405 1897 servata
2452 1841 2661 1897 scilicet
2699 1842 3037 1911 appositione
3085 1842 3364 1912 gignendi,
3401 1851 3564 1911 atque

319 1935 654 2001 oppositione
698 1936 995 1993 obsistente
1025 1954 1040 1996 :
1090 1938 1382 2007 neutrique
1432 1939 1647 2003 horum,
1709 1949 1767 1992 nt
1822 1939 1888 1991 ad
1922 1932 1963 1944 "
1992 1933 2273 1989 nascendi.
2311 1933 2497 2002 Itaque
2531 1942 2675 1987 totus
2709 1949 2774 1988 ex
2800 1932 2958 1988 Patre
2983 1944 3113 1998 toto,
3150 1943 3202 1989 et
3234 1933 3562 2002 Filio,quasi

323 2026 545 2080 invicettt
583 2026 729 2085 Deus
757 2042 820 2082 ex
858 2028 966 2083 Deo
994 2029 1201 2083 dicatur
1228 2044 1379 2095 esse,
1416 2031 1763 2086 concedetur.
1991 2039 2058 2078 ex
2096 2038 2202 2078 uno
2228 2032 2340 2077 toto
2370 2023 2602 2092 Spiritus
2625 2034 2729 2090 est,
2757 2025 2919 2079 veluti
2940 2040 3002 2078 ex
3038 2024 3219 2090 Patre,
3254 2034 3306 2079 et
3335 2022 3564 2086 Filio,ut

352 2106 519 2170 Nam
568 2119 613 2173 si
661 2119 783 2188 quis
833 2120 934 2174 boc
971 2129 1155 2191 neget,
1195 2134 1414 2178 necesse
1467 2122 1573 2177 erit
1619 2133 1678 2177 ut
1733 2124 1892 2178 simul

1993 2128 2059 2169 ex
2117 2128 2222 2167 uno
2264 2113 2432 2168 Deo:
2475 2113 2773 2167 secundum
2835 2113 3051 2180 quidem
3111 2114 3562 2183 significationem

321 2219 473 2277 neget
529 2211 617 2266 vel
678 2210 844 2265 Deum
900 2226 965 2267 ex
1007 2212 1116 2269 Deo
1167 2230 1284 2269 esse
1328 2214 1547 2282 Filium,
1590 2215 1673 2271 vel
1724 2217 1891 2271 Deum
1994 2213 2131 2279 ejus,
2164 2218 2308 2281 quod
2352 2221 2433 2268 est
2463 2222 2607 2267 totus
2644 2220 2698 2266 et
2730 2210 2873 2264 Deus
2908 2227 2919 2261 :
2964 2217 3036 2271 et,
3063 2206 3106 2260 si
3136 2205 3263 2273 quid
3309 2204 3451 2256 aliud
3490 2203 3567 2258 eis

320 2313 475 2370 atque
528 2317 595 2357 ex
650 2303 758 2359 Deo
800 2319 922 2359 esse
976 2304 1237 2375 Spiritum
1286 2316 1532 2362 sanctum
1593 2315 1685 2362 aut
1729 2308 1892 2361 alium
1996 2307 2061 2361 ad
2090 2305 2323 2361 invicem
2359 2318 2646 2361 commune
2682 2311 2787 2367 est,
2820 2300 3079 2355 relatione
3110 2312 3212 2351 non
3246 2296 3566 2357 obsistente,

323 2392 483 2449 Deum
529 2409 652 2450 esse
708 2395 929 2463 Filium,
980 2399 1144 2453 alium
1210 2389 1471 2466 Spiritum
1529 2408 1799 2456 sanctum.
1835 2398 1895 2453 Si
1996 2414 2116 2453 cum
2168 2415 2332 2452 unum
2383 2397 2514 2463 sint,
2548 2396 2843 2451 secundum
2892 2407 3043 2457 rem;
3086 2388 3384 2445 secundum
3440 2403 3568 2442 vero

319 2486 459 2539 enim
484 2498 780 2558 utrumque
806 2490 1000 2544 Filium
1024 2501 1075 2547 et
1107 2490 1369 2562 Spiritum
1404 2500 1652 2547 sanctum
1686 2492 1897 2547 scilicet
1997 2491 2397 2561 paternitatem,
2435 2497 2487 2544 et
2542 2487 2909 2548 nativitatem,
2943 2482 3258 2539 substantiis
3281 2480 3565 2553 [hyposta-

323 2579 383 2632 ad
420 2578 639 2634 Patrem
675 2583 912 2651 quidem,
973 2582 1136 2639 Deum
1168 2598 1231 2639 ex
1281 2584 1388 2640 Deo
1442 2584 1549 2640 dici
1608 2585 1895 2649 concedet,
2000 2582 2187 2655 tibus],
2214 2592 2272 2637 ut
2302 2582 2504 2655 dictum
2536 2580 3031 2646 est,discernantur
3057 2575 3364 2644 :.quoniam
3394 2573 3446 2627 in
3476 2573 3565 2626 bis

326 2686 423 2724 non
455 2681 641 2727 autem
673 2673 834 2727 etiam
861 2676 925 2727 ad
955 2675 1203 2737 invicem,
1225 2691 1289 2730 ex
1331 2675 1555 2729 dimidio
1590 2675 1694 2729 illis
1728 2676 1894 2730 Deum
1998 2675 2217 2745 quidem
2238 2646 2505 2745 oppositio
2534 2673 2816 2742 inspicitur
2854 2689 2867 2726 :
2907 2670 2960 2723 in
2994 2670 3078 2724 his
3110 2678 3288 2722 autem
3327 2666 3569 2721 nomini-

324 2774 389 2815 ex
442 2762 554 2818 Deo
608 2778 748 2831 esse,
802 2767 1004 2820 reddet.
1046 2765 1222 2820 Veluti
1284 2768 1349 2822 ad
1401 2766 1619 2820 Patrem
1681 2766 1896 2835 quidem
1999 2769 2123 2833 bus,
2156 2768 2297 2822 Deus
2353 2779 2405 2821 et
2452 2776 2617 2832 totus,
2675 2764 2883 2819 scilicet
2915 2764 3111 2817 unitas.
3140 2764 3308 2831 Igitur
3356 2775 3384 2813 a
3436 2759 3571 2813 Filio

327 2855 512 2919 tilium,
563 2865 621 2910 et
671 2857 933 2926 Spiritum
986 2866 1233 2912 sanctum
1293 2859 1538 2914 ordinem
1587 2858 1789 2914 habere
1834 2862 1899 2914 ac
2000 2863 2294 2916 secundum
2337 2875 2517 2915 causze
2552 2859 2890 2925 causalisque
2933 2858 3194 2911 rationem
3242 2854 3575 2909 discernitur

326 2945 561 3001 discerni
590 2948 911 3014 concedens,
943 2964 1048 3004 non
1074 2949 1237 3003 etiam
1265 2949 1334 3004 ad
1370 2949 1605 3005 invicem
1648 2949 1899 3005 ordinem
2003 2950 2239 3020 Spiritus
2268 2960 2512 3007 sanctus.
2540 2949 2692 3015 Quod
2716 2947 2758 3004 si
2785 2954 2930 3002 totus
2953 2959 3016 2999 ex
3045 2944 3571 3006 totoPatredicitnr,

328 3038 549 3107 habere,
585 3050 745 3110 atque
782 3041 1013 3095 discerni
1052 3042 1404 3109 concederet,
1439 3057 1611 3113 neque
1650 3036 1723 3097 'ad
1756 3042 1900 3097 invi-
2000 3044 2093 3100 sed
2115 3058 2178 3099 ex
2204 3043 2362 3098 Patre
2410 3059 2505 3112 per
2537 3042 2733 3096 Filium
2769 3056 2890 3097 esse
2933 3056 2960 3093 a
2995 3040 3263 3106 theologis
3295 3052 3576 3093 assevera-

327 3144 437 3182 cem
488 3131 768 3197 perfectas
806 3146 927 3187 esse
976 3134 1311 3188 substantias
1373 3132 1747 3189 conﬁteretur.
1794 3135 1900 3188 Sed
2003 3142 2110 3199 tur,
2148 3134 2227 3188 sic
2247 3132 2394 3188 enim
2432 3130 2686 3186 Ecclesia:
2717 3128 2958 3198 magistri
2997 3128 3330 3197 complexam
3354 3141 3578 3197 proces-

327 3222 465 3276 enim
502 3220 677 3276 Filius
715 3223 852 3278 Deus
879 3238 1001 3277 cum
1027 3226 1096 3278 sit
1119 3240 1182 3279 ex
1208 3225 1337 3290 Deo,
1367 3226 1434 3280 de
1471 3232 1660 3279 sancto
1694 3224 1897 3295 Spiritu
1928 3226 1971 3284 α
2004 3227 2170 3282 sionis
2214 3226 2387 3280 sancti
2433 3223 2672 3294 Spiritus
2709 3222 3075 3276 deﬁnitionem
3123 3221 3266 3274 illius
3310 3221 3573 3273 substan-

330 3328 429 3367 non
468 3323 580 3379 est,
613 3323 835 3386 propter
869 3315 958 3370 illa
994 3331 1112 3386 qua:
1140 3327 1443 3381 sequuntur
1472 3317 1735 3372 absurda.
2007 3320 2095 3375 ti:e
2125 3318 2521 3389 explicuernnt,
2561 3323 2613 3369 et
2662 3314 2956 3370 secundum
2983 3314 3103 3367 illos
3138 3329 3261 3367 cum
3297 3328 3361 3366 ex
3393 3310 3575 3375 Patre,

248 3412 253 3419 ‘
399 3406 493 3461 Est
555 3408 716 3478 igitur
766 3409 909 3464 Deus
958 3424 1023 3464 ex
1080 3411 1185 3465 Deo
1218 3410 1359 3465 Filio
1398 3410 1635 3480 Spiritus
1662 3418 1904 3475 sanctus,
2007 3411 2236 3474 dicatur,
2287 3417 2381 3462 aut
2411 3422 2477 3463 ex
2527 3407 2683 3461 Patre
2716 3415 2828 3489 to.to
2875 3404 3179 3474 intelligere
3223 3396 3497 3468 convenit,
3526 3400 3575 3454 si

333 3499 772 3567 quandoquidem
830 3501 991 3555 etiam
1044 3516 1140 3569 per
1193 3501 1368 3570 ipsum
1414 3502 1708 3572 procedere
1753 3515 1906 3557 asse-
2006 3499 2347 3559 curm—nobis
2374 3507 2458 3555 est
2493 3499 2645 3569 juxta
2689 3498 2900 3552 illorum
2928 3497 3300 3561 traditionem,
3336 3504 3389 3551 et
3416 3494 3577 3549 simul

335 3592 470 3645 ritur
501 3609 519 3645 :
565 3593 785 3662 solaque
842 3609 1003 3649 causa
1060 3604 1112 3649 et
1148 3595 1349 3651 causali
1408 3595 1619 3652 divinas
1672 3595 1905 3652 discerni
2010 3594 2158 3651 initia
2192 3594 2314 3649 ﬁdei
2364 3582 2662 3658 servando,
2695 3591 2989 3648 secundum
3033 3590 3278 3645 ordinem
3329 3588 3580 3643 diﬁ‘eren-

336 3697 616 3749 personas,
645 3700 743 3751 pro
774 3685 1022 3741 confesso
1049 3685 1299 3741 habetur.
1325 3685 1390 3741 Et
1418 3687 1671 3756 quoniam
1709 3702 1910 3743 secun-
2013 3689 2143 3744 tium
2174 3702 2552 3758 processuum,
2581 3694 2744 3757 atque
2793 3684 3118 3738 ooorientem
3170 3684 3239 3737 ab
3280 3681 3366 3737 bis
3402 3694 3579 3736 causa:

338 3774 457 3828 dum
495 3777 573 3840 id,
599 3778 741 3845 quod
798 3780 937 3833 Deus
981 3791 1082 3844 est,
1139 3795 1243 3835 non
1310 3778 1717 3837 discernitur‘a
1770 3779 1911 3836 Filio
2010 3780 2319 3847 causalique
2359 3778 2776 3843 discretionem,
2815 3776 3026 3830 divinas
3081 3773 3414 3843 distinguere
3452 3788 3579 3840 per-

341 3865 536 3934 P..tcr;
584 3884 702 3922 nam
758 3869 804 3924 si
847 3877 1075 3939 uterque
1124 3872 1417 3938 Deus,non
1453 3881 1632 3928 tamen
1661 3873 1766 3928 duo
1797 3874 1909 3941 dii,
2011 3888 2191 3939 sonas,
2224 3874 2458 3928 maxime
2503 3888 2623 3927 cum
2690 3871 2867 3926 Patris
2918 3877 3087 3923 totum
3145 3883 3250 3921 non
3305 3866 3448 3920 aliud
3506 3866 3580 3921 sit

341 3976 474 4013 littus
529 3961 672 4015 enim
732 3961 870 4016 Deus
930 3976 1013 4018 est
1045 3982 1058 4018 :
1090 3974 1305 4021 constat
1342 3981 1409 4022 ex
1450 3965 1612 4022 Patre
1651 3977 1705 4023 et
1748 3966 1909 4032 Filio,
2012 3983 2172 4036 quam
2220 3975 2387 4021 totum
2429 3966 2584 4035 Filiif:
2632 3981 2799 4023 unum
2830 3964 2972 4018 enim
3006 3971 3085 4016 est
3120 3970 3325 4026 totum,
3358 3960 3497 4013 sicut
3524 3967 3579 4012 et

344 4053 506 4105 veluti
561 4067 624 4107 ex
686 4070 794 4109 uno
848 4056 977 4120 Deo,
1008 4064 1128 4111 esse
1176 4057 1437 4127 Spiritum
1475 4068 1728 4114 sanctum
1761 4077 1777 4116 :
1805 4076 1911 4115 non
2012 4057 2223 4111 illorum
2270 4070 2374 4109 una
2413 4055 2647 4110 essentia
2681 4062 2764 4107 est
2797 4071 2810 4108 :
2846 4053 2935 4106 ubi
2980 4051 3187 4106 scilicet
3239 4066 3344 4104 non
3404 4049 3581 4102 obstat

345 4143 642 4199 secundum
670 4146 813 4215 quod
843 4149 1077 4212 duo,sed
1108 4148 1399 4203 secundum
1423 4150 1566 4220 quod
1587 4165 1747 4204 unum
1766 4159 1911 4215 sunt,
2012 4147 2290 4202 relationis
2338 4146 2627 4214 oppositio.
2669 4145 2905 4213 Spiritus
2956 4152 3132 4197 autem
3182 4151 3326 4196 totns
3361 4142 3577 4211 quidem

347 4237 675 4301 producendi
724 4240 935 4293 ratione
977 4240 1186 4295 scilicet
1216 4240 1446 4295 servatis
1492 4242 1916 4312 proprietatibus
2012 4245 2115 4301 est,
2149 4235 2499 4305 ejusdemque
2534 4235 2783 4289 essentia:
2809 4247 2927 4285 cum
2966 4232 3123 4285 Patre
3154 4240 3207 4284 et
3242 4230 3401 4295 Filio,
3434 4239 3579 4284 totus

346 4327 622 4394 gignendi.
654 4342 720 4382 ac
750 4330 1002 4384 nascendi
1050 4346 1064 4384 :
1122 4329 1261 4386 Deus
1315 4345 1439 4386 vero
1472 4338 1555 4386 cst
1587 4340 1640 4386 et
1679 4331 1915 4402 Spiritus
2013 4345 2142 4385 vero
2167 4330 2484 4400 productus,
2517 4328 2629 4382 sive
2654 4325 2951 4395 procedens
2972 4333 3071 4388 est,
3104 4323 3400 4379 secundum
3428 4337 3579 4375 suam

347 4430 569 4477 sanctus
600 4422 913 4491 productus,
945 4424 1060 4479 sive
1098 4424 1399 4493 procedens
1433 4427 1729 4480 secundum
1757 4441 1912 4481 suam
2014 4419 2424 4476 substantialem
2451 4419 2857 4489 proprietatem.
2883 4414 2996 4470 Non
3026 4424 3200 4481 potest
3228 4424 3407 4468 autem
3440 4413 3578 4467 idem

350 4513 760 4569 substantialem
816 4516 1225 4586 proprietatem.
1271 4516 1397 4571 Non
1438 4526 1615 4572 autem
1656 4500 1982 4587 possibile:
2015 4527 2135 4568 esse
2192 4511 2333 4581 quod
2394 4510 2660 4579 producit,
2692 4516 2745 4564 et
2787 4509 2927 4578 quod
2968 4506 3311 4577 producitur;
3341 4504 3475 4560 nihil
3503 4514 3585 4557 est

349 4613 447 4669 est,
478 4604 624 4659 idem
662 4577 974 4676 esse','quod
1001 4607 1268 4677 producit,
1299 4616 1353 4663 et
1394 4609 1536 4680 quod
1571 4577 1910 4679 producitur,
1938 4577 1990 4634 D
2017 4606 2160 4659 enim
2197 4577 2338 4673 quod
2382 4577 2462 4655 sui
2501 4603 2671 4672 ipsius
2704 4577 2870 4656 causa
2898 4601 2968 4655 sit
3002 4617 3016 4655 :
3063 4607 3114 4654 et
3142 4598 3302 4655 simul
3333 4598 3585 4652 itnmohi-

353 4707 569 4766 propter
606 4699 934 4754 immobilem
971 4706 1386 4771 proprietatem.
2023 4695 2125 4748 lem
2169 4694 2551 4762 proprietatem
2600 4693 2802 4746 servari
2836 4705 3059 4746 necesse
3095 4697 3177 4745 est
3222 4697 3440 4758 pr0pter
3484 4688 3586 4741 im-

422 4789 718 4856 Praaterea,
748 4793 1044 4846 secundum
1081 4794 1323 4849 eamdem
1352 4797 1639 4860 rationem,
1661 4795 1918 4863 quoniam

1688 4795 1918 4861 ξυουῖειηι
2024 4782 2275 4837 mobilem
2318 4782 2643 4837 beatissima:
2675 4780 2960 4835 Trinitatis
2992 4780 3261 4834 ordinem.

359 4879 492 4935 Dens
526 4878 694 4946 totus,
725 4897 788 4935 ex
841 4891 953 4938 toto
990 4883 1043 4938 in
1076 4884 1273 4940 divinis
1306 4887 1552 4956 personis
1578 4903 1605 4939 a
1644 4886 1916 4955 theologis

2094 4873 2383 4937 Praeterea,
2422 4873 2659 4928 omnium
2691 4873 2966 4927 nominum
3000 4887 3118 4938 qua:
3144 4871 3249 4926 Deo
3301 4872 3586 4941 assignan-

356 4975 633 5035 asserimr,
690 4972 830 5030 Deus
875 4975 1021 5029 enim
1059 4988 1267 5043 partem
1324 4993 1429 5031 ηοη
1488 4978 1649 5037 habet
1684 4988 1782 5033 εει
1813 4994 1915 5033 ηοη
2027 4974 2134 5029 tur,
2179 4980 2240 5019 ea
2276 4965 2491 5033 quidem
2545 4979 2665 5032 qua:
2712 4962 3116 5032 quomodolibet
3156 4963 3380 5016 relative
3427 4964 3479 5015 in
3523 4982 3587 5013 «ιη

358 5065 523 5133 magis
559 5080 897 5135 quaecunque
927 5067 1231 5121 substantia
1261 5067 1439 5122 minus
1473 5079 1556 5123 est
1589 5068 1727 5123 Deus
1755 5078 1914 5132 totus,

2027 5056 2129 5110 dici
2183 5066 2442 5123 possunt,
2496 5068 2757 5125 personas
2812 5054 3067 5122 signant;
3118 5054 3360 5120 quaedam
3425 5068 3586 5117 vero,

357 5167 515 5224 atque
562 5156 860 5224 perfectus,
894 5173 1052 5226 quam
1103 5168 1212 5212 tota
1247 5160 1409 5213 simul
1439 5170 1623 5214 sancta
1658 5159 1927 5227 Trinitas,
2029 5162 2194 5201 unum
2226 5148 2388 5201 Deum
2422 5144 3146 5211 indiscrete,commendant.
3180 5145 3408 5197 Prorsus
3442 5158 3592 5203 vero,

360 5248 651 5301 secundum
706 5248 828 5303 ﬁdei
876 5249 1234 5318 positionem;
1266 5251 1423 5303 aliter
1447 5251 1592 5305 enim
1625 5267 1691 5306 ex
1724 5252 1921 5320 imper-
2029 5241 2117 5296 ubi
2152 5256 2257 5295 non
2292 5239 2512 5295 obsistit
2542 5238 2817 5293 relationis
2863 5235 3131 5305 oppositiu
3155 5274 3169 5294 .
3222 5249 3325 5288 non
3368 5235 3593 5286 reddere

361 5339 512 5394 tectis
533 5348 676 5395 esset
705 5341 861 5404 Deus,
890 5351 1051 5408 atque
1075 5356 1138 5394 ex
1171 5342 1415 5409 partibus
1444 5343 1919 5411 constaretzquod
2027 5333 2397 5401 qualecunque
2467 5344 2659 5384 nomen
2724 5329 2774 5381 in
2831 5326 2938 5380 Deo
3015 5328 3239 5389 dieitur.
3301 5340 3587 5392 persmwm

362 5445 537 5487 autem
574 5432 772 5487 dicitur
804 5443 947 5489 t0tus
980 5447 1045 5486 ex
1078 5434 1440 5499 toto,acausa
1476 5448 1597 5489 esse
1628 5435 1919 5503 signiﬁcat.
2029 5429 2324 5482 secundum
2383 5426 2669 5479 essentiam
2741 5423 3059 5475 imminuere
3123 5428 3203 5474 esi
3228 5457 3245 5483 ν
3300 5420 3385 5474 συί
3460 5420 3589 5473 mu"

364 5526 699 5595 Quapropter
743 5525 900 5579 Pater
933 5524 1148 5593 quidem
1194 5534 1338 5579 totus
1365 5534 1466 5595 est,
1492 5542 1557 5580 ex
1593 5536 1701 5580 t0to
1741 5536 1919 5581 autem
2031 5534 2227 5573 nomen
2255 5518 2533 5588 aptissime
2559 5530 2877 5584 congruum,
2905 5513 3201 5567 secundum
3253 5514 3329 5565 rei
3381 5511 3591 5581 signino

364 5634 464 5672 non
498 5628 599 5681 est,
631 5634 663 5672 tt
692 5617 850 5672 nullo.
882 5618 1023 5671 enim
1059 5626 1162 5672 est.
1207 5618 1374 5671 Filius
1415 5629 1597 5672 autem
1650 5630 1813 5681 totus,
1856 5636 1921 5674 ex
2030 5610 2298 5665 cationem
2325 5625 2430 5665 non
2461 5608 2721 5663 redditur.
2746 5608 2899 5669 Puta,
2930 5604 3089 5657 Pater
3116 5604 3333 5673 quidem
3374 5620 3568 5659 nomen

366 5709 521 5765 Patre
548 5722 660 5765 toto
683 5720 784 5777 est,
811 5720 864 5764 et
890 5709 1126 5779 Spiritus
1145 5720 1305 5775 totus,
1332 5725 1396 5765 ex
1421 5719 1531 5765 toto
1549 5711 1707 5765 Patre
1730 5712 1920 5767 simili-
2030 5714 2085 5761 et
2105 5703 2273 5759 Filius
2298 5713 2353 5757 et
2372 5702 2604 5772 Spiritus
2626 5708 2865 5763 sanctus,
2882 5698 3308 5767 paternitasquc,
3330 5707 3382 5752 et
3402 5700 3595 5751 nativi-

368 5811 466 5859 tcr.
490 5806 727 5859 Necesse
750 5814 993 5873 estergo,
1019 5804 1061 5858 si
1093 5804 1242 5857 initia
1266 5802 1384 5857 ﬁdei
1412 5817 1634 5858 scrvare
1652 5804 1920 5866 volumus,
2032 5810 2133 5863 tas,
2168 5807 2221 5851 et
2277 5795 2573 5867 processio,
2600 5806 2890 5859 causaque,
2914 5801 2966 5845 et
2995 5792 3229 5855 causale,
3266 5800 3316 5844 et
3354 5790 3592 5860 gignere,

371 5908 508 5952 totus
536 5913 658 5953 cum
689 5898 759 5952 sit
784 5895 948 5953 Filius
978 5894 1117 5952 Deus
1152 5904 1403 5967 totusque
1424 5897 1489 5951 sit
1526 5894 1662 5950 Deus
1692 5896 1924 5966 Spiritus
2033 5902 2083 5947 et
2113 5890 2284 5959 gigni,
2339 5886 2488 5943 relati
2542 5887 2607 5939 ad
2665 5884 2889 5939 invicem
2939 5882 3039 5938 dici
3083 5898 3202 5937 cum
3246 5882 3486 5951 possint,
3540 5881 3593 5934 in
