3984 6552
168 5762 201 5793 ί

322 429 422 501 iis
1395 443 1801 505 ADVERSUJ‘
1831 444 1892 503 G;

2000 442 2152 505 iCOS
2192 444 2346 509 LIB.
2384 445 2505 507 III.
3468 442 3567 505 150

315 552 608 608 substantiis
663 554 957 611 ostenderet
996 574 1102 613 non
1151 559 1280 615 solis
1332 559 1631 615 nominibus
1685 560 1875 615 distin-
1904 560 1950 620 Α
1982 560 2369 642 nequo‘Pater
2414 572 2497 618 est
2543 561 2887 633 paternitatis
2940 561 3151 618 ratione
3184 560 3303 617 sine
3358 560 3559 617 medio.

313 655 469 700 ctam.

384 736 528 791 Idem
581 738 632 791 in
688 754 728 792 tt
778 741 845 797 ad
901 739 1175 798 Hermian)
1232 762 1245 798 :
1299 742 1783 801 Consubstantialis
1833 756 1883 800 et

314 840 593 883 rortarnns
623 830 775 885 Patri
798 831 847 886 F
852 835 997 900 ilius,
1019 837 1197 891 antnia
1224 839 1431 905 penitus
1450 855 1603 909 requa
1640 855 1886 893 mensura

313 919 485 985 liabet,
511 931 706 990 printer
733 923 906 978 solum
958 926 1188 997 gignere.
1226 931 1339 985 Hoc
1369 930 1509 987 enim
1543 929 1710 984 solum
1758 946 1883 998 pro-

313 1015 419 1079 prie
468 1013 573 1068 Deo
623 1024 673 1069 et
723 1015 882 1070 Patri
926 1020 1188 1074 convenit.
1238 1019 1382 1075 Idem
1436 1022 1492 1075 in
1537 1019 1883 1077 Tltesattris:

316 1104 494 1173 Itaque
521 1108 869 1179 quodcunque
897 1114 961 1164 de
1012 1110 1174 1166 Patre
1218 1113 1443 1179 dixeris,
1494 1114 1589 1168 ltoc
1630 1115 1789 1171 etiam
1822 1114 1885 1169 de

313 1194 463 1260 Filio,
485 1208 676 1262 praeter
702 1200 761 1252 id
787 1202 964 1255 solum
992 1205 1132 1272 quod
1166 1202 1327 1259 Pater
1363 1206 1471 1272 ipse
1497 1214 1611 1269 est:
1639 1215 1687 1259 et
1714 1208 1881 1275 quod-

313 1305 507 1359 cunque
540 1290 686 1347 Filio
729 1294 959 1358 dederis,
991 1296 1088 1350 hoc
1132 1307 1178 1350 et
1208 1297 1262 1351 in
1315 1297 1475 1353 Patre
1500 1309 1579 1353 est
1608 1311 1804 1370 prteter
1832 1301 1885 1355 id

311 1379 500 1445 solum,
527 1382 653 1451 quia
692 1380 868 1439 Filius
898 1386 1009 1455 ipse
1036 1397 1135 1442 est.

377 1470 799 1541 Cbrysostomus
831 1477 884 1530 in
925 1493 1089 1533 xxxix
1124 1478 1347 1537 humilia
1376 1496 1540 1553 super
1567 1483 1834 1539 Joannem
1867 1503 1881 1540 :

316 1579 333 1609 s
374 1560 547 1630 Dedit,
607 1578 785 1622 autem
831 1569 1028 1627 idcirco
1086 1574 1281 1630 dictum
1329 1584 1432 1643 est,
1492 1593 1554 1630 ne
1598 1577 1887 1649 ingenitum

313 1656 479 1715 ipsum
528 1658 836 1726 suspiceris,
896 1679 1058 1735 neque
1111 1666 1247 1721 duos
1302 1666 1489 1723 Patres
1550 1684 1660 1724 esse
1710 1680 1885 1739 putes.

315 1745 500 1802 Omnia
535 1751 675 1805 enim
721 1770 841 1822 ante
872 1754 1037 1811 Pater
1068 1769 1165 1823 est,
1198 1760 1313 1815 lucc
1345 1770 1393 1815 et
1440 1759 1617 1816 Filius
1664 1773 1764 1817 est.
1820 1760 1889 1818 Et

313 1849 429 1906 post
457 1858 627 1909 pauca
661 1861 678 1900 :
717 1844 873 1902 Vides
900 1850 1353 1916 incommutabile,
1392 1863 1443 1906 et
1474 1853 1611 1923 quod
1638 1870 1743 1908 uno
1772 1853 1886 1910 solo

1992 651 2072 706 Ita
2100 652 2244 707 enim
2283 651 2451 709 Filius
2473 664 2621 711 esset
2647 653 2882 723 Spiritus
2914 662 3161 721 sanctus,
3189 666 3361 722 neque
3389 666 3561 720 appo-

1994 744 2141 798 nitur
2176 744 2480 802 nativitatis
2515 746 2749 812 rationi;
2778 747 2909 803 huic
2936 746 3084 803 enim
3114 746 3228 803 sola
3258 743 3562 814 patet-nita-

1996 835 2062 893 tis
2091 836 2232 891 ratio
2263 838 2579 907 opponitur.
2618 837 2805 909 Itaque
2833 837 3132 894 secundum
3166 838 3218 893 id
3250 835 3395 913 quod
3442 848 3564 890 esse

1992 927 2192 985 dicitur
2217 928 2543 999 principium
2576 927 2813 1000 Spiritus
2837 929 3032 995 sancti,
3063 943 3169 984 non
3194 938 3279 985 est
3307 914 3584 982 discretio

1993 1018 2172 1077 Patris
2203 1035 2267 1078 ac
2300 1020 2460 1092 Filii,
2490 1030 2548 1077 et
2598 1032 2996 1094 consequenter
3045 1021 3323 1095 proprium
3384 1016 3565 1075 Patris

1993 1108 2061 1163 ad
2112 1107 2330 1175 Filium,
2365 1108 2611 1180 utrisque
2658 1109 2815 1169 enim
2865 1109 3082 1164 innatus
3126 1116 3211 1164 est
3251 1118 3565 1176 congruos;

1993 1199 2135 1268 quod
2190 1199 2238 1255 si
2292 1200 2511 1256 innatus
2554 1209 2640 1257 est
2690 1202 2880 1265 etiam,
2937 1199 3080 1255 nulla
3134 1198 3279 1254 enim
3330 1196 3441 1250 illic
3486 1195 3568 1249 in-

1994 1292 2106 1347 nati
2165 1292 2395 1365 privatio
2445 1305 2566 1359 est,
2622 1294 2931 1350 communis
2976 1301 3061 1351 est
3108 1292 3272 1362 igitur
3314 1287 3463 1344 Patri
3512 1294 3567 1342 ct

1993 1380 2150 1438 Filio.

2064 1474 2333 1542 Quoniam
2394 1476 2559 1547 igitur
2616 1477 2916 1547 producere
2970 1475 3172 1535 Patris.
3205 1468 3568 1529 substantiale

1993 1577 2101 1620 non
2163 1574 2269 1631 est,
2335 1579 2627 1622 commune
2679 1575 2859 1622 autem
2916 1575 3000 1621 est
3068 1564 3217 1619 Patri
3287 1570 3344 1618 et
3403 1558 3565 1622 Filio,

1993 1667 2391 1727 consequenter
2413 1668 2466 1714 et
2491 1656 2664 1715 Filius
2704 1672 2733 1714 a
2778 1668 2970 1714 sancto
3012 1656 3222 1729 Spiritu
3266 1652 3566 1722 secundum

1994 1767 2214 1811 causam
2254 1761 2310 1809 et
2352 1755 2573 1810 causale
2600 1754 2978 1824 distinguitur.
3018 1752 3078 1807 In
3108 1751 3223 1807 sola
3252 1750 3400 1806 enim
3433 1762 3565 1803 eau-

1995 1862 2054 1903 sa
2096 1855 2151 1901 et
2192 1846 2417 1912 causali,
2466 1846 2679 1902 divinas
2728 1858 2990 1916 personas
3037 1843 3301 1907 discerni,
3334 1851 3388 1895 et
3433 1841 3568 1896 tldes

310 1931 659 2000 diluendam
722 1940 974 2009 insinuet,
1008 1942 1148 2008 quod
1198 1946 1295 1999 iste
1346 1946 1546 2004 scilicet
1581 1950 1647 2003 sit
1699 1946 1888 2012 Pater,
1920 1925 1965 1982 Β
1998 1934 2187 2002 tradit,
2230 1944 2284 1991 et
2335 1936 2508 1991 sancti
2559 1936 2911 2001 conﬁtentur,
2970 1945 3029 1993 ut
3074 1949 3148 1993 ex
3196 1931 3570 2003 superioribus

312 2022 395 2076 ille
455 2024 645 2083 Filius.
702 2045 723 2082 s
776 2030 954 2097 Dedit,
1006 2052 1026 2086 s
1080 2034 1221 2090 enim
1277 2039 1420 2106 quod
1472 2037 1689 2105 dicitur,
1751 2038 1888 2095 hanc

311 2112 691 2169 distinctionem
757 2120 934 2174 solam
1008 2124 1307 2178 necessario
1378 2125 1629 2192 inducit;
1696 2138 1889 2182 cetera

314 2208 481 2259 omnia
531 2210 897 2278 aqualitatem
949 2224 1109 2286 atque
1141 2217 1263 2273 inde
1290 2218 1704 2274 mutabilitatem
1753 2220 1891 2275 indi-

312 2310 445 2353 cant.

380 2390 607 2461 Magnus
651 2396 984 2456 Athanasius
1014 2402 1071 2457 iu
1110 2400 1179 2458 “tu
1219 2400 1423 2459 Contra
1471 2402 1723 2468 Arianos,
1766 2402 1889 2457 ait:

315 2482 398 2537 Ita
438 2486 605 2555 igitur
660 2489 764 2560 ipsi
814 2509 934 2549 cum
981 2511 1147 2549 unum
1193 2496 1301 2551 sint
1352 2494 1535 2560 Pater,
1584 2497 1786 2552 scilicet
1839 2508 1890 2551 et

314 2577 498 2643 bilius,
572 2598 787 2654 unaque
840 2586 911 2640 sit
976 2586 1181 2650 Deitas.
1244 2591 1429 2646 eadem
1494 2592 1560 2645 de
1610 2589 1756 2647 Filio
1808 2593 1891 2645 di-

310 2686 514 2736 cuntur,
545 2690 691 2743 quas
721 2677 787 2733 de
836 2676 1018 2747 Patre,
1058 2683 1162 2737 nisi
1206 2682 1346 2753 quod
1387 2683 1558 2739 solum
1592 2682 1753 2739 Pater
1788 2700 1891 2741 non

310 2765 523 2821 dicitur.

380 2859 523 2915 idem
560 2863 613 2915 in
640 2877 918 2929 sermone,
952 2864 1005 2919 in
1039 2880 1148 2937 quo
1178 2869 1399 2937 exponit
1429 2868 1784 2939 compositam
1823 2868 1892 2925 ab

312 2951 525 3006 Ariauis
582 2954 766 3019 ﬁdem,
803 2956 856 3010 in
892 2957 1061 3013 variis
1102 2948 1317 3013 illorum
1378 2961 1620 3031 synodis,
1676 2961 1729 3014 in
1786 2962 1891 3015 line

313 3045 611 3111 longissimi
640 3049 906 3103 sermonis
944 3051 1061 3113 ait:
1090 3050 1304 3105 Idcirco
1342 3054 1480 3107 enim
1530 3054 1889 3123 aequalitatem

313 3138 462 3189 habet
542 3138 615 3190 ad
676 3138 897 3195 Patrem
966 3141 1188 3208 Filius,
1274 3144 1626 3213 uniformibus
1690 3146 1888 3204 scilicet

314 3232 548 3295 roribus,
604 3241 660 3286 et
712 3248 830 3302 quc
892 3234 947 3313 in
1003 3233 1169 3292 Patre
1217 3238 1485 3301 dicuntur,
1552 3239 1665 3293 lucc
1724 3248 1775 3293 et
1833 3239 1960 3329 inc
1993 3237 2111 3289 dem
2159 3237 2454 3306 proprium,
2504 3236 2753 3292 nativitas
2801 3252 2819 3291 :

315 3320 450 3377 Filio
481 3322 784 3395 Scriptum:
823 3328 1027 3395 dicunt,
1073 3341 1267 3398 praeter
1306 3331 1479 3387 solum
1517 3328 1736 3389 Patrem
1770 3349 1889 3388 eum

310 3416 431 3471 dici.

377 3510 608 3581 ﬂagitas
660 3512 895 3568 Basilius
940 3514 994 3569 in
1027 3516 1168 3571 libro
1201 3530 1301 3570 suo
1338 3517 1412 3570 De
1443 3517 1547 3587 fide
1581 3535 1600 3573 :
1642 3519 1892 3588 Accipere

310 3602 443 3663 enim
494 3605 639 3673 quod
666 3606 867 3659 dicitur
911 3623 1207 3673 commune,
1252 3620 1301 3662 et
1346 3610 1417 3661 ad
1449 3620 1745 3664 creaturam
1774 3620 1891 3673 est;

312 3692 498 3748 habere
546 3704 727 3752 autem
771 3712 837 3750 ea:
891 3708 1105 3766 natura,
1144 3700 1419 3767 proprium
1470 3710 1545 3754 est
1598 3701 1783 3771 geniti.
1821 3701 1889 3756 Ut

313 3805 429 3858 ergo
482 3788 659 3843 Filius
715 3792 1036 3845 naturaliter
1082 3792 1335 3862 possidet,
1378 3809 1497 3862 qua:
1529 3792 1712 3849 Patris
1743 3809 1891 3860 sunt,

315 3890 362 3931 ut
396 3892 571 3935 autem
606 3884 928 3953 unigenitus,
962 3885 1139 3938 omnia
1170 3883 1325 3939 habet
1371 3887 1427 3941 in
1457 3890 1624 3955 seipse
1650 3904 1888 3955 compre-

313 3974 493 4028 hensa.
544 3973 613 4028 Et
662 3991 855 4032 rursus
909 3978 964 4030 in
1002 3980 1239 4032 eodem:
1287 3977 1505 4033 Patrem
1552 3980 1668 4033 dixi
1706 3989 1754 4033 et
1797 3977 1891 4033 Fi-

314 4069 483 4131 lium;
532 4068 630 4123 Isas
681 4071 809 4123 mitti
850 4072 1195 4140 praprietates
1236 4088 1408 4126 serva.
1464 4070 1687 4127 Narseus
1732 4074 1895 4141 igitur

316 4160 483 4217 Filius
540 4164 597 4217 in
654 4180 733 4228 eo,
791 4164 930 4233 quod
993 4162 1170 4218 Filius
1230 4174 1334 4229 est,
1400 4167 1579 4219 omnia
1638 4176 1713 4220 est
1775 4183 1894 4235 qua:

310 4254 485 4318 Pater,
540 4258 830 4311 secundum
880 4258 1053 4324 ipsius
1109 4274 1284 4313 vocem
1339 4258 1553 4315 Domini
1611 4260 1837 4313 dicentis
1873 4274 1892 4313 :

319 4365 334 4396 ι
373 4346 569 4400 Omnia
626 4364 745 4418 qum
806 4348 964 4402 habet
1036 4348 1231 4415 Pater,
1285 4366 1401 4406 mea
1456 4364 1577 4405 sunt
1608 4352 1650 4405 ³.
1705 4370 1725 4403 s
1786 4350 1893 4405 Re-

313 4457 426 4495 rera
451 4442 594 4495 enim
624 4441 873 4511 imaginis
897 4450 1019 4497 sunt
1045 4444 1224 4497 omnia
1248 4459 1365 4514 qua:
1390 4444 1678 4516 primitiuae
1706 4444 1894 4510 {omne
1928 4482 1935 4507 ι

1334 4554 1341 4557 -
1900 4566 1911 4573 -
2001 4530 2178 4586 medio
2224 4546 2293 4585 ex
2346 4529 2528 4597 Patre,
2566 4528 2804 4598 Spiritus
2852 4537 3035 4584 autem
3084 4542 3179 4597 per
3220 4526 3419 4583 Filium
3466 4538 3572 4590 est.

311 4542 449 4588 sunt.

1993 2029 2182 2099 liquet.

2066 2121 2263 2178 Verum
2302 2124 2521 2195 quidam
2553 2122 2942 2179 discretionem
2988 2119 3111 2175 Filii
3144 2130 3199 2174 et
3228 2117 3403 2183 sancti
3446 2116 3572 2187 Spi-

1993 2213 2151 2278 ritus,
2181 2214 2481 2269 secundum
2514 2229 2734 2277 causam
2772 2223 2826 2269 et
2855 2212 3073 2268 causale
3110 2225 3219 2266 non
3268 2210 3572 2278 suscipien-

1996 2312 2098 2372 tes,
2119 2320 2243 2360 cum
2267 2314 2452 2360 tamen
2479 2306 2589 2362 illis
2617 2305 3003 2360 discretionem
3031 2304 3258 2360 reddere
3282 2302 3568 2373 cogantur,

1994 2397 2145 2452 aiunt
2186 2397 2420 2452 discerni
2457 2411 2553 2454 eos
2586 2396 2963 2453 diderentibus
2992 2409 3060 2452 ex
3097 2395 3257 2450 Patre
3301 2397 3572 2465 processi-

1994 2488 2116 2555 bus,
2149 2489 2539 2561 adducuutque
2590 2498 2782 2545 testem
2834 2486 3133 2554 iustitium,
3184 2488 3566 2557 philosophum

1992 2588 2047 2636 et
2102 2588 2419 2654 martyrem,
2454 2583 2724 2638 dicentem
2772 2597 2787 2635 :
2822 2583 2947 2649 quia
2978 2581 3114 2635 sicut
3154 2578 3330 2635 Filius
3359 2596 3424 2634 ea:
3466 2578 3574 2634 Pa-

1996 2682 2094 2737 tre,
2118 2674 2193 2728 ita
2214 2683 2261 2728 et
2298 2673 2529 2742 Spiritus
2552 2688 2618 2728 es:
2643 2672 2806 2727 Patre
2826 2682 2923 2737 est,
2951 2681 3304 2742 prteterquam
3328 2673 3570 2726 substan-

1993 2768 2083 2822 tia:
2105 2766 2278 2822 modo.
2318 2765 2641 2834 Gregorium
2690 2766 2819 2821 item
2854 2765 3161 2833 theologum
3196 2764 3490 2829 dicentem,
3517 2774 3575 2819 et

1993 2860 2171 2929 ipsum
2219 2859 2275 2915 in
2321 2874 2572 2915 sermone
2602 2860 2670 2915 de
2721 2858 3008 2914 nutivitate
3041 2858 3244 2913 Christi
3279 2876 3295 2914 :
3337 2858 3571 2927 Spiritus

1990 2961 2207 3007 sanctus
2262 2954 2549 3021 procedens
2613 2954 2822 3022 quidem
2873 2968 2939 3007 ea:
2990 2950 3183 3017 Patre,
3238 2968 3345 3006 non
3397 2964 3573 3006 autem

1990 3045 2167 3099 instar
2226 3043 2404 3109 Filii;
2471 3062 2636 3117 neque
2696 3046 2837 3100 enim
2900 3045 3225 3111 natiuitatis,
3287 3046 3379 3101 sed
3449 3063 3573 3115 pro.

1992 3142 2245 3197 cessionis
2292 3143 2521 3197 ratione.
2556 3141 2619 3197 Et
2663 3155 2854 3197 contra
2904 3142 3220 3199 Heronem:
3273 3141 3402 3198 Filii
3450 3145 3577 3213 qui-

2868 3236 3040 3290 sancti
3092 3245 3265 3291 autem
3315 3234 3570 3307 Spiritus,

1996 3331 2280 3398 processio.

2065 3418 2259 3487 Porro,
2291 3424 2381 3491 qui
2417 3421 2521 3478 ista
2549 3422 2760 3489 dicunt,
2793 3431 2846 3479 et
2882 3439 3064 3489 suam,
3096 3433 3149 3480 et
3183 3425 3567 3497 magistrorum

1995 3526 2179 3567 vocem
2206 3513 2419 3583 penitus
2452 3513 2725 3585 ignorant.
2761 3514 2895 3570 Nam
2924 3516 3233 3586 quicunque
3258 3527 3569 3573 sanctorum

1996 3598 2372 3663 dill'erentibth
2415 3594 2763 3677 processibus
2788 3607 3027 3663 discerni
3064 3609 3321 3665 dixerunt
3360 3610 3557 3666 Filium

1995 3707 2051 3754 et
2089 3699 2356 3769 Spiritum
2396 3710 2671 3764 sanctum,
2696 3698 2985 3754 nativitate
3028 3699 3237 3757 scilicet
3266 3710 3321 3756 et
3351 3716 3574 3770 proces-

1996 3795 2152 3849 slone
2213 3793 2329 3848 sive
2394 3791 2775 3863 personalibus
2839 3792 3261 3863 prpprietatibus
3298 3778 3568 3850 ordinem

1996 3885 2287 3940 reddentes
2332 3894 2386 3941 ct
2422 3884 2795 3955 processibus,
2843 3895 2899 3940 et
2940 3884 3314 3951 relationibus,
3361 3897 3415 3942 et
3448 3901 3574 3957 pro-

1998 3978 2347 4045 prietatibus,
2390 3977 2535 4032 istud
2586 3978 2863 4043 dixerunt,
2916 3978 3070 4045 quasi
3107 3978 3267 4033 aliter
3316 3979 3573 4049 possibile

1998 4084 2107 4124 non
2161 4068 2233 4123 sit
2290 4083 2645 4138 personarum
2691 4068 3016 4127 discretivas
3064 4086 3205 4137 esse,
3264 4072 3367 4127 nisi
3406 4073 3569 4128 etiam

1999 4163 2226 4219 relative
2259 4162 2520 4231 oppositas
2553 4162 2931 4233 intelligantur
2957 4164 3024 4220 ad
3070 4165 3323 4221 invicem.
3368 4165 3577 4222 Νειιίιὶ-

2000 4268 2081 4312 tas
2116 4255 2303 4325 itaque
2352 4254 2705 4310 immediatus
2749 4264 2929 4313 estex
2978 4256 3140 4309 Patre
3170 4271 3486 4325 processus,
3520 4271 3575 4315 et

1999 4351 2101 4404 hoc
2134 4357 2220 4409 est
2260 4347 2432 4417 ipsius
2467 4346 2749 4413 deﬁnitio;
2785 4346 3069 4417 processio
3092 4357 3272 4401 autem
3298 4360 3397 4415 per
3434 4348 3575 4401 nati-

1998 4440 2215 4495 vitatem
2272 4438 2642 4508 intelligitur:
2698 4437 2819 4494 ideo
2868 4447 2923 4497 et
2972 4435 3143 4492 Filius
3178 4439 3397 4509 quidem
3455 4439 3575 4495 sine

380 4627 433 4680 Si
465 4627 637 4695 igitur
666 4628 853 4683 omnia
888 4643 1010 4698 qua:
1047 4630 1209 4684 Pater
1238 4638 1341 4694 est,
1376 4628 1493 4683 haec
1519 4628 1683 4681 etiam
1722 4626 1891 4681 Filius
1922 4609 1971 4669 Ῑ)
2002 4625 2206 4681 Praeter
2266 4623 2411 4678 illam
2467 4631 2646 4698 autem
2703 4622 3048 4686 relationem,
3107 4637 3227 4691 qua:
3271 4623 3571 4678 secundum

315 4729 391 4773 cst
419 4722 641 4789 genitus
674 4728 732 4776 et
780 4734 1012 4777 manens
1046 4721 1233 4786 Filius,
1260 4732 1320 4777 et
1342 4723 1529 4776 osnnia
1560 4737 1680 4788 qua:
1728 4721 1894 4776 habet

317 4813 489 4874 Pater.
550 4817 666 4871 haec
715 4824 770 4871 et
821 4815 991 4870 Filius
1027 4816 1421 4886 comprehensa
1488 4817 1649 4870 habet
1693 4822 1893 4886 printer

318 4911 696 4971 pateruitatent
739 4908 936 4973 solam,
966 4880 1271 4977 praeterque
1313 4907 1364 4962 id
1395 4908 1588 4973 solum,
1625 4880 1766 4976 quod
1798 4880 1890 4961 hic

319 5001 471 5055 i'ater
501 5014 611 5066 eet,
650 5001 740 5056 ille
783 5001 973 5067 Filius,
1005 5000 1188 5055 omnia
1233 5002 1540 5055 communia
1595 5009 1743 5055 sunt.
1778 4999 1893 5056 Una

318 5098 457 5150 enim
489 5096 547 5150 in
585 5110 646 5151 re
676 5104 884 5150 tantum
917 5095 1196 5151 diﬂcrunt.
1223 5095 1431 5150 Caetera
1460 5096 1640 5150 omnia
1675 5098 1897 5166 aequali-
1936 5143 1965 5148 -

319 5170 515 5255 tatem,
575 5188 1236 5258 indemutabilitatemque
1290 5189 1556 5243 indicant.
1617 5189 1898 5257 Quomodo

2000 4732 2223 4774 causam
2258 4727 2366 4783 est,
2403 4716 2604 4771 nullam
2652 4716 2704 4769 in
2752 4713 2957 4769 divinis
2994 4715 3242 4780 personis
3276 4714 3572 4771 discretio-

2002 4826 2123 4866 nem
2158 4808 2462 4880 intelligere
2490 4808 2575 4861 l‘as
2605 4816 2710 4861 est.
2742 4805 2874 4859 Nam
2910 4809 2964 4861 in
3003 4806 3117 4860 sola
3149 4820 3313 4862 causa
3364 4816 3417 4861 et
3445 4822 3575 4861 cau-

1999 4903 2099 4957 sali
2132 4902 2343 4957 divinas
2380 4913 2645 4969 personas
2691 4896 2933 4954 discerni
2971 4898 3179 4952 dictum
3227 4906 3311 4951 est
3344 4916 3359 4964 ;
3418 4898 3577 4951 aliter

1995 4996 2142 5050 enim
2181 4992 2331 5047 omni
2369 4990 2711 5060 oppositione
2753 4998 2808 5045 et
2859 4989 3051 5044 ordine
3104 5004 3457 5059 processuum
3507 4990 3573 5044 ad

1996 5088 2227 5143 invicem
2264 5084 2495 5147 sublato,
2535 5081 2669 5136 nihil
2713 5081 3058 5151 prohibebit,
3100 5095 3293 5136 earum
3336 5081 3578 5151 proprie-

2000 5191 2136 5235 tates
2178 5178 2231 5232 in
2290 5175 2433 5231 idem
2486 5188 2813 5245 coucprrere
2851 5174 3179 5241 subiectura.
3236 5173 3421 5241 Itaque
3452 5188 3575 5227 cum

322 5299 418 5339 non
448 5281 1200 5358 ραιει-ιιῑωεηυίᾳεηι,ηιρυο
1228 5282 1487 5336 munitas
1510 5282 1901 5338 substantiales
2000 5270 2193 5326 Filium
2239 5286 2267 5322 τι
2311 5268 2516 5338 Spiritu
2548 5266 2831 5349 nativitate
2871 5264 3209 5358 discernunt,
3254 5264 3389 5353 nihil
3432 5264 3577 5358 aliud

322 5381 441 5425 sunt
471 5371 608 5426 solae
644 5371 823 5426 Patris
848 5385 911 5426 ae
953 5368 1074 5425 Filii
1108 5372 1472 5444 proprietates
1510 5370 1612 5426 sibi
1659 5373 1892 5427 invicem

322 5462 543 5517 minime
568 5477 926 5530 communes;
953 5465 1255 5534 producere
1276 5474 1482 5530 autem,
1506 5463 1653 5519 Patri
1676 5473 1737 5521 ,ει
1760 5463 1895 5519 Filio

322 5567 613 5608 commune
648 5565 751 5618 est,
804 5557 929 5626 quia
961 5567 1015 5612 et
1051 5556 1288 5626 Spiritus
1319 5566 1563 5619 sanctus,
1587 5554 1895 5610 communis

319 5657 419 5711 est,
471 5658 526 5703 et
589 5647 875 5703 amborum
926 5650 1124 5705 dicitur
1184 5650 1441 5720 Spiritus,
1504 5650 1896 5717 amborumquc

324 5740 695 5807 spiraculum?
730 5740 867 5796 Nam
918 5740 1154 5813 Spiritus
1197 5745 1370 5799 sancti
1403 5757 1525 5798 CSsc
1568 5742 1892 5811 principium

380 5919 399 5948 ³
432 5923 586 5979 Joan.
623 5938 735 5989 μοι,
772 5924 853 5977 l5.
1242 5930 1269 5947 ί

2003 5367 2213 5429 dicunt,
2248 5376 2411 5432 quam
2458 5358 2723 5428 Spiritum
2756 5374 2880 5413 esse
2909 5373 3003 5428 per
3035 5357 3232 5412 Filium
3265 5374 3279 5409 :
3320 5350 3416 5424 per
3440 5354 3581 5409 nati-

1996 5462 2222 5513 vitatem
2247 5456 2393 5509 enim
2424 5452 2745 5524 procedere,
2767 5452 2911 5521 quod
2938 5450 3155 5513 dicitur,
3187 5458 3289 5504 est.
3315 5449 3580 5505 Similiter

2003 5569 2122 5607 cum
2186 5549 2450 5620 Spiritum
2508 5565 2537 5601 a
2599 5546 2737 5601 Filio
2802 5545 3155 5614 processioue
3210 5544 3584 5615 distinguunt,

2007 5659 2261 5717 prin-casu
2319 5640 2409 5695 illo
2465 5657 2490 5693 a
2535 5638 2673 5694 Filio
2720 5638 2959 5694 discerni
3018 5637 3371 5703 confitentur.
3419 5638 3578 5709 cujus

2006 5750 2084 5794 est
2121 5734 2381 5801 deﬁnitio,
2420 5751 2515 5805 per
2550 5733 2879 5788 nativitatem
2912 5747 3053 5788 esse.
