4010 6550
412 410 508 500 tsi

1662 427 2056 511 MANUELIS
2084 433 2386 518 esteem

3541 455 3640 520 l5!

479 553 743 620 Quoniam
781 557 946 627 igitur
993 561 1286 616 secundum
1324 563 1714 622 substantiales
1753 582 1972 636 proces-
2006 574 2046 629 Α
2077 582 2280 629 nuntur
2307 591 2508 642 υςιυεει»,
2547 591 2610 632 ea
2657 591 2778 632 esse
2813 578 3030 646 quidem
3061 586 3114 632 et
3158 577 3210 632 in
3248 591 3428 641 causa,
3464 575 3638 646 ipsam

409 660 505 700 sus
533 661 888 715 personarum
922 652 1240 708 substantia
1278 654 1671 724 significantur,
1700 661 1974 729 simulque

407 752 528 792 eum
579 741 770 796 ordine
825 755 985 796 causa
1039 752 1095 798 et
1143 748 1363 801 causale
1414 746 1667 814 infertur,
1714 759 1769 806 et
1800 750 1974 808 Filius

406 831 621 898 quidem
677 834 976 889 secundum
1033 851 1354 905 processum
1402 856 1582 906 suum,
1639 844 1758 898 sine
1795 844 1973 898 medio

405 936 470 997 ex
510 920 668 977 Patre
688 923 962 994 gignitur;
1003 927 1240 998 Spiritus
1268 941 1448 986 autem
1474 933 1626 1001 juxta
1660 949 1971 1004 processum

405 1027 561 1067 suum
602 1025 668 1070 ex
729 1016 889 1074 Patre
940 1022 1188 1091 procedit

406 1106 746 1165 nativitatem
806 1125 950 1177 esse,
1005 1114 1094 1169 hic
1149 1125 1334 1170 autem
1402 1131 1499 1186 per
1565 1120 1970 1187 processionem

405 1198 606 1254 habere
658 1216 782 1262 esse
827 1217 1194 1270 asseveratnr,
1233 1208 1426 1263 merito
1454 1209 1642 1264 ambos
1690 1224 1756 1264 ex
1787 1212 1973 1266 ‘Patre

404 1291 626 1358 quidem
692 1293 845 1348 aiunt
906 1309 1046 1361 esse,
1105 1309 1293 1353 verum
1371 1299 1690 1379 substantia:
1752 1301 1972 1358 diﬂ'erre

405 1383 588 1441 modo.

477 1521 647 1578 Porro
706 1537 830 1579 eum
889 1524 1313 1582 substantiarum
1375 1530 1550 1585 modis
1597 1531 1859 1588 discretio
1920 1543 1974 1588 et

406 1629 594 1681 causa,
621 1626 784 1686 atque
815 1618 1034 1673 causale
1064 1619 1226 1674 simul
1278 1620 1528 1686 infertur,
1563 1622 1614 1676 id
1645 1625 1844 1693 quippe
1889 1634 1974 1681 est

407 1707 614 1771 dicere,
657 1709 802 1763 aliud
847 1711 1064 1778 quidem
1115 1727 1237 1768 esse
1290 1713 1633 1770 continenter
1673 1731 1738 1771 ex
1773 1717 1971 1786 primo,

408 1799 553 1854 aliud
591 1816 718 1858 vero
763 1817 858 1870 per
905 1803 957 1857 id
1001 1804 1144 1873 quod
1177 1805 1251 1860 sit
1291 1807 1637 1862 continenter
1663 1825 1728 1862 ex
1777 1809 1969 1877 primo.

409 1892 515 1948 Sed
561 1902 615 1948 et
661 1893 868 1967 dicere,
901 1897 1180 1966 proprium
1214 1899 1434 1967 quidem
1467 1899 1590 1956 Filii
1637 1903 1970 1956 nativitatem
2001 1923 2048 1982 Β

407 2000 554 2052 esse,
591 1985 828 2052 Spiritus
861 1997 1038 2044 antem
1063 1992 1494 2060 processionem,
1525 1994 1660 2049 nihil
1685 1995 1830 2056 aliud
1868 1997 1970 2052 sibi

406 2077 542 2144 vult,
572 2080 675 2134 nisi
707 2081 850 2148 quod
879 2079 1048 2136 Filius
1080 2083 1296 2151 quidem
1330 2098 1393 2138 ex
1431 2085 1590 2142 Patre
1619 2086 1740 2142 sine
1774 2089 1971 2153 medio,

408 2169 648 2238 Spiritus
701 2180 885 2226 autem
944 2186 1039 2241 per
1099 2171 1296 2227 Filium
1349 2173 1652 2242 procedit:
1715 2176 1975 2246 illumque

407 2263 702 2331 procedere
758 2265 935 2330 Iatrri,
985 2279 1092 2320 non
1141 2274 1325 2337 autem
1381 2265 1558 2331 instar
1591 2266 1734 2322 Filii.
1788 2253 1974 2337 Neque

406 2357 553 2410 enim
589 2358 894 2414 nativitatis
943 2336 1189 2420 ratione:
1228 2357 1323 2412 scd
1374 2360 1741 2428 processionis
1778 2336 1975 2416 discrer-

379 2450 588 2512 ‘uentis
618 2459 704 2504 est
744 2449 1080 2516 immediate,
1117 2451 1259 2520 quod
1291 2451 1490 2506 dicitur
1523 2461 1578 2506 et
1600 2453 1852 2514 mediate,
1880 2453 1974 2509 sed

405 2551 462 2597 et
517 2541 659 2611 quod
711 2542 788 2597 ait
839 2541 982 2596 idem
1038 2541 1344 2610 theologus,
1399 2542 1583 2595 omnia
1637 2552 1756 2611 (μω
1813 2540 1976 2596 habet

407 2635 602 2699 Filius,
647 2633 882 2704 Spiritus
935 2644 1080 2696 sunt,
1131 2642 1327 2704 praeter
1374 2633 1698 2700 nativitatis,
1744 2633 1974 2704 Filiique

407 2729 671 2782 rationem
699 2763 717 2790 ,
750 2725 893 2781 idem
925 2725 1124 2796 signat,
1157 2726 1312 2794 quasi
1353 2726 1558 2780 diceret
1585 2734 1780 2794 praeter
1807 2740 1972 2794 quam

407 2833 528 2874 esse
571 2819 690 2874 sine
725 2818 924 2875 medio.
971 2818 1093 2887 Ipse
1126 2818 1272 2874 enim
1316 2832 1413 2888 per
1458 2817 1656 2873 Filium
1709 2819 1971 2886 procedit.

408 2910 577 2966 Filius
615 2919 796 2967 autem
830 2925 924 2980 per
958 2911 1172 2970 Patrem
1213 2911 1480 2977 nascitur,
1515 2918 1572 2964 et
1610 2919 1970 2980 praeterquam

407 3006 548 3061 alius
589 3003 1006 3074 qnidemFilins
1035 3011 1140 3068 est,
1185 2997 1324 3060 alius
1355 3011 1536 3056 autem
1567 3001 1810 3072 Spiritus
1848 3018 1973 3056 san-

407 3107 547 3152 ctus.
588 3094 708 3166 Ipse
731 3097 875 3151 enim
903 3103 985 3150 est
1010 3095 1102 3164 qui
1133 3095 1209 3149 ait
1234 3093 1606 3149 emanationis
1649 3093 1975 3163 habitusque

406 3195 470 3248 ad
507 3192 740 3247 invicem
771 3187 1155 3253 differentiam,
1183 3188 1518 3246 diﬂ‘ereutem
1552 3203 1766 3258 quoque
1796 3187 1971 3256 appel-

407 3287 659 3338 lationem
713 3283 818 3339 illis
869 3282 1091 3344 fecisse;
1129 3292 1524 3351 preptereaque
1576 3281 1716 3336 idem
1757 3289 1861 3347 est,
1906 3296 1933 3334 a

403 3378 451 3435 si
506 3377 730 3432 dixisset
786 3384 1148 3445 prmterqnam
1199 3373 1338 3430 alius
1387 3371 1606 3444 quidem
1654 3385 1814 3427 causa
1867 3379 1971 3435 est,

405 3470 544 3525 alius
567 3463 795 3522 consule
819 3487 834 3534 ;
864 3469 906 3522 si
935 3480 1110 3521 autem
1139 3467 1412 3539 Nyssenns
1437 3481 1650 3536 quoque
1682 3464 1970 3530 discrevit,

404 3562 531 3617 dum
565 3561 712 3616 aliud
745 3562 881 3615 dixit
915 3580 928 3616 :
981 3561 1344 3625 Continenter,
1397 3559 1570 3621 aliud,
1623 3575 1716 3628 per
1745 3559 1798 3612 id
1833 3559 1972 3628 quod

404 3655 770 3718 continenter;
809 3664 864 3708 et
896 3655 942 3708 si
977 3653 1099 3721 quis
1145 3661 1324 3707 autem
1365 3651 1771 3722 processionem
1799 3648 1970 3703 alium

405 3746 726 3802 substantim
760 3748 978 3799 modum
1025 3759 1148 3800 esse
1193 3744 1355 3813 dixit,
1400 3755 1597 3815 praeter
1627 3743 1968 3798 nativitatem

403 3839 711 3901 immediate
739 3850 804 3891 ex
837 3835 1035 3905 primo,
1060 3845 1111 3889 et
1142 3850 1237 3905 per
1266 3835 1501 3890 medium
1529 3849 1592 3889 ex
1625 3835 1800 3906 primo
1835 3835 1968 3890 insi-

403 3945 575 3987 nuare
603 3929 738 3990 vult.
1259 3933 1296 3969 -'

397 4125 399 4127 1
474 4061 555 4116 Ad
607 4077 726 4117 eam
783 4077 912 4119 vero
963 4055 1176 4118 confert
1229 4062 1666 4133 intelligentiam,
1719 4065 1966 4131 etquod

403 4154 602 4210 dicitur
627 4154 874 4210 sufﬁcere
914 4154 978 4209 ad
1021 4155 1420 4220 discretionem,
1456 4157 1694 4225 genitum
1727 4171 1789 4209 ac
1842 4170 1971 4224 pro-

403 4246 604 4302 cedens
653 4246 868 4312 dicere;
919 4245 1263 4315 procedentis
1307 4248 1451 4302 euim
1504 4248 1642 4301 ratio
1681 4256 1796 4310 est,
1849 4261 1970 4303 esse

401 4353 499 4410 per
535 4339 798 4408 genitum.
847 4337 1032 4412 Itaque
1081 4355 1266 4393 verum
1317 4340 1369 4394 id
1404 4341 1622 4407 quidem
1675 4350 1776 4404 est,
1825 4340 1969 4407 quod

402 4413 687 4500 processus
724 4431 937 4487 divinas
981 4432 1296 4487 discernunt
1328 4446 1607 4500 personas,
1640 4446 1829 4484 verum
1861 4445 1967 4483 non

399 4523 520 4576 sine
569 4522 762 4578 ordine
811 4530 862 4576 et
909 4510 1028 4576 sine
1083 4521 1366 4575 intellectu
1400 4521 1465 4574 ad
1516 4520 1769 4585 invicem,
1805 4528 1970 4589 atque

1241 1041 1255 1077 :
1306 1023 1447 1090 ideo,
1497 1025 1586 1080 ille
1622 1025 1841 1096 quidem
1877 1040 1974 1097 per
2025 1032 2030 1039 '

2077 680 2204 721 vero
2233 667 2544 724 nullatenus
2573 668 2901 725 discernere.

2145 756 2334 827 Itaque
2355 757 2636 829 aequaliter
2659 773 2711 815 et
2744 761 2800 814 in
2826 761 3154 831 producente
3180 771 3233 816 et
3256 762 3310 816 iu
3335 765 3636 832 productis.

2077 851 2156 905 vel
2197 851 2533 918 discernent,
2561 851 2645 907 vel
2674 869 2778 908 non
2810 854 3156 921 discernent;
3201 855 3244 910 si
3283 855 3453 922 enim,
3487 860 3635 911 verbi

2075 943 2272 1012 gratia,
2307 943 2448 1000 idem
2485 945 2648 1000 homo
2685 957 2906 1015 generet
2941 946 3133 1010 illium,
3171 955 3454 1016 artemque
3485 963 3636 1002 suam
3683 1017 3692 1025 _

2075 1034 2352 1104 pingendi,
2382 1045 2440 1090 ut
2471 1034 2545 1090 ita
2577 1036 2841 1099 dicamus.
2886 1037 3039 1092 illum
3080 1039 3292 1106 doceat,
3323 1051 3514 1092 natura
3543 1055 3640 1108 pe-

2074 1125 2242 1192 nitus,
2269 1136 2324 1181 et
2358 1141 2448 1182 ars
2486 1127 2599 1182 lilio
2640 1143 2703 1183 ac
2732 1129 2996 1200 discipulo
3032 1145 3153 1185 cum
3189 1130 3381 1195 insint,
3410 1128 3557 1185 sicut
3583 1139 3638 1183 et

2076 1217 2130 1272 in
2166 1228 2336 1289 patre,
2388 1229 2444 1276 et
2489 1221 2769 1292 magistro,
2818 1237 2925 1276 non
2975 1221 3144 1292 magis
3187 1223 3437 1288 alterum,
3471 1237 3637 1291 quam

2075 1311 2301 1366 alterum
2338 1313 2390 1366 in
2428 1311 2581 1382 plura
2613 1313 2838 1378 dividet,
2881 1329 2944 1369 eo
2994 1314 3134 1382 quod
3190 1314 3245 1368 in
3294 1324 3524 1381 utroque
3567 1315 3639 1369 sit

2073 1403 2261 1458 eadem
2287 1404 2635 1460 discretionis
2661 1421 2826 1460 causa
2859 1421 2874 1459 :
2907 1419 3250 1475 rursumque,
3275 1404 3319 1460 si
3347 1405 3468 1474 quis
3499 1404 3639 1458 idem

2075 1495 2147 1550 sit
2201 1505 2378 1566 pater,
2432 1507 2486 1554 et
2525 1499 2850 1555 lectulorum
2884 1499 3059 1566 l'aher,
3089 1509 3140 1554 et
3183 1509 3373 1553 natura
3419 1498 3637 1567 quidem

2076 1585 2241 1642 lilium
2272 1590 2478 1660 gignat,
2513 1601 2630 1644 arte
2668 1605 2797 1646 vero
2837 1589 3091 1647 lectulum
3127 1587 3314 1654 faciat,
3345 1587 3397 1643 in
3443 1589 3643 1643 lectulo

2075 1681 2292 1750 quidem
2342 1695 2406 1737 ac
2464 1683 2594 1748 lilio,
2643 1684 2769 1752 quia
2821 1691 2907 1740 est
2955 1691 3272 1737 naturarum
3307 1682 3638 1756 \divcrsitas.

2076 1788 2196 1842 quae
2220 1773 2450 1843 subjecti
2478 1775 2688 1831 ratione
2713 1773 2828 1844 ipsa
2854 1774 3211 1840 discernitur;
3240 1773 3470 1828 alterum
3492 1775 3638 1828 enim

2077 1864 2240 1919 homo
2280 1875 2383 1929 est,
2423 1865 2654 1920 alterum
2701 1864 2903 1930 lignum
2939 1881 2953 1919 :
2991 1866 3132 1935 quod
3167 1864 3380 1933 quidem
3412 1864 3637 1932 lignum,

2077 1955 2120 2010 si
2163 1955 2380 2025 quidem
2437 1956 2574 2024 patri
2606 1963 2660 2010 et
2695 1955 2874 2024 opilici
2920 1955 3144 2022 inesset,
3183 1955 3640 2024 quemadmodum

2076 2054 2131 2100 et
2159 2044 2342 2110 homo,
2372 2055 2427 2100 et
2455 2044 2603 2099 illum
2645 2043 2959 2099 necessario
2985 2042 3323 2098 discerneret
3365 2041 3419 2096 in
3450 2041 3642 2111 plures

2075 2151 2364 2192 causarum
2433 2135 2789 2192 substantias.
2849 2133 2946 2189 Vel
2998 2134 3266 2203 siquidem
3323 2133 3641 2202 productrix

2074 2228 2205 2300 ligni
2259 2237 2452 2283 natura
2499 2226 2770 2282 fabricare
2799 2226 2984 2293 sciret,
3014 2234 3163 2281 esset
3207 2233 3259 2280 et
3304 2232 3435 2279 tunc
3474 2223 3640 2278 veluti

2075 2335 2266 2384 causa,
2300 2320 2506 2388 lignum
2538 2326 2591 2374 et
2623 2316 2796 2382 l‘aber,
2830 2317 2970 2372 idem
3011 2317 3308 2372 secundum
3334 2313 3643 2382 subjectum

2075 2412 2336 2474 existens,
2369 2411 2441 2465 ita
2481 2421 2534 2465 et
2561 2408 2792 2466 lectulus
2821 2423 3067 2480 germen,
3103 2408 3242 2462 idem
3291 2422 3382 2460 ars
3424 2415 3478 2460 et
3527 2406 3640 2459 lec-

2079 2505 2242 2569 tulus,
2284 2517 2458 2572 neque
2502 2503 2696 2572 magis,
2745 2502 2886 2573 quod
2936 2500 3202 2570 producit.
3283 2514 3443 2570 quam
3496 2500 3643 2568 quod

2077 2593 2418 2663 producitur,
2471 2594 2836 2648 discernetur.
2875 2591 3064 2663 Itaque
3114 2605 3237 2646 cum
3297 2589 3644 2645 discretionis

2076 2700 2253 2740 causa:
2289 2685 2340 2738 in
2377 2685 2624 2754 utrisque
2655 2685 2940 2753 aequaliter
2977 2684 3205 2748 iuerint,
3233 2697 3396 2738 causa
3431 2681 3643 2736 scilicet

2075 2782 2239 2841 atque
2286 2773 2514 2839 causali,
2567 2774 2856 2842 aequaliter
2891 2775 3005 2843 ipsa
3064 2773 3355 2828 discernet.
3410 2771 3647 2841 Gignere

2077 2874 2257 2919 autem
2301 2875 2464 2936 atque
2506 2866 2832 2936 producere,
2883 2867 2935 2920 in
2969 2882 3076 2920 una
3117 2869 3418 2935 eademque
3449 2873 3642 2918 natura

2075 2969 2181 3020 eat,
2217 2959 2269 3012 in
2295 2973 2424 3027 qua,
2448 2967 2500 3013 et
2532 2959 2681 3027 gigni
2709 2969 2762 3013 et
2793 2960 3110 3028 procedere.

2142 3049 2372 3106 Constat
2423 3051 2585 3104 etiam
2618 3051 2840 3120 gignere
2879 3051 3020 3106 idem
3062 3065 3203 3116 esse,
3231 3050 3376 3120 quod
3411 3060 3497 3104 est
3551 3063 3644 3118 pao

2078 3150 2228 3196 terna
2278 3142 2579 3212 proprietas
2628 3160 2642 3196 :
2693 3141 3056 3210 proprietates
3101 3157 3252 3206 vero,
3302 3142 3444 3196 idem
3497 3155 3643 3204 esse,

1941 3235 2038 3334 'cc
2076 3236 2216 3301 quod
2248 3235 2583 3290 substantias
2630 3235 2927 3313 secundum
2965 3249 3101 3300 rem,
3133 3235 3247 3303 jam
3283 3249 3445 3302 supra
3489 3248 3646 3286 mou-

2077 3335 2307 3381 stratum
2360 3334 2464 3383 est.
2517 3325 2651 3382 Tres
2685 3337 2864 3382 autem
2915 3326 3230 3382 substantia:
3271 3322 3645 3400 [hypostasesj

2080 3419 2239 3476 Pater
2271 3429 2351 3475 est
2393 3429 2448 3474 et
2485 3418 2656 3474 Filius
2695 3427 2751 3474 et
2782 3419 3020 3488 Spiritus
3055 3428 3312 3484 sanctus;
3352 3416 3508 3471 Pater
3545 3434 3644 3471 an-

2079 3521 2187 3566 tem
2223 3521 2277 3567 et
2303 3511 2476 3568 Filius
2519 3521 2574 3566 et
2607 3511 2846 3579 Spiritus
2877 3522 3100 3566 sanctus
3146 3525 3308 3567 verus
3349 3509 3494 3565 Deus
3536 3523 3646 3574 est,

2079 3604 2320 3658 Trinitas
2350 3619 2476 3668 una,
2517 3614 2572 3659 et
2599 3604 3144 3673 supersubstantialis
3168 3603 3430 3659 essentia.

2151 3697 2416 3751 Similiter
2440 3707 2488 3752 et
2527 3697 2592 3751 de
2623 3711 2690 3752 eo
2719 3696 2858 3766 quod
2895 3705 2971 3751 est
3022 3698 3194 3760 nasci,
3227 3705 3280 3750 et
3305 3695 3372 3750 de
3402 3710 3470 3750 eo
3495 3695 3645 3764 quod

2077 3801 2161 3844 est
2195 3790 2511 3858 procedere,
2556 3789 2869 3846 dicendum.
2904 3787 3012 3843 Ista
3054 3789 3220 3858 igitur
3269 3787 3552 3858 aequaliter
3583 3789 3637 3842 in

2077 3882 2408 3952 producente
2445 3890 2499 3936 et
2549 3882 2847 3950 productis,
2902 3880 2986 3937 vel
3031 3881 3364 3943 discernent,
3408 3881 3499 3933 vel-
3539 3895 3648 3931 noti

2079 3976 2430 4030 discerueut:
2472 3973 2515 4028 si
2553 3975 2772 4043 quidem
2806 3974 2971 4043 igitur
2995 3975 3328 4036 discernent,
3369 3975 3484 4027 dua:
3517 3978 3649 4024 sul»-

2077 4066 2290 4122 stantiae
2321 4063 2688 4137 [hypostases]
2715 4064 2818 4119 erit
2847 4063 3029 4131 Pater,
3067 4063 3319 4132 gignendi
3350 4062 3558 4117 scilicet
3581 4076 3649 4114 ac

2076 4155 2410 4222 producendi
2453 4155 2661 4208 ratione
2693 4170 2707 4209 :
2740 4153 2823 4206 sin
2860 4168 2985 4208 vero
3013 4155 3125 4207 haec
3166 4153 3218 4206 in
3249 4152 3406 4207 Patre
3446 4154 3653 4205 discre-

2079 4247 2243 4301 tionis
2291 4261 2457 4301 causa
2514 4260 2618 4300 non
2672 4245 2801 4312 sint,
2854 4259 3028 4312 neque
3081 4243 3252 4299 Filius
3301 4253 3355 4300 et
3407 4245 3650 4312 Spiritus

2079 4336 2370 4402 nascendi,
2426 4337 2857 4406 procedendiqne
2898 4338 3106 4392 ratione
3157 4346 3381 4406 propter
3427 4337 3647 4392 easdem

2077 4442 2270 4483 causas
2318 4427 2696 4482 discernentur
2743 4430 2810 4483 ab
2861 4428 3089 4483 invicem
3139 4428 3264 4482 :sic
3312 4439 3488 4482 autem
3543 4431 3650 4482 erit

2078 4537 2180 4574 una
2226 4535 2458 4589 persona
2501 4520 2670 4576 Filius
2705 4531 2758 4576 et
2808 4521 3040 4591 Spiritus
3082 4531 3319 4576 sanctus.
3351 4518 3466 4574 Non
3501 4522 3647 4574 enim

399 4614 820 4684 oppositionem.
849 4613 1188 4668 nativitatem
1215 4622 1338 4666 ante
1373 4625 1687 4680 processum
1716 4612 1968 4681 cegitari,
2004 4616 2046 4670 ἶ)
2077 4613 2256 4668 dicae
2305 4628 2619 4682 possumus,
2653 4628 2773 4668 esse
2809 4614 3012 4682 aliquid
3055 4614 3108 4666 in
3139 4613 3418 4682 productis
3452 4614 3554 4665 hoc
3595 4613 3648 4662 in

404 4708 918 4774 processioncmqne
978 4720 1075 4774 per
1133 4704 1470 4757 nativitatem
1527 4717 1670 4768 esse,
1728 4705 1853 4772 quia
1917 4715 1972 4758 et

402 4799 642 4868 Spiritus
691 4813 786 4868 per
816 4797 1013 4851 Filium
1064 4806 1166 4860 cal,
1209 4811 1273 4850 ac
1329 4805 1612 4865 propterea
1663 4797 1972 4851 necessario

400 4907 624 4948 causam
671 4901 724 4944 et
750 4889 966 4946 causalc
994 4890 1295 4959 subingeri,
1329 4891 1425 4946 sed
1466 4891 1608 4942 enim
1639 4889 1971 4958 impossibile

400 4995 506 5049 est,
538 4990 595 5036 ut
615 4983 768 5052 juxta
805 4981 1018 5034 illorum
1045 4980 1350 5050 opinionem
1385 4980 1556 5042 nasci,
1595 4996 1657 5034 ac
1681 4983 1970 5048 procedere

401 5078 765 5132 discernatur.
822 5072 983 5133 Nam.
1035 5075 1080 5128 si
1133 5073 1331 5126 nullam
1379 5073 1776 5142 Opposilimtem
1809 5074 1859 5128 in
1910 5090 1969 5128 sn

402 5169 537 5237 ipsis
567 5169 913 5224 continentes
948 5166 1264 5220 discernere
1298 5163 1623 5226 suﬂicereut,
1679 5174 1736 5217 ut
1787 5166 1968 5217 dicunt

404 5262 628 5330 prolatae
667 5273 935 5329 personae,
986 5257 1174 5312 eadem
1210 5256 1424 5311 ratione
1463 5256 1752 5321 sullicerct,
1785 5266 1839 5310 et
1883 5258 1962 5324 gi-

401 5367 588 5422 gnere,
610 5362 662 5403 et
685 5348 988 5419 producere
1015 5363 1133 5417 quae
1164 5346 1310 5402 Patri
1343 5347 1544 5413 insunt,
1570 5348 1624 5402 in
1654 5348 1968 5404 differentes

399 5446 576 5512 ipsum
633 5454 896 5511 personas
947 5440 1218 5494 scindere.
1271 5439 1612 5509 Impossibile
1664 5450 1748 5494 est
1797 5440 1968 5504 enim,

402 5543 756 5604 apertamque
812 5531 976 5585 habet
1025 5531 1491 5596 contrarietatem,
1532 5532 1802 5602 principia
1843 5547 1969 5600 pro-

401 5626 516 5693 pria
548 5639 611 5678 ac
644 5623 956 5678 discernere
985 5623 1197 5687 idonea,
1223 5635 1346 5677 esse
1388 5623 1619 5690 uspiam,
1661 5632 1823 5691 atque
1861 5623 1969 5677 illic

401 5717 783 5771 discretionem
813 5730 916 5768 non
944 5727 1084 5769 esse.
1107 5714 1304 5779 Veluti,
1330 5715 1373 5768 si
1399 5715 1522 5784 quis
1549 5715 1690 5769 dicat
1715 5715 1965 5784 peritiam

403 5808 620 5875 quidem
674 5808 726 5861 in
780 5806 960 5876 aliquo
1001 5822 1142 5870 esse,
1197 5808 1370 5875 ipsum
1407 5820 1536 5859 vero
1581 5807 1813 5875 peritum
1859 5823 1964 5860 non

402 5916 538 5963 esse.
579 5901 719 5957 Idem
760 5918 889 5971 ergo
922 5912 1003 5957 est
1034 5903 1197 5956 etiam
1247 5902 1444 5966 dicere,
1490 5915 1583 5969 νεῖ
1611 5915 1729 5970 qua:
1762 5900 1962 5956 discer-

2083 4704 2198 4760 loco
2238 4705 2586 4760 discretionis
2615 4720 2860 4769 causam,
2912 4707 3053 4760 sicut
3101 4707 3156 4760 in
3208 4705 3402 4760 lectulo
3431 4715 3482 4758 et
3536 4704 3652 4757 tilio
3735 4782 3743 4784 _
3803 4689 3816 4700 “

2079 4798 2394 4852 discernens
2421 4806 2613 4852 natura
2643 4797 2917 4860 dilIerens,
2952 4797 3094 4868 quod
3130 4798 3183 4852 in
3215 4809 3370 4866 patre
3406 4813 3510 4850 non
3543 4806 3649 4852 est.

2079 4889 2194 4944 Una
2225 4890 2368 4944 euitn
2399 4891 2561 4944 trium
2593 4891 2852 4956 essentia,
2877 4906 2942 4945 ac
2958 4901 3172 4945 ‘natura
3201 4900 3305 4957 est,
3353 4906 3414 4944 ac
3451 4901 3652 4959 prmter

2077 4981 2462 5046 dilferentiam,
2487 4997 2608 5052 quae
2628 4984 2922 5038 secundum
2961 4999 3178 5042 causam
3211 4992 3265 5040 et
3297 4983 3515 5040 causale
3541 4996 3649 5047 est,

2077 5074 2248 5128 sancti
2275 5074 2474 5128 nullam
2499 5073 2657 5127 aliain
2682 5075 3005 5142 intelligunt.

2147 5167 2414 5232 Quoniam
2468 5165 2632 5234 igitur
2663 5167 2906 5234 gignere,
2944 5183 3006 5222 ac
3045 5171 3338 5235 producere
3372 5171 3421 5220 in
3471 5168 3652 5221 Patris

2079 5271 2270 5313 natura
2316 5273 2438 5312 cum
2486 5258 2618 5324 sint,
2671 5257 2886 5312 Patrem
2943 5260 2993 5311 in
3035 5261 3170 5315 duas
3220 5276 3484 5326 personas
3542 5277 3649 5312 non

2076 5354 2394 5406 discernunt
2436 5350 2720 5414 :‘idcirco,
2754 5366 2925 5420 neque
2955 5351 3009 5406 in
3045 5351 3188 5416 Filii,
3222 5370 3283 5406 ac
3314 5353 3487 5406 sancti
3523 5353 3648 5419 Spi-

2078 5442 2214 5496 ritus
2254 5452 2446 5494 natura
2501 5443 2674 5504 nasci,
2723 5458 2786 5497 ac
2835 5445 3129 5509 procedere
3181 5458 3304 5495 cum
3349 5444 3442 5505 sit,
3503 5445 3651 5510 ipsus

2078 5537 2369 5597 discernet,
2403 5535 2504 5588 nisi
2535 5535 2680 5589 aliud
2713 5535 3036 5604 adjiciatur;
3070 5535 3172 5588 hoc
3201 5544 3306 5598 εει,
3336 5535 3436 5588 nisi
3477 5551 3648 5602 oppo;

2077 5627 2328 5680 sitionem
2365 5626 2598 5680 habeant
2628 5625 2692 5679 ad
2727 5627 2977 5689 invicem.
3014 5625 3169 5680 Unde
3202 5627 3290 5693 qui
3342 5641 3438 5677 eos
3483 5625 3651 5678 variis

2080 5719 2444 5785 processibus,
2468 5718 2724 5776 nascendi
2750 5719 2960 5771 Scilicet
2977 5733 3036 5770 ac
3059 5717 3384 5784 prooedendi
3411 5716 3648 5768 discerni
3739 5707 3759 5720 ’

2079 5811 2354 5871 dixerunt,
2391 5809 2471 5862 vel
2520 5809 2896 5874 personalibus
2944 5809 3366 5878 proprietatibus
3421 5808 3647 5860 telaIiw

2080 5902 2434 5957 sibiinvicem
2472 5904 2666 5972 opponi
2702 5901 3021 5970 intelligunt,
3055 5910 3108 5954 ut
3142 5902 3340 5954 dictum
3371 5913 3468 5952 cal.
3506 5900 3647 5951 Sub"
