4010 6554
353 460 441 525 133
879 476 885 484 '
1404 462 1803 521 ADVERSUS
1831 463 1875 517 (‘-

1982 462 2149 522 ECOS
2184 466 2325 526 LIB.
2378 466 2485 530 Ill.
2618 474 2625 481 ’
3110 476 3132 491 ’

3464 470 3567 535 154

349 571 603 625 ειειηιῑειιυδ
639 571 787 623 enim
834 584 957 622 cum
999 570 1111 624 sint
1154 566 1476 626 substantiae
1507 588 1618 627 suae
1650 574 1887 627 indit-ant
1922 575 1963 629 Α
1997 575 2142 628 tione
2197 576 2261 628 ad
2319 578 2615 642 spirantem
2670 576 2999 642 Subsistens,
3039 578 3144 636 nisi
3196 580 3490 651 inspiretur
3535 599 3564 636 a

350 663 579 724 medium,
612 661 925 716 substantiae
956 673 1131 716 autem
1162 666 1349 715 modus
1381 665 1554 719 solum
1595 666 1887 719 secundum

348 772 540 809 causam
581 766 633 808 et
665 756 882 808 cauSale
914 762 1150 817 constat,
1189 756 1380 821 nempe
1431 759 1598 820 enim,
1634 758 1887 826 quoniam

345 850 389 901 in
421 847 522 903 sola
555 862 718 901 causa
748 857 803 901 et
848 848 1049 901 causali
1082 849 1291 901 divinas
1322 863 1586 915 personas
1629 850 1887 919 distingui

346 940 526 991 dictum
572 944 675 998 est,
735 935 904 1005 liquet
953 938 1205 1006 quoniam
1257 938 1347 991 ubi
1401 938 1590 997 relatio
1628 955 1732 993 non
1782 950 1887 1004 est,

346 1043 500 1098 neque
530 1029 785 1081 discretio
817 1029 943 1083 erit.
974 1029 1160 1097 Itaque
1191 1030 1255 1082 ad
1294 1046 1456 1099 quam
1503 1031 1736 1086 refertur
1768 1050 1890 1104 per-

343 1136 572 1178 sonarum
606 1121 887 1188 quaelibet,
933 1122 999 1175 ab
1044 1122 1130 1174 illa
1166 1122 1279 1176 sola
1326 1125 1486 1177 etiam
1533 1124 1887 1194 personaliter

342 1213 672 1266 discernitur.
704 1212 847 1282 Ergo
881 1222 934 1266 et
959 1212 1270 1267 differentes
1310 1208 1376 1267 ad
1412 1214 1621 1268 Patrem
1666 1214 1784 1269 Filii
1823 1230 1885 1269 ac

318 1304 555 1371 'Spiritus
586 1303 901 1365 relatiOnes,
930 1318 1023 1357 eos
1062 1319 1092 1358 a
1137 1304 1292 1358 Patre
1328 1306 1500 1359 solum
1544 1309 1883 1371 discernunt,

342 1410 430 1448 non
477 1404 652 1447 autem
716 1393 783 1449 ad
836 1396 1101 1462 invicem,
1154 1397 1260 1452 nisi
1321 1397 1483 1452 etiam
1536 1401 1603 1452 ad
1656 1398 1882 1454 invicem

343 1488 651 1541 referantur.

399 1578 652 1631 Praeterea
679 1579 721 1633 si
750 1580 1023 1633 nascendo
1045 1592 1073 1631 a
1101 1577 1306 1646 Spiritu
1339 1589 1528 1634 sancto
1554 1579 1885 1635 discernitur

338 1670 513 1732 Filius,
553 1671 819 1724 discretio
862 1680 1041 1725 autem
1074 1671 1127 1725 in
1164 1673 1412 1740 personis
1450 1672 1650 1727 divinis
1684 1688 1880 1728 secun—

336 1766 444 1816 dum
476 1762 755 1830 oppositas
788 1763 1076 1818 relationes
1097 1772 1201 1828 est,
1226 1773 1282 1817 ut
1311 1765 1541 1819 diximus
1566 1780 1580 1818 :
1606 1766 1881 1831 uativitas,

336 1858 381 1911 iu
424 1864 681 1922 quantum
719 1855 978 1910 nativitas
1026 1856 1092 1910 ad
1128 1858 1556 1925 processioucm,
1611 1861 1763 1928 quasi
1815 1860 1878 1911 ad

1997 663 2151 727 Filio,
2206 665 2274 719 ab
2328 664 2418 719 illo
2468 668 2826 735 personaliter
2880 686 2984 724 non
3036 670 3271 737 differet,
3312 674 3406 727 sed
3448 691 3567 743 una

1993 772 2115 809 cum
2153 756 2240 810 illo
2284 748 2648 823 personaerit
2701 760 3014 816 differentes
3064 764 3268 819 habens
3302 767 3564 833 rationes,

1994 857 2049 900 ut
2080 857 2161 900 est
2210 846 2359 900 nasci
2395 858 2443 899 et
2490 847 2767 915 inspirari,
2806 865 2871 904 eo
2905 852 3049 919 quod
3088 855 3289 909 nullam
3329 857 3564 912 habeant

1991 936 2056 987 ad
2087 936 2315 989 invicem
2349 938 2777 1004 oppositiouem,
2816 951 2911 995 aut
2957 944 3200 999 habitum
3235 966 3248 1003 :
3289 949 3396 1011 vel,
3424 950 3565 1003 sicut

1992 1028 2107 1080 dua:
2170 1026 2493 1095 simpliciter
2550 1027 2867 1085 differentes
2931 1046 3128 1099 erunt,
3179 1037 3565 1107 habebuntque

1990 1118 2346 1171 differentiam
2372 1120 2644 1181 essentia},
2670 1134 2773 1173 non
2800 1125 3138 1191 personalem
3167 1136 3397 1194 tantum,
3420 1131 3558 1195 quod

1990 1212 2203 1279 penitus
2237 1210 2527 1265 absurdum
2559 1223 2665 1267 est.
2844 1202 2847 1207 V

2059 1305 2245 1367 Porro,
2289 1302 2334 1358 si
2376 1305 2499 1372 quis
2549 1313 2739 1373 pergat
2774 1308 3133 1374 contendere,
3166 1311 3445 1365 nativitate
3478 1312 3565 1366 Fi-

1990 1394 2120 1449 litun
2192 1411 2300 1450 non
2348 1410 2376 1447 a
2412 1394 2570 1449 Patre
2604 1397 2800 1460 solum,
2855 1399 2950 1453 sed
2986 1400 3147 1453 etiam
3187 1399 3392 1469 Spiritu
3445 1404 3560 1456 dis-

1988 1486 2158 1553 cerni,
2207 1502 2274 1541 ne
2305 1486 2382 1541 sic
2414 1486 2633 1552 quidem
2677 1489 2919 1557 effugiet,
2970 1506 3037 1544 ne
3067 1491 3213 1546 dicat
3246 1502 3299 1546 et
3333 1508 3361 1545 a
3422 1493 3559 1547 Filio

1987 1578 2238 1649 inspirari
2290 1578 2547 1648 Spiritum
2585 1590 2830 1634 sanetum
2863 1598 2879 1647 ;
2910 1582 3109 1650 quippe
3150 1580 3270 1637 Filii
3306 1585 3565 1638 terminus

1984 1681 2087 1735 est,
2127 1682 2436 1727 consortem
2486 1680 2541 1727 et
2584 1672 2851 1726 haeredem
2898 1688 3018 1730 esse
3065 1682 3414 1743 paternorum
3445 1691 3563 1730 om-

1986 1763 2133 1815 nium
2179 1764 2464 1818 bonorum.
2510 1762 2695 1833 Itaque
2734 1778 2853 1816 cum
2894 1764 3105 1819 caeteris
3157 1778 3184 1816 a
3227 1763 3389 1818 Patre
3450 1766 3553 1821 sibi

1986 1853 2222 1923 Spiritus
2285 1869 2502 1924 quoque
2553 1869 2715 1908 causa
2771 1854 2895 1918 erit,
2946 1868 3009 1908 ac
3061 1865 3343 1924 propterea
3396 1872 3561 1911 causa

333 1949 614 2015 oppositam
655 1949 973 2004 relationem
1007 1953 1315 2005 reducetur.
1350 1950 1461 2005 Hoc
1490 1965 1668 2006 autem
1710 1952 1883 2019 possi-
1911 1920 1956 1979 Β
1986 1947 2321 2001 discernatur
2387 1963 2416 2001 a
2484 1957 2671 2001 Sancto
2746 1946 2948 2017 Spiritu
2973 1988 2989 2014 ,
3046 1964 3163 2017 qua:
3186 1987 3203 2014 ,
3247 1950 3301 2003 in
3334 1952 3563 2004 termino

335 2040 425 2092 bile
464 2054 563 2092 non
600 2049 709 2093 est.
753 2040 933 2095 Solam
968 2044 1110 2095 enim
1156 2043 1224 2094 ad
1255 2045 1639 2111 paternitatem
1681 2044 1751 2097 ita
1786 2047 1880 2099 fta-

338 2133 446 2195 bet;
490 2132 762 2201 simulque
798 2135 867 2186 ita
902 2134 1001 2189 erit
1032 2134 1265 2202 Spiritus
1302 2134 1419 2189 Filii
1465 2138 1647 2199 Pater,
1688 2137 1881 2191 multa-

332 2239 423 2292 que
448 2224 797 2292 impossibilia
820 2224 1140 2293 'sequeutur.
1170 2226 1330 2296 Atqui
1374 2243 1551 2296 neque
1582 2228 1880 2283 secundum

333 2315 767 2369 contradictionis
809 2318 1205 2385 oppositionem
1248 2319 1394 2386 quod
1428 2319 1690 2380 nascitur,
1718 2320 1785 2372 ab
1818 2333 1882 2373 eo

331 2404 454 2469 quod
481 2418 584 2456 non
624 2406 886 2470 nascitur,
918 2406 1171 2474 distingui
1208 2415 1383 2475 potest
1420 2425 1432 2460 :
1470 2410 1666 2477 quippe
1694 2406 1882 2475 hujus-

332 2494 457 2543 ntodi
488 2494 773 2559 discretio,
808 2512 910 2549 non
949 2505 1029 2550 est
1070 2497 1188 2551 Filii
1231 2507 1287 2551 et
1324 2498 1582 2566 Spiritus,
1627 2500 1680 2551 in
1712 2514 1881 2567 quan-

332 2594 426 2636 t-tm
461 2583 721 2653 Spiritus,
768 2603 941 2655 neque
969 2590 1182 2657 propria
1232 2591 1422 2657 ipsius,
1457 2594 1549 2645 sed
1577 2593 1880 2645 communis

328 2680 551 2731 euntium
596 2695 718 2749 qua:
759 2696 865 2735 non
918 2693 1239 2739 nascuntur.
1270 2684 1442 2738 Simili
1484 2686 1627 2738 enim
1672 2685 1879 2740 ratione

326 2770 470 2819 etiam
516 2770 585 2823 ad
631 2773 813 2825 omnia
862 2788 981 2841 qua:
1027 2791 1132 2827 non
1179 2785 1494 2839 nascuntur,
1539 2777 1879 2831 discernetnr

326 2860 496 2924 Filius,
536 2864 751 2933 eritque
785 2864 954 2919 Filius
1002 2867 1066 2919 ad
1099 2865 1384 2934 Spiritum,
1423 2871 1566 2921 sicut
1596 2870 1739 2937 quod
1774 2880 1876 2935 est,

324 2951 384 3005 ab
412 2967 473 3005 eo
507 2956 654 3021 quod
688 2971 793 3009 non
826 2966 926 3022 est,
949 2956 1298 3013 discernitur.
1328 2957 1431 3012 Sed
1462 2970 1515 3012 et
1544 2962 1640 3013 ista
1672 2961 1878 3014 discre-

325 3045 392 3096 tio
441 3048 836 3114 substantialis,
875 3052 1151 3120 etprima
1202 3067 1310 3108 non
1364 3063 1469 3107 est.
1505 3052 1879 3120 Subjiciuntur

323 3137 507 3204 quippe
550 3139 783 3193 discreta
832 3142 1127 3195 secundum
1179 3144 1522 3197 nativitatem
1559 3160 1621 3199 ac
1657 3160 1877 3212 proces-

324 3226 514 3280 siouem
554 3243 568 3281 :
602 3229 705 3283 hoc
728 3240 831 3296 est,
865 3233 1160 3286 secundum
1195 3233 1339 3302 quod
1366 3234 1509 3287 aliud
1540 3237 1753 3304 quidem
1796 3246 1878 3289 est
1908 3255 1947 3311 ε

323 3317 430 3369 sine
462 3320 642 3371 medio
686 3336 749 3372 ex
780 3320 977 3388 primo,
1012 3320 1153 3373 aliud
1183 3333 1385 3385 autem,
1422 3341 1515 3391 per
1545 3326 1594 3377 id
1624 3327 1765 3393 quod
1800 3338 1881 3379 est

321 3410 428 3460 sine
481 3410 664 3464 medio
716 3427 781 3465 ex
838 3414 1034 3480 primo.
1094 3413 1155 3467 Et
1213 3423 1361 3467 certe
1422 3418 1563 3483 quod
1618 3420 1879 3480 naSritttr,

322 3514 415 3551 non
466 3510 550 3554 est
605 3502 749 3555 sicut
793 3504 843 3555 id
897 3504 1038 3570 quod
1099 3519 1203 3557 non
1263 3507 1528 3569 nascitur,
1580 3511 1875 3563 secundum

321 3592 514 3645 scilicet
575 3593 963 3647 discretionem
1021 3605 1251 3649 natura}.
1308 3595 1422 3650 Non
1494 3613 1622 3670 ergo
1683 3602 1882 3655 sufficit

320 3685 753 3740 contradictionis
781 3687 1067 3754 oppositio,
1103 3702 1196 3754 per
1236 3702 1295 3742 se
1336 3688 1647 3746 discernere
1686 3707 1876 3760 perso-

321 3791 428 3830 uas.

384 3868 481 3919 Sed
528 3879 581 3922 et
622 3870 822 3934 dicere,
873 3885 1033 3923 uuam
1079 3885 1679 3941 quamquepersouam
1718 3875 1771 3929 in
1821 3891 1879 3931 se

319 3964 424 4025 ipsa
454 3980 550 4016 sua
584 3964 850 4032 personali
893 3965 1219 4033 proprietate
1247 3965 1570 4032 subsistere,
1604 3977 1770 4037 atque
1813 3972 1877 4023 ab

319 4054 432 4106 aliis
479 4054 727 4108 omnibus
764 4054 975 4108 abunde
1015 4055 1279 4123 separari,
1315 4065 1372 4109 ιιι
1414 4064 1466 4108 et
1508 4058 1788 4123 nativitas,
1821 4070 1874 4112 et

320 4147 584 4211 processio
624 4146 741 4199 Filii
776 4160 840 4199 ac
884 4143 1118 4214 Spiritus
1157 4147 1518 4216 proprietates
1565 4147 1631 4201 ad
1663 4149 1875 4203 discre-

322 4236 513 4288 tionem
540 4237 831 4299 suffit-iant,
863 4244 1026 4305 atque
1058 4240 1131 4290 ita
1153 4252 1331 4292 causa:
1354 4238 1739 4293 discretionem
1771 4255 1877 4293 non

319 4346 431 4383 esse
465 4326 864 4394 requirendam,
909 4330 1040 4384 nihil
1073 4331 1137 4383 ad
1180 4331 1513 4400 propositum
1556 4332 1719 4383 valet.
1749 4330 1876 4397 Qua:

319 4425 453 4473 cuitu
480 4424 766 4475 secundum
802 4439 860 4477 se
892 4422 1003 4489 ipsa
1039 4422 1365 4486 subsistunt,
1399 4424 1621 4492 ipsaque
1650 4438 1710 4477 ea
1746 4441 1873 4491 sug-

320 4524 525 4579 gerunt,
593 4512 863 4568 sufﬁciunt
926 4515 991 4567 ad
1063 4514 1447 4568 discretionem
1517 4514 1873 4581 reliquorum.

323 4607 504 4656 Prlrus
543 4607 680 4656 enim
714 4605 929 4674 propria
966 4605 1145 4659 anima
1191 4615 1244 4658 et
1274 4617 1504 4671 corpore
1548 4605 1870 4669 subsistens,

322 4698 397 4751 liis
437 4714 463 4749 a
490 4692 678 4762 Paulo,
709 4700 1029 4767 ueterisque
1061 4698 1417 4763 distinguitur
1453 4717 1467 4753 :
1516 4698 1711 4767 quibus
1742 4713 1871 4749 vero

320 4792 599 4844 subsistere
642 4791 691 4842 iu
722 4805 787 4842 eo
817 4800 921 4854 est,
949 4791 1090 4858 quod
1123 4792 1189 4843 ad
1234 4792 1375 4844 aliud
1421 4790 1749 4851 referuntur,
1787 4790 1871 4855 his

319 4882 471 4930 otiam
496 4881 590 4932 hoc
621 4881 854 4933 discerni
888 4888 993 4942 est,
1030 4880 1093 4933 ad
1114 4896 1188 4961 ‘ea
1225 4879 1437 4946 referri,
1472 4882 1538 4933 ad
1566 4896 1687 4949 qua:
1736 4880 1873 4933 refe-

322 4981 521 5024 runtur.
566 4972 762 5025 Servus
791 4971 962 5035 enim,
992 4972 1140 5025 verbi
1186 4972 1381 5039 gratia,
1419 4973 1469 5024 iu
1520 4987 1583 5024 eo
1614 4972 1753 5039 quod
1790 4986 1864 5026 re-

326 5065 485 5117 fertttr
525 5068 584 5117 ad
628 5068 936 5126 dominum,
980 5075 1082 5125 est,
1116 5075 1167 5118 et
1197 5065 1397 5119 dicitur
1442 5080 1656 5119 servus.
1700 5065 1871 5119 Caete-

325 5172 457 5214 rum.
498 5157 746 5210 relatione
775 5156 1009 5220 sublata,
1054 5170 1227 5224 neque
1266 5170 1475 5216 servus,
1519 5156 1570 5207 iu
1610 5166 1868 5223 quantum

324 5264 361 5300 si
381 5264 499 5301 rrus
526 5251 621 5302 erit
648 5266 662 5313 ;
700 5250 955 5317 quoniam
984 5248 1147 5315 igitur
1180 5249 1476 5315 paternitas
1504 5256 1555 5301 et
1591 5250 1871 5312 nativitas,

326 5349 374 5389 et
406 5342 663 5406 processio
704 5330 1000 5394 secundum
1033 5354 1249 5392 causam
1296 5348 1349 5390 et
1398 5338 1616 5393 causale
1656 5340 1870 5393 subsis-

327 5438 483 5481 tunt:
529 5430 689 5485 Filius
727 5430 970 5499 quidem,
1020 5431 1074 5482 in
1124 5439 1387 5493 quantqu
1442 5428 1631 5492 Filius,
1669 5447 1695 5482 a
1750 5432 1870 5484 solo

325 5518 469 5572 Patre
498 5522 875 5590 distinguitur;
924 5536 951 5573 a
985 5522 1189 5589 Spiritu
1224 5531 1403 5574 autem
1455 5523 1598 5576 nulla
1637 5522 1867 5588 ratione,

326 5614 420 5664 nisi
473 5626 519 5667 et
557 5614 655 5669 alia
704 5615 885 5683 aliqua
931 5615 1102 5683 ipsius
1150 5616 1216 5669 ad
1274 5614 1529 5683 Spiritum
1566 5617 1867 5670 differentia

326 5706 652 5777 intelligatur.
681 5709 866 5761 Solam
894 5709 1040 5762 enim
1064 5709 1359 5763 secundum
1390 5710 1720 5765 nativitatem
1752 5713 1868 5765 sine

327 5796 565 5853 relatione
594 5802 657 5853 ad
688 5800 903 5852 Patrem
930 5799 1281 5863 intellectam,
1316 5816 1418 5853 una
1453 5816 1683 5869 persona
1726 5813 1867 5857 esset

330 5883 481 5944 Filius
523 5900 569 5946 et
601 5891 854 5960 Spiritus.
896 5891 1124 5946 Rursum
1180 5891 1415 5961 Spiritus
1447 5902 1669 5949 sanctus
1721 5896 1859 5948 rela-

1990 2041 2295 2094 nativitatis
2350 2040 2668 2096 includitur.
2718 2041 2943 2110 Nempe,
2996 2050 3048 2096 et
3094 2042 3434 2109 procedentis
3480 2054 3565 2098 est

1986 2129 2242 2192 definitio,
2276 2142 2340 2183 ex
2372 2131 2877 2198 gettitore‘esse.pcr
2907 2133 3166 2198 genitum.
3204 2131 3386 2199 Itaque
3428 2143 3481 2184 et
3514 2133 3559 2184 si

1986 2222 2225 2290 Spiritus
2257 2223 2588 2291 proprietate
2614 2224 3109 2292 sua,_pr0cessi0ue
3158 2225 3371 2278 scilicet
3406 2240 3433 2277 a
3465 2224 3558 2277 Fi-

1983 2314 2056 2367 lio
2088 2316 2426 2367 discernetur
2458 2316 2568 2382 ipsa
2600 2316 2951 2383 proprietate,
2976 2317 3119 2382 quod
3148 2318 3216 2369 sit
3246 2316 3455 2369 scilicet
3490 2332 3555 2368 ex

1984 2404 2137 2470 Filio,
2169 2404 2355 2475 sicque
2383 2407 2448 2457 ad
2472 2421 2591 2457 cum
2626 2407 2909 2471 referatur,
2939 2405 3318 2461 discretionem
3374 2408 3439 2459 ad
3471 2406 3560 2459 Fi-

1984 2499 2112 2551 lium
2142 2498 2380 2551 habebit.
2402 2495 2689 2551 Enimvero
2714 2502 2883 2560 nasci,
2903 2498 3279 2567 aelprocedcre
3295 2500 3338 2552 si
3354 2501 3473 2567 quis
3496 2502 3561 2550 ad

1982 2606 2041 2645 se
2082 2589 2313 2643 invicem
2340 2588 2633 2659 incongrua
2659 2590 2865 2653 dicens,
2888 2591 3134 2644 sufficere
3158 2604 3253 2658 per
3280 2606 3336 2643 se
3360 2589 3424 2641 ad
3451 2591 3563 2643 dis—

1982 2683 2277 2737 cretionem
2338 2681 2456 2735 sine
2488 2680 2757 2735 intellecta
2790 2681 2892 2733 alia
2939 2682 3201 2735 relatione
3242 2683 3556 2745 arbitretur,

1982 2770 2261 2826 imbecilla:
2280 2770 2499 2825 omnino
2529 2771 2753 2824 confidit
2804 2771 3020 2823 rationi.
3054 2770 3156 2824 Ista
3191 2771 3333 2822 enim
3368 2771 3559 2822 Illt'flll"

1981 2881 2110 2933 grua
2146 2880 2265 2918 esse
2298 2873 2518 2934 prapter
2551 2879 2750 2927 eausa),
2788 2863 3134 2933 causalisque
3158 2864 3402 2917 ordinem
3430 2880 3559 2914 rou-

1983 2956 2155 3024 lingit.
2191 2956 2292 3010 Per
2332 2970 2388 3009 se
2408 2956 2553 3008 enim
2590 2953 2728 3010 sola.
2765 2964 2821 3007 ιιι
2863 2956 3080 3024 quidam
3118 2957 3405 3016 aestimant,
3451 2972 3573 3025 non.

1980 3048 2046 3099 ad
2098 3060 2155 3099 se
2191 3045 2303 3113 ipsa
2337 3044 2609 3105 dicuntur,
2660 3059 2843 3097 verum
2894 3045 3037 3114 gigni
3081 3045 3296 3112 quidem
3347 3045 3411 3097 ad
3452 3045 3559 3096 l’a-

1982 3146 2140 3200 trem,
2169 3136 2458 3205 procedere
2497 3143 2699 3199 autem,
2738 3136 2800 3188 ad
2828 3136 3206 3202 productorem
3228 3137 3545 3205 opponitur.

1982 3225 2168 3293 Itaque
2206 3241 2330 3279 cum
2370 3225 2456 3279 illa
2497 3226 2693 3293 opponi
2740 3227 2946 3287 dicunt,
3002 3238 3395 3293 consequenter
3442 3230 3555 3279 dis-

1984 3331 2229 3381 (eruere,
2264 3317 2424 3386 quasi
2458 3331 2699 3382 causam,
2737 3316 2953 3372 eausale
2997 3320 3061 3368 ad
3101 3318 3330 3369 invicem
3378 3318 3558 3371 dicere

1984 3415 2262 3474 cogentur.
2305 3407 2604 3475 Siquidem,
2636 3410 2777 3476 quod
2808 3408 3048 3473 procedit
3080 3425 3143 3460 ex
3190 3409 3441 3476 gignente
3474 3422 3556 3463 est

1983 3512 2080 3563 per
2119 3498 2385 3568 genitum;
2422 3498 2561 3567 quod
2604 3509 2781 3552 autem
2832 3500 3068 3553 nascitur
3115 3500 3233 3552 sine
3269 3502 3445 3553 medio
3492 3518 3557 3554 ex

1983 3600 2296 3658 generante,
2360 3599 2444 3645 est
2506 3592 2733 3645 consors
2799 3594 3097 3645 secundum
3173 3594 3555 3661 proprietatem

1984 3700 2134 3736 suam
2175 3694 2524 3751 paternorum
2564 3686 2801 3737 omnium
2838 3686 3119 3737 honorum.

2056 3776 2318 3831 Praeterea
2342 3820 2355 3841 ,
2384 3777 2510 3845 quia
2568 3777 2767 3830 dictum
2809 3777 2968 3830 etiam
3002 3786 3106 3839 est,
3144 3778 3195 3831 in
3227 3778 3334 3831 sola
3370 3794 3553 3842 causa,

1981 3880 2031 3924 et
2083 3872 2290 3925 eausali
2335 3872 2549 3924 divinas
2593 3872 2825 3923 discerni
2881 3886 3155 3937 personas.
3219 3871 3279 3924 Et
3318 3872 3417 3923 hoc
3448 3888 3545 3922 att-

1984 3975 2088 4018 teut
2129 3965 2350 4034 quidam
2392 3977 2581 4019 contra
2629 3962 2899 4017 inierunt:
2933 3964 3212 4033 quoniam,
3256 3970 3298 4017 si
3336 3965 3555 4033 quidem

1980 4055 2151 4112 Filius
2204 4070 2365 4109 causa
2417 4054 2591 4108 sancti
2640 4053 2876 4121 Spiritus
2924 4063 3026 4117 est,
3082 4042 3353 4125 habetque
3420 4057 3470 4109 id
3524 4073 3554 4111 a

1980 4150 2143 4205 Patre
2184 4165 2430 4213 sumens,
2483 4150 2661 4203 sancti
2699 4148 2930 4217 Spiritus
2982 4166 3145 4202 causa
3190 4167 3309 4204 esse
3358 4154 3554 4221 prauu-

1982 4242 2249 4311 trlligetur
2294 4243 2345 4295 iu
2406 4242 2587 4302 Patre,
2636 4242 2825 4295 saltent
2873 4242 3228 4308 cegitatioue.

2051 4335 2210 4389 Pater
2230 4335 2421 4402 itaque
2471 4344 2595 4387 ante
2662 4334 3008 4399 cogitabitur,
3055 4350 3214 4401 quam
3261 4332 3426 4388 Filius
3468 4336 3551 4386 in-

1979 4426 2193 4495 spirans
2219 4425 2475 4494 Spiritum
2519 4435 2789 4489 sanctum,
2822 4426 2914 4478 sed
2948 4425 3287 4493 productioui
3321 4424 3556 4492 Spiritus

1980 4535 2045 4571 ex
2101 4518 2260 4572 Patre
2314 4518 2619 4573 substantia
2676 4518 2858 4571 sancti
2913 4516 3149 4585 Spiritus
3222 4532 3554 4569 concurrens

1909 4608 1949 4659 D
1978 4621 2060 4663 est
2093 4610 2283 4675 :prius
2306 4624 2457 4678 ergo,
2492 4625 2654 4679 quam
2694 4608 2957 4677 inspirare
2989 4607 3156 4660 Filius
3190 4608 3543 4676 intelligatur,

1978 4701 2225 4756 subsistit
2271 4700 2509 4768 Spiritus
2556 4710 2799 4762 sanctus,
2842 4707 2895 4751 et
2948 4714 3041 4765 per
3091 4714 3452 4764 consequens,
3479 4699 3545 4751 ab

1975 4795 2092 4862 ipso
2145 4794 2495 4847 discernitur.
2547 4791 2697 4844 Prius
2752 4800 2971 4854 autem,
3018 4804 3177 4857 quam
3249 4790 3541 4855 inspiraret

1978 4885 2169 4949 Filius,
2204 4884 2375 4938 Filius
2418 4892 2626 4935 tantum
2667 4892 2800 4943 erat,
2853 4890 2905 4933 et
2951 4896 3052 4931 nou
3086 4880 3399 4945 produclor.
3444 4877 3550 4929 ita-

1972 4991 2077 5043 que
2116 4985 2168 5029 et
2222 4978 2266 5029 si
2322 4992 2422 5026 nou
2466 4976 2535 5026 sit
2582 4988 2745 5026 eausa
2798 4971 2987 5031 Filius,
3028 4988 3052 5020 ιι
3107 4970 3308 5038 Spiritu
3354 4977 3544 5019 sant-to

1972 5068 2117 5122 disce
2127 5083 2329 5122 ruetur.

2045 5160 2267 5225 Verum,
2300 5159 2440 5212 istud
2468 5174 2680 5226 quoque
2707 5154 3057 5217 imbecillum,
3114 5170 3175 5207 ea
3210 5162 3290 5206 est
3319 5152 3548 5210 ικιιίιιιιιι,

1974 5253 2117 5321 quod
2152 5250 2269 5304 Filii
2301 5266 2363 5303 ex
2405 5249 2562 5301 Patre
2595 5249 2843 5301 uativitas
2877 5248 3099 5314 primus,
3128 5254 3177 5297 et
3205 5245 3551 5296 itntuediatus

1971 5353 2076 5410 est,
2133 5344 2428 5396 secundum
2477 5353 2756 5407 paternam
2808 5339 3189 5408 proprietatem
3230 5350 3547 5403 processus,

1974 5444 2030 5489 et
2066 5443 2193 5487 ante
2251 5432 2655 5501 processiouetn
2714 5431 2888 5485 sancti
2949 5428 3183 5495 Spiritus
3228 5426 3541 5495 'cogitatur.

1972 5526 2075 5580 Per
2106 5524 2453 5579 nativitatem
2502 5523 2647 5577 enim
2699 5522 2971 5590 processio
3012 5530 3115 5581 est;
3161 5519 3303 5585 quia,
3364 5527 3411 5571 ct
3449 5535 3544 5586 per

1922 5656 1931 5664 .
1970 5617 2164 5671 Filium
2208 5617 2465 5685 Spiritus,
2520 5614 2973 5684 procedentisque
3026 5613 3287 5665 terminus
3320 5628 3412 5671 per
3445 5629 3539 5675 go-

1972 5710 2144 5762 nitum
2196 5724 2316 5762 csse
2356 5717 2685 5759 monstratus
2730 5717 2827 5759 rst.
2889 5701 3151 5767 Quoniam
3197 5718 3320 5753 vero
3355 5700 3543 5763 Filius,

1972 5800 2023 5853 itt
2060 5811 2325 5869 quantum
2369 5800 2557 5863 Filius,
2616 5808 2964 5865 paternorum
2996 5796 3257 5849 bonorum
3298 5795 3540 5847 omnium

1970 5904 2049 5948 est
2102 5894 2291 5955 lueres,
2358 5903 2407 5947 et
2456 5894 2657 5954 omnia,
2707 5906 2821 5958 «pne
2876 5890 3043 5942 Patris
3084 5898 3231 5951 sunt,
3271 5887 3543 5939 nascendo
