4010 6558
392 397 494 465 155

1651 397 2048 462 MANUELIS
2091 400 2398 461 CALECA!

3551 395 3655 463 156

378 516 599 582 accipit,
636 475 901 585 gignendo
945 513 1188 584 profecto
1233 512 1392 566 Pater
1431 505 1566 564 Filio
1603 509 1817 564 initium
1867 518 1969 573 est,
2011 513 2049 569 Α
2083 509 2449 564 substantiam
2491 508 2692 564 habere
2744 506 3004 577 Spiritum
3047 508 3302 564 Sanctum
3345 513 3487 579 quod
3523 511 3660 567 diei-

379 606 547 660 etiam
604 614 661 660 ut
708 607 778 660 sit
819 605 991 660 sancti
1035 604 1274 673 Spiritus
1315 619 1508 659 causa.
1541 603 1760 672 Itaque,
1801 601 1845 657 si
1880 616 1974 670 per

383 693 725 751 nativitatem
751 706 928 757 suam,
955 703 1012 746 ut
1035 691 1272 756 initium,
1300 705 1350 745 et
1375 707 1539 746 causa
1577 691 1812 746 Sanctus
1847 687 1974 758 Spio

379 786 527 848 ritus
577 787 648 842 sit
704 786 893 850 Filius,
942 785 1102 840 Pater
1151 785 1290 841 Filio
1325 784 1769 846 communicabit,
1815 783 1974 836 simul

379 893 506 932 cum
560 877 694 933 Filio
724 878 825 932 hoc
886 877 1140 944 habebit,
1182 887 1238 932 et
1290 893 1463 949 neque
1529 877 1642 947 ipse
1693 875 1812 930 sine
1839 873 1976 929 Filio

391 969 665 1036 inspirare
707 971 1044 1039 intelligetur
1070 971 1336 1042 Spiritum
1381 972 1661 1024 Sanctum.
1685 970 1792 1023 Aut
1830 966 1973 1021 enim

388 1076 565 1132 neque
617 1077 685 1116 ex
748 1061 911 1119 Patre
977 1074 1083 1127 est,
1142 1065 1185 1117 si
1237 1064 1341 1117 diei
1388 1063 1470 1118 fas
1532 1061 1621 1125 sit,
1665 1071 1759 1113 aut
1803 1058 1973 1112 etiam

396 1169 494 1220 her
543 1153 764 1222 Filium,
812 1169 977 1226 atque
1025 1173 1093 1212 ex
1135 1156 1275 1212 Filio
1331 1166 1455 1212 est:
1496 1155 1695 1225 quippe
1746 1154 1849 1208 hoc
1892 1159 1978 1205 est

390 1248 730 1314 procedentis
765 1249 924 1304 ratio.
968 1251 1034 1306 Et
1071 1258 1364 1317 antequam
1402 1248 1641 1314 Spiritus
1705 1245 1978 1314 cogitetur

396 1351 464 1390 ex
524 1336 682 1402 Filio,
735 1340 846 1409 jam
890 1341 1033 1396 hunc
1079 1342 1377 1410 producere
1428 1337 1596 1394 Filius
1639 1351 1762 1391 cum
1812 1336 1974 1390 Patre

399 1429 562 1482 habet
598 1445 627 1484 a
665 1429 824 1485 Patre
852 1433 1093 1498 genitus,
1129 1433 1362 1486 maxime
1397 1446 1519 1486 eum
1568 1438 1624 1485 et
1674 1428 1978 1499 productor

391 1534 490 1590 per
533 1522 762 1578 Verbum
807 1523 1022 1579 dicatur
1065 1525 1244 1580 Pater.
1305 1525 1363 1578 Si
1411 1524 1628 1590 quidem
1682 1521 1826 1576 enim
1859 1535 1981 1590 pro-

394 1615 648 1672 ducendo
675 1614 836 1670 Pater
865 1615 1004 1671 Filio
1034 1627 1257 1672 causam
1319 1614 1560 1685 Spiritus
1592 1615 1774 1681 daret,
1807 1611 1980 1669 Filius

397 1704 640 1771 porfecto
669 1716 794 1761 ante
822 1721 1043 1761 causam
1077 1708 1434 1776 cogitaretur,
1463 1709 1767 1764 secundum
1816 1723 1976 1776 quam

399 1795 640 1864 Spiritus
667 1799 913 1868 procedit
954 1815 980 1852 a
1011 1798 1175 1857 Filio.
1211 1801 1364 1856 Nunc
1402 1813 1580 1856 autem
1601 1801 1873 1872 gignendo
1898 1809 1978 1855 est

405 1889 564 1944 Pater
595 1891 808 1945 initium
838 1889 998 1959 Filio,
1031 1902 1090 1947 ut
1124 1894 1195 1947 sit
1218 1903 1438 1948 sanctus
1466 1869 1700 1963 Spiritus
1728 1907 1912 1955 causa,
1933 1897 1988 1946 et
2021 1869 2060 1924 Β

409 1997 503 2051 per
540 1982 734 2037 Filium
775 1999 940 2039 causa
987 1985 1161 2040 sancti
1203 1985 1439 2053 Spiritus
1480 1995 1584 2050 est,
1637 1983 1767 2053 quia
1819 1993 1874 2037 et
1923 1999 1988 2036 ex

407 2075 524 2142 ipso
553 2091 648 2144 per
696 2073 893 2130 Filium
925 2077 1170 2143 procedit
1216 2075 1456 2147 Spiritus
1495 2075 1756 2131 Sanetus.
1801 2075 1991 2144 Itaque

406 2168 566 2222 Pater
598 2176 651 2220 et
691 2166 884 2233 Filius,
926 2168 1112 2238 ,quasi
1147 2183 1314 2224 unum
1345 2167 1674 2238 principium
1707 2175 1838 2220 ante
1869 2163 1994 2236 Spi-

406 2257 575 2311 ritum
626 2256 887 2311 Sanctum
930 2259 1220 2328 cogitatur.
1462 2245 1468 2256 ’

479 2350 948 2416 Quemadmodum
973 2352 1138 2421 igitur
1159 2353 1329 2406 solem
1355 2350 1651 2408 calefacere
1674 2349 1794 2406 sine
1820 2351 1993 2414 radio.

407 2440 648 2511 cogitare
687 2455 794 2494 non
837 2456 1144 2508 possumus,
1207 2456 1388 2512 neque
1428 2443 1548 2498 sine
1596 2441 1806 2513 fulgore
1835 2443 1983 2497 calo-

412 2548 552 2595 rem,
603 2533 676 2587 ita
731 2548 905 2602 neque
959 2533 1076 2587 sine
1125 2532 1260 2587 Filio
1307 2533 1708 2604 processionem
1763 2533 1992 2603 cogitari

413 2623 674 2692 possibile
707 2633 826 2690 est;
880 2625 1076 2694 quippe
1127 2625 1265 2679 ratio
1311 2623 1660 2695 procedentis
1708 2635 1811 2689 est,
1865 2639 1992 2678 esse

415 2733 479 2769 cx
530 2717 784 2786 gignente
832 2733 927 2784 per
960 2719 1221 2785 genitum.
1273 2715 1335 2772 Et
1385 2717 1527 2772 sicut
1580 2716 1659 2772 sol
1707 2727 1761 2772 et
1793 2715 1994 2781 radius,

418 2822 586 2862 unum
645 2809 1000 2864 calefaciendi
1053 2795 1375 2880 principium
1425 2819 1546 2876 est,
1600 2811 1671 2864 ita
1724 2809 1882 2864 Pater
1944 2819 2000 2864 et

417 2897 590 2954 Filius
656 2916 821 2954 unum
877 2901 1114 2970 Spiritus
1173 2902 1344 2958 saneti
1399 2903 1748 2973 principium,
1801 2917 1998 2958 secun-

417 2991 548 3044 dum
591 2993 818 3045 unicum
862 2993 998 3060 eius,
1053 2993 1467 3064 simplicemque
1516 3009 1830 3062 processum
1891 3002 2002 3048 tra-

418 3082 607 3149 ditur;
646 3094 859 3138 servata
915 3084 1123 3140 scilicet
1169 3087 1533 3155 puternitatis,
1593 3086 2001 3168 nativitatisque

2089 611 2196 664 tur,
2248 615 2436 656 verum
2474 616 2618 666 esse,
2653 599 2761 668 hic,
2811 616 2934 670 quae
2985 600 3238 670 praedicta
3287 612 3432 666 sunt,
3465 617 3666 674 Sllppﬂr-

2086 694 2250 748 sitis:
2287 694 2352 748 ad
2409 694 2495 748 illa
2525 690 2695 747 ’nune
2743 694 3194 763 proficiscamur,
3277 709 3396 764 quae
3452 697 3662 750 veritati

2087 772 2214 838 huic
2261 799 2484 854 prorsus
2535 785 2784 838 videntur
2821 785 3116 840 adversari.

2156 874 2396 929 Accedat
2449 888 2577 943 ergo
2617 874 2794 942 primo
2856 874 3086 930 Sanctus
3145 872 3380 930 Joannes
3441 874 3667 928 Damas-

2086 983 2297 1023 cenus:
2342 966 2618 1037 Spiritum,
2677 967 2874 1036 inquit,
2929 966 3060 1022 Filii
3117 967 3364 1032 dicimus,
3417 983 3482 1022 ex
3523 967 3664 1021 Filio

2086 1070 2260 1115 autent
2333 1042 2438 1114 non
2515 1059 2763 1125 dicimus,
2819 1059 2933 1114 Hoc
2994 1059 3076 1126 si,
3132 1071 3187 1114 ut
3248 1059 3461 1128 quidem
3520 1059 3669 1112 arbi-

2089 1163 2322 1217 trantur,
2383 1150 2434 1204 id
2477 1150 2751 1206 insinuare
2803 1151 2937 1216 vult,
2994 1151 3136 1222 quod
3187 1166 3290 1205 non
3331 1152 3403 1206 sit
3440 1167 3503 1206 ex
3533 1150 3670 1205 Filio

2090 1243 2346 1314 Spiritus,
2385 1258 2558 1312 neque
2614 1259 2708 1310 per
2757 1241 2952 1297 Filium
3003 1236 3363 1299 substantiam
3429 1244 3623 1298 habeat
3652 1284 3668 1306 ,

2088 1339 2312 1397 omnino
2367 1338 2636 1409 Spiritum
2691 1348 2939 1394 sanctum
2999 1354 3063 1395 ex
3091 1339 3251 1395 Patre
3313 1340 3432 1394 solo
3469 1339 3673 1394 habere

2087 1427 2491 1494 substantiam,
2588 1431 2772 1483 doctor
2839 1427 3131 1498 praeclarus
3215 1429 3509 1488 arbitratus
3565 1439 3669 1484 est.

2087 1523 2198 1579 lloc
2259 1523 2302 1577 si
2349 1523 2424 1578 ita
2477 1531 2580 1588 est,
2627 1522 2792 1578 etiam
2828 1536 2895 1576 ex
2953 1519 3113 1576 Patre
3145 1535 3266 1578 esse
3309 1522 3427 1578 sine
3469 1522 3707 1604 medim:

2089 1615 2146 1669 Si
2203 1625 2380 1669 autem
2439 1615 2557 1670 sine
2601 1613 2782 1668 medio
2843 1613 3139 1682 producere
3192 1608 3354 1668 etiam
3409 1609 3707 1712 substan-‘r‘

2090 1707 2218 1763 tiale
2274 1708 2472 1775 Patris,
2525 1709 2909 1778 propriumque
2948 1705 3066 1775 ejus
3116 1722 3255 1772 csse,
3311 1723 3483 1776 neque
3536 1705 3675 1760 Filio

2089 1817 2424 1871 commune;
2490 1801 2864 1857 snbstantialia
2917 1805 3063 1859 enim
3127 1816 3481 1872 personarum
3542 1815 3674 1869 pro-

2092 1895 2232 1968 pria,
2288 1896 2501 1952 caeteris
2543 1896 2764 1952 omnino
2815 1897 3122 1952 communia
3165 1910 3273 1949 non
3331 1902 3676 1960 sunt;quo-

2092 1989 2255 2044 modo
2312 1988 2476 2056 igitur
2531 1987 2748 2043 Patrem
2812 1988 3196 2060 productorem
3269 2000 3364 2056 per
3433 1983 3672 2038 Verbum

2092 2077 2389 2143 splendiﬁci
2433 2077 2671 2146 Spiritus
2723 2077 2909 2133 dicit?
2960 2077 3230 2148 quomodo
3273 2091 3338 2132 ex
3393 2073 3674 2141 Patreper

2094 2169 2290 2226 Filium
2376 2169 2672 2240 procedere
2743 2171 3006 2239 Spiritum
3063 2168 3324 2238 plurimis
3381 2166 3515 2221 locis
3573 2178 3674 2220 nos

2095 2263 2329 2317 docuit?
2361 2262 2651 2330 quomodo,
2704 2263 2750 2317 si
2805 2261 3027 2317 multum
3069 2261 3338 2325 ordinem,
3391 2259 3483 2312 vel
3517 2256 3675 2312 habi-

2099 2365 2210 2411 tum
2283 2354 2518 2424 Spiritus
2570 2355 2641 2409 ad
2713 2354 2907 2410 Filium
2967 2355 3149 2418 habet,
3221 2353 3396 2407 disit:
3456 2349 3680 2419 Oportet

2096 2456 2272 2501 autem
2333 2443 2582 2508 Verbum,
2635 2455 2683 2500 et
2747 2445 3012 2515 Spiritum
3065 2445 3274 2499 habere.
3335 2441 3462 2498 "(cc
3535 2441 3681 2497 enim

2099 2536 2204 2590 sibi
2278 2535 2509 2590 invicem
2567 2536 2840 2590 contraria
2898 2535 3348 2590 manifestissime
3402 2541 3573 2598 sunt;
3635 2531 3680 2585 si

2099 2630 2244 2682 enim
2309 2629 2599 2698 productor
2635 2644 2728 2698 per
2784 2627 3043 2693 Verbum,
3093 2641 3388 2696 numquam
3437 2625 3685 2695 profecto

2099 2722 2208 2778 erit
2241 2720 2420 2775 Patris
2455 2721 2814 2776 snbstantiale
2843 2721 3119 2790 proprium
3152 2720 3480 2790 producere.

2173 2814 2240 2867 At
2275 2813 2320 2870 si
2353 2828 2416 2869 ex
2469 2813 2630 2869 Patre
2672 2813 2788 2868 sine
2820 2813 3017 2876 medio,
3051 2827 3327 2880 nunquam
3360 2826 3455 2880 per
3490 2809 3684 2864 Ftlmtlt

2104 2907 2420 2976 procederet
2455 2922 2486 2971 ;_
2511 2903 2804 2974 procedere
2834 2903 2977 2958 enim
3009 2918 3106 2972 per
3134 2903 3328 2958 Filium
3367 2903 3508 2971 quod
3541 2901 3679 2956 dici.-

2106 3005 2216 3062 tur,
2249 2995 2628 3052 mediationem
2664 2994 2784 3050 Filii
2828 2995 3089 3067 designat,
3127 3011 3288 3066 quam
3323 3003 3377 3050 et
3415 2993 3691 3064 Nyssenus

2108 3089 2293 3155 tradit,
2329 3098 2383 3143 et
2433 3103 2623 3143 omnes
2673 3067 2775 3141 ιιηό
2813 3103 2933 3142 cum
2965 3101 3031 3142 eo
3077 3087 3308 3157 theologi
3361 3087 3690 3154 tertiumque

421 3177 746 3234 diﬂerentia.
809 3180 994 3251 Itaque
1059 3197 1233 3251 neque
1295 3199 1371 3240 rc.
1438 3198 1613 3252 neque
1668 3183 2074 3283 cogitationeC
2105 3196 2135 3236 a
2168 3183 2326 3236 Patre
2373 3182 2636 3250 Spiritum
2681 3191 2929 3236 sanctum
2977 3181 3272 3235 secundum
3341 3177 3684 3246 personalem

427 3280 604 3339 potest
662 3273 933 3342 inspirans
969 3275 1128 3328 Pater
1168 3275 1284 3328 sine
1338 3273 1476 3329 Filio
1529 3275 1754 3341 intelligi
1806 3296 1819 3332 :
1870 3275 1998 3341 imo,

424 3365 474 3419 si
507 3363 722 3432 quidem
753 3380 815 3419 ex
862 3365 1042 3418 animo
1075 3365 1268 3428 Filius.
1302 3375 1355 3422 et
1400 3368 1730 3439 c0gitatione
1763 3369 2003 3433 tollatur,

428 3471 604 3523 neque
639 3457 1039 3524 proccssionem
1071 3457 1184 3528 jam
1231 3474 1355 3514 esse
1385 3459 1642 3529 possibile
1675 3460 1800 3515 erit.
1857 3459 2008 3516 Unde

424 3557 479 3600 et
524 3548 723 3601 dictum
771 3557 891 3614 est;
927 3549 1130 3604 idcirco
1160 3567 1225 3605 ex
1274 3551 1431 3608 Patre
1462 3555 1755 3622 procedere
1785 3555 2004 3618 dicitur,

426 3639 550 3705 quia
582 3630 782 3692 .iJ’ilio
814 3651 916 3695 est.
969 3641 1126 3707 Quod
1177 3645 1221 3696 si
1253 3637 1594 3716 praecogitari
1638 3647 1818 3702 dictus
1875 3657 1957 3703 est
1991 3689 2005 3708 .

429 3743 607 3786 tamen
645 3737 803 3816 prius.
843 3739 1116 3802 posterius
1148 3753 1254 3790 non
1307 3749 1409 3792 (εει.
1469 3738 1600 3793 Nam
1650 3749 1702 3793 et
1742 3756 1930 3806 causa,
1957 3751 2010 3797 et

426 3827 668 3895 caus-ale,
729 3826 956 3896 Filiiqne
1017 3829 1292 3893 mediatio,
1361 3844 1423 3884 ac
1487 3845 1580 3900 per
1627 3828 1822 3886 Filium
1869 3848 2010 3900 esse,

433 3937 462 3973 a
509 3921 714 3974 sanctis
766 3920 966 3974 divinis
1024 3923 1326 3977 rationibus
1375 3924 1626 3977 traditur.
1681 3925 1788 3980 Sed
1832 3935 1886 3979 et
1931 3927 2010 3980 si-

430 4014 566 4076 mul,
624 4023 678 4068 et
739 4013 1082 4082 coniunctus,
1129 4023 1180 4068 ct
1224 4015 1600 4082 inseparabilis
1664 4017 2015 4073 nihilominus

431 4121 532 4172 pro
584 4104 835 4158 confesso
891 4113 1251 4157 asseveratur.
1298 4085 1652 4174 Tem'porales
1705 4107 1850 4161 enim
1884 4122 2006 4160 mo.

432 4198 568 4250 mla:
617 4197 671 4250 in
729 4205 930 4250 acterna
976 4196 1078 4249 vita
1139 4195 1315 4250 locum
1370 4213 1473 4251 non
1526 4198 1742 4262 habent,
1805 4190 1867 4252 ut.
1941 4199 2018 4252 ait

431 4291 732 4361 Gregorius
791 4289 1198 4361 Nyssenus;eo
1241 4291 1381 4359 quod
1433 4291 1540 4346 illic
1588 4308 1852 4362 nusquam
1885 4301 2019 4348 tem-

439 4383 586 4452 poris
639 4383 708 4437 sit
757 4383 930 4438 locus.

414 4544 420 4551 ι
510 4475 614 4529 Per
665 4476 778 4529 haec
843 4491 972 4546 ergo
1041 4477 1246 4540 omnia,
1293 4475 1602 4542 conficitur,
1665 4478 1806 4544 quod
1861 4477 2016 4532 initio

2113 3274 2354 3340 ordinem
2403 3274 2764 3329 commendat.
2812 3271 3000 3338 Porro,
3055 3273 3172 3327 sine
3201 3271 3395 3336 medio,
3443 3272 3546 3325 hoc
3587 3279 3693 3338 est,

2116 3381 2178 3420 ex
2245 3364 2361 3420 solo
2416 3363 2578 3420 Patre
2637 3379 2780 3430 esse,
2841 3365 3044 3428 dicere,
3109 3363 3222 3419 haec
3281 3364 3439 3417 simul
3501 3363 3687 3418 omnia

2118 3457 2273 3514 tollit.

2189 3551 2352 3620 Atqui
2408 3565 2512 3604 nou
2567 3550 2764 3613 solum,
2816 3559 2874 3602 ut
2922 3547 3141 3616 quidam
3197 3546 3248 3600 id
3291 3546 3491 3602 dictum
3523 3561 3693 3616 expo-

2120 3652 2277 3707 nunt,
2344 3643 2446 3695 sibi
2515 3643 2820 3696 contrarius
2888 3640 2973 3694 hic
3026 3640 3216 3693 doctor
3275 3648 3379 3703 est,
3447 3638 3544 3691 sed
3605 3639 3690 3691 his

2120 3750 2358 3805 quoque,
2415 3733 2504 3804 qui
2558 3741 2682 3787 ante
2755 3732 2901 3784 illum
2961 3731 3200 3794 fuerunt,
3267 3731 3520 3784 Ecclesiae
3580 3745 3696 3783 rna-

2121 3825 2322 3895 gistris.
2369 3825 2444 3878 llli
2479 3824 2624 3878 enim
2665 3839 2730 3879 ex
2766 3821 2928 3886 Filio,
2968 3829 3133 3891 atque
3168 3837 3233 3875 ex
3289 3824 3408 3892 ejus
3452 3820 3699 3874 essentia

2123 3917 2270 3971 illum
2321 3931 2441 3972 esse
2489 3917 2663 3978 aiunt,
2721 3926 2776 3970 et
2811 3931 2878 3969 ex
2928 3916 3042 3984 ipso
3101 3912 3342 3983 prodire,
3384 3923 3494 3968 eta
3559 3911 3704 3965 Filio

2124 4009 2348 4072 trahere,
2410 4025 2553 4074 esse,
2614 4016 2670 4062 et
2720 4007 2784 4061 ah
2840 4021 2906 4060 eo
2959 4005 3301 4074 procedere:
3357 4006 3442 4060 ille
3492 4013 3700 4067 autem,

2125 4118 2190 4156 ex
2229 4101 2386 4156 Filio
2419 4116 2525 4155 non
2573 4115 2716 4164 csse,
2775 4115 2879 4155 nou
2929 4115 2994 4154 ex
3034 4097 3176 4153 illius
3226 4101 3484 4160 essentia,
3523 4113 3705 4166 neque

2124 4210 2189 4248 ex
2239 4194 2369 4273 ipso
2430 4191 2723 4260 procedere
2777 4193 2928 4246 dicit.
2994 4189 3118 4247 Haec
3175 4199 3352 4246 autem
3413 4190 3705 4244 manifesta

2126 4284 2483 4338 contradictio
2543 4294 2660 4338 est.
2710 4282 2789 4337 Ex
2847 4299 2955 4350 quo
3006 4283 3292 4352 sequitur,
3353 4292 3412 4337 ut
3477 4283 3559 4337 vel
3615 4283 3710 4336 hic

2128 4375 2273 4429 solus
2311 4373 2563 4429 Ecclesize
2600 4376 2860 4446 magister
2912 4385 3212 4441 asseratnr,
3249 4374 3508 4443 solusque
3573 4387 3708 4426 san-

2127 4478 2250 4524 ctus
2291 4468 2556 4531 videatur,
2594 4468 2849 4537 neglectis
2884 4476 2960 4521 tot
3010 4468 3214 4522 sanctis
3254 4466 3506 4521 Patribus
3539 4463 3712 4534 (piget

441 4568 770 4638 propositum
820 4568 940 4631 fuit,
983 4567 1179 4622 Filium
1227 4585 1255 4622 a
1320 4579 1507 4624 sancto
1559 4568 1763 4638 Spiritu
1819 4585 2018 4624 secun-
2053 4585 2095 4640 ι)
2127 4563 2272 4620 enim
2305 4563 2507 4630 dicere,
2545 4561 2809 4632 abjectis),
2865 4571 2960 4615 aut
2999 4561 3210 4615 illorum
3281 4557 3710 4622 multitudinem,

441 4659 573 4712 dum
631 4675 850 4714 causam
907 4670 962 4716 et
1013 4662 1233 4717 causale
1277 4662 1544 4728 discerni,
1579 4662 1905 4734 Patremque
1955 4674 2007 4717 et

443 4749 658 4814 Filium,
717 4766 884 4803 untnn
958 4753 1130 4806 sancti
1183 4751 1415 4822 Spiritus
1478 4753 1803 4822 principium
1859 4768 2019 4821 esse,

444 4854 659 4898 servata
701 4844 916 4899 iilornm
958 4844 1025 4900 ad
1059 4846 1286 4900 invicem
1318 4845 1642 4910 diﬂerentia,
1667 4845 1820 4914 juxta
1863 4861 2022 4902 sano-

449 4948 627 4991 t.orum
684 4936 905 4992 Patrum
969 4937 1454 5008 tltculogiam;per
1503 4954 1688 5008 quam,
1734 4955 1800 4995 cx
1863 4940 2025 4995 Patre

447 5045 545 5098 per
581 5029 779 5085 Filium
837 5031 1128 5099 procedere
1179 5029 1438 5099 Spiritum
1490 5040 1761 5098 sanctum,
1829 5030 2027 5086 divinis

449 5123 752 5176 rationibus
789 5132 1062 5178 asserunt.
1098 5121 1360 5187 Quoniam
1415 5137 1544 5176 vero
1575 5123 1788 5176 veritati
1827 5123 2028 5178 veritas

450 5231 556 5269 non
593 5215 909 5276 reluctatur.
946 5227 1000 5268 et
1037 5217 1087 5268 in
1124 5215 1206 5268 his
1242 5215 1477 5266 maxime
1529 5215 1900 5278 sermonibus,
1938 5213 2026 5268 ubi

450 5307 518 5360 de
567 5307 672 5361 fide
704 5306 899 5374 agitur,
945 5305 1222 5374 inquibus
1255 5320 1462 5359 summa
1506 5305 1816 5368 concordia,
1866 5317 1919 5358 et
1965 5305 2031 5359 ad

455 5417 514 5454 se
552 5401 718 5468 ipsos,
751 5409 802 5452 et
861 5401 928 5451 ad
963 5408 1190 5453 caeteros
1243 5398 1496 5453 doctores
1546 5399 1614 5453 sit
1653 5414 1872 5453 necesse
1926 5408 2030 5452 est.

454 5493 632 5546 Aliter
691 5494 834 5546 enim
900 5493 1058 5557 Deus,
1115 5492 1361 5548 homines
1419 5508 1513 5561 per
1563 5507 1657 5547 eos
1705 5491 1837 5555 f.dli,
1865 5502 2026 5560 atque

453 5602 643 5641 errare
674 5586 1004 5654 permisisset
1032 5605 1047 5653 ;
1077 5587 1187 5639 sive
1218 5587 1492 5640 contraria
1525 5601 1654 5641 vera
1685 5601 1806 5638 esse
1833 5584 2036 5650 volens;
2061 5637 2075 5649 ,

455 5684 576 5735 sive
607 5681 834 5734 veritate
891 5678 1169 5737 veritatem
1219 5682 1525 5742 collidens;
1583 5681 1796 5734 veritati
1857 5689 2039 5733 autem

465 5771 801 5827 mendacium
861 5775 1130 5844 olijectum
1173 5787 1274 5830 est.
1337 5775 1518 5828 Multis
1574 5781 1752 5827 autem
1807 5787 1869 5826 ex
1912 5771 2044 5825 locis

469 5867 898 5920 demonstratum
969 5879 1090 5933 est,
1157 5885 1252 5938 per
1309 5868 1546 5930 Filium,
1610 5878 1773 5933 atque
1833 5882 1859 5918 a
1913 5863 2048 5917 Filio

2127 4665 2292 4724 atque
2323 4655 2699 4709 auctoritatem
2729 4653 3006 4722 antiquam
3041 4653 3364 4722 reverendo,
3393 4649 3558 4703 istum
3597 4663 3706 4701 non

2126 4746 2438 4801 admittere.

2199 4837 2306 4895 Sed
2369 4837 2473 4891 hoc
2547 4838 2805 4905 ineptum,
2857 4851 2921 4889 ac
2987 4835 3248 4891 insulsum
3312 4843 3430 4890 est.
3483 4834 3713 4902 Oportet

2130 4936 2271 4989 enim
2334 4943 2551 4988 sanctos
2609 4947 2798 4987 omnes
2860 4932 3117 4993 revereri.
3171 4941 3250 4996 et,
3292 4946 3413 5001 qua:
3467 4933 3533 4984 ab
3594 4929 3709 4982 illis

2131 5024 2407 5088 dicuntur,
2456 5023 2540 5090 pia
2594 5021 2890 5074 intentione
2949 5022 3268 5090 suscipere:
3305 5029 3471 5088 atque
3514 5034 3576 5072 ea
3638 5020 3712 5070 ita

2132 5130 2408 5187 exponere
2454 5113 2662 5176 conari,
2715 5111 2888 5167 sicubi
2929 5111 3162 5166 fortasse
3217 5111 3505 5165 dissentire
3553 5108 3710 5162 vide-

2137 5218 2320 5274 antur,
2357 5217 2415 5263 ut
2442 5216 2500 5262 et
2533 5205 2638 5260 sibi
2676 5203 2830 5274 ipsis,
2866 5215 2919 5258 ct
2962 5205 3084 5259 aliis
3133 5202 3388 5258 Ecclesiae
3441 5200 3717 5269 magistris

2137 5320 2300 5373 quam
2374 5302 2610 5357 maxime
2669 5301 2973 5356 concordes
3036 5295 3165 5352 sint.
3239 5295 3322 5360 Et,
3385 5295 3429 5348 si
3490 5294 3711 5362 quidem

2141 5397 2279 5450 istud
2332 5395 2631 5462 contingat,
2689 5392 2930 5458 nihilque
2963 5389 3032 5442 de
3082 5387 3406 5451 concessis,
3457 5400 3525 5440 ac
3580 5384 3720 5437 ratis

2144 5489 2261 5543 fidei
2313 5487 2612 5542 rationibus
2662 5485 2884 5546 tollitur,
2927 5481 3250 5535 concordem
3286 5494 3350 5533 ac
3385 5492 3572 5547 veram
3621 5491 3722 5530 ex—

2145 5581 2462 5649 positionem
2521 5576 2740 5641 dicere;
2801 5576 2883 5630 sin
2948 5585 3149 5635 autem,
3193 5570 3562 5632 contrarium,
3602 5566 3724 5632 Quo

2148 5673 2291 5727 enim
2344 5671 2542 5738 posito,
2592 5667 2898 5723 absurditas
2937 5665 3204 5735 sequitur,
3245 5675 3298 5718 et
3351 5667 3526 5731 ipsum
3577 5659 3728 5727 ejus-

2153 5767 2292 5820 modi
2343 5777 2442 5818 est.
2499 5766 2840 5832 Quanquam,
2878 5777 2980 5814 non
3054 5760 3157 5814 dici
3193 5760 3260 5812 ad
3299 5760 3370 5822 id,
3411 5766 3468 5810 ut
3504 5758 3574 5811 sit
3611 5771 3722 5816 res,

2153 5862 2482 5916 Contrarium
2538 5877 2640 5914 non
2696 5867 2798 5912 cst.
2857 5855 3090 5910 Plurima
3150 5854 3292 5909 enirn
3331 5867 3454 5907 vcra
3512 5849 3728 5920 quidem
