3984 6552
272 409 363 476 157
1332 422 1369 477 Α
1383 420 1726 482 DVEliSUS
1764 422 1806 479 G

1929 422 2078 483 ICOS
2119 427 2258 490 LIB.
2313 423 2422 488 ῙΙῘ.

3389 425 3488 491 158

269 537 402 591 siml.
453 545 556 582 non
606 539 784 584 autem
836 531 1098 594 dicentur,
1154 534 1395 600 hocque,
1423 550 1542 588 cum
1595 551 1659 590 ex
1697 535 1816 589 aliis
1856 541 1887 592 tt
1922 540 2164 594 stantius.
2217 540 2335 594 Non
2372 542 2529 602 enirn,
2571 548 2624 592 ut
2655 540 2879 594 alienum
2917 548 3129 592 natura,
3165 539 3488 603 introa'ttcar,

269 627 485 679 constat,
548 625 653 672 tum
704 634 768 672 es
809 621 938 688 ipsis
991 619 1241 674 Ecclesiae
1268 621 1632 690 dogmatibus.
1691 622 1822 676 lisse

269 713 397 762 enim
449 711 636 765 Filium
697 713 841 766 Patri
876 713 1413 776 consubstantialem,
1463 716 1658 782 Deique
1723 715 1820 771 Ge-

269 802 494 853 sitricem
537 817 737 869 semper
806 801 1069 871 Virginem
1131 805 1406 872 praedicari
1441 808 1493 858 in
1559 805 1821 869 Eat-lesia,

268 904 417 961 atque
453 894 700 947 humana:
751 901 960 948 natura:
991 893 1182 948 Filium
1220 897 1308 949 Dei
1365 897 1661 951 secundum
1697 899 1824 952 sub-

267 984 508 1036 stantiam
561 985 768 1037 unitmn
823 1000 986 1049 esse,
1041 1002 1166 1040 vera
1225 987 1438 1054 quidem
1495 997 1665 1056 sunt;
1722 989 1824 1044 fuit

269 1085 458 1137 tamen,
498 1073 716 1143 quando
764 1089 868 1129 nou
917 1077 1237 1130 dicebautur
1267 1096 1282 1143 ;
1315 1095 1420 1132 non
1467 1087 1647 1132 tamen
1706 1081 1822 1135 ideo

268 1166 389 1220 falsa
436 1165 670 1221 (tierunt.
702 1166 834 1223 Nam
863 1177 1051 1236 postea
1085 1171 1414 1225 necessitate
1443 1181 1664 1241 urgente
1697 1183 1822 1240 pro-

269 1270 376 1327 pter
439 1259 710 1312 contraria
787 1260 1050 1324 dicentes,
1113 1261 1274 1316 etiam
1343 1271 1402 1315 ut
1464 1264 1514 1316 in
1577 1263 1815 1318 Ecclesia

265 1352 462 1421 publice
523 1352 834 1407 dicerentur
882 1355 1210 1421 institutum,
1243 1365 1299 1409 et
1346 1355 1634 1411 formatum
1681 1367 1813 1424 est;

265 1443 378 1511 quid
422 1458 553 1509 ergo
605 1444 826 1508 mirttm,
875 1445 918 1498 si
966 1456 1022 1500 et
1066 1455 1288 1501 sanctus
1339 1447 1442 1502 iste
1503 1452 1648 1517 quod
1707 1462 1814 1502 non

266 1535 727 1603 prtinuntiabatur,
785 1546 842 1590 ut
875 1539 1040 1592 multa
1093 1539 1216 1602 alia,
1261 1543 1316 1593 et
1364 1549 1511 1606 tunc,
1547 1550 1601 1596 et
1645 1542 1816 1610 prius,

268 1642 361 1680 non
391 1627 497 1681 dici
533 1629 605 1682 ait
637 1628 660 1680 τ
688 1627 802 1682 Νοη
841 1630 984 1683 enim
1018 1630 1258 1700 profecto
1301 1648 1398 1703 per
1421 1634 1522 1687 hoc
1557 1635 1822 1702 obtendit,

265 1718 379 1786 quia
407 1734 510 1771 non
539 1730 624 1774 est
652 1735 668 1774 :
707 1723 802 1775 sed
835 1723 935 1776 hoc
966 1723 1164 1786 solum,
1191 1723 1315 1792 quia
1352 1725 1402 1777 in
1434 1726 1824 1794 consuetudine

266 1811 398 1864 dicto
455 1825 560 1864 non
599 1813 955 1879 proferretur.

327 1901 428 1954 Sed
475 1903 618 1957 enim
669 1919 793 1958 eum
847 1904 948 1959 sibi
1001 1920 1104 1959 non
1139 1921 1260 1962 esse
1300 1908 1658 1973 contrarium,
1697 1910 1821 1965 hinc

266 1994 494 2064 profecto
534 2007 777 2053 constat.
837 1997 1142 2054 O‘tetisntn'
1180 2001 1326 2053 enim
1379 2001 1526 2069 prius
1557 2009 1638 2055 est
1671 2003 1820 2071 quia,

264 2085 448 2154 ubique
489 2101 583 2158 per
640 2088 966 2157 praepositio,
1001 2089 1053 2142 in
1083 2090 1277 2158 quibus
1324 2094 1642 2154 assumitur,
1681 2107 1824 2160 prte-

263 2176 457 2230 cedenti
499 2193 680 2233 causa:
713 2187 1053 2249 cooperator,
1087 2189 1246 2250 atque
1298 2182 1364 2234 ad
1389 2193 1525 2238 eam
1576 2183 1820 2239 officione

265 2267 402 2334 tiam,
450 2284 615 2338 quam
677 2269 792 2338 ipsa
846 2271 1101 2340 inspicit,
1153 2271 1268 2327 sive
1327 2273 1380 2326 in
1437 2275 1774 2330 naturalibus
1808 2316 1821 2340 ,

265 2359 368 2410 sive
412 2359 467 2411 in
525 2358 828 2414 artiﬁcibus
883 2360 1148 2428 quispiam
1199 2375 1507 2417 sermonem
1563 2377 1825 2420 exercere

265 2450 398 2503 velit.
436 2450 643 2505 [tamus
690 2451 833 2505 enim
867 2465 961 2520 per
989 2467 1148 2520 quem
1187 2451 1396 2508 fructus
1433 2453 1626 2520 oritur,
1665 2469 1820 2509 eam—

261 2542 394 2608 dem,
452 2558 614 2611 quam
665 2543 816 2598 radix
866 2553 1074 2598 natur-te
1116 2544 1475 2600 intentionem
1531 2546 1709 2602 habet.
1764 2546 1825 2602 Et

189 2685 200 2696 ,
264 2649 416 2697 serra,
449 2635 599 2691 vorbi
645 2635 841 2705 gratia,
886 2649 982 2703 per
1010 2649 1168 2704 quam
1201 2635 1349 2692 faber
1400 2637 1622 2709 gradum
1659 2637 1782 2694 iacit
1809 2682 1823 2705 ,

263 2725 321 2776 ad
364 2723 533 2787 illum,
590 2738 696 2777 non
749 2724 814 2777 ad
873 2724 1095 2779 alterius
1142 2725 1354 2795 generis
1397 2726 1645 2780 effectum
1700 2729 1827 2782 arti-

222 2810 226 2813 ’
273 2815 348 2870 tiei
420 2825 789 2885 cooperatur.
842 2813 958 2870 Non
1012 2816 1154 2870 enim
1205 2817 1274 2873 ad
1347 2817 1776 2873 calefacieudum
1808 2861 1823 2885 ,

263 2921 348 2960 seu
394 2904 752 2960 dealbaudum
800 2905 877 2974 illi
910 2909 1311 2974 cooperabitur.
1359 2907 1692 2978 Prorsusque
1729 2924 1819 2973 ea,
1853 2898 1855 2900 ’

265 3013 352 3065 per
403 3014 521 3066 qua:
576 2997 777 3066 aliquid
827 2998 919 3063 lit,
984 3010 1342 3068 cooperantur
1399 3001 1480 3054 his
1536 3002 1626 3070 qui
1679 3001 1826 3072 prius

267 3090 346 3144 illa
376 3099 616 3154 movent,
637 3089 727 3143 νεα
771 3089 984 3144 illorum
1017 3100 1206 3144 nutum
1241 3107 1345 3144 una
1369 3109 1490 3145 cum
1522 3093 1627 3146 illis
1659 3107 1822 3146 causa

1923 632 2012 681 sed
2053 639 2104 680 nt
2170 630 2502 698 inconfnsam
2562 629 2761 690 Patris,
2795 637 2845 682 et
2916 627 3041 683 Filii
3092 629 3487 699 intelligentiam

1923 721 2266 784 commendet,
2319 721 2394 771 ita
2440 719 2798 785 pronuntiavit
2835 719 3137 782 Apostolus.
3201 717 3267 772 Et
3321 719 3485 772 theol.

1922 812 2214 880 Gregorius
2254 811 2372 865 ait:
2413 826 2476 863 ea:
2522 827 2646 881 quo,
2691 820 2737 864 et
2773 826 2866 877 per
2893 825 3041 878 quem
3090 811 3227 878 quod
3265 811 3482 875 dicitur,

1923 914 2023 951 non
2083 908 2303 951 naturas
2374 899 2749 962 scindentium,
2802 901 2892 952 sed
2940 900 3094 952 unius
3168 899 3485 969 inconfustc—

1925 1005 2022 1055 que
2076 999 2282 1042 natura:
2339 991 2685 1058 proprietates
2750 990 3176 1056 exprimendum.

1957 1073 1960 1076 ’
2003 1083 2230 1149 Propter
2269 1081 2369 1136 hoc
2411 1081 2572 1150 igitur
2612 1083 2719 1150 'per
2756 1081 3018 1148 particula
3074 1066 3348 1151 assumpta
3383 1092 3488 1146 est,

1929 1185 1987 1228 ut
2051 1173 2670 1228 consubstantialitatem
2711 1173 2868 1225 simul
2911 1180 2964 1226 et
3004 1185 3354 1242 personarum
3394 1188 3488 1227 or-

1923 1267 2102 1319 dinem
2145 1278 2206 1317 ae
2245 1263 2628 1318 discretionem
2669 1264 2848 1333 signet
2879 1279 2944 1317 ex
2981 1263 3323 1333 processibus
3364 1264 3492 1331 ipsis

1923 1364 2293 1426 apparentem.
2349 1355 2406 1410 lu
2447 1369 2553 1424 quo
2617 1369 2747 1412 sane
2792 1357 2982 1411 ordine
3031 1370 3094 1411 ac
3138 1356 3480 1420 discretione,

1921 1449 2042 1503 Filii
2084 1461 2312 1518 persona
2349 1449 2582 1502 medium
2628 1448 2835 1503 obtinet
2871 1447 3068 1511 locum,
3098 1461 3253 1516 quam
3283 1461 3495 1514 semper

1921 1544 2083 1596 etiam
2132 1543 2185 1594 in
2237 1542 2510 1594 communi
2565 1539 2953 1595 consuetudine
3013 1539 3317 1608 signiﬁcat,
3374 1554 3491 1608 per.

1923 1642 2066 1688 etne
2093 1631 2174 1688 vel
2207 1647 2308 1687 una
2347 1645 2595 1700 persona,
2635 1631 2817 1694 Pater,
2849 1641 2903 1684 et
2940 1629 3107 1684 Filius
3149 1629 3493 1684 existimetur

1923 1731 2146 1793 propter
2209 1722 2649 1792 praeimsitionum
2697 1721 3131 1784 similitudinem,
3195 1721 3276 1774 vel
3338 1707 3444 1774 duo
3479 1757 3495 1784 ,

1923 1823 1975 1872 et
2013 1825 2200 1869 contra
2264 1828 2322 1868 se
2355 1815 2527 1870 divisa
2560 1813 2716 1867 ambo
2745 1856 2760 1879 ,
2797 1811 3027 1880 Spiritus
3052 1812 3312 1881 principia
3351 1811 3499 1866 vide-

1924 1915 2107 1972 antur,
2151 1906 2352 1960 ‘talisve
2380 1918 2506 1961 esse
2556 1903 2676 1958 Filii
2725 1917 2980 1974 persona,
3026 1903 3201 1974 qualis
3230 1911 3284 1958 et
3327 1903 3501 1959 Patris

1924 2006 2026 2062 est,
2067 1997 2202 2051 nihil
2238 2007 2362 2052 ante
2417 2011 2478 2052 se
2515 1997 2808 2065 cogitatum
2861 1994 3088 2060 habens,
3145 1995 3498 2064 quemadmo-

1925 2091 2051 2143 dum
2093 2099 2146 2144 et
2182 2085 2361 2145 Pater.
2403 2088 2484 2142 Ea:
2529 2091 2672 2143 enim
2721 2089 2866 2144 sistit
2907 2099 3165 2155 mentem,
3197 2099 3248 2142 ct
3277 2087 3499 2143 ulterius

1926 2184 2003 2237 ire
2063 2195 2166 2236 non
2214 2183 2376 2250 cogit,
2426 2167 2889 2250 principalemqne
2959 2192 3178 2234 causam
3233 2193 3498 2249 qurercre,

1924 2274 2010 2328 cui
2070 2287 2136 2325 ea:
2189 2269 2566 2340 principaliter
2609 2269 2894 2325 distributa
2930 2279 3056 2333 est:
3095 2287 3188 2339 per
3214 2280 3390 2323 autem
3418 2271 3500 2324 al—

1928 2374 2098 2418 teram
2153 2377 2366 2432 quoque
2423 2377 2706 2431 personam
2749 2371 2946 2433 praeter
2991 2379 3078 2429 ex,
3128 2362 3354 2417 includit
3391 2376 3410 2424 ;
3445 2369 3498 2415 et

1926 2454 1992 2508 ad
2029 2454 2174 2507 illaut
2229 2454 2478 2522 provehit
2531 2465 2790 2520 mentem,
2838 2453 3298 2523 principalemque
3353 2452 3497 2506 illam

1929 2543 2177 2613 designat
2224 2558 2468 2610 causam,
2520 2543 2574 2598 in
2633 2559 2743 2613 qua
2799 2544 2913 2599 haec
2962 2543 3204 2613 ponitur,
3259 2543 3491 2596 medium

1925 2645 1980 2689 et
2031 2634 2209 2703 primi,
2250 2645 2305 2689 et
2345 2635 2484 2704 ejus,
2524 2634 2588 2688 ad
2620 2650 2778 2704 quem
2813 2649 3126 2705 processus,
3162 2635 3276 2688 sive
3305 2649 3500 2704 opera-

1940 2725 2035 2778 tio.
2067 2724 2242 2794 Atque
2271 2723 2347 2778 ita
2375 2723 2692 2779 Trinitatem
2732 2725 2938 2793 integre
2969 2725 3121 2778 nobis
3163 2725 3502 2777 commendat

1926 2831 2040 2882 per,
2098 2816 2369 2884 simulque
2401 2825 2690 2884 processus
2745 2831 3102 2885 personarum
3153 2816 3217 2870 ad
3270 2816 3498 2868 iuvit-em

1929 2902 2175 2960 ordinem
2204 2905 2428 2960 indicat.
2489 2905 2591 2960 Sed
2620 2915 2673 2959 et
2708 2906 2960 2960 essentire
2993 2919 3204 2974 quoque
3245 2905 3499 2958 unitatem

1930 3011 2023 3066 per
2047 3011 2107 3051 se
2137 2998 2295 3054 tertio
2323 2998 2616 3062 connectit,
2648 2992 3136 3066 juxtaGregorium’
3174 2995 3500 3066 Nyssenum,

1933 3088 2055 3143 Filii
2109 3090 2458 3154 mediatione,
2494 3098 2548 3145 et
2593 3089 2693 3144 sibi
2745 3089 3016 3159 Uuigeniti
3079 3090 3334 3143 honorem
3388 3103 3519 3142 εει-ο.

267 3181 464 3243 effecta,
506 3182 591 3237 vel
641 3181 794 3251 quasi
851 3182 1234 3246 instrumenta,
1281 3183 1361 3235 vel
1421 3160 1894 3251 quomodolihetc
1933 3189 2112 3244 vante,
2168 3187 2225 3233 et
2285 3178 2545 3248 Spiritum
2610 3173 3104 3232 naturali‘Patrem
3157 3177 3338 3231 habitu
3391 3193 3494 3231 nou

267 3272 409 3327 aliter
436 3273 558 3327 illos
601 3271 936 3340 adiuvantia.

329 3364 380 3417 Si
429 3364 646 3434 quidem
697 3363 862 3432 igitur
911 3378 1016 3417 non
1065 3372 1210 3420 esset
1263 3365 1342 3420 eis
1398 3365 1655 3422 diﬂerens
1721 3383 1818 3421 na-

269 3464 373 3507 tura
425 3456 496 3509 ad
550 3470 644 3509 eos
697 3455 788 3524 qui
851 3455 953 3510 illis
1023 3465 1286 3520 utuntur,
1347 3468 1527 3512 essent
1594 3467 1649 3514 et
1709 3460 1818 3526 ipsa

272 3548 497 3613 profecto
553 3549 875 3616 simpliciter
907 3564 1090 3612 causa,
1140 3551 1282 3604 sicut
1321 3553 1493 3620 prima
1539 3552 1634 3605 illa
1671 3569 1687 3617 ;
1725 3555 1819 3606 sed

272 3642 315 3692 in
361 3639 518 3694 Patre
561 3641 727 3695 etiam
779 3641 879 3694 hoc
933 3641 1124 3708 magis.
1175 3640 1454 3710 Siquidem
1515 3651 1570 3697 et
1634 3642 1818 3697 eadem

269 3741 398 3786 esset
448 3735 516 3786 ad
567 3741 782 3787 utentes
827 3735 1096 3801 operatio.
1171 3731 1365 3786 Verum
1421 3733 1472 3787 in
1529 3733 1712 3798 Patre,
1769 3743 1822 3787 et

274 3825 414 3889 Filio,
464 3825 722 3894 quoniam
779 3838 884 3878 una
945 3832 1136 3878 natura
1195 3840 1424 3878 numero
1486 3824 1772 3892 inspicitur
1805 3861 1820 3887 ,

272 3927 317 3970 et
361 3931 461 3970 una
497 3917 576 3971 eis
615 3917 776 3972 etiam
828 3919 989 3981 actio,
1052 3917 1164 3972 sive
1215 3918 1488 3986 processio
1542 3926 1645 3978 est,
1678 3931 1816 3970 unus

272 4021 418 4078 atque
473 4010 630 4064 ideur
657 4009 822 4075 Deus,
858 4011 1052 4064 merito
1100 4009 1222 4063 Filii
1283 4027 1394 4078 per,
1435 4020 1487 4064 et
1532 4009 1708 4063 Patris
1735 4024 1820 4073 ex,

273 4105 644 4172 signiﬁcatione
704 4117 806 4155 non
868 4102 1100 4167 differet,
1151 4105 1246 4156 sed
1311 4104 1424 4170 ipsa
1487 4101 1702 4169 quidem
1757 4102 1822 4154 ad

274 4195 345 4256 de,
399 4196 480 4248 vel
529 4210 616 4260 eat,
669 4195 968 4250 transibit:
1012 4195 1099 4248 illa
1153 4209 1276 4248 vero
1323 4209 1507 4249 rursus
1559 4195 1625 4248 ad
1685 4209 1776 4262 per
1808 4233 1822 4258 ,

273 4284 634 4348 transferetur,
695 4299 1087 4354 communeque
1134 4293 1189 4338 et
1238 4299 1402 4337 unum
1453 4295 1616 4352 atque
1681 4283 1822 4337 idem

272 4389 380 4427 cum
446 4374 606 4431 Patre
669 4376 989 4445 principiqu
1065 4386 1290 4430 satiatus
1361 4376 1601 4446 Spiritus
1673 4379 1821 4439 erit,

275 4476 476 4535 propter
523 4482 733 4537 mquam
780 4467 898 4521 Fiiii
948 4469 1012 4520 ad
1067 4467 1278 4523 Patrem
1325 4470 1606 4533 Deitatem,
1662 4477 1825 4536 atque

276 4559 550 4612 essentiam
581 4553 847 4625 eamdem,
889 4559 1156 4628 aliamque
1191 4576 1408 4614 onmem
1453 4561 1814 4619 identitatem,

276 4656 323 4700 cl
365 4649 952 4705 iudeumtahilitatem:
1021 4665 1283 4705 concesso
1345 4651 1510 4705 semel
1569 4666 1597 4702 λ
1651 4649 1818 4704 Patre

280 4755 361 4807 per
402 4738 590 4796 Filium
643 4753 889 4798 sanctum
954 4741 1216 4812 Spiritum
1257 4746 1546 4810 procedere
1579 4760 1592 4795 :
1633 4741 1821 4794 dueto-

281 4834 512 4903 tiliusque
561 4836 815 4891 omnibus
881 4835 1262 4900 clamantibus,
1321 4851 1428 4888 non
1489 4849 1610 4888 esse
1691 4835 1773 4887 l'as
1807 4873 1823 4898 ,

280 4926 614 4981 didereutiam
672 4927 905 4996 aliquam
945 4929 1348 4996 qumuodolibet
1384 4929 1434 4981 in
1493 4926 1640 4982 hisee
1694 4942 1827 4995 pra:-

279 5017 620 5081 pvsitionibus
654 5017 955 5088 intelligere
989 5021 1089 5072 hoc
1140 5019 1551 5072 iadetermiuate
1602 5031 1826 5070 IltOIICII-

276 5108 424 5172 tibus,
472 5107 919 5175 docetttibttsquc,
970 5108 1021 5161 in
1077 5109 1256 5173 Putre,
1309 5118 1366 5161 ea
1416 5107 1574 5171 Filio,
1629 5108 1715 5170 de,
1753 5109 1830 5160 vri

280 5214 348 5259 ex,
388 5218 435 5263 α,
468 5218 576 5268 per,
609 5203 743 5254 nihil
771 5201 1010 5266 differre,
1051 5201 1148 5253 nisi
1203 5201 1255 5252 i-u
1286 5209 1548 5268 quantum
1578 5202 1832 5253 subsunt-

283 5297 370 5346 tias
415 5295 764 5348 discernunt.
818 5294 909 5347 Ait
972 5295 1118 5346 cuitu
1179 5307 1404 5361 magnus
1478 5291 1705 5344 Basilius
1758 5290 1825 5344 ad

286 5382 699 5450 Amphilochium
761 5385 1024 5449 scribens,
1075 5398 1191 5452 eap.
1229 5384 1305 5438 5:
1347 5380 1525 5435 tUuus
1583 5381 1719 5435 Deus
1779 5392 1824 5433 et

285 5475 446 5539 Pater,
496 5493 560 5532 ιιι
622 5495 722 5546 quo
774 5481 1003 5532 suauia:
1056 5488 1105 5530 et
1169 5495 1302 5530 unus
1364 5479 1614 5530 Dominus
1668 5479 1824 5530 Iesus

281 5568 512 5633 Clu't'stus,
575 5588 667 5638 per
725 5589 876 5639 quem
933 5572 1109 5625 omnia
1145 5573 1183 5623 ‘.
1215 5590 1232 5621 ι
1263 5569 1389 5623 Ista:
1431 5587 1532 5623 non
1591 5580 1708 5622 sunt
1750 5570 1821 5619 le-

283 5676 372 5726 gem
415 5666 650 5729 portentis
701 5681 863 5726 voces,
923 5669 1008 5718 sed
1071 5664 1437 5733 dstiuyttrnﬁs
1498 5662 1667 5731 potius
1712 5662 1824 5712 sub-

347 5849 361 5875 *
385 5848 570 5915 tritus.
610 5861 684 5906 ιδ’,
713 5848 762 5894 li.

1930 3269 2293 3324 cxcludeute:
2347 3268 2437 3324 Sic
2487 3269 2647 3332 enim,
2685 3279 2741 3322 ut
2803 3267 2878 3321 ait
2938 3281 3164 3340 magnus
3222 3266 3452 3321 Basilius
3483 3305 3500 3332 ,

1931 3371 1978 3415 et
2011 3361 2342 3428 substantire,
2376 3361 2731 3415 conceduntur
2766 3370 2811 3414 et
2837 3359 2982 3428 pium
3014 3358 3154 3412 unici
3177 3359 3504 3428 principatus

1931 3457 2121 3522 dogma
2169 3469 2270 3505 non
2319 3452 2531 3505 decidit.

1973 3546 2266 3611 Quoniam
2318 3545 2479 3614 igitur
2517 3557 2640 3597 cum
2674 3541 2878 3596 unitate
2907 3555 3262 3609 personarum
3291 3555 3505 3610 quoque

1931 3637 2309 3690 discretionem
2392 3634 2660 3699 confiteri,
2727 3631 3026 3686 secundum
3101 3629 3258 3683 tidem
3346 3631 3504 3681 nobis

1931 3728 2213 3792 traditum,
2257 3726 2534 3791 debemus,
2581 3725 2693 3778 haec
2737 3732 2912 3775 autem
2945 3731 2994 3773 et
3039 3721 3220 3782 ambo,
3275 3720 3504 3773 alterum

1933 3821 2151 3889 quidem
2207 3834 2274 3874 ex
2309 3818 2488 3881 Patre,
2546 3830 2644 3886 per
2697 3815 2886 3869 Filium
2940 3812 3200 3878 Spiritum
3259 3819 3503 3864 sanctqu
3557 3866 3564 3872 _

1931 3915 2222 3984 procedere
2252 3913 2358 3966 dici
2387 3909 2753 3972 commendat,
2791 3909 3019 3960 alterum
3050 3913 3231 3958 autem
3269 3919 3332 3960 ex
3366 3901 3507 3954 Filio

1930 4005 2034 4059 dici
2073 4019 2175 4058 non
2209 4003 2303 4067 ita,
2336 4002 2454 4054 ideo
2498 3999 2868 4052 Damaseenus
2917 4011 3011 4063 per
3042 3994 3235 4047 Filium
3286 3993 3502 4060 quidem

1931 4095 2222 4166 procedere
2275 4093 2494 4146 fatetur.
2551 4089 2633 4143 Ea:
2707 4087 2848 4141 Filio
2877 4098 3052 4140 autem
3107 4101 3208 4138 non
3252 4085 3500 4148 dicimus,

1932 4191 2153 4259 adjecit,
2199 4196 2394 4256 putans
2449 4185 2520 4238 illi
2567 4201 2653 4247 ex,
2706 4197 2950 4252 personze
2993 4195 3100 4234 non
3161 4193 3459 4248 congruere
3488 4221 3504 4241 ,

1933 4296 2221 4350 antequam
2259 4280 2345 4333 illa
2387 4291 2615 4348 persona
2661 4275 2954 4344 cogitatur,
2991 4271 3084 4326 sed
3118 4271 3168 4326 ei
3211 4279 3501 4338 antequam

1934 4374 2092 4439 nulla,
2122 4372 2295 4442 qualis
2326 4382 2410 4426 est
2437 4384 2664 4440 persona
2699 4367 2893 4420 Patris.
2921 4363 3146 4418 Plurimi
3177 4377 3313 4417 vero
3356 4376 3510 4417 sanc-

1934 4477 2107 4521 torum
2171 4465 2410 4524 Patrum,
2443 4471 2602 4530 atque
2628 4458 2786 4515 iidem
2815 4458 3034 4528 saepius,
3062 4457 3289 4517 easdem.
3309 4454 3512 4509 dictioo.

1930 4580 2024 4619 nes
2053 4563 2104 4616 iu
2141 4560 2407 4629 theologia
2442 4560 2732 4612 secundum
2768 4554 3085 4610 differentes
3116 4549 3506 4620 intelligentias

1929 4669 1981 4712 et
2015 4654 2394 4723 suscipiunt,et
2439 4665 2545 4705 non
2591 4649 2917 4716 suscipiunt,
2969 4656 3027 4700 et
3056 4645 3343 4714 aliquando
3391 4642 3494 4706 sic,

1932 4747 2183 4816 aiiqaudo
2214 4744 2392 4807 aliter,
2428 4753 2486 4796 ut
2518 4756 2742 4811 magnus
2772 4739 3001 4794 Basilius
3031 4738 3082 4791 iu
3113 4734 3501 4804 qum-tionibus

1933 4839 1999 4892 ad
2058 4837 2408 4900 Eunomium,
2461 4849 2668 4903 germen
2710 4830 2904 4884 Filium
2950 4829 3219 4883 dicentem
3243 4840 3353 4882 non
3387 4840 3509 4878 sus-

1930 4930 2078 4998 cipit,
2121 4928 2408 4983 dictionem
2460 4926 2598 4979 hanc
2644 4921 3153 4992 imperfectionihus
3203 4933 3513 4985 congruere,

1932 5023 2252 5078 existimans
2289 5036 2302 5083 ;
2332 5017 2586 5086 quocirca
2627 5028 2749 5069 eam
2781 5013 3014 5066 maxime
3050 5011 3280 5077 ponebat
3316 5009 3495 5061 Ettuo~

1936 5116 2091 5168 mitts.
2136 5112 2331 5164 Verum
2368 5108 2646 5178 theologus
2683 5107 2998 5173 Gregorius,
3033 5105 3086 5156 in
3140 5102 3313 5171 primo
3365 5101 3504 5151 libro

1939 5205 2014 5258 De
2074 5202 2238 5268 Filio,
2285 5201 2354 5254 de
2401 5216 2466 5254 eo
2519 5208 2574 5253 et
2621 5199 2820 5268 Spiritu
2875 5204 3064 5253 sancto
3121 5195 3344 5261 loquens
3371 5192 3440 5242 ait
3486 5208 3498 5241 :

1930 5295 2140 5348 ﬂor-um
2204 5306 2379 5346 autem
2427 5292 2658 5344 alterum
2717 5291 2926 5356 quidem
2976 5303 3218 5358 germen,
3280 5284 3505 5336 alterum

1927 5401 2040 5437 vero
2101 5383 2423 5473 productum.
2465 5391 2561 5434 est.
2613 5379 2678 5433 Et
2707 5366 2931 5433 causam
2981 5376 3222 5446 quidem,
3274 5385 3329 5425 ct
3376 5386 3508 5423 cau-

1925 5475 2038 5527 sale
2071 5478 2120 5526 in
2155 5473 2352 5524 div3uis
2389 5465 2635 5539 personis
2681 5472 2804 5532 dici,
2839 5478 2984 5524 vetat
3037 5465 3268 5536 Cyr-illus
3301 5465 3505 5516 beatis-

1926 5584 1950 5617 δ
1980 5583 2098 5618 mus
2131 5565 2349 5616 dicens;
2383 5563 2606 5615 (Inttsam
2658 5578 2773 5615 vero
2805 5572 2850 5613 et
2894 5557 3104 5612 causale
3131 5574 3192 5610 ne
3233 5555 3504 5608 nominare

1927 5660 2134 5732 qsitlcut
2188 5657 2266 5723 fuit
2319 5666 2416 5715 eat,
2466 5659 2507 5707 si
2550 5656 2664 5717 quis
2718 5651 2848 5706 illud
2904 5651 3094 5705 scilicet
3141 5650 3301 5718 juxta
3353 5664 3488 5701 crca~
