3984 6586
403 426 504 490 153

1578 403 1582 408 ’
1652 424 2050 486 MANUEIJS
2097 425 2400 487 CALECrE
2656 436 2668 462 ι

3539 419 3656 482 160

398 550 641 588 mrarum
689 549 882 613 rnorem
931 534 1169 602 accipiat.
1223 533 1536 590 Communis
1575 544 1759 589 autem
1806 521 1964 601 fides,
1995 538 2039 594 Δ
2070 536 2202 592 nihil
2225 555 2240 598 ;
2265 537 2491 606 ipseque
2515 552 2581 592 ex
2609 537 2766 592 Patre
2791 552 2913 594 esse
2939 537 3154 600 dieitur,
3183 545 3342 606 atque
3366 539 3431 588 ad
3455 538 3650 605 ipsum

395 610 712 695 Omnesque
737 626 986 694 theologi,
1049 628 1098 678 in
1149 627 1262 680 sola
1304 643 1466 682 causa
1517 636 1572 682 et
1619 629 1824 683 causali
1879 629 1963 684 di-

395 719 550 772 vinas
599 732 858 787 personas
909 717 1169 784 distingui
1221 719 1432 782 dicunt,
1492 718 1770 787 majusque
1819 719 1963 788 quod

396 809 630 872 dicitur,
685 807 851 871 Patri,
907 824 1083 863 causae
1129 811 1342 864 ratione
1398 811 1614 877 plurimi
1678 812 1963 866 doctorum

396 900 757 968 assignarunt.
815 899 975 955 Juxta
1035 902 1348 970 opinionem
1403 913 1585 958 autem
1640 903 1962 959 Arianorum

397 991 465 1044 ab
512 990 766 1046 Ecclesiae
804 993 1009 1046 ambitu
1066 994 1362 1060 repellitur.

469 1079 615 1135 Nihil
679 1097 808 1150 ergo
872 1083 1092 1148 mirum,
1159 1085 1205 1140 si
1274 1087 1439 1141 etiam
1527 1087 1808 1143 doctorum
1873 1088 1965 1144 alii

397 1173 616 1239 quidem
670 1189 734 1227 ea:
776 1175 1062 1242 principali
1109 1190 1306 1242 causa,
1355 1186 1410 1232 et
1454 1188 1580 1234 ante
1627 1194 1788 1248 quam
1830 1180 1964 1236 nihil

400 1264 696 1330 cogitatur,
749 1265 873 1318 hinc
922 1265 1023 1320 soli
1071 1277 1373 1334 congruere
1417 1285 1536 1326 eam
1587 1270 1916 1326 arbitrantes
1945 1312 1960 1336 ,

397 1368 461 1405 cx
511 1355 664 1407 Patre
707 1371 802 1424 per
833 1355 1025 1410 Filium
1059 1358 1353 1426 procedere
1392 1357 1654 1429 Spiritum
1693 1371 1964 1424 sanctum,

398 1448 892 1526 productoremque
931 1449 1143 1504 Patrem
1212 1466 1307 1520 per
1348 1450 1584 1507 Verbum
1629 1461 1963 1516 asseverant,

397 1537 527 1603 quia
561 1536 680 1588 Filii
706 1538 887 1591 omnia
911 1538 975 1592 ad
1017 1537 1229 1594 Patrem
1261 1541 1589 1607 referuntur,
1612 1560 1717 1600 non
1785 1553 1964 1598 tamen

395 1640 460 1678 ex
521 1625 655 1678 Filio
710 1627 915 1682 dicunt.
959 1627 1065 1683 Alii
1127 1645 1253 1683 vero
1297 1639 1350 1685 et
1397 1632 1444 1687 ei
1507 1633 1597 1702 qui
1656 1649 1724 1689 ex
1796 1651 1964 1690 causa

395 1728 497 1779 est,
537 1729 592 1770 nt
647 1718 785 1773 Filio
813 1734 1109 1789 congruere
1135 1734 1415 1789 ponentes,
1447 1723 1603 1791 cujus
1629 1724 1788 1780 Pater
1820 1729 1964 1796 prin-

395 1806 587 1871 cipalis
634 1809 1014 1876 praecogitatur
1066 1825 1254 1872 causa.
1295 1826 1360 1866 eo
1412 1814 1554 1880 quod
1607 1830 1773 1868 unum
1816 1817 1964 1884 prin-

395 1896 617 1965 cipium,
663 1909 718 1953 et
766 1916 868 1954 una
917 1916 1077 1956 causa
1129 1903 1200 1956 sit
1259 1903 1439 1969 Pater,
1505 1915 1559 1959 et
1600 1904 1788 1964 Filius.
1825 1907 1966 1963 sicut

396 1997 450 2039 et
507 2003 611 2040 una
659 1989 945 2044 essentia:
995 2005 1137 2046 nunc
1182 1991 1399 2061 quidem
1458 2006 1557 2062 per
1590 1993 1803 2048 'Filium
1845 2010 1968 2052 esse

398 2091 462 2130 ac
523 2080 817 2147 procedere
865 2081 1070 2145 dicunt,
1098 2097 1242 2137 nunc
1288 2091 1467 2138 autem
1519 2099 1582 2140 ex
1639 2083 1776 2141 Filio
1805 2101 1967 2153 esse,

395 2179 451 2224 et
503 2173 743 2238 prodire,
799 2182 853 2227 et
901 2173 1212 2242 procedere,
1263 2177 1562 2231 secundum
1607 2179 1966 2246 sanctorum,

409 2267 468 2311 ut
520 2260 722 2314 dictum
790 2270 892 2327 est,
963 2261 1177 2316 divinas
1250 2265 1485 2320 rationes
1551 2268 1812 2334 tradunt,
1875 2283 1970 2336 per

395 2363 630 2420 utraque
662 2353 732 2406 illi
759 2355 897 2407 idem
949 2355 1209 2418 volentes,
1257 2357 1358 2412 etsi
1383 2357 1604 2426 syllabis
1637 2358 1907 2414 dill‘erant.

470 2442 678 2495 Placuit
729 2459 857 2512 ergo
899 2443 1234 2498 Damasccno
1290 2446 1345 2500 in
1396 2447 1705 2518 hujusmodi
1768 2451 1970 2506 theolo-

394 2535 478 2604 gia
539 2535 717 2597 potius
767 2535 844 2587 uti
901 2551 1012 2604 per,
1072 2552 1100 2588 a
1132 2552 1237 2605 qua
1273 2546 1327 2592 et
1385 2541 1964 2604 consubstantialllas.

395 2639 449 2678 et
505 2628 703 2686 unitas,
766 2639 1245 2696 processutnnque,
1281 2643 1346 2684 ac
1397 2646 1752 2700 personarum
1807 2638 1964 2702 ordo,

396 2729 452 2772 et
504 2717 756 2770 discretio
807 2727 1082 2785 apparent,
1137 2734 1296 2786 quam
1352 2725 1681 2778 assumenda
1733 2742 1798 2779 ex
1841 2742 1971 2781 Cull-

401 2801 516 2862 sam
582 2811 955 2864 tantummodo
1020 2794 1375 2879 significare:
1434 2819 1697 2884 maxime,
1769 2837 1836 2876 ne
1891 2823 1970 2875 vel

395 2916 500 2955 una
555 2915 802 2971 persona,
835 2901 995 2955 Pater
1029 2915 1079 2956 et
1115 2903 1280 2960 Filius
1311 2908 1774 2974 existimarentur,
1811 2928 1970 2983 prop-

395 3003 477 3070 ter
529 2993 969 3066 praepositionum
1031 2996 1438 3054 similitudinem
1489 3017 1504 3066 ;
1570 3002 1650 3056 vel
1707 3017 1774 3056 ne
1827 3007 1970 3060 vide-

399 3094 553 3136 retur
599 3081 771 3138 Filius
806 3085 938 3139 nihil
989 3096 1112 3140 ante
1141 3102 1200 3142 se
1246 3091 1538 3159 cogitatum
1570 3094 1792 3160 habere,
1830 3097 1972 3149 sic-nt

2069 627 2346 682 refertur:
2385 626 2451 681 Et
2480 644 2649 688 omne,
2679 628 2820 699 quod
2867 645 2978 688 esse
3032 646 3063 682 a
3110 618 3508 690 Filio'dicitur,
3568 629 3653 679 ad

2067 720 2294 785 primam
2324 735 2545 774 causam
2573 722 2877 774 relationem
2916 721 3087 783 habet,
3119 723 3414 774 secundum
3451 719 3652 773 Basilii

2066 811 2392 867 sententiam
2443 813 2494 867 in
2533 812 2670 866 libro
2702 812 3090 877 Quaestionum,
3131 813 3428 866 secumlum
3470 824 3650 879 quem

2069 902 2286 955 modum
2328 910 2382 956 et
2413 903 2589 966 radix,
2613 912 2669 956 et
2699 902 2845 968 fons,
2877 913 2930 958 et
2957 903 3107 957 solus
3135 917 3299 958 causa
3337 901 3497 954 Pater
3527 900 3650 952 dici

2065 999 2265 1060 potest,
2300 1004 2356 1046 ut
2391 994 2736 1057 ostendatur;
2760 1010 2824 1047 ea:
2853 1010 2955 1064 quo
2979 995 3117 1060 quod
3163 993 3359 1046 dicitur
3387 1002 3436 1045 et
3472 1007 3653 1060 neque

2067 1083 2193 1148 tria,
2246 1099 2406 1155 neque
2434 1086 2540 1137 duo
2575 1086 2837 1154 principia
2889 1086 3105 1139 deorum
3133 1085 3450 1155 pluralitate
3485 1100 3655 1152 sepa-

2067 1185 2188 1229 rata
2220 1177 2604 1245 suscipiantur,
2639 1186 2696 1231 ut
2748 1178 2823 1230 ait
2874 1177 3167 1248 Gregorius
3222 1176 3527 1245 theologus,
3587 1175 3651 1227 in

2066 1265 2160 1320 lib.
2216 1266 2292 1320 Ds
2343 1266 2551 1335 Spiritu
2600 1276 2805 1321 sancto.
2841 1266 2969 1321 ideo
3011 1277 3066 1321 et
3097 1267 3297 1322 dictum
3330 1274 3458 1319 est:
3510 1262 3652 1317 Vivo

2067 1372 2158 1426 ego
2194 1367 2406 1426 propter
2456 1360 2696 1412 Patrem.
2747 1357 2814 1411 Et
2849 1376 2864 1413 :
2904 1357 2977 1412 De
3005 1359 3134 1412 hora
3167 1357 3263 1410 illa
3312 1371 3464 1410 nemo
3513 1355 3654 1414 scit,

2067 1465 2227 1516 neque
2262 1447 2458 1516 Filius,
2491 1449 2593 1502 nisi
2629 1448 2822 1513 Pater;
2850 1457 2903 1504 et
2937 1467 2952 1505 :
2981 1449 3026 1502 Α
3051 1465 3132 1501 me
3157 1449 3270 1514 ipso
3296 1448 3436 1517 facio
3461 1446 3609 1500 nihil
3630 1462 3652 1499 :

2066 1546 2120 1592 et
2151 1558 2164 1592 :
2211 1540 2360 1594 Sicut
2393 1542 2553 1594 audio
2573 1540 2796 1608 judico;
2824 1548 2878 1596 et
2912 1557 2926 1594 :
2959 1538 3077 1594 Mea
3125 1540 3392 1601 doctrina,
3421 1555 3526 1591 non
3565 1544 3654 1590 est

2066 1645 2181 1684 mea
2208 1646 2227 1684 :
2255 1641 2310 1685 et
2339 1648 2354 1686 :
2384 1628 2548 1684 Pater
2573 1647 2717 1685 meus
2753 1631 2926 1696 major
2953 1647 3030 1684 me
3055 1643 3129 1684 est
3165 1645 3184 1684 :
3216 1641 3268 1685 et
3297 1631 3342 1685 si
3375 1631 3503 1698 quid
3537 1631 3654 1684 im—

2064 1720 2301 1790 jusmodi
2353 1721 2422 1775 ab
2449 1736 2515 1776 eo
2547 1721 2750 1776 dictum
2795 1731 2902 1789 est,
2937 1722 3030 1791 qui
3081 1723 3263 1775 omnia
3300 1721 3366 1776 ad
3421 1721 3652 1774 Patrem

2069 1809 2258 1871 refert,
2290 1809 2430 1864 sicut
2463 1820 2517 1864 et
2551 1810 2616 1864 de
2646 1810 2872 1880 Spiritu,
2906 1810 3031 1863 alibi
3066 1811 3280 1879 quidem
3318 1811 3394 1866 ait
3437 1828 3453 1866 :
3495 1810 3654 1877 Quia

2068 1902 2273 1954 mittam
2340 1902 2484 1956 nobis
2557 1900 2935 1972 Paracletunt;
2994 1902 3118 1956 alibi
3181 1912 3364 1956 autem
3411 1918 3427 1955 :
3469 1901 3654 1966 Quem

2065 1990 2238 2044 mittet
2270 1988 2432 2046 Pater
2456 1993 2509 2046 in
2535 1994 2740 2047 nomine
2779 2009 2915 2056 meo,
2956 1992 3058 2047 hoc
3089 2003 3168 2047 est
3196 2008 3292 2063 per
3317 2009 3422 2048 me.
3449 1994 3656 2062 Neque

2067 2081 2210 2135 enim
2242 2096 2530 2150 personam
2568 2082 2807 2152 Spiritus
2839 2084 3015 2138 sancti
3045 2084 3286 2139 futurum
3310 2085 3509 2139 Filium
3547 2099 3656 2151 per

2069 2171 2172 2228 hoc
2225 2171 2518 2240 signiﬁcat.
2559 2172 2698 2228 Illud
2728 2173 2969 2244 quidem,
2999 2183 3057 2227 ut
3086 2189 3240 2228 suam
3267 2178 3524 2230 ostendat
3559 2175 3658 2228 tli-

2068 2263 2354 2331 gnitatem.
2384 2263 2656 2333 Dignitate
2687 2265 2825 2318 enim
2854 2275 2902 2318 et
2933 2268 3116 2320 ordine
3145 2267 3406 2320 secundus
3432 2284 3462 2319 τι
3495 2265 3655 2320 Filio

2068 2366 2169 2420 est,
2195 2353 2350 2422 juxta
2399 2371 2655 2424 magnum
2689 2355 2973 2421 Basilium,
3030 2357 3388 2428 majoremque
3439 2357 3657 2423 Spiritu

2070 2457 2252 2501 sancto
2303 2443 2531 2512 Filium,
2577 2459 2803 2514 magnus
2861 2446 2936 2498 ait
2984 2445 3330 2500 Athanasius.
3384 2445 3497 2502 Hoc
3549 2464 3661 2502 au-

2073 2549 2179 2595 tem
2248 2539 2572 2607 principium
2636 2537 2758 2604 sine
2811 2547 3051 2604 tempore
3105 2539 3406 2605 honorans,
3461 2551 3513 2593 et
3583 2557 3658 2594 ne

2072 2633 2330 2704 videretur
2383 2631 2490 2688 Deo
2539 2631 2834 2695 adversari,
2872 2639 2930 2684 ut
2977 2630 3051 2683 ait
3103 2629 3386 2701 theologus
3429 2633 3656 2703 Grego-

2072 2725 2206 2778 rius.
2535 2739 2542 2746 '

2140 2815 2430 2870 Enimvero
2475 2825 2756 2872 ostensum
2807 2827 2888 2873 est
2920 2819 3079 2871 etiam
3128 2816 3502 2871 conversionis
3555 2830 3657 2868 ra-

2074 2910 2238 2970 tione,
2268 2911 2392 2978 quia
2433 2909 2649 2964 Patrem
2691 2911 2772 2964 ad»
2799 2910 2971 2964 solum
3002 2910 3195 2965 Filium
3241 2911 3532 2964 conferens
3561 2909 3659 2962 vir

2073 3011 2291 3055 sanctus
2322 3002 2421 3055 hoc
2447 3002 2553 3066 ait;
2588 3017 2709 3055 cum
2741 3001 2972 3056 dixisset
3006 3001 3151 3055 enim
3179 3017 3192 3054 :
3228 2997 3663 3068 Suprrsubstan—

2075 3091 2220 3144 tialis
2259 3092 2397 3144 enim
2429 3093 2623 3146 divina:
2648 3092 3019 3162 generationis
3056 3108 3134 3145 res
3181 3107 3283 3144 non
3334 3099 3661 3146 convertunt

397 3183 453 3226 et
505 3175 710 3238 Pater;
751 3176 822 3230 ita
880 3177 1024 3236 enim
1066 3178 1114 3232 ei
1171 3179 1342 3235 visum
1406 3184 1506 3246 εει,
1558 3194 1614 3238 et
1660 3185 1789 3250 alia,
1847 3201 2040 3258 t'luzec
2074 3187 2142 3235 ad
2190 3183 2444 3248 invicem;
2520 3183 2664 3236 solus
2721 3193 2895 3235 autent
2945 3182 3062 3251 fons
3115 3182 3659 3249 supersubstantialis

401 3269 654 3336 praedicta
709 3279 856 3324 sunt.
1741 3342 1748 3349 I

471 3363 576 3415 Sed
633 3363 732 3416 ista
787 3350 1007 3432 quidem
1068 3362 1367 3430 sufﬁciunt,
1417 3366 1579 3420 etiam
1625 3368 1667 3419 si
1711 3369 1970 3438 magister

399 3453 641 3512 dixisset.
703 3469 766 3508 ex
799 3454 935 3508 Filio
979 3471 1080 3509 non
1118 3448 1237 3511 chc
1291 3458 1574 3526 Spiritum.
1626 3458 1777 3514 Nunc
1821 3479 1970 3525 vero,

398 3560 504 3597 non
558 3547 628 3598 ita
670 3546 824 3607 dixit.
870 3547 1040 3600 solum
1085 3565 1097 3601 :
1136 3547 1213 3600 Ea:
1266 3547 1408 3602 Filio
1448 3562 1621 3603 autem
1680 3568 1786 3605 non
1837 3554 1974 3607 dici-

397 3651 533 3699 mus;
597 3637 696 3691 hoc
731 3645 911 3691 autem
948 3638 1092 3692 nulla
1132 3641 1341 3694 ratione
1388 3642 1721 3695 contrarium
1777 3655 1859 3696 est
1897 3645 1972 3706 ei,

394 3726 542 3793 quod
593 3742 714 3782 esse
765 3742 832 3782 ex
880 3729 1018 3783 Filio
1067 3731 1284 3786 dicitur.
1357 3731 1711 3788 Communem
1766 3735 1966 3806 quippe

358 3827 604 3898 .tantnm
649 3834 806 3874 usum
844 3835 939 3886 per
977 3821 1078 3882 hoc
1132 3822 1315 3876 tradit.
1361 3822 1420 3876 Si
1469 3824 1634 3893 igitur
1691 3841 1753 3880 ea
1805 3843 1969 3894 expo-

395 3909 592 3964 sitione
625 3923 894 3978 suscepta,
932 3929 1092 3980 quam
1137 3915 1294 3968 multi
1335 3915 1539 3980 volunt,
1592 3918 1820 3984 plurima
1855 3934 1973 3985 qua:

395 4012 524 4054 sunt
557 4013 692 4065 rata,
726 4005 1127 4069 convellantur,
1152 4016 1210 4081 et
1243 4021 1414 4076 neque
1457 4010 1572 4076 ipse
1623 4011 1750 4075 sibi,
1798 4027 1970 4081 neque

397 4095 521 4148 aliis
569 4105 692 4149 ante
742 4111 801 4150 se
853 4078 1164 4152 doctoribus
1205 4100 1521 4165 concordat,
1564 4112 1746 4156 nostra
1788 4114 1969 4158 autem

396 4188 780 4254 explanatione
819 4191 1081 4252 admissa,
1114 4189 1248 4244 nihil
1285 4191 1389 4245 tale
1418 4194 1711 4263 contingit,
1749 4211 1971 4249 corum-

395 4295 497 4346 qne
533 4295 655 4347 quae
690 4291 801 4336 rata
850 4291 1000 4346 sunt,
1045 4282 1178 4336 nihil
1223 4284 1446 4339 omnino
1480 4285 1682 4340 decidit
1711 4301 1731 4339 :
1764 4297 1972 4342 constat

397 4373 668 4439 proiecto,
707 4373 846 4428 hanc
891 4388 1013 4428 esse
1065 4390 1246 4428 veram
1294 4376 1714 4442 expositionem,
1750 4377 1968 4432 illorum

400 4474 578 4514 autem
647 4462 834 4518 falsam
885 4473 940 4518 et
995 4465 1371 4530 rejiciendam.
1431 4465 1508 4520 Ex
1565 4469 1761 4535 quibus
1807 4471 1968 4523 etiam

2075 3273 2286 3326 deitatis
2322 3274 2480 3326 Pater
2508 3284 2608 3335 est,
2638 3272 2840 3327 addidit
2875 3289 2888 3327 :
2943 3272 3073 3326 Cum
3107 3289 3208 3327 non
3251 3274 3318 3326 sit
3349 3271 3515 3326 Pater
3553 3271 3662 3324 1σί-
3683 3273 3700 3282 “

2075 3365 2200 3426 lius,
2228 3382 2390 3433 neque
2417 3363 2591 3417 Filius
2621 3366 2685 3418 sit
2712 3363 2892 3428 Pater,
2923 3376 2970 3417 et
3002 3364 3188 3417 divina
3218 3381 3341 3418 vero
3367 3366 3650 3433 generatio

2073 3459 2171 3512 hoc
2220 3460 2412 3527 signat,
2467 3466 2520 3510 et
2557 3471 2675 3525 qua:
2721 3456 2822 3510 alia
2874 3456 3128 3524 praedicta
3185 3465 3335 3512 sunt.
3374 3455 3659 3510 Tenemus

2076 3554 2256 3621 itaque
2291 3550 2532 3604 doctoris
2581 3548 2954 3615 intentionem,
2985 3547 3091 3602 alio
3119 3562 3184 3602 ex
3231 3550 3350 3602 loco
3382 3548 3483 3602 sibi
3521 3549 3657 3615 ipsi,

2075 3657 2140 3696 ac
2173 3642 2490 3696 doctoribus
2537 3640 2749 3695 (ueteris
2781 3640 3131 3705 concordem,
3184 3640 3277 3708 qui
3329 3649 3455 3692 sunt
3500 3639 3662 3709 ejus-

2076 3735 2196 3810 dem
2227 3733 2426 3795 meriti,
2453 3743 2505 3786 et
2530 3733 2583 3786 in
2616 3741 2927 3788 sanctorum
2958 3739 3102 3785 coetu
3135 3732 3301 3784 nihilo
3329 3731 3658 3801 inferiores.

2080 3824 2148 3880 Ut
2179 3837 2358 3878 autem
2386 3825 2606 3891 quidam
2654 3824 2861 3882 volunt.
2895 3823 3231 3878 contrarium
3263 3821 3488 3875 omnino
3517 3836 3660 3875 con-

2078 3915 2332 3985 tingeret.
2385 3913 2609 3968 Fontem
2667 3915 2865 3983 quippe
2917 3913 3094 3968 sancti
3153 3912 3386 3980 Spiritus
3448 3911 3668 3965 Filiunr

2075 4005 2257 4060 dicere
2285 4004 2452 4074 juxta
2473 4005 2741 4058 invectum
2769 4004 2836 4059 ab
2865 4005 2946 4058 eis
2975 4005 3274 4057 secundum
3307 4017 3661 4071 processum.

2074 4103 2133 4149 ut
2165 4103 2378 4149 vanum'
2419 4109 2485 4148 ac
2541 4095 2790 4162 plurimis
2841 4093 3271 4150 absurditatibus
3322 4093 3660 4170 obnoxium,

2074 4203 2234 4256 supra
2268 4187 2603 4244 confutatqu
2637 4197 2742 4242 est.

2145 4278 2211 4332 Et
2252 4288 2402 4334 certe
2439 4294 2545 4334 non
2574 4279 2749 4334 solum
2784 4278 2986 4334 fontem
3024 4278 3196 4334 salicti
3229 4278 3491 4348 Spiritus,
3537 4293 3663 4332 ma-

2081 4384 2218 4437 gnus
2247 4370 2575 4424 Athanasius
2619 4371 2815 4425 Filium
2859 4370 3020 4435 dixit,
3073 4374 3167 4425 sed
3213 4380 3268 4425 et
3315 4372 3491 4424 solum
3522 4385 3657 4424 cuin

2079 4460 2217 4514 dixit
2245 4461 2416 4516 sancti
2452 4460 2688 4529 Spiritus
2738 4461 2963 4518 fontem.
2996 4461 3364 4516 'l‘heodoritus
3394 4461 3542 4514 enim
3595 4461 3656 4512 in

396 4554 599 4606 dicitur
649 4556 794 4608 verbi
826 4556 968 4608 illius
1000 4527 1140 4610 beati
1172 4556 1414 4627 Dionysii
1449 4527 1672 4623 solutio,
1704 4575 1812 4629 quo
1842 4563 1922 4615 ait
1952 4579 1966 4614 :

2076 4567 2114 4606 ιι
2151 4552 2290 4606 libro
2328 4568 2440 4607 sua:
2486 4527 2871 4608 Ecclesiastirte
2901 4555 3160 4617 historice,
3201 4568 3324 4620 oap.
3353 4553 3447 4616 23,
3483 4550 3664 4606 infert

397 4642 551 4698 Solus
593 4645 709 4712 fons
761 4647 1280 4713 supersubstantialis
1344 4648 1570 4703 Deitatis
1623 4651 1785 4705 Pater
1846 4663 1971 4717 est;

396 4740 609 4804 qantem
665 4738 810 4791 enim
875 4737 1079 4793 fontem
1129 4754 1360 4807 magnus
1404 4740 1508 4794 iste
1570 4751 1721 4808 pater
1764 4742 1874 4796 Deo
1915 4753 1971 4798 et

397 4828 540 4880 l‘utri
608 4829 806 4895 reddit,
862 4840 990 4886 ante
1047 4846 1207 4899 quem
1264 4832 1397 4885 nihil
1464 4833 1750 4900 cogitatur,
1809 4836 1966 4890 talem

401 4919 766 4974 [lamas-cenas
821 4923 871 4974 in
935 4922 1070 4976 Filio
1129 4923 1382 4993 denegat.
1442 4925 1581 4980 Ante
1640 4925 1783 4981 hunc
1827 4929 1968 4981 enim

400 5026 555 5078 pater
594 5014 882 5078 cogitatur.
926 5014 992 5067 Et
1049 5030 1240 5068 rursus
1303 5014 1608 5081 lmjusmodi
1669 5031 1886 5070 causam
1941 5003 2008 5070 ab

403 5103 536 5156 Fdin
589 5102 825 5158 Joannes
875 5106 1071 5171 aufert,
1117 5108 1330 5175 qualem
1381 5108 1716 5176 Augustinus
1752 5108 1967 5162 Patrem

397 5199 552 5260 dixit,
603 5197 954 5264 principalem
987 5198 1160 5267 ipsum
1195 5213 1410 5254 causam
1451 5201 1728 5268 appellans
1759 5218 1772 5255 '.
1811 5200 1973 5254 Prin-

395 5291 644 5356 cipalitcr
678 5289 840 5349 enim,
885 5289 981 5352 ait,
1037 5305 1103 5342 ea:
1153 5289 1315 5344 Patre
1378 5293 1648 5358 procedere
1710 5290 1970 5360 Spiritum

395 5393 664 5448 sanctum;
721 5395 775 5436 ct
821 5383 1066 5438 addidit:
1128 5385 1736 5478 PrincipaliterOautem
1785 5387 1972 5450 dixit,

393 5479 643 5544 quoniam
695 5486 746 5528 et
806 5491 869 5529 ea:
907 5474 1046 5530 Filio
1085 5477 1190 5530 Deo
1247 5478 1480 5548 Spiritus
1521 5474 1800 5534 invenitur
1843 5494 1972 5547 pro-

396 5572 598 5622 cedere.
933 5559 946 5570 ’

471 5663 694 5715 Funtem
727 5676 857 5730 ergo
887 5664 1058 5718 sancti
1097 5662 1330 5731 Spiritus
1356 5673 1408 5718 et
1443 5664 1635 5721 Filium
1667 5679 1694 5716 a
1731 5663 1974 5717 doctori-

398 5756 499 5808 bus
529 5754 631 5808 diri
667 5771 827 5822 supra
861 5767 1223 5811 monstratum
1269 5768 1375 5812 cst.
1415 5757 1519 5811 Sed
1557 5757 1812 5825 quoniam
1845 5765 1969 5807 ante

401 5849 595 5904 Filium
628 5850 844 5919 quidem
876 5849 1033 5904 Pater
1063 5854 1355 5919 cogitatur,
1389 5858 1513 5904 ante
1551 5847 1766 5902 Patrem
1795 5855 1972 5900 autem

2073 4644 2360 4713 epistolam
2395 4645 2572 4713 magni
2606 4647 2892 4699 Athanasii
2923 4646 2988 4699 ad
3013 4645 3176 4698 Afros
3207 4645 3276 4697 de
3310 4643 3658 4697 Ariminensi

2075 4738 2326 4801 concilio,
2362 4737 2414 4791 in
2450 4751 2578 4805 qua,
2611 4736 2682 4789 ita
2731 4737 2995 4805 scriptum
3027 4737 3346 4792 invenitur:
3386 4735 3520 4800 Quis
3548 4751 3660 4788 au-

2079 4840 2177 4884 tem
2204 4829 2284 4882 his
2325 4828 2572 4897 congredi
2598 4827 2715 4881 velit
2747 4829 3069 4891 hominibus,
3097 4829 3188 4897 qui
3227 4844 3392 4896 neque
3431 4844 3532 4880 sua
3569 4845 3667 4881 su-

2076 4921 2341 4990 scipiunt?
2392 4910 2640 4973 Nam'in
2701 4920 2875 4973 decem
2927 4919 3140 4974 illorum
3187 4930 3237 4973 et
3281 4921 3550 4987 pluribus,
3605 4933 3664 4972 ut

2077 5013 2440 5080 pra’diximus,
2497 5013 2731 5079 synodis,
2789 5012 2928 5065 alias
2979 5013 3088 5064 alia
3147 5013 3456 5079 scribentes,
3519 5017 3665 5068 satis

2077 5107 2365 5167 evidenter,
2399 5105 2704 5164 ostendunt,
2725 5120 2778 5157 se
2810 5105 3048 5174 singulas
3077 5093 3296 5158 illarum
3328 5106 3661 5175 improbare.

2081 5193 2374 5248 Patiuntur
2429 5202 2606 5246 autem
2660 5193 2775 5257 hoc,
2827 5193 2964 5262 quod
3014 5202 3063 5248 et
3101 5192 3286 5248 Juda’i
3342 5204 3466 5248 tunc
3511 5202 3666 5263 passi

2079 5295 2220 5339 sunt.
2260 5281 2328 5337 Ut
2376 5283 2515 5336 enim
2567 5282 2647 5334 illi
2677 5280 2843 5334 solum
2892 5281 3089 5349 fontem
3117 5298 3270 5347 aquae
3317 5285 3449 5338 vim:
3491 5286 3669 5338 relin-

2075 5387 2311 5448 quentes,
2369 5375 2615 5444 foderunt
2667 5374 2766 5426 sibi
2827 5373 2997 5438 lacus,
3057 5372 3146 5444 qui
3210 5391 3313 5428 non
3369 5386 3667 5441 potuerunt

2079 5488 2272 5545 aquam
2307 5472 2611 5525 continere:
2637 5469 2889 5536 scriptum
2928 5478 3004 5522 est
3035 5483 3210 5522 autem
3253 5471 3398 5537 apud
3429 5475 3667 5540 prophe-

2080 5543 2201 5620 tam.
2245 5563 2550 5626 Jerentiam;
2646 5561 2720 5612 ita
2780 5569 2829 5612 et
2896 5560 2986 5615 isti
3048 5571 3342 5629 pugnantes
3403 5565 3663 5617 αιίυεηης

2079 5655 2426 5713 uniuersalem
2453 5655 2730 5723 synodum,
2776 5653 3023 5719 (oderunt
3067 5653 3169 5704 sibi
3206 5655 3438 5722 synodos
3485 5657 3666 5725 pluri-

2083 5769 2220 5806 mas.

2159 5843 2263 5897 Sed
2313 5851 2364 5895 et
2415 5841 2466 5894 in
2517 5840 2656 5895 libro
2694 5840 2894 5896 Contra
2933 5841 3183 5906 Arianos,
3237 5859 3465 5913 magnus
3517 5845 3665 5900 idem
