3984 6552
292 362 368 424 161

1348 336 1753 434 ADVERSUS
1792 372 2101 434 GRAECOS
2142 376 2287 436 LiB.
2324 378 2438 436 ill.

3177 350 3256 372 ,κ

3400 389 3503 452 162

287 475 580 549 Athanasius
612 474 953 532 Salvatorem
985 480 1157 535 solum
1194 480 1429 553 Spiritus
1462 483 1634 539 sancti
1663 480 1826 551 largi-
1854 484 1905 544 Α
1930 483 2111 537 tione:
2168 488 2291 555 quia
2338 489 2574 558 scripsit,
2619 507 2722 545 non
2754 491 2867 547 sine
2897 493 3057 562 primi
3091 499 3259 558 patris
3290 513 3503 565 peccato

288 576 434 617 torem
465 580 581 620 esse
615 569 690 618 ait
721 570 909 623 dicens
950 590 963 622 ι
1011 570 1075 624 Et
1108 581 1293 627 contra
1332 572 1582 627 Salvator
1607 589 1726 626 cum
1760 574 1826 626 sit

296 656 434 721 Deus,
456 666 498 708 et
521 658 663 724 regni
689 658 865 713 Patris
888 676 1089 725 semper
1111 663 1377 732 imperans
1401 649 1636 730 Spiritus
1660 666 1829 717 sancti

292 750 486 817 largitor
528 751 672 803 solus
720 765 820 806 est.
867 752 992 807 Haec
1028 754 1195 824 igitur
1244 770 1308 810 ex
1343 754 1635 810 abundanti
1686 755 1829 809 dicta

289 851 409 901 sunt,
441 844 501 893 ad
536 844 931 898 ostendendum
964 862 981 904 ;
1010 847 1136 916 quia
1162 857 1218 901 et
1255 846 1423 902 Filius
1449 848 1621 902 sancti
1654 846 1827 919 Spiri-

287 944 355 986 tus
383 933 495 988 fons
522 935 696 988 dictus
732 937 822 990 sit.

341 1025 391 1079 Si
421 1028 576 1095 igitur
606 1031 859 1084 doctores
900 1030 1003 1086 sibi
1037 1032 1192 1099 ipsis,
1240 1041 1403 1103 atque
1436 1034 1662 1089 invicem
1694 1048 1825 1088 con-

287 1119 451 1172 rordcs
492 1134 614 1174 esse
660 1120 973 1175 necessario
1022 1120 1297 1176 fatendum
1352 1133 1456 1188 est,
1508 1124 1607 1177 hoc
1647 1133 1825 1176 autem

287 1227 406 1265 nunc
441 1213 668 1266 maxime
699 1211 779 1272 iit.
814 1213 1057 1283 nihilque
1085 1230 1472 1269 concessorum
1512 1218 1824 1287 dogmatum

288 1312 432 1361 nutat.
463 1304 542 1356 his
573 1304 647 1357 ita
683 1304 968 1374 expositis,
1013 1317 1071 1360 ut
1096 1306 1297 1361 dictum
1335 1317 1415 1361 est
1443 1325 1457 1375 ;
1488 1308 1621 1363 alias
1647 1321 1824 1364 autem

286 1402 446 1445 contra
502 1394 719 1460 penitus
755 1395 1048 1465 contingit;
1099 1397 1322 1450 evidens
1378 1398 1621 1465 proiecto
1655 1401 1822 1455 docu-

290 1490 496 1536 mentum
528 1495 635 1548 est,
666 1484 807 1539 hanc
833 1487 1049 1554 quidem
1079 1487 1469 1554 evpositionem
1499 1504 1679 1543 veram
1705 1504 1825 1545 esse

288 1576 453 1637 solam,
478 1588 775 1644 omnesque
808 1584 1003 1647 praeter
1035 1579 1215 1641 istam,
1249 1578 1413 1632 falsas
1448 1594 1591 1633 esse.

345 1664 484 1718 Patet
516 1669 643 1719 item
674 1667 805 1722 dicti
842 1668 987 1724 illius
1018 1668 1234 1733 solutio,
1277 1672 1418 1739 quod
1466 1672 1647 1739 posuit
1687 1672 1821 1728 Gre-

288 1757 439 1826 gorius
475 1758 754 1828 theologus
783 1778 795 1813 :
833 1759 1022 1814 Omnia
1061 1761 1282 1824 scilicet,
1307 1778 1424 1831 qua:
1455 1761 1605 1815 habet
1643 1761 1822 1827 Pater,

1936 590 2049 629 esse
2106 577 2408 646 Dominum,
2446 582 2500 634 in
2552 593 2808 648 quantum
2858 590 3010 637 homo
3042 597 3177 640 erat.
3239 589 3302 641 Et
3332 595 3503 659 primo

1932 667 2140 736 quidem
2193 675 2475 724 concordes
2532 672 2889 728 Romanorum
2945 678 3170 731 Patrum
3232 684 3502 749 protulere

1930 761 2241 814 sententias.
2274 761 2466 831 Cyrilli
2512 781 2715 834 quoque
2770 766 3120 822 Alexandrini
3180 774 3233 826 in
3294 779 3502 842 Μῃονὶ-

1932 850 2073 903 tione
2113 867 2272 918 super
2314 853 2537 906 Joannis
2570 852 2934 926 Evangelium,
2976 874 3039 910 ea:
3064 859 3250 927 quibus
3302 866 3502 929 seipsos

1932 959 2034 1001 non
2085 942 2291 997 Filium
2346 945 2577 1014 Spiritus
2631 965 2849 1002 causam
2903 950 3079 1017 facere
3137 955 3497 1010 ostenderunt.

1931 1031 2103 1087 Unam
2130 1036 2265 1088 enim
2308 1049 2558 1090 noverunt
2593 1036 2723 1091 Filii
2764 1050 2809 1093 et
2840 1039 3071 1109 Spiritus
3102 1061 3212 1098 esse
3240 1064 3450 1099 causam
3480 1065 3498 1101 :

1930 1124 2152 1178 alterius
2205 1129 2417 1195 quidem
2473 1131 2758 1183 secundum
2818 1137 3237 1200 processionent;
3303 1142 3392 1192 sed
3442 1152 3499 1192 nt

1928 1232 2021 1283 per
2067 1218 2238 1285 ipsum
2289 1222 2565 1287 procedere
2630 1222 2989 1288 insinuarent;
3050 1228 3229 1298 sicque
3276 1233 3496 1297 conjun-

1929 1311 2151 1364 ctionem
2177 1312 2510 1378 essentne,“
2540 1314 3129 1371 incommutabilitatem
3166 1326 3498 1376 continenda—

1928 1412 2064 1456 rent.

1998 1492 2185 1561 Itaque
2215 1497 2357 1563 quod
2412 1506 2634 1552 sanctus
2685 1500 2916 1570 Cyrilius
2966 1504 3211 1572 plurimis
3258 1507 3309 1558 in
3364 1508 3501 1562 locis

1930 1581 2190 1651 Spiritum
2224 1596 2472 1641 sanctum
2506 1604 2568 1643 ex
2603 1589 2740 1645 Filio
2773 1593 2915 1647 sicut
2945 1596 3105 1649 etiam
3137 1611 3199 1651 ex
3236 1598 3393 1653 Patre
3418 1601 3500 1652 di-

1926 1682 2036 1736 cat,
2064 1688 2296 1743 cumque
2326 1691 2391 1731 ex
2420 1676 2557 1733 Filio
2586 1694 2707 1735 esse
2741 1692 2795 1735 et
2823 1698 2922 1751 per
2955 1685 3157 1752 ipsum,
3183 1696 3234 1740 ct
3281 1705 3342 1742 ex
3380 1689 3500 1758 ipso

1928 1765 2250 1819 naturaliter
2280 1769 2597 1835 procedere,
2628 1782 2682 1825 et
2715 1773 2838 1842 quia
2888 1790 2984 1843 per
3035 1777 3209 1844 ipsum
3242 1780 3496 1846 profusus

286 1864 373 1901 esse
400 1848 544 1914 Filii,
582 1863 779 1916 printer
808 1868 1047 1905 causam.
1079 1850 1231 1907 Sicut
1267 1854 1411 1907 enim
1446 1853 1600 1908 divus
1632 1854 1823 1925 Diony-
1859 1877 1900 1933 Β
1931 1856 2255 1912 naturaliter
2302 1860 2575 1928 propriam
2612 1864 2767 1917 nobis
2818 1867 3149 1922 subtantiam
3186 1871 3389 1940 signat,
3439 1884 3496 1927 et

287 1942 378 1993 sius
401 1939 606 1995 Patrem
642 1944 711 1995 ad
743 1943 921 1998 solum
956 1943 1151 1998 Filium
1185 1945 1471 2000 conferens
1505 1946 1659 2016 juxta
1690 1962 1823 2002 eon-

288 2032 522 2088 versioois
581 2036 876 2100 rationem,
928 2036 1140 2091 Patrem
1204 2038 1377 2091 solum
1434 2038 1635 2093 fontem
1691 2038 1827 2093 dixit

288 2125 394 2192 (non
447 2128 584 2181 enim
638 2138 725 2183 est
782 2129 1132 2185 Filiuslons
1193 2131 1414 2201 Patris).
1456 2148 1632 2202 neque
1677 2134 1820 2188 enim

288 2221 589 2273 convertitur
614 2235 629 2273 :
658 2222 734 2274 ita
765 2231 819 2276 et
856 2238 1099 2278 summus
1128 2225 1214 2279 hic
1244 2224 1349 2290 vir,
1383 2234 1579 2294 praeter
1601 2240 1821 2281 causam

291 2311 459 2366 habere
488 2310 683 2367 Filium
713 2312 893 2369 Patris
920 2316 1101 2370 omnia
1139 2316 1307 2380 dixit;
1337 2331 1555 2371 causam
1589 2320 1820 2379 scilicet,

289 2415 424 2468 quam
459 2401 619 2457 habet
654 2405 722 2456 ad
755 2403 973 2469 Filium,
1013 2405 1195 2462 Pater.
1249 2408 1527 2480 Siquidem
1556 2408 1701 2475 enim
1736 2423 1823 2463 ar—

290 2493 522 2547 bitrantur
562 2508 660 2563 per
695 2496 818 2559 hoc,
851 2506 1097 2551 sanctum
1130 2499 1327 2563 virum,
1367 2499 1566 2553 nullam
1602 2501 1822 2554 omnino

290 2595 476 2636 causam
500 2582 635 2639 Filio
664 2586 914 2649 reddere,
945 2587 1224 2643 falluntur.
1263 2589 1383 2658 ipse
1406 2590 1549 2644 enim
1587 2600 1695 2655 est,
1731 2589 1822 2659 qui

291 2673 351 2728 ait
381 2690 403 2731 ι
426 2674 503 2729 Ea:
544 2679 804 2746 principio
829 2680 1164 2747 principium.
1206 2682 1346 2749 Quin
1380 2693 1432 2737 et
1469 2683 1521 2737 in
1550 2684 1818 2747 oratione,

289 2781 422 2835 quam
475 2768 599 2823 iacit
648 2769 719 2824 ad
766 2770 1071 2838 Christum,
1120 2774 1193 2827 ita
1246 2774 1523 2831 inchoavit
1574 2776 1760 2831 dicens
1804 2796 1817 2831 ε

292 2856 349 2911 Te
376 2876 499 2913 nunc
520 2877 720 2932 quoque
748 2862 1120 2929 benedicimus,
1146 2865 1350 2921 Christe
1378 2885 1543 2935 meus,
1578 2869 1821 2934 Verbum,

289 2952 432 3004 sancti
471 2951 697 3021 Spiritus
747 2956 860 3011 sine
905 2958 1164 3026 principio
1196 2971 1452 3016 servator.
1488 2961 1658 3027 Quam
1694 2975 1824 3031 ergo

291 3044 423 3097 habet
451 3044 606 3099 Pater
635 3048 701 3100 ad
732 3047 926 3102 Filium
962 3064 1180 3107 causam
1213 3051 1463 3105 iudicare
1499 3052 1694 3115 voluit;
1725 3053 1825 3106 aii~

293 3147 356 3187 ter
383 3139 566 3208 quippe
621 3141 723 3195 sibi
762 3141 865 3208 ipsi
903 3158 1007 3196 non
1056 3155 1399 3209 congrueret,
1445 3145 1822 3213 sententiaque

294 3227 425 3281 fallax
456 3231 742 3285 videretur.
779 3231 971 3287 Dicere
1026 3235 1171 3289 enim
1209 3244 1403 3304 praeter
1430 3251 1671 3293 causam.
1700 3251 1815 3289 om-
1846 3212 1889 3275 ε

294 3336 391 3375 nem
433 3338 643 3378 causam
685 3325 987 3381 auferentis
1032 3342 1157 3383 esse
1207 3328 1432 3392 volunt;
1490 3329 1591 3382 hoc
1640 3339 1817 3382 autem

295 3412 453 3467 falsum
514 3424 615 3472 est.
653 3416 747 3471 Vel
786 3429 1155 3474 creaturarum
1230 3421 1375 3474 enim
1441 3422 1611 3488 ipsum
1675 3431 1821 3473 certe

294 3521 477 3561 causam
512 3509 712 3564 dicent.
758 3510 1063 3566 Attcstatur
1088 3511 1172 3565 his
1198 3523 1253 3567 et
1281 3513 1396 3581 ipse
1431 3513 1616 3566 dicens
1646 3529 1660 3566 :
1691 3513 1817 3566 0m—

297 3600 365 3651 nia
393 3617 495 3667 quis
526 3602 677 3656 habet
712 3601 895 3669 Pater,
931 3601 1059 3657 Filii
1091 3615 1211 3658 sunt
1246 3615 1441 3673 praeter
1468 3620 1719 3671 causam;
1765 3616 1821 3659 et

296 3695 445 3746 omnia
479 3680 591 3762 qua:
624 3696 790 3751 habet
824 3695 1014 3761 Filius,
1043 3697 1276 3765 Spiritus
1308 3698 1481 3753 sancti
1508 3709 1656 3762 sunt,
1686 3714 1819 3766 prae-

299 3792 363 3835 ter
388 3785 731 3841 nativitatem.
1645 3851 1651 3857 .

351 3878 551 3934 Constat
584 3896 715 3951 ergo
746 3884 872 3951 quia
895 3884 1115 3938 Patrem
1154 3884 1216 3937 ad
1242 3882 1434 3938 Filium
1460 3897 1814 3950 comparans;

297 3981 457 4032 Praatcr
490 3989 726 4039 causam,
759 3974 916 4039 dixit,
942 3989 1103 4043 quam
1141 3974 1352 4029 scilicet
1378 3974 1542 4041 habet
1566 3972 1727 4027 Pater
1750 3974 1814 4028 ad

297 4059 478 4130 Filium,
510 4065 647 4121 sicut
680 4075 735 4121 et
757 4066 897 4135 quod
926 4066 1195 4135 sequitur,
1226 4065 1488 4135 Spiritum
1523 4064 1588 4117 ad
1620 4063 1815 4118 Filium

298 4152 623 4223 compa'ratttis
682 4167 791 4223 cst,
842 4157 1161 4212 relationem
1219 4157 1432 4211 illorum
1483 4156 1549 4211 ad
1585 4156 1817 4210 invicem

300 4244 616 4314 inspicieutis,
659 4248 954 4303 secundum
988 4248 1202 4303 illorum
1228 4249 1479 4319 proprios
1505 4263 1815 4317 processus.

301 4334 456 4391 Dicere
501 4354 746 4410 namque,
803 4338 1062 4408 Spiritum
1122 4339 1322 4394 habere
1377 4341 1556 4394 omnia
1622 4349 1818 4409 praeter

301 4431 611 4497 nativitatem,
642 4433 777 4487 nihil
811 4432 957 4487 aliud
979 4419 1273 4501 signiﬁcat,
1304 4434 1407 4487 nisi
1430 4443 1627 4503 praeter
1651 4448 1814 4502 quam

302 4520 620 4577 immediatnm
653 4539 717 4579 ex
753 4523 910 4579 Patre
942 4524 1317 4593 esse;quippe
1348 4538 1467 4578 cum
1493 4523 1663 4579 Filius
1696 4526 1819 4601 qui-

302 4610 477 4665 dcmes
522 4614 673 4668 Patre
705 4616 824 4669 sine
872 4615 1050 4669 medio
1084 4615 1175 4681 sit,
1222 4614 1375 4684 juxta
1429 4615 1816 4691 proprietatem

230 4758 235 4765 ,
302 4717 447 4767 suam,
471 4717 681 4761 sanctus
708 4718 887 4759 autem
935 4704 1172 4774 Spiritus
1200 4720 1265 4758 ex
1307 4704 1466 4761 Patre
1496 4722 1589 4775 per
1620 4706 1816 4761 Filium

302 4797 535 4862 procedat,
567 4797 820 4867 quocirca
851 4812 1022 4866 neque
1051 4797 1404 4862 convertitur,
1433 4798 1684 4866 quoniam
1724 4815 1818 4852 ne-

303 4900 384 4947 que
406 4904 665 4954 processus
698 4868 798 4955 illi,
836 4900 888 4943 et
918 4884 1321 4959 consequenter
1364 4904 1536 4957 neque
1568 4891 1821 4945 substan-

306 4976 423 5027 Italia
449 4991 849 5035 convertuntur.
898 4979 961 5033 Et
992 4994 1060 5035 ex
1105 4979 1210 5035 hoc
1263 4979 1429 5049 igitur
1459 4979 1591 5035 nihil
1638 4995 1735 5049 pro
1762 4994 1821 5035 se

304 5067 597 5127 concludunt.

365 5156 530 5214 Eadm
578 5180 696 5218 vero
730 5166 960 5231 ratione,
992 5180 1059 5221 ne
1104 5165 1155 5220 id
1186 5164 1400 5234 quidem
1433 5163 1542 5218 illis
1585 5163 1821 5233 Opitula«

309 5252 394 5311 iur,
418 5255 541 5317 quod
586 5256 661 5308 ait
710 5267 931 5310 sanctus
982 5255 1252 5310 Maximus
1284 5254 1336 5307 in
1392 5252 1561 5321 Epist.
1601 5254 1667 5307 ad
1704 5253 1819 5307 Ma-

314 5338 467 5393 rinum
498 5346 561 5397 ita
590 5348 837 5401 scribe'us
870 5365 885 5402 τ
922 5348 1307 5417 S'ynodicorum
1343 5345 1505 5414 igitur
1549 5354 1822 5411 pra'sentts

309 5436 575 5489 sanctissimi
630 5438 815 5506 Paper,
842 5456 942 5491 non
985 5448 1057 5492 tot
1105 5438 1334 5505 capitula
1364 5446 1485 5506 quot
1518 5438 1821 5504 scripsistis.

311 5527 619 5595 repudiarunt,
658 5532 748 5598 qui
794 5532 846 5581 in
886 5534 1024 5599 regia
1066 5532 1275 5584 civitate
1301 5538 1672 5582 convenerunt.
1706 5527 1823 5582 Duo

306 5627 449 5668 autem
475 5621 592 5685 sola,
647 5640 869 5693 quorum
914 5622 1143 5676 alterum
1196 5621 1403 5690 quidem
1458 5621 1521 5672 de
1564 5618 1821 5686 theologia

310 5712 516 5764 continet.
566 5717 726 5780 Quia,
770 5717 961 5777 inquit,
998 5716 1153 5767 etiam
1219 5729 1280 5765 ex
1339 5708 1481 5763 Filio
1546 5710 1822 5777 procedere

313 5796 525 5863 Spiritum
569 5820 830 5869 sr'ncIum,
867 5811 1090 5861 alterum
1127 5822 1240 5859 ινα-ο
1276 5806 1337 5857 de
1368 5805 1542 5856 dicina
1577 5803 1823 5854 incarna—

1848 4566 1895 4625 ι)

1927 1962 2048 2018 quae
2074 1949 2222 2015 talia,
2252 1951 2384 2006 satis
2413 1967 2589 2022 supra
2609 1955 2940 2012 declaratum
2992 1970 3099 2015 est.
3142 1962 3248 2017 Sed
3293 1974 3346 2018 et
3390 1964 3497 2019 Ro-

1928 2054 2212 2094 manorum
2261 2045 2564 2107 doetorum.
2613 2045 2801 2103 lliiarii
2851 2052 3087 2120 scilicet,
3132 2055 3404 2111 Ambrosii
3440 2066 3495 2109 et

1925 2132 2215 2201 Augustini
2252 2135 2398 2190 dicta
2454 2138 2579 2192 huic
2630 2124 2915 2195 Sententia!
2950 2158 3188 2214 cengrna
3226 2150 3495 2216 produxe~

1927 2232 2088 2289 runt;
2120 2226 2210 2294 qui
2241 2236 2293 2279 et
2322 2242 2390 2281 ex
2432 2227 2568 2284 Filio
2605 2234 2899 2297 procedere
2929 2232 3194 2301 Spiritum
3241 2247 3492 2290 sanctum

1927 2316 2144 2371 docent.
2195 2316 2322 2372 licet:
2349 2329 2528 2373 autem
2572 2322 2791 2386 mirum,
2820 2337 2866 2377 st
2916 2340 3023 2378 non
3059 2326 3221 2379 etiam
3272 2343 3491 2381 causam

1926 2407 2191 2462 insinuat.
2244 2410 2316 2463 Ea
2359 2411 2500 2464 enim
2554 2413 2785 2474 ratione,
2824 2426 2881 2469 ιιι
2920 2416 3081 2470 datur
3115 2418 3361 2487 intelligi,
3401 2435 3499 2475 ne-

1925 2511 2030 2565 que
2060 2513 2184 2558 gum
2221 2513 2284 2553 ex
2324 2502 2430 2553 Deo
2459 2516 2605 2565 esse,
2647 2516 2702 2557 et
2741 2519 2805 2557 ex
2845 2505 3001 2559 Patre
3033 2510 3327 2573 procedere
3371 2510 3495 2575 Spi-

1927 2588 2064 2641 ritus
2088 2588 2371 2655 asserilur,
2399 2605 2621 2646 causam
2650 2593 2979 2663 designabit.
3007 2595 3109 2650 Sed
3146 2599 3268 2661 ista,
3303 2611 3497 2666 pt‘mtt't‘

1928 2679 2225 2747 Scriptura:
2256 2681 2604 2737 intentionem
2633 2697 2792 2749 sunt;
2828 2700 3038 2754 nempe,
3068 2688 3319 2755 quoniam
3340 2689 3492 2754 juxta

1927 2782 2173 2825 sanctum
2207 2771 2492 2841 Cyrillum,
2523 2774 3004 2845 Uccidentaiesque
3035 2779 3282 2831 doctores
3314 2779 3489 2832 faten-

1927 2871 2010 2915 tur
2042 2846 2212 2931 itujus
2240 2854 2381 2919 esse"
2420 2869 2725 2932 sententiis,
2763 2869 2851 2936 qui
2901 2869 3179 2923 evidenter
3222 2886 3284 2924 ex
3336 2871 3495 2924 Patre

1924 2964 1978 3008 et
2002 2955 2168 3022 Filio;
2203 2955 2365 3011 veluti
2399 2972 2467 3011 ex
2495 2974 2600 3012 uno
2629 2959 2895 3028 principio
2927 2962 3164 3027 prodire,
3197 2976 3259 3014 ac
3303 2978 3494 3032 procc-

1923 3048 2076 3113 dcre,
2096 3057 2162 3101 .ut
2212 3050 2409 3102 dictum
2438 3062 2542 3115 est,
2578 3050 2835 3118 Spiritum
2867 3062 3113 3107 sanctum
3143 3054 3491 3108 conﬁtentur.

1924 3138 2067 3193 Nihil
2101 3154 2232 3210 ergo
2262 3156 2462 3195 novum
2500 3159 2526 3193 a
2558 3159 2616 3197 se
2642 3143 2775 3212 ipsis
2805 3144 3180 3207 introducunt,
3204 3147 3291 3213 qui
3326 3146 3491 3198 etiam

1921 3248 1988 3286 ex
2023 3231 2162 3286 Filio
2195 3231 2459 3301 Spiritum
2512 3237 2806 3303 procedere
2859 3235 3098 3290 fatentur
3152 3254 3165 3289 :
3219 3238 3494 3306 simulque

1924 3339 2160 3392 praesens
2196 3324 2419 3392 epistola
2476 3325 2843 3381 Romanorum
2897 3326 3119 3381 Patrum
3168 3331 3493 3398 prmexposi-

1922 3424 2003 3467 tas
2040 3414 2395 3484 allegationes
2427 3416 2639 3469 illorum
2671 3417 2938 3472 veraciter
2968 3433 3090 3472 esse
3121 3421 3489 3481 commendat.

1920 3506 2026 3559 Aut
2076 3507 2220 3559 enim
2273 3506 2404 3575 ipsae
2436 3522 2623 3561 omnes
2662 3518 2805 3573 sunt,
2857 3518 2948 3563 aut
2987 3527 3051 3562 ex
3091 3510 3226 3577 ipsis
3268 3511 3487 3579 aliquae,

1921 3613 2057 3667 quas
2107 3606 2237 3653 tunc
2281 3598 2640 3667 protulerunt.
2696 3598 2808 3653 Non
2853 3600 2996 3654 enim
3048 3599 3290 3667 profecto
3341 3602 3482 3656 faile-

1919 3692 2083 3745 batur
2132 3701 2356 3747 sanCtus
2392 3688 2682 3756 Maximus,
2734 3699 2828 3745 aut
2880 3692 3148 3745 mentiens
3177 3690 3281 3745 ista
3338 3693 3491 3746 dice-

1884 3836 1895 3843 ,
1924 3785 2031 3838 bat.

1992 3876 2131 3942 Quid
2167 3889 2296 3944 ergo
2326 3875 2429 3930 sibi
2464 3875 2669 3939 volunt,
2702 3890 2823 3930 cum
2857 3873 3121 3944 Spiritum
3147 3885 3387 3929 sanetum
3421 3893 3487 3930 ex

1921 3963 2056 4016 Filio
2099 3965 2314 4031 quidem
2376 3964 2670 4032 procedere
2733 3966 2938 4030 dicunt,
2990 3980 3097 4017 non
3150 3975 3325 4019 autem
3372 3982 3494 4020 esse

1921 4054 2114 4110 Filium
2139 4073 2357 4112 causam
2386 4061 2557 4113 sancti
2591 4058 2825 4128 Spiritus
2848 4059 3151 4125 adjiciunt;
3187 4061 3311 4129 quia
3342 4062 3488 4115 enim

1923 4149 2092 4204 Filius
2115 4150 2337 4218 quidem
2372 4165 2435 4205 ex
2469 4150 2632 4206 Patre
2667 4161 2785 4217 est;
2824 4150 2949 4204 Filii
2995 4161 3172 4205 autem
3206 4154 3387 4204 omnia
3421 4155 3487 4203 ad

1923 4239 2137 4292 Patrem
2172 4239 2439 4303 referunt,
2472 4240 2675 4293 dictum
2707 4254 2834 4294 vero
2861 4249 2943 4292 est
2973 4240 3135 4293 etiam
3185 4256 3212 4290 a
3255 4241 3489 4302 sanctis,

1921 4346 1985 4387 ex
2019 4330 2180 4386 Patre
2220 4341 2271 4386 ct
2301 4330 2439 4384 Filio
2465 4330 2725 4401 Spiritum
2772 4342 3046 4395 sanctum,
3090 4332 3252 4384 veluti
3286 4347 3347 4384 ex
3384 4347 3490 4384 una

1923 4439 2005 4491 re,
2049 4434 2102 4478 et
2131 4438 2238 4478 uno
2264 4423 2530 4492 principio
2561 4439 2703 4489 esse,
2728 4438 2789 4477 ac
2829 4422 3127 4493 procedere
3164 4440 3176 4495 ;
3211 4434 3493 4491 prepterea

1921 4530 1987 4570 ex
2024 4515 2331 4585 hujusntodi
2367 4513 2654 4568 sententiis
2691 4523 3021 4581 aperuerunt
3049 4528 3126 4573 se,
3152 4511 3349 4575 Filium
3384 4530 3491 4563 non

1922 4604 2223 4673 propriam,
2268 4612 2323 4656 et
2375 4603 2703 4670 peculiarem
2740 4615 2959 4655 causam
3006 4599 3263 4670 Spiritus,
3299 4615 3497 4670 praeter

1920 4694 2159 4760 Patrem,
2209 4695 2530 4762 intelligere.
2576 4693 2769 4747 Merito
2798 4708 2949 4747 sane.
2985 4692 3171 4761 Neque
3213 4696 3352 4746 enim
3386 4693 3495 4747 duo

1922 4798 2050 4844 sunt
2083 4788 2256 4843 divisa
2287 4795 2477 4841 contra
2515 4801 2594 4850 se,
2633 4794 2796 4853 atque
2843 4786 2909 4837 ab
2948 4784 3185 4837 invicem
3217 4783 3491 4848 disiuncta

1922 4878 2190 4949 principia
2223 4880 2399 4931 sancti
2432 4876 2705 4944 Spiritus;
2747 4888 2922 4941 neque
2966 4883 3021 4926 ut
3066 4886 3312 4941 persona:
3353 4873 3492 4932 dum,

1923 4975 1995 5027 ita
2025 4976 2130 5028 duo
2158 4951 2323 5026 etiam
2358 4970 2592 5038 Spiritus
2619 4970 2790 5023 sancti
2828 4965 3095 5035 principia
3122 4977 3280 5028 sunt;
3310 4979 3494 5034 quem-

1924 5062 2212 5114 admodum
2244 5061 2386 5113 enim
2423 5061 2586 5113 mittit
2621 5059 2836 5128 quidem
2875 5057 3036 5110 Pater
3077 5055 3337 5124 Spiritum
3369 5070 3495 5107 san-

1924 5159 2093 5215 ctum,
2131 5151 2297 5204 mittit
2345 5156 2525 5204 autem
2563 5149 2902 5203 hunc‘ctiam
2955 5146 3159 5212 Filius;
3200 5160 3371 5213 neque
3417 5154 3495 5195 ta-

1924 5258 2045 5299 tnen
2076 5243 2248 5299 Filius
2281 5241 2380 5296 alia
2412 5241 2689 5296 missionis
2716 5236 2877 5295 causa
2911 5249 3105 5306 praetin-
3133 5236 3349 5289 Patrem
3377 5244 3491 5299 est;

1927 5353 2101 5406 neque
2149 5337 2293 5391 enim
2346 5334 2509 5389 mittit
2558 5336 2721 5387 Pater
2754 5334 2872 5387 sine
2919 5331 3079 5390 Filio.
3127 5329 3286 5384 sicuti
3321 5341 3496 5393 neque

1926 5431 2041 5486 sine
2072 5429 2209 5482 Filio
2256 5427 2417 5491 iacit;
2468 5426 2728 5495 quocirca
2760 5426 2924 5477 etiam
2973 5423 3175 5475 dictum
3231 5432 3334 5483 ρει,
3387 5434 3488 5469 una

1924 5523 2142 5578 datione
2178 5530 2230 5574 et
2261 5536 2363 5573 una
2405 5518 2691 5586 largitione
2722 5516 2887 5569 mittit
2914 5514 3175 5582 Spiritum
3213 5520 3491 5573 Sanctum,

1929 5615 1998 5667 ita
2035 5614 2179 5665 etde
2207 5625 2274 5663 eo
2300 5608 2440 5678 quod
2476 5606 2854 5677 pri-posuimus
2885 5603 3194 5663 dicendum,
3228 5611 3390 5668 atque
3418 5612 3485 5652 eo

1930 5709 2102 5773 magis
2132 5719 2237 5773 quo
2264 5703 2451 5756 missio
2474 5701 2614 5755 idem
2639 5708 2720 5753 est
2746 5698 2887 5767 quod
2920 5695 3221 5766 processio,
3246 5704 3303 5747 ut
3334 5705 3493 5759 supra

1928 5802 2257 5854 declaratum
2304 5806 2405 5849 cst.
2444 5796 2547 5847 Aut
2594 5792 2638 5846 si
2683 5792 2817 5844 hanc
2851 5790 3073 5842 nimium
3123 5785 3493 5841 contentiosns
