3984 6546
286 368 599 435 -ή163

1172 446 1207 472 Δ

1759 382 1974 445 MANU
1991 384 2167 444 ELIS
2189 382 2498 443 CALECM

3671 394 3780 459 164

484 485 756 555 quispiam
794 485 1172 546 substantialis
1207 489 1383 545 sancti
1421 487 1660 561 Spiritus
1699 495 2067 565 processiouis
2095 501 2139 557 Α
2169 511 2276 566 quo
2322 501 2491 553 etiam
2533 498 2732 566 Pater;
2769 498 2927 558 aliter
2965 504 3167 576 quippe
3211 506 3467 563 essentia:
3503 508 3777 564 identitas

486 578 749 633 indicium
803 579 973 646 dicat,
1027 582 1292 650 profecto,
1340 598 1619 654 nunquam
1675 586 1984 642 mitteretur
2038 604 2067 645 ει

487 669 648 734 Filio,
690 669 796 725 nisi
849 671 1012 727 etiam
1044 688 1112 729 ex
1166 673 1284 743 ipso
1334 688 1514 744 esset;
1565 675 1769 747 alioqui
1820 678 2068 735 minister

482 773 626 816 esset
661 760 848 817 Filius.
1940 783 1953 795 α

556 849 675 906 Νοιι
715 856 900 925 itaque
952 854 1045 912 vel
1098 856 1260 915 Pater
1303 859 1451 915 solus
1491 876 1652 917 causa
1700 872 1778 935 est
1830 862 2067 932 Spiritus

486 944 661 998 sancti
697 947 1008 1022 sineEilio,
1035 949 1121 1005 vel
1160 951 1279 1007 sine
1305 950 1466 1006 Patre
1501 951 1672 1008 Filius
1699 970 1714 1019 ;
1746 969 1839 1023 per
1868 954 2066 1010 Filium

485 1035 630 1088 enim
663 1041 965 1106 procedere
991 1042 1215 1107 dicitur,
1251 1053 1306 1097 et
1334 1045 1501 1097 Pater
1531 1060 1629 1115 per
1659 1045 1899 1101 Verbum
1938 1063 2065 1117 pro-

485 1128 681 1182 ductor
731 1144 855 1185 esse
908 1132 1084 1187 sancti
1139 1132 1378 1201 Spiritus
1415 1146 1783 1193 asseveratur.
1840 1136 2066 1193 Constat

486 1222 589 1276 hoc
615 1221 781 1276 etiam
813 1236 878 1276 ex
908 1226 1272 1294 sequentibus
1315 1227 1490 1296 ipsius
1522 1228 1721 1283 verbis.
1756 1228 1844 1282 Ait
1873 1229 2015 1283 enim
2048 1246 2062 1283 :

488 1310 661 1367 Unum
715 1325 909 1369 norunt
959 1316 1109 1381 Filii,
1166 1317 1497 1388 etSpirims
1546 1336 1763 1373 causam
1812 1319 2063 1388 Patrem,-

484 1406 710 1462 alterius
767 1409 984 1479 quidem
1045 1413 1346 1466 secundum
1403 1413 1779 1480 nativitatem;
1841 1413 2066 1470 alterius

487 1511 638 1564 vero,
693 1500 992 1554 secundum
1044 1503 1480 1571 processionem.
1528 1500 1656 1559 liae
1694 1514 1874 1559 autem
1926 1518 2067 1574 prte-

485 1591 647 1645 dictis
699 1592 903 1663 optirne
956 1603 1284 1650 consonant.
1337 1594 1471 1650 Nam
1528 1595 1699 1651 Filius
1748 1595 1966 1667 quidem
1998 1613 2062 1654 ex

485 1682 646 1738 Patre
674 1668 978 1740 secundum
1008 1686 1337 1754 nativitatis,
1367 1687 1450 1743 vel
1474 1688 1638 1759 geniti
1668 1687 2061 1755 delinitionem,

482 1793 547 1831 ex
581 1776 741 1832 Patre
773 1774 895 1834 sine
924 1778 1034 1834 ullo
1081 1781 1259 1835 medio
1294 1789 1397 1837 est.
1441 1779 1682 1851 Spiritus
1712 1789 1935 1839 sanctus
1965 1797 2063 1837 au-

486 1880 594 1923 tem
622 1870 777 1939 justa
810 1870 1211 1941 processionis,’
1228 1889 1322 1929 seu
1372 1874 1720 1945 procedentis
1745 1875 2059 1939 terminum,
2095 1852 2136 1906 Β

2173 587 2406 652 tollitur,
2443 589 2678 645 maxime
2722 607 2844 649 cum
2881 594 3086 649 dictum
3119 597 3219 664 sit,
3260 613 3374 671 una
3412 607 3625 655 tantum
3690 614 3773 664 re,

2170 693 2268 734 eos
2305 679 2521 749 differre
2553 699 2569 737 :
2624 685 2768 754 quod
2820 685 2906 743 bic
2952 686 3113 745 Pater
3146 692 3238 755 sit,
3276 690 3377 751 ille
3424 690 3621 755 Filius,
3656 694 3767 765 alia

2172 785 2301 824 vero
2349 774 2553 839 omnia,
2591 789 2714 834 esse
2761 783 3095 837 communia.
3149 781 3308 839 Pater
3364 785 3545 857 itaque
3590 804 3773 845 causa

2169 861 2404 931 Spiritus
2437 876 2541 934 est,
2570 866 2715 924 sicut
2754 881 2809 927 et
2840 872 3028 929 Filius.
3059 872 3271 933 Dictum
3307 890 3391 935 est
3427 890 3632 949 tamen,
3671 898 3772 941 eos

2173 971 2283 1011 non
2317 971 2567 1015 asserere
2611 960 2808 1017 Filium
2845 968 3022 1022 sancti
3062 968 3298 1039 Spiritus
3345 987 3590 1038 causam,
3624 991 3766 1049 pro-

2171 1059 2294 1123 ptpr
2322 1050 2412 1106 illa
2453 1069 2575 1122 qua:
2605 1058 2858 1124 przedicta
2905 1070 3068 1129 sunt;
3100 1065 3243 1135 quod
3270 1065 3414 1125 enim
3445 1082 3514 1123 ex
3558 1068 3768 1129 Denta-

2168 1157 2336 1199 seeno
2364 1145 2465 1200 sibi
2501 1147 2639 1212 vnit;
2662 1164 2741 1204 ea:
2769 1148 2911 1206 Filio
2940 1168 3040 1211 non
3071 1146 3317 1224 dicimus,
3359 1174 3429 1218 ne
3471 1159 3579 1219 duo
3609 1162 3770 1234 prin-

2167 1238 2308 1311 cipia
2336 1239 2511 1297 divisa
2551 1243 2857 1312 vidcantur,
2893 1263 2991 1307 nec
3021 1264 3255 1321 persona
3284 1250 3427 1319 Filii,
3475 1265 3532 1310 ut
3571 1257 3766 1316 Patris

2174 1343 2406 1398 persona
2440 1345 2583 1399 esse,
2616 1334 2747 1390 nihil
2782 1352 2893 1406 pra:
2935 1334 2999 1395 se
3029 1341 3198 1409 cogit,
3232 1350 3343 1403 tum
3386 1345 3620 1411 habens,
3656 1350 3765 1407 hoc

2169 1431 2223 1477 et
2262 1423 2382 1478 istis
2426 1424 2478 1478 in
2516 1427 2617 1481 boc
2649 1427 2768 1482 loco
2811 1430 2913 1485 sibi
2948 1436 3081 1490 vult.
3126 1433 3303 1495 Unum
3350 1440 3503 1497 enim
3552 1444 3767 1512 princi-

2172 1515 2317 1585 pium
2347 1527 2428 1572 cst
2455 1529 2682 1593 sanctus
2713 1520 2973 1592 Spiritus.
3019 1524 3180 1586 Pater
3209 1539 3264 1583 ct
3313 1529 3522 1601 Filius;
3571 1545 3634 1590 ct
3666 1554 3765 1593 ue-

2168 1624 2276 1678 qne
2317 1608 2486 1665 Filius
2517 1611 2633 1669 sine
2668 1614 2852 1679 Patre,
2885 1632 3063 1689 neque
3098 1621 3214 1677 sine
3246 1620 3382 1678 Filio
3409 1624 3600 1681 Pater.
3636 1626 3758 1685 Non

2167 1701 2310 1759 enim
2338 1715 2485 1760 esset
2518 1708 2819 1774 procedens
2844 1708 3079 1781 Spiritus
3106 1722 3329 1772 sanctus
3356 1730 3372 1783 ;
3402 1719 3526 1787 quia
3566 1730 3756 1776 tanton

2167 1792 2334 1853 Pater
2358 1799 2477 1857 sine
2507 1815 2670 1856 causa
2705 1812 2807 1868 cst,
2840 1804 2941 1875 ipsi
2971 1820 3149 1865 causa:
3190 1823 3389 1868 nomen
3435 1826 3754 1883 separatum

2166 1898 2269 1951 Osi,
2300 1906 2421 1958 qua:
2453 1907 2613 1947 causa
2646 1895 2711 1950 ad
2757 1893 3016 1965 Spiritum
3044 1910 3297 1957 sanctum
3326 1903 3518 1972 relata,
3546 1906 3755 1969 Filium

482 1976 549 2016 ex
582 1962 741 2018 Patre
771 1979 870 2034 per
890 1964 1089 2021 Filium
1119 1976 1239 2034 est;
1271 1984 1391 2040 qua:
1413 1983 1534 2024 cum
1564 1969 1638 2025 ita
1668 1970 1800 2035 sint,
1821 1983 2069 2041 congruo
2162 1993 2381 2049 quoque
2425 1962 2865 2054 comprehendit,
2920 1990 3043 2063 quia
3086 2006 3191 2067 [per
3247 1994 3441 2055 Filium
3477 1962 3753 2068 procedit.

481 2054 656 2110 Filius
683 2070 747 2111 ac
780 2058 1015 2128 Spiritus
1049 2060 1115 2114 ad
1147 2075 1314 2114 unum
1346 2060 1672 2131 principium
1716 2060 1931 2116 Patrem
1977 2075 2062 2121 rc-

482 2148 757 2216 i’erunlur,
780 2160 837 2205 ut
864 2149 1035 2206 Filius
1069 2150 1288 2221 quidem
1326 2166 1573 2209 seorsum
1608 2167 1715 2208 non
1748 2152 1820 2208 sit
1848 2168 2013 2209 causa
2041 2171 2056 2208 :

479 2255 588 2295 non
636 2241 780 2294 enim
815 2250 898 2296 est
933 2241 1014 2297 vel
1042 2241 1231 2306 Filius,
1266 2243 1349 2297 vel
1379 2257 1719 2313 quaecunque
1749 2257 1910 2297 causa
1942 2245 2060 2301 sine

478 2332 672 2397 Patre;
710 2333 873 2389 Pater
902 2350 1028 2390 vero
1078 2352 1143 2392 ac
1192 2328 1360 2391 Filius
1392 2353 1495 2389 nua
1553 2350 1737 2399 causa,
1787 2351 2061 2408 unumque

478 2427 803 2497 principium
830 2429 900 2483 sit
927 2409 1150 2485 sanctus
1176 2429 1438 2500 Spiritus.
1639 2421 1648 2430 ’

549 2519 660 2576 Etsi
692 2519 862 2586 enim,
899 2530 957 2576 ut
986 2535 1149 2592 supra
1179 2519 1510 2577 declaratum
1542 2527 1646 2589 est,
1686 2534 1808 2578 esse
1832 2500 1998 2578 h'abet
2024 2535 2054 2575 a

477 2612 637 2675 Filio,
687 2614 755 2666 ab
811 2613 928 2682 ipso
972 2613 1178 2667 scilicet
1213 2627 1456 2677 sumens,
1498 2626 1563 2668 ac
1609 2613 1829 2683 penitus
1874 2628 1942 2668 ex
1990 2629 2055 2668 ea

475 2715 641 2754 (τειιιειι
692 2713 814 2756 eum
868 2703 1105 2772 pendere
1155 2704 1375 2773 pietatis
1425 2702 1567 2759 ratio
1604 2703 1791 2768 tradit,
1847 2712 1900 2758 et
1935 2718 2056 2775 quae

474 2792 579 2845 alia
615 2792 873 2862 praedicta
918 2802 1043 2847 sunt
1078 2812 1090 2848 :
1121 2794 1192 2848 οι)
1223 2793 1277 2848 id
1312 2805 1513 2858 tamen,
1554 2793 1698 2864 quod
1732 2793 1903 2852 Filius
1936 2794 2055 2866 qni-

473 2887 595 2939 dum
642 2888 712 2939 sit
745 2902 809 2941 ex
856 2887 1017 2941 Patre
1052 2887 1170 2945 sine
1202 2877 1405 2953 médio,
1445 2885 1680 2958 Spiritus
1728 2897 1907 2942 alitem
1955 2901 2055 2958 per

474 2978 669 3035 Filium
711 2982 991 3048 procedat,
1020 2993 1086 3033 ac
1121 2993 1219 3048 per
1247 2978 1423 3050 ipsum
1457 2977 1606 3033 Patri
1638 2978 2000 3048 coniungatur
2038 2998 2050 3032 :

473 3073 729 3139 quodque
760 3068 883 3125 Filii
930 3070 1115 3125 omnia
1161 3071 1230 3131 ad
1280 3068 1497 3125 Patrem
1531 3067 1862 3155 referantur,
1894 3069 2056 3126 Pater

472 3179 635 3215 muuu
668 3163 840 3218 sancti
889 3163 1131 3234 Spiritus
1158 3162 1485 3233 principium
1524 3162 1754 3228 dicetur,
1797 3165 2052 3234 quocirca

470 3261 621 3309 solus
655 3272 868 3324 quoque
900 3256 1022 3311 iens
1069 3255 1289 3311 deitatis
1328 3255 1505 3311 dictus
1555 3264 1671 3320 est;
1708 3254 1941 3325 fonsque
1993 3265 2047 3310 et

467 3348 624 3412 radix
656 3345 778 3401 Filii
812 3358 866 3402 et
921 3347 1180 3417 Spiritus,
1214 3356 1269 3402 et
1302 3346 1452 3402 solus
1497 3360 1663 3401 causa
1699 3343 1807 3399 dici
1844 3355 2043 3417 potest,

470 3439 612 3505 quod
649 3440 779 3492 nihil
829 3447 955 3495 ante
986 3456 1044 3495 se
1074 3442 1367 3510 cogitatum
1409 3440 1624 3510 habeat,
1654 3452 1816 3513 atque
1849 3441 1914 3494 ad
1962 3439 2045 3510 ip-

468 3546 589 3584 sum
643 3530 950 3585 referantur
994 3535 1199 3589 omnia.
1246 3532 1399 3589 Unde
1449 3543 1505 3591 et
1536 3550 1768 3607 magnus
1815 3533 2044 3588 Basilius

465 3622 675 3678 diccbat
718 3642 732 3679 :
789 3621 1076 3680 Naturalis
1135 3627 1362 3696 bonitas,
1411 3638 1461 3683 et
1496 3628 1641 3701 regia
1691 3628 1931 3698 dignitas
1979 3642 2044 3681 ex

469 3715 630 3770 Patre
660 3733 751 3785 per
794 3715 1137 3787 Unigem'tum
1186 3721 1257 3773 ad
1304 3718 1505 3774 Filium
1547 3718 1846 3791 pertingit:
1886 3721 1959 3775 ita
1990 3727 2046 3775 ei

462 3798 797 3864 stilistaritias
857 3807 1117 3876 fatemur,
1187 3813 1445 3883 piumque
1500 3811 1645 3867 unici
1703 3814 2043 3885 principatus

461 3902 651 3969 dogma
686 3915 791 3955 non
829 3902 1050 3957 decidit.
1208 3971 1225 3987 ι
1452 3968 1461 3973 _

531 3993 846 4048 Consultant
875 3995 1098 4065 quidem
1135 4006 1190 4052 et
1218 3997 1321 4052 ista
1350 3997 1684 4069 praeteritis;
1731 4012 1921 4054 verum
1970 4014 2039 4056 ne

462 4087 512 4137 id
543 4084 761 4155 quidem
803 4086 1074 4154 dissentit,
1120 4088 1264 4159 quod
1317 4091 1584 4162 sequitur.
1617 4091 1752 4148 Nam
1798 4092 1981 4151 dicere
2018 4113 2036 4157 :

461 4177 748 4247 Propterea
789 4189 836 4232 et
863 4177 999 4233 Filio
1022 4182 1302 4246 procedere
1336 4182 1610 4250 dixerunt,
1636 4192 1693 4240 ut
1729 4200 1823 4255 per
1859 4186 2033 4255 ipsum

458 4270 606 4322 ilum
646 4274 942 4341 'prored’ere
973 4273 1359 4343 signiﬁcarent,
1411 4274 1548 4333 nihil
1578 4288 1661 4333 est
1692 4276 1838 4333 aliud
1871 4290 2035 4347 quam

456 4367 642 4417 dicere
669 4381 681 4415 :
712 4362 921 4420 idcirco
952 4381 1015 4420 ex
1050 4363 1188 4419 Filio
1211 4368 1483 4437 procedit,
1507 4370 1635 4441 quia
1663 4368 1911 4441 procedit
1938 4385 2036 4441 per

426 4452 649 4509 ,Γιιίιιιιι
686 4473 699 4509 :
728 4460 853 4526 quia
890 4458 1034 4511 enim
1069 4470 1165 4528 per
1189 4455 1385 4514 Filium
1413 4460 1680 4531 procedit,
1714 4461 2035 4541 naturaliter

2161 2068 2297 2124 Nam
2349 2090 2412 2126 cx
2455 2072 2615 2130 Patre
2664 2080 2981 2146 procedere.
3027 2082 3279 2147 doctores
3334 2104 3431 2156 pro
3484 2106 3551 2148 eo
3591 2109 3753 2149 accc-

2164 2173 2382 2229 perunt,
2446 2169 2588 2235 quod
2650 2178 2734 2227 est
2785 2183 2849 2231 ex
2917 2171 3078 2232 Patre
3132 2190 3232 2249 per
3291 2177 3485 2235 Filium
3551 2198 3751 2253 proce-

2162 2252 2312 2309 dere.

2233 2392 2325 2451 Sic
2373 2396 2582 2466 itaque,
2634 2409 2688 2455 et
2736 2415 2861 2471 quia:
2908 2404 2959 2458 in
3006 2406 3268 2475 pradicta
3300 2410 3530 2480 cpistola
3569 2415 3749 2482 posita
3810 2445 3823 2450 -

2160 2497 2307 2553 sunt,
2344 2489 2562 2544 veritati
2620 2501 2674 2547 et
2728 2494 2830 2549 sibi
2887 2495 2993 2566 ipsi
3041 2502 3371 2573 concinunt;
3426 2513 3479 2558 el
3539 2521 3667 2574 qua:
3719 2523 3747 2560 a

2166 2589 2359 2635 sancto
2408 2580 2612 2652 Cyrillo
2670 2583 2989 2659 Latinisque
3038 2592 3352 2651 doctoriims
3408 2597 3476 2653 de
3534 2599 3747 2670 Spiritu

2157 2681 2350 2726 sancto
2397 2672 2543 2727 dicta
2592 2685 2740 2741 sunt,
2803 2680 3164 2752 interroganti
3226 2680 3419 2744 saneto
3479 2676 3745 2758 ﬂasimo,

2161 2761 2396 2820 Romani
2433 2767 2824 2839 allegaverunt.
2859 2773 3193 2844 impossibile
3221 2795 3453 2852 namque
3476 2793 3583 2854 cst,
3633 2803 3747 2841 ma-

2158 2856 2363 2925 gistros
2415 2857 2695 2927 Ecclesiae,
2742 2879 2808 2920 ex
2868 2867 3006 2923 Filio
3057 2883 3182 2927 esse
3229 2882 3391 2945 atque
3440 2880 3745 2948 pret-edere

2161 2950 2422 3021 Spiritum
2463 2953 2671 3022 dicere,
2720 2968 2774 3013 et
2820 2976 3007 3018 rursus
3052 2978 3150 3034 per
3182 2964 3377 3023 Filium
3419 2984 3541 3027 esse
3577 2986 3744 3044 atque

2157 3044 2480 3114 procedere,
2513 3045 2714 3104 deinde
2768 3065 2990 3108 causam
3043 3070 3073 3110 a
3128 3056 3267 3115 Filio
3319 3060 3734 3131 anierre;'ltoc

2155 3132 2301 3187 enim
2357 3147 2442 3191 est
2476 3147 2662 3206 aperta
2714 3146 3096 3215 contradictio,
3124 3160 3471 3225 constatque,
3512 3159 3646 3226 quia
3683 3172 3737 3215 et

2078 3211 2124 3273 ϐ
2156 3225 2257 3296 ipsi
2284 3230 2749 3300 contradicentes,
2774 3239 2917 3307 quod
2942 3211 3141 3297 dicitur
3165 3259 3229 3299 ex
3261 3211 3396 3302 Filio
3418 3211 3738 3318 procedere.

2159 3328 2218 3373 nt
2244 3333 2355 3391 quo
2387 3338 2549 3381 causa
2574 3328 2934 3400 signiﬁcetur,
2970 3349 3074 3389 non
3111 3337 3437 3409 suscipiunt.
3477 3340 3559 3397 Ea:
3588 3348 3736 3400 enim

2157 3414 2490 3484 praepositio,
2527 3428 2582 3473 et
2620 3421 2856 3475 Inarime
2887 3422 2941 3477 in
2982 3423 3178 3482 divinis
3208 3430 3479 3498 persenis,
3503 3447 3736 3503 proces-

2155 3518 2276 3560 sum
2320 3522 2442 3561 cum
2485 3523 2655 3565 causa
2684 3516 3065 3585 commendat;
3096 3526 3149 3574 et
3180 3536 3292 3589 per,
3327 3531 3536 3579 tantum
3567 3527 3732 3590 valet.

2154 3612 2259 3652 non
2300 3598 2475 3653 solum
2511 3603 2660 3672 quia,
2718 3614 2774 3659 ιιι
2821 3606 3025 3663 dictum
3078 3620 3185 3679 est,
3242 3613 3295 3669 in
3344 3613 3544 3674 divinis
3593 3620 3734 3677 idem

2148 3690 2297 3746 valet
2331 3695 2476 3762 quod
2497 3710 2582 3763 ea,
2606 3697 2701 3752 sed
2726 3700 2850 3775 quia
2887 3702 3051 3757 etiam
3090 3718 3190 3773 per
3229 3721 3289 3762 se
3311 3708 3485 3778 ipsam
3520 3709 3577 3766 in
3608 3702 3733 3784 qtii-

2151 3782 2256 3839 bus
2289 3788 2614 3854 assumitur,
2647 3792 2850 3861 ubique
2903 3810 3124 3851 causam
3162 3798 3398 3870 indicat;
3444 3804 3558 3861 sive
3586 3782 3731 3863 enim

2146 3880 2727 3953 perlinstrumentum,
2761 3897 2823 3944 ut
2860 3901 2961 3961 per
2988 3906 3229 3961 causam,
3260 3898 3344 3952 vel
3380 3913 3561 3955 causas
3598 3917 3731 3957 con-

2148 3971 2380 4029 sortium
2411 3974 2667 4045 dicimus,
2701 3979 2816 4035 sive
2860 3997 2958 4053 per
2988 3982 3206 4054 locum;
3243 3989 3367 4057 quia
3401 4004 3564 4047 causa
3620 4010 3733 4053 mo-

2146 4070 2237 4118 tus
2289 4074 2373 4121 est
2421 4065 2609 4136 locus,
2665 4078 2720 4125 et
2768 4083 2950 4131 motus
2996 4077 3277 4135 omnis‘in
3333 4084 3728 4154 magnitudine,

2146 4162 2313 4224 atque
2342 4156 2603 4214 distantia
2631 4164 2955 4230 ;_simiiiter
2985 4176 3041 4221 ut
3090 4182 3187 4239 per
3209 4186 3431 4228 causam
3466 4176 3727 4243 dicimus,

2142 4245 2261 4298 sive
2297 4259 2396 4314 per
2421 4257 2634 4318 tempus
2665 4251 2851 4310 itidem
2898 4261 3311 4327 (tempus'enim
3338 4267 3507 4321 motui
3546 4269 3724 4338 pluri-

2145 4350 2292 4389 mum
2343 4339 2609 4414 confert);
2670 4344 2787 4400 sive
2845 4346 2899 4403 in
2956 4349 3291 4423 syllogismis
3321 4365 3564 4413 extrema
3632 4375 3725 4429 per

2143 4427 2383 4487 medium
2406 4436 2656 4491 connecti
2681 4438 2948 4510 dicimus;
2980 4453 3194 4500 constat
3222 4448 3347 4518 quia
3373 4460 3471 4520 per
3489 4427 3720 4508 mediam

455 4550 660 4605 “nam
724 4562 885 4618 nume
916 4550 1285 4607 essentiam”
1331 4528 1599 4621 ,πόρω-ει.
1643 4528 1719 4611 na
1753 4555 1952 4629 quin”:
1981 4536 2036 4617 ει
2068 4573 2111 4628 Β
2143 4528 2714 4629 causam,,secundutn
2739 4533 2906 4589 animi
2949 4542 3144 4605 totum,
3177 4538 3293 4595 sive
3330 4546 3721 4615 transgressio-

451 4645 711 4695 csscntim
754 4641 1088 4712 Conjnttctin,
1132 4650 1186 4697 ct
1234 4645 1753 4705 incommutabilitas
1791 4647 2035 4705 declarato

454 4735 603 4787 bitur
640 4750 653 4787 :
691 4735 833 4803 quod
870 4745 1049 4789 autem
1096 4750 1191 4803 per
1231 4736 1449 4804 aliquod
1498 4737 1842 4805 naturaliter,
1871 4747 2034 4815 atque

451 4826 821 4901 cssentialiter
846 4829 1045 4896 prodit,
1074 4844 1139 4883 cs
1182 4828 1300 4902 ipso
1331 4828 1492 4885 etiam
1541 4830 1900 4889 substantiam
1933 4835 2034 4891 ba-

454 4920 570 4973 itel.
600 4916 788 4987 Itaque
814 4935 916 4989 per
940 4917 1136 4975 Filium
1190 4923 1426 4995 prodite,
1460 4924 1601 4979 idem
1646 4927 1897 4996 estquod
1937 4940 2033 4997 per

453 5010 652 5083 Filium
707 5013 1036 5078 procedere;
1094 5014 1197 5069 hoc
1247 5016 1389 5070 enim
1437 5016 1641 5075 iudicat
1692 5034 1788 5090 per
1837 5021 2030 5089 Filium

456 5107 658 5163 habere
689 5107 1082 5176 substantiam;
1120 5111 1261 5176 quod
1305 5111 1470 5178 igitur
1508 5110 1765 5180 superius
1808 5129 2028 5183 proces-

452 5199 667 5255 sionem
695 5198 1005 5268 appellavit,
1033 5199 1133 5255 llOC
1160 5199 1213 5255 in
1237 5202 1693 5272 consequentibus
1712 5218 1813 5273 per
1836 5204 2028 5265 Filium

451 5293 690 5362 prodire,
724 5310 786 5347 ac
816 5292 1112 5359 procrt’lt're
1148 5292 1301 5347 dixit.

520 5387 747 5441 CIJiislal
774 5401 903 5454 ergo
930 5397 980 5440 et
1029 5402 1093 5439 ex
1128 5387 1234 5449 his,
1276 5402 1337 5441 cx
1370 5384 1509 5461 Filio
1542 5387 1837 5461 procedere
1884 5392 2028 5461 quod

447 5477 669 5538 dicitur,
732 5475 875 5531 idem
934 5491 1054 5531 csse
1102 5478 1243 5547 quod
1300 5494 1398 5547 per
1449 5474 1677 5537 Filium.
1710 5484 2027 5550 procedere.

448 5570 619 5623 Porro
650 5570 751 5627 ista
784 5570 948 5629 etiam
983 5579 1108 5624 ante
1140 5584 1267 5626 sunt
1304 5573 1468 5629 dicta.
1501 5573 1603 5631 Sed
1632 5583 1687 5630 et
1723 5575 1852 5634 illud
1887 5593 2025 5648 quo-

446 5678 552 5725 que.
599 5664 1025 5717 demonstratum
1058 5674 1161 5728 est,
1210 5666 1349 5732 quod
1390 5668 1639 5722 essentiae
1670 5667 1789 5724 Filii
1825 5671 1890 5723 ad
1918 5671 2025 5725 Pa~

448 5768 585 5810 trem
634 5754 921 5817 identitas,
951 5758 1131 5809 omnia
1167 5755 1346 5811 Patris
1392 5756 1589 5813 Filium
1638 5760 1840 5816 habere
1872 5762 2022 5831 facit,

448 5858 643 5922 przetcr
689 5850 862 5906 solum
912 5850 1131 5907 Patrem
1185 5866 1327 5908 esse.
1381 5854 1559 5922 Atque
1616 5855 1803 5908 eodem
1841 5857 2023 5923 modo,

2141 4634 2262 4674 nem
2290 4614 2581 4692 contingit.

2209 4757 2442 4813 Prorsus
2498 4774 2624 4813 vero
2658 4760 2915 4829 possibile
2955 4776 3064 4821 non
3096 4773 3186 4825 est
3222 4778 3283 4825 ut
3313 4785 3435 4827 cum
3485 4772 3718 4829 dicimus

2136 4866 2250 4919 per,
2287 4866 2390 4905 non
2447 4850 2610 4905 etiam
2666 4852 2903 4923 aliquam
2956 4872 3180 4915 causam
3230 4876 3339 4919 una
3372 4863 3712 4935 cogitemus;

2138 4942 2393 5011 quoniam
2446 4941 2612 5011 igitur
2648 4958 2747 5015 per
2781 4944 2977 5011 Filium
3037 4950 3256 5019 prodire
3306 4968 3374 5010 ac
3419 4959 3715 5026 procedere

2135 5033 2336 5089 dicitur
2365 5033 2600 5105 Spiritus
2627 5049 2869 5116 sanctus,
2906 5057 3122 5101 causam
3155 5046 3401 5115 profecto
3432 5060 3488 5104 et
3519 5048 3709 5107 Filium

2080 5186 2101 5199 κ
2136 5142 2258 5191 csse
2297 5130 2613 5189 necessario
2644 5133 2805 5191 datur
2832 5136 3085 5206 intelligi.
3113 5136 3183 5193 Et
3212 5140 3377 5199 simul
3407 5151 3626 5200 constat
3655 5154 3712 5199 ut

2136 5220 2551 5281 substantisiem
2576 5239 2834 5296 cauum;
2863 5228 3069 5300 quippe
3092 5232 3161 5287 ab
3181 5233 3289 5289 illis
3308 5248 3706 5303 consummata,

2135 5321 2191 5369 et
2224 5310 2542 5380 plenissima
2603 5313 2953 5393 perfectione,
2999 5334 3324 5391 summaque
3374 5325 3442 5379 ad
3493 5325 3705 5384 Patrem

2132 5400 2460 5471 aequalitate,
2494 5404 2610 5463 sive
2658 5405 2866 5467 unitate
2918 5408 3232 5477 longissime
3286 5424 3553 5473 remotqu
3602 5433 3705 5483 est,

2134 5492 2330 5553 Filium
2367 5495 2786 5557 instrumentum
2820 5516 3042 5569 ponere,
3071 5517 3167 5559 seu
3200 5504 3401 5573 locum,
3430 5524 3529 5565 seu
3562 5521 3706 5569 tem-

2134 5598 2253 5652 pus,
2288 5593 2380 5641 aut
2433 5584 2669 5655 aliquam
2713 5589 3111 5660 imperfectam,
3161 5603 3217 5649 et
3251 5595 3482 5656 alterius
3518 5616 3706 5657 essen-

2134 5677 2221 5733 tia:
2255 5693 2510 5745 causam;
2549 5680 2592 5739 si
2642 5681 2787 5737 cnim
2837 5682 2889 5739 in
2918 5685 3211 5750 creaturis,
3253 5705 3413 5745 unam
3462 5707 3700 5758 causam,

2133 5784 2295 5822 unum
2329 5781 2656 5838 creatorem,
2697 5790 2863 5831 unum
2920 5776 3156 5846 Patrem,
3190 5788 3247 5835 et
3305 5782 3501 5839 Filium
3555 5802 3702 5841 cont-

2134 5860 2350 5915 tnrndat
2402 5879 2515 5931 per,
2567 5865 2735 5924 multo
2779 5883 2912 5926 sane
2949 5872 3223 5942 ιιιοείειὶιι
3253 5876 3698 5934 consubstantiali
