3984 6550
272 379 347 442 163

1156 381 1552 442 auvensus
1586 371 2005 446 (λιπαρεῖς
2027 389 2082 446 n.
2133 389 2183 446 il
2205 389 2244 447 ι.

3372 403 3472 468 166

264 499 323 551 eis
344 495 528 564 Spiritu
577 505 766 548 sancto
809 511 970 549 unam
1017 513 1254 583 cqusam.
1281 513 1556 568 unumque
1589 494 1787 568 piinci-
1816 506 1858 563 Α
1892 506 1992 558 ista
2028 507 2343 566 distributio
2372 531 2382 563 :
2422 513 2472 563 in
2513 512 2673 569 Patre
2705 515 2947 583 quidem,
2982 530 3078 584 per
3101 515 3198 568 ista
3253 533 3468 573 causam

264 586 396 657 piunt,
442 584 645 638 Patrem
688 599 738 637 ct
783 583 981 639 Filium
1022 592 1384 643 commendat.

316 680 512 749 Magnus
578 691 840 748 pra-terea
915 681 1143 736 Basilius
1209 685 1276 735 ad
1339 683 1778 752 Amphilochium

263 769 484 832 scribens,
510 784 632 838 cap.
665 770 720 833 8,
757 770 836 824 sic
860 771 973 824 ait:
1020 769 1171 836 Quod
1213 789 1304 842 per
1353 771 1554 827 Filium
1602 791 1780 829 creare

268 859 394 913 Pater
414 861 620 924 dicitur,
657 878 818 931 neque
850 863 1210 932 imperfectam
1258 867 1584 919 commendat
1633 883 1779 921 crea-

262 951 412 1003 tionem
436 949 650 1014 Patris;
693 950 854 1020 neque
879 954 1162 1008 invalidam
1201 955 1328 1009 Filii
1361 957 1683 1025 cﬂicientiam
1709 960 1784 1012 si-

261 1037 387 1113 gnat,“
469 1047 559 1096 sed
629 1046 989 1099 unitissimam
1054 1049 1383 1103 commendat
1440 1050 1780 1106 voluntatem.

262 1136 404 1201 Itaque
437 1149 532 1188 vox
589 1135 716 1198 ista,
776 1153 871 1205 per
927 1136 1151 1204 Filium,
1207 1154 1385 1194 causa:
1446 1151 1572 1196 ante
1623 1157 1781 1196 omne

259 1227 557 1296 principium,
589 1225 988 1284 confessionem
1032 1229 1227 1295 habet;
1286 1249 1389 1286 non
1429 1232 1478 1286 in
1517 1233 1774 1302 praedica~

259 1328 402 1371 urente
427 1333 600 1374 causa:
632 1322 1022 1377 conditionalis
1069 1325 1390 1378 assumitur.
1422 1322 1576 1378 Patet
1614 1325 1780 1395 igitur

257 1415 368 1481 quod
419 1415 465 1467 in
523 1415 796 1470 creaturis
825 1415 1042 1484 quidem
1089 1433 1203 1486 per,
1241 1417 1584 1472 commendat
1618 1419 1772 1472 unio-

256 1521 349 1558 nem
374 1506 693 1572 voluntatis;
738 1507 790 1561 in
822 1517 1010 1562 sancto
1054 1507 1236 1564 autem
1282 1509 1489 1578 Spiritu
1523 1511 1776 1566 unionem

256 1595 395 1649 Patris
423 1607 473 1650 et
498 1595 646 1661 Filii,
683 1599 982 1653 secundum
1020 1599 1432 1655 substantialem
1463 1610 1775 1668 processum

253 1689 392 1741 sancti
417 1687 649 1758 Spiritus
681 1690 948 1754 insinuat,
988 1693 1284 1745 secundum
1322 1705 1480 1761 quem
1515 1707 1578 1745 ex
1617 1689 1778 1746 Patre

256 1794 331 1843 per
355 1775 535 1832 Filium
587 1780 809 1849 prodire
846 1795 910 1836 ac
951 1789 1245 1848 procedere
1292 1785 1576 1845 asseritur,
1609 1793 1663 1836 et
1711 1798 1775 1836 ex

255 1871 381 1926 Patre
411 1887 468 1926 ac
497 1870 632 1926 Filio
669 1874 983 1942 procedere.
1023 1872 1276 1934 Pluribus
1306 1872 1472 1943 igitur
1505 1888 1569 1928 ex
1603 1875 1774 1944 parti:
1812 1861 1850 1916 Β

257 1963 336 2017 bus
359 1963 650 2017 ostenditur
676 1962 893 2019 Patrem
922 1971 976 2019 et
1005 1962 1196 2019 Filium
1230 1981 1395 2020 unum
1435 1979 1552 2020 esse
1574 1965 1773 2034 princi-

255 2057 391 2124 pium,
438 2072 705 2127 unamque
751 2072 974 2114 causam
1023 2057 1258 2129 Spiritus
1306 2053 1481 2114 saniti
1524 2059 1776 2114 :dictum

251 2159 496 2204 esttamen
525 2149 804 2206 Romanos
848 2151 1042 2206 Filium
1097 2166 1201 2205 non
1247 2166 1470 2206 causam
1514 2151 1770 2221 Spiritus.

255 2257 433 2316 propter
461 2260 524 2301 ea
555 2260 678 2318 qua:
721 2247 982 2316 praedicta
1020 2256 1172 2313 sunt,
1207 2247 1404 2300 facere.
1434 2245 1656 2300 Constat
1680 2262 1776 2299 au-

253 2345 336 2390 tem
375 2353 431 2391 ex
476 2339 584 2402 bis,
629 2350 684 2391 et
733 2339 860 2407 quia
896 2353 961 2393 ex
1013 2339 1149 2394 Filio
1180 2339 1477 2406 procedere
1509 2339 1773 2406 Spiritum

252 2436 456 2480 sanctum
480 2441 586 2481 non
623 2427 729 2481 ulla
757 2429 980 2483 novitas
1005 2437 1110 2492 est,
1139 2443 1318 2497 neque
1354 2439 1494 2482 nova
1522 2426 1774 2493 adiectio.

257 2527 301 2568 ut
342 2519 545 2584 quidam
602 2528 936 2573 asseverant.
971 2517 1104 2573 Nam
1144 2530 1197 2574 et
1243 2520 1575 2588 temporibus
1606 2521 1775 2574 sancti

252 2606 486 2666 Ilasiinia
526 2608 738 2665 Latinis
766 2610 843 2665 ita
887 2611 1212 2681 legebatur:
1257 2612 1337 2664 Ad
1383 2628 1533 2682 quem
1565 2621 1776 2665 sancto-

251 2717 344 2754 τινα
365 2703 720 2774 aurigationes,
743 2713 798 2758 ut
825 2704 938 2773 ipse
961 2705 1056 2769 ait,
1083 2703 1205 2759 huic
1226 2707 1497 2760 sententia:
1517 2721 1777 2774 congruas

249 2794 557 2859 protulerunt.

305 2887 476 2942 Paucis
503 2902 628 2942 vero
661 2887 1015 2959 interpositis,
1051 2888 1102 2942 in
1134 2888 1321 2944 eadem
1349 2888 1601 2956 epistola,
1637 2887 1776 2944 idem

250 2989 431 3033 sanctus
473 2979 693 3048 adjecit,
734 2979 1062 3040 concludens
1104 2997 1119 3036 :
1170 2978 1437 3034 Romanos
1462 2979 1533 3060 de
1560 2981 1640 3034 his
1669 2981 1779 3034 sine

250 3075 423 3127 ratione
453 3075 679 3142 culpari.
717 3073 914 3142 Liquet
947 3074 1134 3146 igitur,
1169 3084 1222 3129 et
1242 3074 1418 3143 ipsum
1455 3075 1776 3144 approbare,

252 3173 366 3235 quod
387 3169 595 3234 dicitur,
636 3166 895 3238 Spiritum
925 3179 1170 3222 sanctum
1203 3181 1267 3223 ex
1307 3166 1440 3221 Filio
1466 3158 1776 3237 procedere,

252 3275 420 3330 eosque
441 3261 526 3330 qui
561 3261 636 3314 ita
669 3260 935 3323 dicerent,
976 3261 1220 3327 laudare,
1259 3270 1313 3314 et
1343 3262 1433 3329 qui
1469 3262 1778 3329 cuiparent,

254 3352 552 3406 insimulare.
612 3351 806 3407 Essent
861 3361 1041 3407 autem
1097 3367 1235 3408 sane
1294 3353 1640 3420 ineptissimi,
1690 3354 1779 3422 qui

258 3455 440 3514 propter
465 3446 514 3500 id
546 3447 694 3516 quod
721 3445 927 3500 dictum
952 3457 1034 3500 est
1061 3458 1079 3498 τ
1115 3445 1197 3499 Ea:
1231 3443 1375 3499 Filio
1400 3462 1502 3500 non
1531 3447 1777 3506 dicimus,

253 3548 436 3590 causam
466 3537 640 3592 sancti
680 3535 916 3607 Spiritus
956 3551 985 3591 a
1032 3535 1170 3592 Filio
1202 3538 1426 3593 omnino
1453 3537 1778 3603 auferentes,

254 3639 304 3678 et
345 3639 400 3678 eo
427 3628 562 3695 quod
598 3626 865 3680 asseritur
889 3639 954 3681 ex
994 3628 1111 3695 ipso
1139 3626 1456 3698 procedere,
1490 3629 1626 3682 hanc
1676 3644 1778 3680 non

253 3718 313 3772 illi
357 3717 589 3784 reddunt,
638 3733 764 3772 cum
813 3719 951 3772 hanc
990 3719 1358 3788 processionls
1387 3719 1675 3774 dictionem
1727 3731 1782 3776 et

256 3809 336 3876 ipsi
357 3809 576 3878 Spiritus
616 3809 790 3867 salicti
836 3810 1202 3865 substantiam
1238 3810 1621 3864 commendare
1651 3809 1782 3864 deli-

253 3903 392 3956 niaut.
436 3903 505 3957 Ex
553 3904 658 3958 hoc
685 3903 830 3956 enim
863 3902 1241 3957 rationabilius
1278 3901 1352 3956 illi
1404 3915 1627 3957 causam
1661 3903 1782 3957 red-

254 3996 372 4058 dent,
398 4012 548 4066 quam
586 4010 684 4066 per
711 3993 844 4050 illud
877 3993 1145 4049 auferent.

306 4083 420 4138 Nam
445 4087 486 4142 si
521 4099 588 4141 ex
613 4083 777 4140 Patre
821 4085 1144 4154 procedere,
1203 4084 1344 4154 quod
1375 4077 1624 4148 dicitur,
1649 4100 1778 4141 cau-

256 4193 348 4232 sam
369 4179 737 4233 commendare
757 4172 1105 4240 confitentur,
1164 4175 1434 4250 quomodo
1453 4193 1562 4233 nou
1615 4178 1777 4233 etiam

256 4268 436 4335 Filium,
463 4284 618 4324 unam
647 4281 772 4322 cum
813 4266 976 4323 Patre
1019 4283 1239 4322 causam
1301 4271 1476 4324 sancti
1540 4269 1780 4340 Spiritus

255 4359 472 4428 fatentur,
503 4375 622 4416 cum
659 4360 904 4426 audiant,
939 4361 1113 4430 ipsum
1177 4360 1340 4415 etiam
1371 4378 1434 4416 ex
1491 4362 1625 4418 Filio
1655 4379 1780 4433 pro-

255 4455 446 4510 cedere?
477 4455 582 4510 lmo
614 4469 765 4517 vero,
817 4454 1090 4524 quomodo
1141 4457 1208 4510 ad
1239 4468 1334 4510 eos
1392 4457 1632 4525 quidem,
1688 4458 1777 4525 qui

1888 600 2087 667 signari
2122 603 2318 664 dicere,
2357 603 2407 655 iu
2442 604 2574 658 Filio
2620 616 2796 661 autem
2825 607 2964 662 hanc
3015 623 3118 662 non
3147 609 3260 662 ita?

1959 695 2028 748 At
2058 695 2102 748 si
2125 711 2188 748 ex
2223 696 2355 750 Filio
2413 699 2706 765 procedere
2753 682 3381 756 consubstantialitatem
3413 713 3470 756 et

1888 783 1979 840 hic
2011 785 2306 862 signiﬁcari
2351 787 2561 854 dicunt,
2617 806 2808 862 nempe
2851 792 2992 845 sicut
3043 793 3276 862 Spiritus
3321 793 3466 847 Patri

1887 877 2362 932 consulistaulialis
2403 889 2504 944 est,
2533 883 2656 949 quia
2691 885 2933 949 procedit
2987 898 3050 938 ex
3095 884 3274 946 Patre,
3312 887 3382 937 ita
3413 897 3468 940 ct

1889 963 2024 1020 Filio
2053 969 2531 1023 consubstantialis
2558 979 2659 1037 est,
2708 973 2833 1040 quia
2883 974 3127 1040 procedit
3187 990 3250 1028 ex
3293 975 3466 1041 Filio;

1889 1071 2014 1110 nam
2047 1067 2104 1112 et.
2131 1057 2295 1112 Filius
2327 1061 2805 1117 coosnbstantialis
2832 1075 2916 1118 est
2967 1063 3141 1130 Patri,
3210 1070 3463 1135 quoniam

1888 1162 1953 1202 ex
1984 1148 2102 1217 ipso
2155 1161 2257 1212 σει,
2323 1152 2589 1219 siquidem
2643 1168 2774 1207 vera
2835 1156 3186 1224 prosequitur
3238 1174 3465 1228 magnus

1890 1237 2120 1294 Basilius
2147 1241 2367 1296 dicens:
2408 1238 2577 1297 Porro
2611 1245 2848 1299 essentia:
2896 1245 3166 1315 identitas,
3220 1251 3342 1319 quia
3387 1261 3464 1303 est

1886 1345 1950 1383 ex
1975 1330 2134 1394 Patre
2183 1330 2372 1386 Filius.

1958 1425 2258 1476 Attestatur
2302 1423 2384 1478 his
2443 1433 2498 1479 et
2552 1425 2784 1497 Cyrillus
2845 1427 3225 1483 beatissimus:
3295 1428 3462 1483 Nasci

1884 1516 2044 1576 enim,
2071 1514 2267 1582 inquit,
2302 1531 2367 1568 ea:-
2400 1515 2559 1571 Patre
2586 1533 2675 1585 per
2696 1515 2918 1583 Filium,
2938 1519 3126 1572 invitos
3160 1536 3249 1572 nos
3279 1522 3461 1588 etiam,

1886 1622 1947 1658 ac
1978 1605 2252 1660 renitentes
2283 1615 2448 1675 coget,
2482 1607 2561 1660 illi
2581 1607 3181 1663 consubstantialitatem
3214 1610 3451 1664 reddere.

1885 1697 1992 1752 Sed
2025 1709 2078 1752 et
2121 1700 2264 1768 quod
2298 1714 2392 1768 per
2431 1700 2578 1754 illum
2600 1701 2818 1769 prodire
2860 1701 3080 1766 dicitur,
3122 1716 3460 1770 nequaquam

1884 1790 2132 1843 assentire
2183 1791 2641 1858 conjunctionem,
2678 1792 3280 1864 immutabilitalemque
3316 1810 3462 1849 com-

1882 1880 2186 1946 meudaret,
2222 1882 2320 1935 nisi
2347 1898 2441 1951 per
2467 1882 2658 1936 Filium
2712 1884 2913 1939 habere
2934 1885 3292 1940 substantiam
3318 1889 3460 1954 quod

1881 1973 2218 2040 procederet,
2245 1982 2800 2044 praesupponeretur;
2840 1992 2963 2030 nam
2988 1979 3127 2046 quod
3164 1965 3234 2032 ita
3287 1968 3462 2048 prodit

1882 2065 2190 2120 necessario
2225 2066 2385 2121 etiam
2447 2067 2909 2124 consubstantiale
2941 2078 3046 2134 est,
3089 2071 3356 2136 siquidem
3404 2081 3459 2124 et

1880 2155 1934 2210 in
1968 2159 2084 2212 loco
2121 2174 2284 2214 verax
2313 2171 2394 2214 est
2423 2172 2645 2215 Sanctus
2677 2161 2939 2216 Maximus
2967 2163 3189 2218 dicens:
3222 2163 3459 2231 Spiritus

1883 2258 2108 2303 sanctus
2157 2249 2314 2304 sicuti
2345 2250 2678 2307 naturaliter
2709 2253 3001 2306 secundum
3053 2257 3340 2308 essentiam
3365 2254 3456 2306 Dei

1879 2349 1933 2394 et
1981 2340 2161 2395 Patris
2195 2353 2296 2400 est.
2325 2342 2396 2395 ita
2429 2352 2480 2396 et
2513 2342 2631 2397 Filii
2663 2344 2962 2399 secundum
2997 2348 3297 2401 essentiam
3349 2359 3455 2410 est,

1881 2434 2061 2505 utqui
2097 2449 2162 2488 ex
2209 2434 2370 2489 Patre
2413 2436 2780 2491 essentialiter
2819 2453 2913 2504 per
2967 2437 3162 2494 Filium
3215 2442 3455 2510 genitum

1881 2524 2224 2581 ineﬂ‘abiliter
2252 2527 2548 2598 procedat;
2583 2538 2804 2597 propter
2843 2529 2946 2584 hoc
2993 2531 3160 2598 igitur
3223 2533 3458 2586 consub-

1880 2617 2147 2671 stantialis
2175 2625 2252 2672 est
2283 2615 2440 2682 Filio,
2461 2618 2586 2688 quia
2611 2633 2708 2688 per
2734 2619 2877 2671 illum
2909 2622 3148 2689 procedit
3172 2637 3235 2673 ex
3259 2621 3459 2687 Patre;

1881 2708 1980 2762 hoc
2006 2718 2184 2762 autem
2219 2708 2358 2764 idem
2386 2724 2505 2765 esse
2539 2711 2678 2779 quod
2721 2725 2781 2764 ex
2823 2710 2958 2766 Filio
2999 2714 3306 2781 procedere,
3335 2713 3448 2782 pitt-

1883 2801 2034 2853 rimis
2061 2814 2124 2853 cx
2157 2799 2288 2855 locis
2327 2799 2756 2855 demonstratum
2807 2811 2914 2856 est.

1950 2889 2238 2946 Enimvero
2269 2892 2440 2946 multo
2473 2894 2649 2946 minus
2675 2893 2783 2947 illis
2849 2895 3066 2948 confert
3122 2894 3214 2949 illa
3275 2893 3459 2949 Basilii

1880 2985 2168 3049 sententia,
2234 2999 2394 3053 quam
2457 2994 2517 3040 ut
2595 3000 2809 3039 murum
2884 2987 3347 3058 inexpugnabilem
3405 2991 3458 3042 in

1881 3075 1995 3128 suis
2019 3077 2471 3145 disputationibus
2523 3089 2860 3148 pra-ponunt.
2895 3073 2983 3134 Ait
3025 3083 3254 3151 denique
3317 3096 3447 3137 sau—

1881 3179 2000 3222 etus
2030 3168 2147 3222 vir:
2187 3165 2361 3238 Gignt’t
2399 3168 2561 3233 Deus,
2598 3186 2699 3222 non
2737 3181 2790 3223 ut
2821 3170 3010 3235 homo;
3040 3173 3204 3243 gignit
3267 3184 3438 3227 autem

1887 3261 2310 3332 vere;quodque
2342 3272 2523 3316 natum
2554 3274 2626 3316 est
2663 3278 2727 3316 ea:
2757 3280 2835 3327 eo,
2869 3264 3072 3317 verbum
3120 3281 3223 3318 non
3275 3266 3460 3320 Imma-

1885 3371 2006 3409 nunt
2027 3357 2291 3424 exprimit.
2327 3352 2529 3410 Premit
2563 3366 2735 3409 autem
2769 3353 2990 3410 Verbum
3020 3374 3194 3413 verum
3219 3374 3282 3412 ex
3308 3361 3458 3429 ipso;

1883 3447 2075 3500 emittit
2101 3445 2356 3512 Spiritum
2393 3462 2486 3516 per
2533 3463 2614 3510 os,
2677 3464 2780 3501 non
2836 3461 2890 3502 ut
2944 3453 3260 3512 humanum,
3323 3453 3449 3522 quin

1884 3552 2044 3603 neque
2072 3535 2163 3590 Dei
2190 3553 2244 3590 os
2271 3536 2614 3598 corporaliter
2641 3545 2736 3592 est.
2763 3536 2845 3590 Ex
2864 3539 2977 3607 ipso
3001 3549 3173 3594 autent
3201 3541 3455 3609 Spiritus,

1885 3646 1986 3682 non
2013 3629 2224 3682 aliunde
2245 3639 2340 3682 est.
2398 3628 2634 3683 Primum
2664 3629 2714 3683 in
2780 3629 2864 3684 his
2911 3640 3099 3687 uolare
3144 3637 3452 3697 convenit,

1883 3721 2006 3791 quia
2035 3737 2288 3791 promere,
2318 3722 2372 3777 in
2411 3720 2532 3775 Filii
2559 3722 2888 3788 substantia,
2950 3730 3172 3779 sanctus
3224 3726 3455 3793 accepit.

1954 3810 2087 3866 Nam
2121 3814 2188 3867 de
2218 3812 2671 3870 substantialibus
2733 3814 3073 3883 processibus
3099 3815 3200 3872 hoc
3229 3816 3278 3871 in
3338 3816 3463 3873 loco

1881 3904 1957 3959 illi
1991 3919 2171 3960 sermo
2208 3915 2324 3971 est;
2353 3905 2494 3960 sicut
2518 3915 2572 3959 et
2596 3905 2879 3976 theologus
2904 3884 3198 3978 Gregorius
3227 3925 3448 3965 ernaaa-

1883 4000 2084 4051 tionem
2116 3998 2496 4065 sempiternam
2517 3997 2875 4052 substantiam
2902 3997 3065 4052 dixit.
3099 3999 3165 4054 Et
3199 4000 3460 4070 quoniam

1883 4091 2002 4141 dntc
2027 4103 2380 4157 personarum
2409 4089 2724 4143 substantia:
2757 4098 2900 4151 sunt,
2929 4090 3269 4160 invicemque
3296 4091 3440 4146 diti‘e-

1886 4191 2085 4245 rentes,
2119 4181 2259 4234 idem
2289 4180 2538 4248 protinus
2596 4181 2831 4250 adjecib:
2874 4180 3241 4237 Emanationis
3299 4186 3463 4252 di/fe-
3545 4189 3554 4194 ’

1856 4274 2049 4344 _rentia
2079 4272 2402 4341 diﬁcrentem
2425 4272 2581 4325 etiam
2605 4272 2823 4324 illorum
2865 4273 3266 4340 appellationem
3300 4276 3456 4342 fecit,

1884 4363 2174 4419 utscilicet
2212 4363 2348 4417 alius
2381 4363 2596 4432 quidem
2634 4370 2776 4416 esset
2826 4361 3015 4428 Filius,
3076 4363 3212 4417 alius
3272 4375 3460 4423 autem.

1883 4455 2114 4524 Spiritus
2146 4467 2392 4509 sanctus.
2447 4457 2632 4523 itaque
2685 4469 2806 4508 cum
2880 4452 3137 4523 Spiritum
3204 4464 3450 4510 sanctum

258 4547 338 4603 hoc
368 4547 914 4615 dicunt,eﬂerantnr;
965 4547 1170 4602 sanctis
1212 4539 1393 4601 autem
1429 4547 1498 4601 ita
1557 4549 1781 4603 dicenti-
1816 4555 1856 4608 D
1887 4560 2138 4614 promere
2173 4545 2384 4599 dicatur
2409 4543 2598 4610 Filius,
2664 4553 2740 4608 et,
2795 4545 2921 4613 quia
2971 4545 3040 4599 ab
3098 4559 3162 4600 eo
3221 4547 3470 4616 Spiritus

257 4638 352 4701 bus,
396 4655 489 4694 non
523 4639 938 4694 contradicunt?
969 4639 1123 4707 Quod
1154 4639 1196 4693 si
1255 4655 1319 4693 ex
1365 4637 1502 4693 Filio
1551 4653 1671 4694 esse
1717 4655 1778 4694 ac

257 4732 522 4799 procedere,
550 4746 670 4784 cum
702 4731 1015 4785 doctoribus
1057 4731 1322 4797 ecclesia,
1367 4741 1419 4786 et
1447 4728 1642 4786 sancto
1663 4731 1779 4784 Ma-

259 4822 392 4889 ximo,
417 4833 464 4877 et
503 4823 779 4887 Bouianis,
834 4825 925 4893 qui
963 4837 1128 4891 super
1158 4823 1260 4878 hoc
1275 4833 1607 4879 sanctorum
1631 4824 1777 4880 dicta

262 4915 568 4980 protulerunt,
602 4910 688 4969 vel
716 4915 893 4970 coaeti
931 4915 1256 4984 suscipiimt,
1283 4931 1389 4970 non
1443 4921 1621 4970 tamen
1683 4931 1780 4984 per

262 5006 552 5061 hec-causam
620 5008 916 5074 signiﬁcari
970 5009 1193 5061 volunt:
1249 5010 1480 5077 primum
1537 5009 1775 5078 quidem,

259 5114 396 5167 neque
420 5115 494 5154 sic
520 5102 774 5155 deberent
801 5101 870 5154 ad
903 5101 1043 5156 hanc
1093 5102 1380 5155 dictionem
1410 5101 1634 5156 omnino
1691 5101 1776 5157 in-

258 5190 456 5255 dignati,
486 5193 690 5254 deinde,
729 5203 924 5261 prater
951 5209 1075 5248 suas
1116 5194 1402 5262 opiniones
1431 5194 1626 5260 volent,
1676 5197 1774 5247 hoc

259 5283 390 5339 enim.
418 5289 638 5352 utquod
687 5295 913 5339 Causam
944 5287 1062 5339 sine
1119 5287 1293 5338 medio
1361 5285 1648 5354 significet,
1690 5303 1773 5338 rc-

255 5373 420 5439 lugiunt
459 5387 541 5436 ;ct
576 5393 748 5446 neque
776 5393 896 5429 cum
926 5393 986 5430 ex
1039 5377 1194 5431 Patre
1225 5378 1516 5446 procedere
1559 5378 1772 5441 dicitur,

251 5473 367 5515 etes
396 5467 498 5518 tiro
527 5485 666 5528 esse,
705 5483 923 5521 causam
980 5469 1287 5537 signiﬁcare
1339 5479 1618 5538 cogentur,
1679 5470 1774 5523 (li-

257 5569 726 5630 cerc,tharrcutqm:
766 5561 992 5614 alterum
1041 5562 1380 5625 vocabulum,
1442 5561 1584 5630 quod
1645 5561 1772 5633 sub-
1841 5610 1845 5615 .

263 5649 658 5706 stautiauisam-ti
703 5651 938 5718 Spiritus
987 5651 1274 5719 signiticet,
1320 5652 1480 5719 idque
1528 5652 1773 5706 lortassis

264 5735 358 5792 erit,
382 5752 490 5801 esse,
519 5743 619 5795 hoc
646 5753 824 5793 autem
847 5740 895 5790 iu
940 5740 1413 5808 diriuispersouis
1444 5740 1584 5794 idem
1638 5741 1774 5794 valet

267 5825 374 5878 ουοά
405 5834 702 5894 procedere,
745 5830 1012 5898 simulque
1061 5845 1307 5898 quaenam
1377 5839 1429 5885 et
1482 5829 1622 5883 unde
1666 5830 1770 5883 erit

1888 4638 2108 4700 elinlsit,
2135 4648 2192 4692 ut
2222 4637 2298 4692 ait
2326 4637 2379 4692 in
2403 4638 2658 4704 precibus
2704 4651 2930 4705 magnus
2961 4634 3214 4704 Basilius,
3279 4639 3468 4692 sancti-

1889 4729 2119 4796 Spiritus
2141 4743 2207 4781 es
2241 4711 2378 4780 Filio
2409 4724 2707 4780 substantia
2751 4725 3152 4780 evidentisslme
3191 4727 3468 4792 signatura.

1887 4822 2155 4880 Secundo,
2193 4818 2486 4872 notaudmn
2519 4815 2659 4886 quod
2693 4814 2856 4870 etiam
2911 4817 3166 4881 emittere,
3216 4818 3268 4871 in
3323 4819 3458 4870 sub--

1887 4913 2083 4965 Stantia
2112 4909 2284 4962 sancti
2318 4907 2552 4976 Spiritus
2603 4908 2847 4976 accepit;
2884 4908 2984 4962 hoc
3013 4916 3188 4962 autem
3246 4909 3457 4979 superi»

1883 5002 2071 5053 oribus
2095 4999 2364 5062 contriuit;
2425 4998 2478 5051 in
2533 4997 2748 5066 quibus,
2787 5011 2814 5049 a
2852 4998 3053 5052 sanctis
3076 4999 3330 5052 Patribu-s
3363 5014 3455 5053 os-

1887 5102 2095 5146 tensum
2128 5101 2231 5153 est,
2261 5093 2467 5142 mittere
2497 5100 2550 5143 et
2577 5079 2734 5154 mitti,
2779 5092 3160 5160 itttemporaics
3216 5091 3338 5145 Filii
3400 5100 3460 5145 cc

1881 5184 2115 5251 Spiritus
2147 5181 2476 5235 substantias
2505 5181 2804 5249 desiguare,
2833 5195 2894 5235 ac
2929 5182 3163 5246 mittere,
3191 5195 3406 5236 c:msam
3432 5198 3456 5245 ξ

1888 5274 2104 5327 mittere
2140 5286 2290 5338 vero,
2323 5271 2541 5326 causaie
2585 5272 2820 5340 signare.

1956 5364 2058 5419 Sed
2089 5365 2299 5426 emittit,
2333 5364 2530 5432 inquit,
2582 5363 2857 5431 Spiritum,
2888 5377 3082 5430 peros.
3143 5362 3214 5417 Os
3271 5371 3455 5416 autem

1885 5457 2062 5511 Patris
2120 5455 2308 5516 Filius.
2379 5458 2444 5507 ab
2480 5455 2736 5509 Ecclesia:
2796 5447 3070 5524 iiiagisiris
3126 5459 3451 5524 exponitur;

1881 5548 2021 5601 idem
2055 5548 2215 5616 igitur
2241 5547 2550 5607 estdicere,
2598 5547 2844 5599 emittere
2899 5544 3155 5613 Spiritum
3207 5561 3300 5614 per
3367 5563 3457 5613 os,

1883 5650 1936 5695 et
1975 5640 2233 5706 Spiritum
2255 5656 2319 5692 ex
2345 5639 2501 5691 Patre
2561 5653 2656 5706 per
2678 5650 2691 5662 ‘
2713 5637 2909 5690 Filium
2968 5641 3281 5706 procedere.
3339 5638 3452 5693 [ioc

1882 5741 2060 5784 autem
2127 5733 2221 5797 per
2280 5727 2472 5781 Filium
2527 5729 2728 5782 habere
2782 5729 3140 5782 substantiam
3192 5731 3452 5784 insinuat.

1882 5825 2014 5879 Plant
2049 5822 2339 5892 procedere
2378 5819 2612 5877 Verbum
2665 5822 2982 5878 substantia:
3042 5824 3184 5880 illius
3237 5825 3450 5890 signiti-
