3984 6564
747 260 773 273 ο

466 342 564 410 16³1

1724 341 2127 405 MANUEHS
2164 338 2476 402 CALECIE

3632 337 3746 402 163

458 462 692 513 cativnm
730 464 837 518 est.
869 464 1191 525 constatque
1224 468 1319 522 per
1346 454 1468 520 hoc,
1507 454 1648 522 quod
1705 458 1827 508 cum
1879 453 2043 508 Filius
2073 459 2117 516 Λ
2146 465 2289 512 esse.
2315 451 2513 521 quippe
2544 451 2724 503 omnia
2750 465 2865 519 qum
2896 448 3054 503 habet
3105 461 3359 519 persona,
3413 456 3745 505 «ueteranum

459 551 675 604 mittere
703 548 1020 603 etemittere
1045 546 1248 601 dicitur
1282 545 1565 615 Spiritum.
1595 562 1659 601 ex
1691 546 1853 608 Filio.
1881 558 2044 617 atque

458 655 556 706 per
590 639 783 693 Filium
826 639 997 693 sancti
1032 639 1270 708 Spiritus
1320 640 1624 695 substantia
1677 641 2041 709 signiﬁcatur,

461 737 710 802 mittique
741 752 803 790 ex
829 751 892 791 eo
926 751 1047 790 esse
1073 735 1366 806 signiﬁcat.
1428 735 1616 790 Verum
1642 747 1687 791 et
1744 751 1810 790 ea:
1849 752 1929 800 eo,
1993 736 2045 789 id

458 840 565 890 est,
596 828 774 887 Patre,
850 824 1080 898 Spiritus
1153 839 1390 893 sanctus,
1438 828 1636 899 inquit,
1681 839 1781 895 est,
1833 840 1886 884 et
1942 846 2043 884 non

460 919 699 991 aliunde.
730 919 932 987 Nempe
955 936 1018 975 ex
1054 919 1213 975 Patre
1243 937 1364 976 esse
1395 920 1657 990 Spiritum
1687 931 1930 977 sanctum
1978 921 2046 976 ab

459 1011 706 1063 omnibus
737 1011 1075 1075 conceditur,
1122 1028 1228 1066 non
1267 1011 1487 1066 aliunde
1512 1022 1690 1068 autem
1720 1013 1889 1075 dixit;
1912 1028 2048 1081 quo-

460 1102 603 1156 niam
642 1105 1023 1159 haereticorum
1052 1103 1290 1173 plurimi,
1323 1118 1389 1158 ex
1436 1102 1614 1159 Patris
1676 1106 1911 1160 essentia
1957 1101 2047 1158 Fi-

460 1192 590 1248 limn
645 1196 940 1250 excludere
1003 1194 1268 1259 volentes,
1324 1195 1470 1248 illmn
1531 1210 1704 1264 neque
1743 1211 1809 1250 ex
1866 1194 2045 1252 Patris

459 1289 722 1351 essentia,
751 1302 927 1355 neque
945 1302 1007 1341 ex
1037 1287 1342 1342 substantia
1369 1288 1518 1344 illius
1567 1303 1686 1343 esse
1713 1286 2043 1350 fatebantur,

459 1380 554 1433 sed
609 1394 671 1433 ex
759 1380 861 1431 alia
919 1379 1152 1447 quadam
1219 1379 1455 1433 essentia
1512 1389 1677 1448 atque
1733 1358 2043 1435 suli'stantia

461 1471 627 1542 (quod
653 1471 976 1524 Arianorum
1010 1482 1127 1524 erat
1167 1471 1523 1539 propositio);
1553 1479 1714 1539 atque
1745 1471 1794 1523 id
1822 1471 2042 1541 quidem

457 1574 670 1624 constat
701 1580 766 1617 ex
808 1564 890 1617 his
923 1579 1042 1632 qua:
1079 1564 1407 1633 prmdixerat
1450 1578 1681 1632 magnus
1734 1563 1895 1617 Pater
1936 1563 2041 1617 Ba-

458 1657 612 1713 silius
654 1657 706 1711 in
741 1658 1004 1726 rescripto
1038 1657 1255 1711 dictatze
1286 1671 1313 1709 a
1339 1653 1579 1711 se'ﬁdei.
1608 1654 1821 1710 [ndicat
1849 1665 2034 1711 autem

458 1746 536 1814 id,
575 1749 628 1802 in
664 1747 1015 1816 Expositione
1046 1763 1194 1803 xxxtt
1246 1749 1438 1818 psalmi
1498 1748 1730 1804 dicens':
1788 1747 2040 1817 Spiritus,

461 1841 552 1909 qui
578 1856 643 1894 ea:
680 1839 785 1893 Deo
807 1850 905 1906 est,
937 1840 1028 1911 qui
1068 1857 1098 1894 a
1129 1839 1292 1896 Patre
1335 1841 1587 1908 procedit,
1650 1858 1712 1895 ne
1749 1841 1898 1895 illum
1957 1858 2049 1896 ex-

460 1938 662 1984 lernam
685 1931 918 2000 aliquant
951 1943 1252 1987 creaturam
1310 1948 1420 1986 esse
1471 1931 1791 1999 arbitreris;
1857 1935 1951 1987 sed
1995 1941 2050 1989 ut

457 2038 522 2077 ea:
546 2022 654 2076 Deo
689 2021 963 2076 habentem
999 2023 1358 2078 substantiam
1385 2023 1685 2095 gloriﬁces;
1736 2040 2046 2096 quanquam

460 2124 515 2169 et
543 2117 645 2170 hoc
665 2115 806 2185 quod
845 2115 916 2168 ait
955 2113 1189 2182 aliunde,
1220 2129 1342 2184 qua:
1372 2114 1630 2181 diximus,
1662 2100 2050 2172 commendare

460 2202 729 2271 suﬁiciat;
766 2196 916 2258 aliud
956 2205 1100 2260 enim
1160 2205 1300 2259 unde
1357 2203 1572 2260 aliunde
1626 2213 1900 2274 sumptum
1944 2200 2047 2274 eSt,

461 2295 513 2350 in
550 2295 709 2351 rebus
731 2296 965 2351 maxime
998 2305 1192 2351 natura
1218 2294 1595 2353 dill'erentibus
1638 2297 1859 2353 dicitur.
1888 2297 2051 2355 Pater

459 2398 666 2452 autem,
707 2399 763 2442 et
790 2386 964 2443 Filius
1017 2400 1215 2443 natura
1277 2403 1444 2443 unum
1496 2400 1657 2445 sunt:
1719 2376 1830 2461 Ego
1884 2390 2046 2457 enim,

459 2484 655 2551 inquit,
683 2490 732 2537 et
762 2478 926 2536 Pater
949 2498 1107 2535 unum
1147 2497 1325 2536 sumus
1346 2480 1387 2536 ⁸.
1413 2482 1597 2552 Itaque
1624 2498 1729 2538 non
1762 2484 1828 2539 ad
1854 2482 2047 2538 Filium

460 2575 699 2637 intuens,
727 2583 949 2628 sanctus
984 2573 1202 2627 aliunde
1244 2573 1406 2637 dixit,
1438 2575 1533 2629 sed
1605 2575 1671 2630 ad
1719 2585 2045 2643 creaturas,

458 2670 488 2713 a
521 2661 714 2728 quibus
745 2660 892 2714 illum
922 2661 1140 2730 quidam
1172 2663 1410 2718 haeretici
1447 2665 1647 2721 habere
1677 2667 2033 2722 substantiam

457 2750 735 2807 dicebant.
777 2752 845 2808 Et
878 2753 978 2807 ista
1009 2753 1174 2823 igitur
1200 2754 1493 2820 sententia,
1533 2766 1723 2811 contra
1775 2757 1895 2812 illos
1955 2774 2050 2829 po-

459 2847 566 2900 tius
595 2859 755 2914 quam
788 2861 884 2916 pro
918 2845 1025 2900 illis
1052 2856 1157 2902 est.
1192 2844 1247 2900 Si
1280 2856 1457 2903 autem
1491 2858 1681 2904 contra
1703 2849 1844 2913 illos,
1878 2851 2051 2920 liquet

459 2937 585 3006 quia
617 2952 713 3008 pro
742 2939 969 2993 veritate
1020 2949 1125 3008 est,
1175 2954 1240 2993 ac
1288 2956 1383 3011 per
1430 2942 1611 2996 omnia
1676 2942 2049 3012 superioribus

460 3027 719 3080 concinit.

2149 557 2367 612 quoque
2395 542 2709 597 ccuttnunia
2761 553 2914 603 sunt,
2953 542 3185 596 servatis
3217 549 3394 596 tamen
3430 543 3746 609 proprieta-

2152 635 2297 691 tibus
2336 634 2537 704 cuique
2568 648 2832 704 personre.
2867 633 3002 688 Nam
3032 648 3152 704 qua:
3207 634 3405 689 adsunt
3452 633 3613 702 Filio,
3690 645 3747 690 et

2148 726 2294 781 Patri
2330 725 2548 792 adsunt,
2583 737 2801 783 servato
2835 737 3019 781 tamen
3080 726 3235 782 alteri
3289 726 3509 781 Patrem
3588 741 3743 788 esse.

2147 818 2302 874 alteri
2341 818 2564 875 Filium.
2601 818 2777 885 Unde,
2815 832 2865 876 et
2893 820 3007 892 ipse
3051 827 3270 876 sanctus
3311 818 3387 872 ait
3421 820 3472 873 in
3519 820 3617 876 lib.
3674 818 3749 871 De

2151 909 2327 968 Fide:
2369 910 2562 968 Omnia
2613 912 2777 967 Filius
2825 928 2941 965 cum
2994 912 3084 977 sit,
3132 928 3249 982 qum
3302 920 3351 965 et
3399 908 3564 965 Pater
3641 920 3743 971 est,

2147 1020 2297 1058 serva
2344 1006 2473 1058 mihi
2518 1005 2613 1061 has
2667 1006 3032 1074 proprietates.
3078 1003 3304 1058 Manens
3340 1004 3504 1073 igitur
3543 1002 3749 1067 Filius,

2150 1098 2336 1150 omnia
2371 1105 2454 1151 est
2496 1111 2617 1166 qme
2654 1096 2838 1163 Pater,
2875 1096 3031 1166 juxta
3073 1096 3245 1165 ipsius
3283 1111 3470 1150 vocem
3524 1094 3749 1148 Domini

2147 1188 2416 1244 dicentis:
2452 1187 2668 1253 Omnia,
2701 1205 2817 1260 quat
2875 1190 3029 1244 habet
3075 1192 3259 1255 Pater,
3292 1205 3417 1243 mea
3441 1190 3619 1243 sunt”.
3669 1186 3752 1242 Re

2148 1286 2327 1332 autem
2368 1293 2518 1343 vera,
2562 1280 2818 1352 imaginis
2861 1289 2990 1334 sunt
3016 1281 3198 1334 omnia
3230 1295 3351 1351 qua:
3389 1280 3590 1335 adsunt
3633 1281 3752 1350 pri-

2148 1369 2345 1424 mitius
2378 1369 2587 1426 formae.
2639 1370 2876 1439 Joannes
2924 1380 3146 1443 unoque.
3194 1373 3624 1442 Chrysostomus
3676 1374 3743 1428 61

2150 1460 2294 1515 hom.
2329 1477 2491 1531 super
2527 1462 2689 1521 Joan.
2728 1482 2748 1517 ι
2792 1462 2905 1537 Ego
2927 1466 2983 1521 in
3015 1464 3203 1532 Patre,
3231 1477 3277 1519 et
3307 1464 3464 1519 Pater
3492 1464 3545 1520 in
3581 1482 3691 1519 nte.
3725 1481 3744 1515 ι

2150 1550 2302 1608 Nihil
2326 1556 2464 1609 enim
2494 1555 2645 1612 aliud
2675 1575 2792 1613 sum
2840 1575 2956 1630 ego,
3013 1575 3170 1628 quam
3216 1557 3357 1627 quod
3402 1556 3569 1613 Pater
3640 1570 3746 1621 est,

2145 1662 2364 1701 manens
2389 1645 2609 1719 Filius;
2641 1665 2804 1721 neque
2828 1650 2918 1705 ille
2950 1650 3121 1710 aliud.
3152 1665 3311 1719 quam
3352 1665 3466 1720 ego,
3521 1667 3751 1705 manens

2148 1739 2328 1795 Pater.
2358 1741 2425 1795 Et
2455 1757 2555 1811 me,
2595 1743 2641 1798 si
2668 1743 2785 1814 quis
2811 1745 3078 1814 agnoverit
3109 1741 3356 1809 Patrem,
3397 1746 3611 1814 agnovit
3628 1761 3651 1810 ;
3699 1746 3779 1799 ct'

2155 1831 2371 1888 Patrem
2395 1836 2444 1890 si
2461 1837 2753 1906 agnoverit,
2814 1835 3010 1890 Filium
3065 1837 3274 1891 didicit.
3328 1836 3420 1891 Sic
3471 1837 3639 1906 igitur
3696 1846 3754 1891 ct

2153 1940 2275 1994 qua:
2315 1934 2443 1980 sunt
2470 1925 2647 1983 Patris
2683 1935 2737 1981 et
2776 1926 2923 1994 Filii,
2950 1927 3261 1983 communia
3329 1936 3454 1982 sunt
3506 1926 3746 1997 Spiritui

2151 2029 2365 2085 sancto,
2405 2028 2619 2073 seruata
2649 2019 2752 2074 sibi
2806 2018 3138 2089 proprietate
3162 2018 3462 2089 personali,
3488 2017 3598 2073 hoc
3634 2026 3745 2080 est.

2154 2113 2393 2166 manenti
2432 2109 2679 2180 Spiritui.
2720 2111 2895 2168 Porro
2922 2112 2974 2167 in
3005 2111 3173 2181 hujus
3225 2112 3435 2167 ratione
3493 2110 3749 2181 proprie-

2155 2202 2280 2257 tatis
2320 2210 2424 2268 est,
2457 2218 2582 2259 esse
2621 2218 2683 2259 ex
2728 2201 2893 2260 Patre
2940 2218 3038 2274 per
3095 2201 3314 2260 Filium.
3390 2201 3584 2274 Itaque
3636 2218 3747 2258 non

2147 2292 2259 2363 jam
2284 2294 2638 2363 eritSpiritus
2672 2312 2736 2352 ex
2766 2312 2826 2354 se
2846 2296 2964 2367 ipso
2992 2294 3275 2367 proferens
3305 2292 3602 2365 Spiritum,
3645 2296 3744 2352 sed

2152 2382 2315 2441 Pater
2339 2395 2394 2441 et
2430 2384 2623 2444 Filius.
2664 2386 2884 2444 Illorum
2913 2387 3057 2442 enim
3089 2395 3208 2443 erat
3237 2385 3509 2457 inspirare
3566 2387 3748 2458 Spiri-

2156 2485 2266 2530 tum
2311 2485 2629 2546 sequentem
2689 2479 2991 2548 proprium.

2222 2567 2518 2625 Enimvero
2540 2572 2685 2639 quod
2720 2572 2913 2645 aiunt:
2965 2569 3233 2642 Siquidem
3269 2589 3448 2628 verum
3487 2580 3627 2627 esset
3682 2586 3749 2627 ea:

2153 2656 2287 2712 Filio
2314 2660 2595 2727 procedere
2627 2660 2881 2728 Spiritum
2939 2674 3205 2729 sanctum,
3267 2664 3543 2733 oportebat
3599 2665 3751 2717 anti-

2152 2766 2282 2821 quos
2313 2749 2528 2817 Patres,
2584 2768 2702 2806 cum
2770 2768 2867 2821 pro
2943 2753 3210 2824 Unigeniti
3266 2755 3434 2826 gloria
3483 2754 3750 2811 adversus

2152 2838 2707 2914 Ariumkpugnarent,
2762 2844 2831 2899 ad
2888 2848 3363 2901 commendationm
3430 2847 3607 2918 ipsius
3679 2851 3749 2901 ad

2151 2935 2364 2993 Patrem
2419 2938 2766 3005 wqualitatis,
2829 2940 3051 2995 unitatis
3095 2939 3190 2995 hoc
3244 2941 3450 3006 dicere;
3509 2941 3561 2995 si
3605 2944 3752 2995 enim

2153 3045 2184 3081 a
2217 3028 2507 3083 minoribus
2538 3028 2637 3083 hoc
2679 3030 3051 3096 moliebantur,
3096 3031 3247 3101 longe
3296 3031 3466 3102 magis
3495 3048 3529 3084 a
3558 3032 3744 3102 majoo

533 3118 605 3173 Ex
644 3118 728 3174 his
765 3131 971 3185 autem,
1005 3129 1057 3176 et
1081 3122 1204 3191 ejus
1252 3122 1381 3180 dicti
1441 3122 1636 3180 solutio
1678 3136 1846 3197 patet,
1904 3132 2047 3199 quod

2156 3118 2294 3174 ribus
2350 3120 2405 3174 id
2435 3121 2707 3189 oportebat
2736 3122 2943 3192 facere;
2991 3122 3118 3192 quia
3160 3138 3278 3176 vero
3324 3138 3424 3176 non
3480 3123 3537 3175 id
3593 3123 3748 3176 dixe-

463 3208 937 3280 inNicettOprimo
1000 3215 1235 3269 concilio
1294 3216 1362 3272 ad
1413 3217 1753 3274 ltmsitantem
1816 3221 2052 3298 philoso-

467 3301 633 3370 phum
691 3304 895 3358 dictum
951 3306 1273 3375 proferunt;
1344 3310 1423 3364 sic
1466 3309 1608 3365 enim
1642 3311 1754 3385 illic
1779 3315 1931 3370 aiunt
1982 3319 2048 3372 ad

464 3393 613 3449 illum
647 3395 838 3451 Patres
859 3437 873 3451 .
899 3396 1113 3469 Suscipe
1143 3417 1302 3455 unam
1322 3430 1331 3435 -
1352 3402 1686 3459 divinitatem
1722 3404 1927 3474 Patris,
1962 3409 2051 3479 qui

464 3485 1032 3560 Filiumineﬁ'abiliter
1052 3495 1257 3564 genuit,
1324 3495 1552 3568 Filiique
1604 3516 1670 3554 ea:
1720 3502 1834 3571 ipso
1867 3505 2049 3575 geniti,

461 3587 509 3632 et
542 3580 718 3634 sancti
748 3581 1004 3651 Spiritus,
1043 3585 1133 3656 qui
1156 3602 1220 3640 ex
1240 3588 1354 3655 ipso
1402 3590 1638 3658 procedit
1693 3589 1871 3659 Patre,
1930 3609 2053 3662 pro-

459 3673 710 3743 priusque
754 3671 883 3730 Filii
940 3686 1038 3733 est.
1097 3678 1345 3750 Namque
1414 3696 1479 3735 ex
1524 3681 1640 3750 ipso
1663 3681 1844 3744 Patre.
1898 3686 2051 3755 quasi

459 3763 632 3838 digito
660 3768 1026 3846 ostenderent,
1056 3770 1330 3835 dixerunt,
1352 3774 1639 3841 pessimam
1670 3776 2055 3834 contradictio-

462 3872 588 3912 nem
640 3855 968 3927 auferentes,
1015 3863 1107 3932 qui
1156 3878 1265 3919 non
1287 3880 1353 3919 ex
1397 3865 1515 3934 ipso
1564 3865 1743 3932 Patre,
1789 3884 1963 3940 neque
1987 3887 2052 3927 ex

468 3951 586 4021 ejus
620 3952 944 4033 substantia,
972 3955 1065 4009 sed
1096 3969 1163 4012 ex
1223 3957 1391 4012 altera
1440 3960 1683 4016 essentia
1724 3965 2055 4033 atque'sub-

467 4044 668 4099 stantia
701 4032 897 4103 Filium
932 4062 1053 4103 esse
1096 4048 1573 4121 blasphemabant.
1641 4052 1699 4108 Si
1752 4032 1933 4109 autem
1987 4070 2051 4111 ex

468 4132 628 4189 Patre
662 4136 878 4203 dicitur,
911 4138 1004 4194 sed
1047 4137 1203 4208 juxta
1267 4141 1613 4209 procedentis
1650 4145 1961 4208 terminum.
1986 4160 2052 4202 ex

468 4228 627 4285 Patre
656 4245 754 4303 per
770 4231 964 4287 Filium
991 4233 1271 4304 procedit:
1305 4235 1376 4288 ita
1403 4235 1545 4290 enim
1591 4232 1658 4292 es
1720 4237 1884 4295 Patre
1930 4254 2056 4310 pro-

466 4321 680 4389 cedere,
714 4338 810 4393 pro
832 4339 897 4378 eo
929 4326 1071 4395 quod
1105 4339 1189 4381 est
1219 4341 1284 4382 ex
1313 4327 1477 4383 Patre
1533 4342 1631 4397 per
1689 4328 1886 4385 Filium
1932 4345 2057 4399 pro-

464 4414 681 4480 cedere,
709 4424 1056 4486 acceperunt,
1082 4417 1199 4488 ejus
1256 4418 1402 4488 quod
1434 4428 1511 4473 est
1572 4421 1886 4490 procedere,
1922 4437 2056 4479 con-

2153 3224 2298 3278 runt,
2322 3213 2484 3283 liquet
2525 3216 2651 3285 quia
2687 3229 2789 3269 non
2826 3214 2902 3269 ita
2964 3215 3164 3284 opinati
3196 3223 3342 3281 sunt,
3396 3213 3604 3269 nullam
3669 3215 3750 3269 in-

2152 3306 2303 3361 ducit
2337 3307 2746 3363 necessitatem.

2223 3396 2468 3453 Prunum
2529 3398 2771 3468 quidem.
2842 3401 2972 3473 qnia
3036 3400 3225 3457 Ariani
3298 3400 3753 3472 blasphemantes

2157 3488 2351 3547 Filium
2393 3505 2515 3547 esse
2539 3502 2885 3555 creaturam:
2916 3493 3086 3549 nndto
3135 3494 3377 3551 deterius
3427 3495 3495 3550 de
3551 3494 3753 3550 saneto

2157 3582 2364 3653 Spiritu
2405 3593 2713 3650 senserunt.
2763 3585 3082 3641 Creaturam
3116 3587 3260 3642 enim
3301 3582 3426 3640 Filii
3455 3583 3741 3656 Spiritum

2155 3687 2402 3733 sanctum
2469 3693 2611 3743 esse,
2668 3677 3045 3750 desipiebant.
3117 3692 3354 3749 eumque
3451 3693 3517 3733 ex
3578 3678 3751 3745 Filio,

2156 3769 2608 3841 quemadmodum
2659 3778 2713 3827 et
2783 3770 2967 3827 omnia
3025 3786 3149 3827 esse
3196 3770 3492 3839 dicebant;
3560 3788 3750 3844 neque

2157 3864 2258 3921 hoc
2289 3866 2487 3929 solum,
2525 3866 2618 3920 sed
2654 3864 2817 3919 etiam
2849 3879 2917 3919 ex
2964 3866 3082 3920 solo
3106 3864 3266 3932 Filio,
3284 3854 3452 3935 'quod
3494 3864 3751 3921 insinuat

2156 3972 2387 4026 magnus
2442 3955 2680 4013 Basilius
2739 3956 3038 4028 conﬂigens
3092 3957 3356 4013 adversus
3388 3955 3751 4023 Eunomium,

2156 4048 2463 4106 et-dicens:
2501 4048 2777 4115 Quomodo
2812 4051 2984 4120 igitur
3044 4050 3150 4106 soli
3196 4049 3474 4121 unigenito
3519 4066 3764 4111 causam,

2157 4140 2395 4210 Spiritus
2422 4141 2680 4212 applicat,
2705 4143 3276 4211 praedicamentumque
3308 4141 3474 4211 ipsius
3500 4134 3752 4211 naturae,

2156 4233 2315 4303 hujus
2337 4234 2655 4288 creationem
2700 4232 2887 4303 facit!
2925 4231 2983 4289 Si
3034 4234 3199 4304 igitur
3249 4236 3414 4292 etiam
3479 4250 3551 4292 ex
3608 4236 3754 4291 Filio

2160 4324 2426 4396 Spiritum
2472 4324 2768 4395 procedere
2809 4324 2983 4396 ipsius
3013 4327 3283 4395 obiectum
3308 4327 3522 4395 luisset,
3556 4331 3751 4385 nulla-

2163 4428 2318 4474 tenus
2356 4417 2424 4474 ad
2467 4417 2952 4474 commendandam
3010 4418 3128 4474 Filii
3171 4420 3239 4475 ad
3266 4420 3481 4476 Patrem
3511 4421 3755 4480 honoris

468 4521 662 4563 nexam
686 4507 1057 4562 deﬁnitionem
1086 4508 1445 4579 erplirantes.
1487 4510 1696 4566 ldcirco
1744 4511 1909 4567 etiam
1954 4514 2049 4569 ad-
2081 4497 2126 4554 Ῑ)
2154 4510 2517 4583 aequalitatem
2569 4508 2758 4566 efﬁcax
2784 4509 2998 4569 fuisset.
3032 4511 3096 4567 Et
3127 4512 3228 4582 ipsi
3280 4513 3427 4569 enim
3507 4530 3580 4570 ex
3657 4516 3754 4571 illo

461 4600 665 4666 jectum
689 4607 794 4664 est,
818 4597 1176 4670 Propriusque
1221 4597 1356 4654 Filii
1405 4610 1529 4669 est;
1579 4604 1826 4674 proprius
1867 4615 2046 4661 autem

467 4687 585 4744 Filii
611 4703 640 4743 a
665 4689 874 4745 sanctis
913 4689 1168 4746 Patribus
1203 4687 1440 4761 Spiritus
1470 4692 1646 4748 dictus
1684 4702 1787 4760 est,
1846 4704 1905 4749 ut
1955 4696 2045 4766 qui

468 4781 522 4834 in
555 4780 674 4849 ipso
723 4789 779 4837 et
810 4795 906 4851 per
933 4782 1108 4851 ipsum
1144 4782 1463 4851 naturaliter
1526 4783 1729 4855 prodit,
1770 4793 1932 4857 atque
1978 4802 2045 4843 ex

467 4873 583 4943 ipso
612 4881 715 4939 est,
752 4873 951 4945 quippe
974 4874 1042 4929 ab
1061 4889 1126 4929 eo
1155 4887 1278 4930 esse
1322 4874 1623 4945 accipiens.

538 4963 654 5025 lusa
693 4964 928 5035 denique
952 4964 1198 5037 synodus
1244 4980 1347 5036 per
1398 4965 1713 5039 episcopum
1761 4967 2049 5025 Leontium

392 5052 397 5057 ’
466 5061 754 5110 attestatur
780 5055 845 5108 ad
893 5055 1274 5126 philosophum
1332 5056 1558 5111 dicens:
1598 5055 1885 5128 Proprium
1938 5074 2050 5117 esse

467 5147 728 5219 Spiritum
757 5146 903 5213 Filii,
928 5158 1085 5219 atque
1105 5164 1171 5203 ea:
1198 5149 1313 5218 ipso
1336 5166 1589 5217 manare;
1637 5152 1730 5207 sed
1758 5152 1888 5207 illud
1920 5167 2054 5222 quo-

466 5256 571 5312 que
599 5242 741 5311 quod
766 5242 842 5295 ait
874 5256 1111 5313 magnus,
1133 5240 1364 5298 Basilius
1384 5237 1406 5296 τ’
1438 5243 1702 5308 Quoniam
1752 5246 2052 5301 communia

467 5333 626 5389 Patri
644 5344 692 5388 et
728 5332 897 5401 Filio,
927 5336 1226 5389 communia
1262 5347 1311 5389 et
1365 5333 1593 5406 Spiritui
1655 5347 1799 5401 sunt,
1849 5339 2052 5405 optime

466 5427 686 5495 quidem
714 5428 920 5483 dictum
946 5438 1063 5491 est;
1096 5439 1409 5483 nouantem
1440 5444 1537 5498 per
1571 5430 1693 5495 hoc,
1748 5430 1894 5498 quod
1957 5446 2050 5485 vo-

468 5521 604 5586 lunt,
651 5519 967 5574 coniiciunt.
995 5516 1105 5573 Hoc
1156 5520 1303 5573 enim
1359 5521 1493 5575 nihil
1550 5522 1717 5591 cogit,
1783 5518 2046 5591 Spiritum

471 5613 550 5667 vel
581 5611 876 5682 suiipsius,
936 5611 1020 5666 vel
1070 5612 1296 5670 alterius
1357 5628 1604 5683 persona:
1659 5613 2044 5684 productorem
2093 5649 2103 5655 -

543 5806 563 5836 '
590 5801 749 5858 lout.
779 5822 832 5870 χ,
881 5804 943 5858 ὃ(
1046 5806 1066 5836 ⁵
1109 5804 1264 5859 Joan.
1303 5820 1410 5863 tVt.
1437 5804 1525 5859 15.

2154 4617 2298 4670 esse,
2326 4614 2387 4659 ut
2421 4603 2629 4659 dictum
2658 4613 2762 4670 est,
2806 4603 3228 4673 conﬁtebantur,
3272 4606 3368 4661 sed
3402 4614 3460 4661 ut
3514 4619 3750 4677 creatu-

2156 4713 2287 4762 ras;
2318 4706 2580 4768 quantum
2623 4695 2768 4752 enim
2821 4711 2888 4752 ex
2935 4697 3197 4761 dictione.
3240 4713 3349 4754 non
3400 4700 3752 4775 cogebantur

2154 4779 2408 4847 essentia:
2476 4788 2816 4844 identitatem
2901 4789 3173 4846 canﬁteri.
3234 4789 3292 4845 Si
3341 4790 3505 4861 igitur
3559 4806 3635 4847 ex
3684 4809 3753 4847 eo

2152 4883 2372 4953 quidem
2417 4879 2564 4952 quod
2624 4888 2680 4936 et
2734 4880 2906 4937 Filius
2969 4884 3151 4937 omnia
3194 4882 3324 4938 facit
3378 4886 3754 4953 quemadmo-

2149 4983 2205 5029 et
2263 4974 2449 5040 Pater,
2482 4981 2539 5028 et
2565 4972 2641 5027 ita
2668 4972 2832 5027 etiam
2862 4972 3034 5029 Filius
3094 4975 3324 5031 suscitat
3377 4986 3636 5034 mortuos
3699 4991 3752 5035 et

2152 5065 2391 5122 viviﬁcat
2422 5066 2882 5134 quemadmodum
2917 5074 2973 5122 et
3016 5066 3200 5132 Pater,
3237 5082 3346 5122 non
3397 5068 3780 5127 induceban-'

2154 5165 2243 5214 tur
2271 5167 2329 5212 ut
2375 5158 2521 5214 Patri
2558 5156 2757 5214 Filium
2791 5158 3051 5226 aequalem
3108 5166 3408 5228 ponerent:
3467 5167 3753 5230 quomodo

2152 5260 2218 5300 ex
2245 5260 2311 5300 eo
2335 5245 2482 5318 quod
2526 5247 2761 5317 Spiritus
2788 5263 2856 5304 ex
2883 5250 3001 5318 ipso
3029 5264 3148 5306 esse
3218 5249 3516 5317 diceretur,
3576 5267 3748 5322 quem

2150 5349 2471 5421 creaturam.
2494 5341 2613 5408 ejus
2639 5340 2975 5411 desipiebaut
3020 5352 3183 5411 atque
3208 5357 3274 5398 eo
3315 5343 3484 5397 multo
3508 5343 3752 5400 inferio-

2150 5444 2286 5497 rem,
2324 5445 2645 5500 persuasum
2685 5434 2767 5489 eis
2789 5443 2937 5490 esset
2967 5442 3026 5488 ut
3074 5433 3270 5489 Filium
3328 5434 3511 5491 Patris
3564 5435 3763 5505 digni:

2150 5532 2267 5599 tau;
2327 5524 2698 5580 bonorarent?
2757 5523 2892 5579 Nam
2933 5525 2988 5580 in
3048 5525 3541 5596 disputationibus,
3599 5528 3750 5596 quod

2149 5626 2300 5689 urget
2338 5617 2532 5689 magis,
2568 5633 2633 5676 ac
2660 5618 2973 5689 persuadet,
3022 5618 3329 5689 proferunt.
3355 5622 3529 5693 Magis
3555 5632 3750 5676 autem
