3920 6540
258 380 351 445 ιιι

1322 375 1727 438 ADVERSUS
1764 375 2083 440 GRIECUS
2124 380 2274 441 LIB.
2311 381 2432 442 III.

3401 387 3505 454 170

258 496 296 551 si
323 509 382 549 ex
413 490 569 547 Patre
599 490 777 563 ipsum
810 490 1107 562 procedere
1131 506 1163 546 τι
1191 490 1474 548 Salvatore
1500 490 1808 555 audientes.
1842 494 1885 548 Α
1914 493 2075 548 rent?
2123 494 2270 550 Nihil
2302 493 2468 565 igitur
2520 510 2585 555 ex
2633 495 2718 553 bis
2745 498 3143 558 necessarium.
3179 502 3507 569 conﬁciunt.

256 602 349 643 non
390 585 509 641 hinc
564 586 1060 655 persuatlenantur,
1138 585 1309 642 Deum
1370 598 1491 641 esse
1545 584 1809 663 Spiritum

256 689 499 742 sanctum,
572 680 1031 746 quemadmodum
1108 688 1164 736 et
1215 678 1466 745 Patrem;
1525 679 1593 732 tle
1652 679 1813 733 Patre

254 771 400 835 enim,
437 769 566 837 quin
612 768 755 826 Deus
776 783 937 825 verus
967 780 1136 831 esset,
1164 783 1327 825 nemo
1350 769 1651 823 dubitavit:
1681 782 1814 838 quo-

255 865 395 919 modo
420 864 461 918 si
491 864 640 917 hunc
672 861 959 917 audientes
992 877 1058 918 es
1104 862 1240 917 Filio
1295 863 1614 931 procedere,
1647 877 1809 931 quem

253 961 531 1010 creaturam
563 952 773 1020 Patris,
813 953 1161 1023 primumque
1216 963 1462 1008 creatum
1513 956 1810 1024 ponebam,

252 1046 435 1103 indueti
481 1045 721 1102 fuissent
778 1055 835 1098 ιιι
882 1046 1026 1100 hunc
1072 1043 1221 1099 Patri
1291 1044 1811 1102 consubstantialem

252 1138 467 1194 dicereut
487 1137 513 1191 τ

311 1230 522 1292 Deinde.
555 1242 609 1286 et
636 1243 858 1289 sanctos
896 1230 1086 1290 Patres
1110 1232 1215 1289 hoc
1257 1232 1461 1289 dixisse
1486 1233 1813 1289 invenimus.

252 1321 510 1392 Proprium
538 1326 742 1394 quippe
775 1322 918 1390 Filii,
956 1332 1013 1379 ut
1042 1324 1112 1379 ab
1162 1338 1230 1379 co
1284 1336 1596 1380 manantem
1659 1325 1816 1380 dixe-

251 1425 394 1476 runt;
424 1417 708 1485 proprium
742 1432 873 1471 vero
896 1432 1017 1473 esse
1054 1414 1179 1471 Filii
1241 1415 1535 1487 Spiritum,
1573 1430 1697 1471 eum
1715 1431 1814 1487 per

249 1506 426 1578 ipsum,
455 1518 512 1562 et
541 1524 612 1563 ex
662 1510 778 1578 ipso
840 1524 963 1565 esse
1007 1508 1305 1578 signiﬁcat.
1349 1508 1539 1569 .i’orro
1590 1526 1816 1565 manare

255 1601 484 1664 verbum,
528 1601 584 1654 in
621 1601 1075 1658 substantialibus
1100 1601 1450 1671 processibus
1504 1617 1536 1659 a
1604 1602 1816 1658 sanctis

246 1703 563 1762 assumptum
597 1709 744 1756 esse,
783 1692 1032 1764 pluribus
1082 1709 1245 1762 supra
1281 1704 1645 1751 monstratum
1701 1704 1810 1751 est.

246 1781 336 1839 Sed
361 1786 498 1839 enim
529 1786 584 1840 in
617 1787 862 1856 scriptis,
913 1786 1004 1857 qui
1042 1802 1139 1856 per
1169 1788 1310 1843 idem
1362 1801 1575 1857 tempus
1597 1789 1812 1845 clarue-

245 1886 371 1940 runt,
426 1879 788 1945 Athanasius,
843 1879 1096 1944 Basilius,
1120 1877 1416 1951 Nyssenns,
1478 1881 1815 1953 Tlteologus-

243 1983 335 2039 que
353 1968 646 2040 Gregorius
682 1988 746 2027 ex
774 1972 937 2029 Patre
968 1989 1068 2045 per
1098 1972 1299 2030 Filium
1349 1991 1494 2039 esse.
1531 1986 1587 2032 et
1621 1992 1815 2048 proce-

246 2063 376 2125 dere,
404 2078 501 2132 pro
532 2079 601 2118 eo
630 2065 776 2134 quod
801 2074 887 2121 est
919 2082 986 2122 ex
1015 2065 1181 2123 Patro
1239 2081 1338 2139 per
1391 2067 1583 2125 Filium
1625 2084 1817 2139 prooe-

244 2155 357 2209 dere
399 2166 761 2225 acceperunt.

308 2246 433 2301 Cum
463 2249 678 2319 itaque.
706 2250 849 2318 quod
906 2250 1223 2335 quiet-imus,
1281 2253 1564 2312 int-cntum
1627 2257 1815 2323 fuerit,

242 2354 337 2393 non
372 2340 594 2410 expedit
651 2339 804 2410 plura
845 2344 1118 2401 curiosius
1171 2347 1486 2413 quaerendo,
1533 2349 1815 2407 molestias

240 2432 357 2501 pati.
398 2430 572 2486 Simul
597 2444 655 2488 et
695 2449 794 2503 per
844 2433 960 2490 lucc
1011 2434 1218 2506 liquido
1260 2440 1541 2507 probatur,
1588 2443 1717 2511 quia
1746 2459 1815 2498 ex

245 2522 366 2580 Filio
400 2541 522 2582 esse
555 2541 781 2581 causam
815 2527 1019 2598 signat,
1054 2543 1159 2583 non
1194 2526 1371 2592 solum
1399 2532 1813 2602 proprietatem,

242 2628 293 2670 ut
322 2618 537 2688 quidam
568 2628 784 2690 putant.
821 2620 916 2674 sed
957 2634 1207 2686 causam,
1254 2625 1599 2690 praecedente
1647 2626 1813 2680 etiam

240 2711 581 2780 proprietate,
607 2722 668 2767 ut
691 2725 836 2782 saepe
862 2712 1069 2769 dictum
1108 2726 1214 2769 est.
1245 2712 1546 2771 Ennomius
1577 2718 1725 2773 enim
1746 2734 1812 2773 ex

242 2801 364 2858 Filio
399 2800 665 2879 Spiritum
700 2806 909 2871 dicens,
945 2814 1001 2861 et
1028 2804 1145 2876 ipse
1205 2810 1631 2865 conditionalem
1675 2826 1816 2867 cau-

236 2909 341 2949 sam
372 2895 613 2966 Spiritus
640 2895 838 2953 Filium
865 2899 1248 2957 connuendare
1276 2901 1511 2967 volebat,
1541 2904 1812 2974 divusque

202 2988 454 3045 -Basilius
487 2989 542 3044 in
583 3004 750 3045 causa
779 2992 1023 3062 suscepit
1087 2993 1308 3051 dicens:
1369 2993 1644 3060 Quomodo
1693 3013 1817 3067 ergo

237 3082 328 3136 soli
366 3079 653 3152 Utrigenito
683 3098 900 3138 causam
929 3083 1162 3152 Spiritus
1217 3085 1497 3154 applicat?
1556 3089 1620 3144 Et
1668 3104 1817 3148 certe

1988 582 2104 639 Non
2135 588 2312 642 solum
2345 594 2526 643 autem
2561 587 2663 649 ista
2688 588 2972 659 proferunt
2993 606 3060 650 ex
3109 598 3339 665 sanctis,
3368 599 3512 659 nihil

1916 676 1998 732 eis
2024 676 2091 729 ad
2134 677 2495 747 propositum,
2548 689 2610 734 ιιι
2666 691 2945 739 ostensum
2997 695 3104 754 est,
3147 686 3513 758 conferenda,

1918 768 2028 824 imo
2075 769 2235 823 etiam
2272 770 2376 827 sibi
2431 772 2656 828 omnino
2682 774 3053 846 adversantia,
3083 797 3272 847 verum
3336 797 3391 853 et
3440 788 3515 844 ad

1918 860 2150 930 ineptias
2180 869 2235 919 et
2268 878 2441 933 nugas
2492 880 2556 921 ea
2589 878 2912 927 convertere
2941 877 3307 946 contendunt,
3377 895 3523 941 con-.

1917 966 2076 1009 cesso
2103 963 2158 1009 et
2190 968 2256 1011 es
2291 953 2430 1010 Filio
2462 959 2759 1027 procedere
2794 961 3059 1031 Spiritum
3115 981 3391 1031 sanctum.
3425 974 3507 1030 Ac

1920 1045 2095 1115 primo
2123 1045 2315 1103 dicunt
2341 1049 2449 1104 duo
2482 1050 2747 1122 principia
2786 1058 2958 1110 sancti
2984 1057 3218 1125 Spiritus
3270 1080 3359 1127 eos
3426 1068 3513 1136 {a-

1920 1139 2020 1195 teri
2044 1141 2179 1210 cogi,
2213 1140 2309 1207 qui
2338 1142 2413 1197 ita
2468 1160 2533 1209 ra;
2566 1141 2733 1201 Patre
2782 1164 2845 1200 ac
2870 1146 3017 1203 Filio
3038 1157 3321 1218 procedere
3381 1157 3507 1228 Spi.

1919 1232 2080 1291 ritum
2110 1242 2352 1289 sanctum
2396 1248 2722 1299 asseverant.
2773 1242 2841 1302 At
2870 1242 2973 1301 Itoc
2998 1248 3203 1303 sanctis
3262 1247 3517 1311 Patribut

1920 1324 1974 1379 in
2025 1325 2223 1396 primis
2256 1326 2630 1397 imputandum
2665 1330 2789 1395 fuit.
2820 1338 2914 1405 qui
2963 1353 3062 1405 per
3094 1337 3292 1397 Filium
3341 1356 3399 1402 et
3448 1364 3518 1409 rx

1919 1416 2060 1473 Filio
2088 1434 2233 1484 esse,
2269 1436 2332 1475 ac
2356 1423 2653 1491 procedere
2709 1423 2972 1496 Spiritum
3031 1445 3305 1501 sanctum,
3334 1449 3390 1493 et
3450 1456 3521 1499 ex

1918 1511 2081 1569 Patre
2111 1528 2255 1580 esse,
2273 1515 2416 1577 sicut
2452 1528 2505 1573 et
2538 1534 2567 1575 ει
2606 1517 2743 1576 Filio
2791 1521 2994 1579 divinis
3047 1529 3349 1588 rationibus
3393 1550 3519 1605 pro.

1919 1607 2070 1663 bant.
2103 1608 2256 1676 Quod
2283 1610 2331 1668 si
2355 1612 2460 1669 hoc
2486 1628 2582 1669 eos
2640 1612 2713 1669 ita
2751 1630 3067 1677 trascrentes
3099 1637 3204 1678 non
3266 1629 3516 1690 sequitur

1918 1701 2286 1770 (nequeenim
2322 1705 2447 1760 talia
2504 1707 2790 1773 dixissent,
2825 1713 2869 1772 si
2910 1713 3012 1769 ista
3036 1728 3134 1771 eos
3159 1716 3400 1774 absurda
3431 1736 3520 1776 sc-
3606 1754 3629 1761 ρ

1919 1803 2255 1863 querentur;
2291 1797 2406 1852 imo
2432 1798 2549 1853 bare
2577 1799 2844 1871 dicentes,
2885 1805 3048 1861 etiam
3103 1824 3272 1865 unum
3310 1812 3517 1881 princi-

1922 1883 2067 1953 pium
2104 1883 2392 1957 fatentur),
2429 1898 2643 1946 constat
2676 1892 2807 1961 quia
2870 1910 3048 1966 neque
3107 1900 3321 1958 illorum
3368 1906 3518 1960 dicta

1922 1975 2245 2043 referentes,
2290 1981 2405 2037 bzec
2457 1981 2638 2047 inepta
2685 1997 3008 2056 sequuntur.

1992 2065 2197 2124 Deinde
2212 2071 2471 2142 quoniam
2489 2071 2611 2129 Filii
2642 2077 2823 2131 omnia
2842 2079 2910 2132 ad
2933 2077 3151 2139 Patrem
3178 2086 3517 2154 referuntur,

1866 2148 1872 2157 ’
1920 2166 1975 2213 et
1997 2174 2136 2215 unus
2159 2159 2299 2219 Deus
2325 2162 2484 2220 Pater
2503 2175 2558 2220 et
2577 2164 2747 2222 Filius
2765 2178 2865 2235 est,
2886 2180 3049 2241 atque
3067 2176 3225 2231 unico
3239 2148 3519 2250 processu,

1922 2251 2037 2305 sive
2061 2266 2127 2307 et
2152 2251 2315 2309 Patre
2338 2269 2434 2325 per
2458 2255 2682 2323 Filium,
2715 2262 2832 2317 sive
2853 2277 2921 2319 ex
2953 2264 3113 2321 Patre
3140 2280 3194 2323 et
3223 2268 3362 2327 Filio
3389 2289 3520 2341 pro-

1918 2346 2117 2401 Cedcre
2167 2350 2433 2405 asscritnr
2470 2349 2705 2420 Spiritus
2754 2367 3001 2423 Sanctus,
3061 2362 3281 2419 ubinam
3335 2367 3516 2427 locum

1920 2434 2030 2491 duo
2060 2437 2329 2508 principia
2356 2440 2676 2499 habebunt?
2700 2442 2835 2499 Nam
2861 2447 2904 2501 si
2932 2451 3148 2517 quidem
3168 2465 3311 2511 esset
3337 2456 3519 2513 Putris

1922 2526 2284 2589 substantiola
2309 2533 2637 2602 producere,
2678 2520 2783 2591 ltoc
2833 2535 3067 2595 fortasse
3109 2543 3522 2605 Itaberetratio-

1920 2636 2041 2677 nem
2074 2640 2089 2678 :
2121 2628 2380 2695 quoniam
2410 2644 2564 2697 vero,
2599 2632 2700 2687 hoc
2748 2649 2858 2688 non
2897 2647 3002 2700 est,
3035 2646 3091 2693 ut
3130 2657 3296 2710 supra
3329 2645 3517 2700 docui.

1922 2729 2063 2778 ntus,
2103 2730 2393 2774 commune
2436 2728 2522 2775 est
2576 2721 2744 2791 igitur
2786 2724 2934 2781 Patri
2995 2738 3052 2782 et
3119 2728 3258 2785 Filio
3305 2735 3517 2802 produ-

1918 2820 2066 2862 cere.
2098 2805 2232 2862 Nam
2258 2811 2305 2864 si
2336 2812 2697 2871 substantiale
2725 2826 2891 2882 esset.
2931 2835 3209 2890 nunquam
3248 2840 3317 2893 ex
3358 2826 3520 2885 Patre

1921 2916 2017 2971 per
2053 2899 2252 2958 Filium
2308 2907 2602 2974 procedere
2651 2906 2888 2977 Spiritus
2942 2927 3167 2973 sanctus
3215 2918 3519 2984 diceretur.

1921 2994 2132 3065 Quippe
2168 2997 2394 3066 etquod
2433 3001 2697 3067 procedit,
2738 3012 2794 3058 et
2820 3006 2961 3074 quod
3006 3008 3341 3077 producitur,
3374 3013 3516 3070 idem

1920 3088 2147 3143 omnino
2175 3099 2280 3144 est.
2308 3086 2496 3160 itaque
2525 3091 2690 3148 Pater
2718 3094 2939 3165 quidem
2984 3114 3081 3167 per
3128 3100 3325 3161 Filium
3362 3121 3518 3175 .pt'rt-

238 3173 311 3229 fas
340 3185 456 3230 erat
487 3178 668 3233 dicere
696 3189 945 3233 sanctum
971 3178 1172 3235 virum.
1231 3181 1383 3247 Quod
1434 3196 1568 3254 ergo
1634 3199 1813 3255 neque
1842 3192 1885 3250 ο
1921 3181 2072 3235 ducit
2100 3181 2364 3250 Spiritum
2397 3193 2668 3265 sanctum,
2707 3188 2822 3257 ipse
2887 3206 3014 3247 vero
3038 3202 3123 3248 est
3163 3196 3255 3262 qui
3312 3173 3517 3267 produ-

238 3280 295 3318 ex
326 3263 480 3330 Filio,
527 3281 702 3335 neque
726 3282 822 3335 per
855 3283 977 3321 eum
1034 3267 1143 3324 ullo
1197 3273 1358 3326 modo
1403 3283 1510 3338 est,
1545 3278 1820 3344 quomodo

235 3368 291 3409 ex
328 3354 462 3410 Filio
485 3366 708 3410 causam
746 3359 796 3411 id
848 3357 1079 3413 habeat?
1113 3360 1219 3415 Sed
1245 3362 1347 3417 hoc
1372 3378 1474 3419 non
1510 3365 1668 3431 dixit,
1698 3384 1820 3423 cum

239 3461 351 3502 eum
388 3464 451 3502 ex
477 3448 638 3505 Patre
665 3465 763 3520 per
811 3449 1007 3506 Filium
1060 3468 1181 3509 esse
1228 3470 1371 3523 stt-pe
1422 3456 1818 3527 allirntarerit;

240 3549 389 3611 atque
413 3558 505 3611 per
530 3540 730 3598 Filium
762 3545 981 3614 quidem
1038 3546 1385 3612 naturaliter,
1419 3560 1474 3606 ct
1519 3554 1821 3608 essentiall-

240 3650 327 3708 ter,
352 3646 488 3697 etab
516 3645 634 3711 ipso
664 3657 787 3698 esse
827 3644 1025 3700 habere
1068 3661 1341 3713 asserens,
1405 3651 1470 3702 ad
1518 3650 1571 3705 id
1629 3663 1811 3709 autent

236 3733 367 3802 quod
423 3746 686 3790 creatura:
737 3736 949 3791 ratione
1003 3751 1129 3794 esse
1170 3738 1458 3797 dicebatur
1512 3743 1805 3801 obsistens.

235 3826 408 3898 Itaque
427 3845 629 3883 cutuex
666 3828 804 3885 Filio
837 3832 1075 3886 essentia
1111 3835 1395 3900 asseritur,
1433 3838 1698 3895 naturalis
1722 3856 1815 3893 cs-

236 3922 577 3991 sentialisque
591 3922 897 3978 substantia
923 3924 1159 3994 Spiritus
1180 3912 1351 3982 sancti
1374 3932 1813 3986 commendatur.

302 4015 563 4070 Praeterea
585 4019 888 4071 secundum
912 4017 1233 4084 praedictam
1286 4022 1576 4088 rationem,
1638 4040 1812 4092 neque

239 4106 465 4161 Sabellio
498 4109 560 4161 ad
594 4109 1131 4166 commendationem
1168 4111 1480 4168 divinarum
1518 4114 1570 4168 in
1627 4114 1813 4170 Trini-

240 4208 342 4252 tate
393 4214 768 4266 personarum,
829 4215 895 4253 ex
959 4199 1095 4255 Filio
1171 4201 1433 4273 Spiritum
1504 4207 1801 4274 procedere

238 4291 817 4345 Patrcsobtemlcrcnt.
853 4292 920 4347 Et
961 4294 1060 4349 hoc
1109 4293 1256 4349 enim
1309 4295 1517 4350 addunt
1564 4297 1807 4365 quidam.

240 4383 294 4436 Si
325 4386 466 4438 enim
496 4384 686 4439 Filium
728 4396 792 4439 “ct
824 4385 1036 4443 Patrem
1103 4387 1354 4452 audiens,
1423 4388 1806 4460 dicentemque

244 4472 551 4529 Dominum:
574 4475 683 4545 Ego
702 4493 766 4530 ex
788 4473 949 4530 Patre
975 4479 1108 4531 exivi
1127 4479 1185 4543 °;
1217 4488 1272 4534 et
1304 4477 1537 4545 Spiritus
1560 4495 1627 4535 ea:
1649 4479 1808 4538 Patre

1926 3273 2093 3327 citur.
2124 3273 2333 3330 Idcirco
2378 3275 2546 3330 etiam
2583 3283 2881 3347 productor
2915 3298 3011 3352 per
3045 3284 3283 3343 Verbum
3332 3289 3516 3353 dictus

1926 3374 2032 3420 est.
2065 3364 2133 3419 Et
2175 3377 2356 3423 tamen
2405 3385 2584 3442 neque
2626 3388 2849 3429 causam
2913 3378 3337 3436 substantialem
3388 3402 3515 3441 esse

1925 3470 2291 3513 monstratum
2340 3474 2453 3527 cst,
2492 3480 2671 3535 neque
2712 3469 2856 3521 enim
2912 3486 3024 3525 rem
3060 3473 3356 3543 significat,
3417 3480 3513 3534 scd

1923 3553 2099 3615 solum
2132 3556 2616 3624 pnedieamcntum
2644 3570 2751 3617 est.
2796 3560 2852 3616 Si
2932 3564 3077 3619 enim
3165 3583 3278 3623 rem
3347 3586 3514 3629 causa

1922 3648 2210 3717 signiﬁestt,
2245 3652 2408 3705 etiam
2438 3653 2817 3709 substantialis
2861 3665 2965 3717 est,
3003 3667 3059 3712 et
3104 3662 3324 3716 causale
3380 3677 3517 3719 cen-

1919 3753 2216 3812 sequenter
2277 3759 2389 3799 rem
2461 3747 2768 3819 designabit
2831 3765 2895 3809 ac
2948 3752 3309 3811 substantialis
3372 3759 3504 3817 erit.

1922 3833 2099 3902 Atque
2139 3836 2209 3888 ita
2245 3837 2488 3892 eattsalia
2541 3854 2664 3894 cum
2724 3842 2834 3896 sint
2925 3844 3115 3919 Filius
3151 3858 3209 3903 et
3270 3846 3512 3919 Spiritus

1918 3935 2167 3989 sanctus.
2199 3943 2307 3982 una
2341 3944 2569 3998 persona
2595 3933 2719 3993 erit.
2764 3949 2961 4005 nempe
3020 3916 3278 4006 quoniam
3315 3916 3515 3997 voster.-

1917 4034 2036 4071 sum
2061 4028 2142 4073 est
2175 4022 2486 4074 communia
2514 4036 2635 4077 esse
2665 4022 2846 4077 onmia
2899 4023 3045 4080 [’nlt‘i
3092 4037 3147 4083 et
3210 4027 3371 4095 Filio.
3417 4034 3511 4089 ubi

1917 4124 2025 4163 non
2058 4110 2244 4164 obstat
2276 4111 2553 4167 relationis
2598 4114 2907 4182 oppositio;
2966 4121 3272 4186 producere
3304 4134 3509 4185 autem,

1917 4216 2092 4272 neque
2122 4203 2435 4272 paternitati
2459 4207 2711 4271 congruit
2743 4210 3045 4263 secundum
3073 4211 3193 4279 ejus
3214 4204 3508 4273 rationed}.

1915 4309 2089 4365 neque
2134 4294 2403 4351 nativitati
2448 4298 2764 4367 opponitur.
2829 4300 2950 4354 Istae
3003 4305 3147 4356 enim
3185 4305 3250 4358 ad
3279 4306 3511 4362 invicem

1914 4389 2083 4443 solum
2116 4389 2464 4451 relationem.
2493 4402 2657 4461 atque
2706 4394 3074 4449 substantiam
3110 4397 3336 4453 habent.
3423 4399 3513 4453 ld-

1914 4481 2060 4536 circo
2081 4481 2216 4536 nihil
2247 4482 2393 4549 cogit
2425 4498 2456 4536 a
2499 4480 2636 4539 Filio
2666 4486 2957 4551 producere
2982 4485 3235 4555 auferre;
3264 4471 3505 4558 alioquin

241 4569 463 4636 procedit
487 4568 524 4633 ⁷,
580 4586 684 4623 non
745 4570 1125 4635 induccbatur,
1181 4583 1239 4625 ttt
1290 4569 1615 4629 Trinitatem
1645 4574 1812 4629 Deum
1852 4562 1978 4624 θυι
2005 4571 2225 4639 sapiens
2278 4582 2333 4626 ει
2409 4573 2605 4636 bonus.
2673 4590 2791 4641 quae
2882 4593 3151 4646 nusquam
3231 4581 3510 4637 nativilati

244 4660 576 4717 confiteretur
596 4678 612 4725 ι
632 4664 874 4732 profecto
892 4665 936 4717 si
956 4664 1122 4719 etiam
1145 4679 1176 4719 ει
1196 4663 1331 4719 Filio
1354 4666 1497 4719 hunc
1525 4668 1816 4736 procedere

245 4753 498 4819 audisset,
537 4755 667 4810 nihil
712 4771 810 4826 per
867 4756 968 4811 hoc
1027 4758 1200 4827 magis
1250 4754 1575 4813 Trinitatem
1643 4758 1811 4813 Deum

247 4846 515 4903 confessus
541 4859 719 4904 esset:
756 4850 867 4902 imo
900 4849 1046 4903 credi
1084 4858 1261 4917 potest
1300 4865 1423 4902 eum
1456 4859 1511 4903 et
1542 4851 1625 4905 sui
1656 4851 1809 4905 sinti-

247 4940 319 4994 les
351 4941 417 4994 de
442 4940 570 4995 Filio
608 4943 707 4996 ista
738 4940 938 5008 srepius
976 4942 1394 5017 ,ιιιιιιίεεοκοιιιιι
1450 4958 1808 5010 personarum

248 5033 587 5090 dill‘erentiam
649 5044 937 5104 ponerent,
974 5050 1303 5102 causamque
1335 5044 1388 5090 ct
1451 5040 1691 5103 consule,
1756 5048 1810 5090 ct

250 5142 362 5195 qua:
391 5128 622 5183 ordini-nt
696 5134 764 5181 ad
835 5128 1065 5182 invicem
1122 5129 1490 5194 insinuiirent;
1542 5146 1665 5189 nam
1716 5131 1810 5200 qui

249 5232 339 5286 per
359 5218 410 5271 id
437 5221 680 5290 temporis
704 5221 958 5273 doctores
974 5230 1150 5283 eram,
1172 5235 1268 5288 per
1298 5218 1492 5273 Filium
1519 5222 1814 5291 procedere

249 5319 300 5361 et
321 5309 390 5362 ab
408 5310 517 5377 ipso
536 5313 803 5380 accipere,
840 5323 1005 5382 atque
1050 5315 1289 5381 prodire,
1320 5322 1372 5365 et
1399 5326 1591 5367 uetera
1628 5314 1819 5384 hujus-

188 5438 209 5452 .
253 5402 391 5455 modi
420 5405 480 5457 de
518 5404 714 5475 Spirttu
751 5415 942 5461 sancto
970 5408 1307 5462 asserebant.
1344 5406 1610 5463 Caeterum
1660 5411 1704 5462 si
1750 5425 1815 5462 ex

252 5494 646 5555 evidentissitnis
677 5498 976 5567 Scriptum
1039 5501 1371 5553 testimoniis
1400 5499 1453 5557 id
1513 5502 1819 5569 percipien-

256 5596 352 5653 tes,
382 5603 550 5645 verum
578 5609 684 5650 non
717 5596 1002 5661 putabant.
1031 5593 1305 5663 quomodo
1337 5593 1381 5646 si
1439 5594 1510 5646 ab
1583 5593 1819 5649 Itontini-

258 5680 354 5737 bus
381 5684 636 5754 audirent,
661 5686 1078 5742 concinentibus
1122 5687 1246 5739 licet
1295 5686 1590 5754 Scriptnris
1622 5688 1815 5743 crede-

372 5867 516 5926 loan.
546 5890 657 5942 xvr,
688 5874 782 5931 9.8.
861 5874 879 5905 "
921 5872 1085 5937 Joatt.
1122 5889 1211 5938 xv,
1247 5874 1337 5928 96.

495 5971 761 6032 ΡΑτιιυι.
801 5970 920 6031 Gn.
980 5972 1157 6032 CLII.

1922 4677 2295 4734 opponuntur,
2326 4664 2463 4719 Filio
2497 4667 2775 4731 tollentes,
2822 4669 3088 4727 minorem
3116 4670 3294 4729 Patris
3318 4690 3509 4731 essen-

1925 4758 1996 4813 tia
2025 4757 2219 4813 Filium
2262 4761 2573 4814 necessario
2610 4760 2920 4829 fatebimur,
2984 4764 3168 4820 innata
3207 4778 3261 4820 ct
3292 4770 3509 4837 propria

1924 4866 2030 4905 non
2060 4853 2135 4917 ei,
2164 4853 2304 4905 sicut
2331 4862 2385 4906 ct
2415 4851 2556 4906 l'atri
2591 4854 2880 4910 retltlentes
2912 4874 2927 4910 :
2961 4856 3032 4910 ita
3085 4868 3140 4913 et
3186 4866 3507 4926 producere.

1923 4946 2181 5010 quoniam
2218 4946 2493 4999 nativitati
2536 4962 2640 4999 non
2671 4949 2876 5014 obstat,
2914 4950 3016 5003 nisi
3056 4950 3192 5006 Filio
3220 4967 3510 5010 communi:

1922 5052 2044 5091 cum
2067 5036 2224 5091 Patre
2255 5040 2361 5102 sit;
2409 5038 2639 5105 sigillum
2675 5054 2898 5107 prorsus
2916 5041 3190 5099 uniforme
3227 5062 3330 5098 non
3382 5049 3506 5109 erit,

1920 5136 1976 5180 et
2019 5129 2419 5184 indcntntabilis
2463 5131 2641 5199 imago
2674 5130 2871 5195 Patris.
2907 5143 2962 5190 et
3004 5150 3147 5192 unus
3165 5151 3291 5190 cum
3346 5136 3509 5191 Patre

1924 5221 2086 5279 Deus.

1992 5314 2171 5385 Itaque
2192 5319 2488 5375 secundum
2513 5320 2759 5392 proprias
2777 5326 3164 5380 substantiales
3191 5326 3506 5391 relationes.

1919 5409 2306 5475 paternitatem
2335 5412 2545 5468 scilicet
2583 5430 2646 5469 ac
2705 5418 3069 5483 nativitatem,
3123 5418 3350 5472 discreti
3382 5436 3505 5473 curn

1917 5497 2027 5550 sint
2056 5502 2354 5555 secundum
2398 5519 2662 5573 personas
2692 5506 2854 5562 Pater
2908 5517 2960 5561 et
2987 5507 3181 5573 Filius,
3216 5526 3510 5565 commune

1918 5592 2212 5651 intlivisum
2266 5612 2363 5666 per
2428 5599 2533 5653 alia
2575 5602 2757 5655 omnia
2804 5604 2892 5671 pie
2946 5602 3344 5658 observabitur.
3386 5603 3507 5657 Non

1921 5686 2069 5741 enim
2096 5689 2223 5759 quia
2253 5691 2361 5747 duo
2395 5703 2522 5748 sunt
2554 5695 2829 5764 personis,
2859 5695 2979 5749 ideo
3000 5697 3165 5749 etiam
3204 5709 3297 5765 per
3323 5695 3505 5748 omnis
