3984 6564
398 412 501 479 νη
1672 394 1995 460 MANUEL

2117 394 2202 453 CA
2218 390 2422 455 LEC:E
3550 377 3675 447 ’1Ἷῖ

392 547 487 590 eos
517 521 1073 589 dividereeonvcnlt;
1130 520 1206 575 sic
1260 519 1405 574 enim
1449 523 1630 572 essent
1676 524 1732 569 et
1769 516 1874 567 duo
1893 526 1981 565 sa—
2015 523 2051 570 ,\
2086 508 2393 574 ﬂuviusque
2451 520 2514 559 ex
2565 504 2721 558 oculo
2782 515 2880 573 per
2914 501 3154 563 'fontem,
3220 496 3337 552 sive
3392 508 3529 565 aqua
3590 506 3669 548 ex

310 672 317 684 .
394 628 626 696 pientes,
650 630 709 677 et
730 622 835 676 duo
864 618 1011 681 boui,
1042 624 1097 670 et
1119 616 1225 668 duo
1260 620 1559 675 creatures,
1594 610 1775 663 ctduo
1804 606 1898 668 dii,
1927 612 1982 657 ct
2089 603 2236 659 ferite
2275 618 2371 672 per
2418 601 2661 663 luvium,
2695 606 2752 652 ct
2800 594 3008 649 fructus
3070 607 3137 645 ex
3203 591 3384 644 radice
3439 599 3538 657 per
3580 599 3679 637 ra-

392 695 500 775 duo
531 718 803 771 mittentes
827 752 844 779 ,
873 711 1128 780 quoniam
1160 706 1325 761 mittit
1369 703 1586 774 quidem
1622 699 1782 767 Patet:
1806 695 1984 768 Spiri-

397 823 508 868 tum
536 818 781 866 sanctum
808 824 823 870 ;
853 804 1020 859 mittit
1053 816 1183 857 vero
1210 801 1353 855 hunc
1395 806 1449 853 et
1504 793 1703 860 Filius;
1767 801 1821 847 et
1882 788 1977 861 qui

394 904 563 959 mittit
592 901 805 956 initium
837 893 1244 968 quomodolibet
1276 900 1359 946 cst
1405 889 1523 959 ejus
1578 887 1669 956 qui
1725 884 1979 939 mittitur.

466 996 678 1053 Idcirco
726 992 931 1047 dictqu
969 997 1058 1043 est
1088 1001 1119 1042 a
1151 982 1401 1052 theologo
1439 978 1729 1049 Gregorio,
1779 974 1982 1043 princi-

394 1093 539 1162 pium
569 1102 637 1143 ea:
659 1084 942 1156 principio,
981 1092 1294 1150 quanquam
1334 1089 1442 1129 non
1488 1072 1644 1126 video
1678 1085 1778 1126 cur
1799 1068 1982 1138 potius

398 1160 462 1241 ex
487 1199 554 1238 eo
575 1180 793 1250 quidem
826 1174 967 1246 quod
1003 1188 1070 1229 ex
1115 1171 1274 1226 Patre
1295 1176 1350 1224 et
1395 1164 1533 1220 Filio
1569 1161 1865 1233 procedere
1895 1160 1980 1214 di-

397 1279 541 1335 citur
569 1272 809 1344 Spiritus
854 1277 1103 1330 sanctus,
1141 1265 1246 1319 duo
1285 1258 1463 1316 sancti
1498 1257 1736 1326 Spiritus
1774 1252 1982 1324 princi-

398 1374 486 1442 pia
512 1373 815 1423 nascuntur
846 1380 861 1417 :
896 1376 962 1416 ex
985 1374 1054 1414 eo
1081 1365 1263 1412 autem
1306 1353 1450 1423 quod
1493 1365 1521 1404 a
1556 1348 1725 1403 Patre
1754 1355 1808 1400 et
1845 1343 1981 1398 Filio

401 1464 564 1531 tuitti,
599 1477 704 1517 non
736 1457 923 1515 itidem
948 1456 1054 1509 duo
1081 1451 1334 1507 oriantur
1363 1445 1541 1506 initia,
1594 1453 1770 1510 neque
1802 1447 1979 1491 tamen

2089 710 2260 761 munt,
2300 696 2601 751 secundum
2638 706 2804 745 unum
2854 700 3171 757 processum
3199 695 3479 751 unumque
3509 679 3678 748 prin-

2087 788 2313 854 cipintn,
2362 787 2656 855 prodeunt.
2716 780 2773 836 Si
2830 788 3008 834 autem
3042 779 3149 831 hoc
3180 776 3232 828 itt
3270 769 3501 827 materia
3536 781 3689 821 cnn-

2091 881 2276 949 tingit,
2334 880 2504 933 multo
2572 876 2745 945 magis
2801 874 2852 927 in
2900 870 3121 932 divinis,
3181 877 3347 935 atque
3391 863 3461 917 ub
3516 856 3687 913 omni

2094 975 2321 1029 materia
2370 972 2616 1034 remotis,
2654 984 2774 1039 qme
2819 962 2939 1020 sine
2981 974 3225 1031 tempore
3270 966 3325 1013 et
3386 951 3690 1011 intervallo

2089 1068 2473 1135 inspiciuntur.
2730 1119 2777 1138 Ἀ

2164 1159 2396 1213 Tantum
2427 1170 2554 1210 vero
2582 1137 2739 1208 abest
2767 1161 2824 1206 ut
2858 1147 3084 1203 Romani
3116 1154 3173 1200 et
3202 1142 3379 1198 Latini
3408 1140 3516 1196 duo
3543 1137 3688 1207 Spi-

2094 1255 2231 1310 ritus
2274 1251 2536 1322 priucipia
2579 1252 2780 1302 duosve
2830 1254 3121 1314 processus
3166 1236 3564 1297 conﬁteantur,
3612 1240 3688 1285 ut

2094 1362 2189 1403 eos
2233 1355 2450 1415 quoque
2484 1339 2962 1400 anathematizcnt,
3011 1333 3101 1404 qui
3133 1330 3257 1386 talia
3303 1329 3489 1383 dicere
3533 1338 3696 1395 prm-

2093 1443 2342 1495 sumunt.
2394 1436 2633 1505 Denique
2665 1435 2714 1486 in
2763 1427 3110 1501 Lngdunensi
3159 1422 3416 1487 concilio,
3467 1418 3698 1474 Graecis

401 1564 511 1617 duo
546 1558 631 1613 vel
656 1567 766 1609 tres
792 1562 1061 1606 creatura:
1092 1545 1348 1601 dicunt“?
1374 1538 1620 1609 opiﬁces.
1640 1544 1701 1588 θι
1730 1544 1841 1588 "es
1862 1528 1940 1585 (1ίὶ
1962 1568 1980 1593 ο
2068 1533 2414 1601 -Latinisqtte
2435 1527 2775 1598 congregatis
2796 1565 2812 1589 ,
2864 1525 2979 1578 haec
3024 1517 3300 1577 sententia
3335 1512 3698 1585 promulgata

401 1665 456 1707 σει
486 1650 595 1714 tria
614 1650 1016 1712 consequenter
1036 1633 1305 1709 principia
1333 1648 1348 1697 ;
1377 1629 1472 1686 sed
1497 1633 1735 1690 constat.
1761 1621 1982 1691 quando
2094 1635 2181 1682 est
2210 1642 2226 1678 :
2257 1637 2419 1692 quam
2453 1618 2698 1690 plurimis
2723 1619 2775 1672 in
2822 1616 2982 1681 locis,
3009 1612 3214 1666 emis
3242 1607 3566 1671 Latinisque
3597 1604 3701 1655 in-

403 1757 582 1812 neque
609 1740 842 1810 sapiens,
878 1747 1054 1803 neque
1085 1739 1299 1785 creator
1328 1720 1645 1795 patertiitati
1677 1732 1856 1786 neque
1888 1728 1990 1769 na-
2097 1715 2355 1784 scriptam
2403 1709 2600 1766 litteris
2652 1718 2706 1763 et
2756 1705 2933 1772 libris,
2986 1703 3146 1759 facile
3209 1700 3302 1771 qui
3347 1694 3569 1767 quaerit,
3607 1694 3704 1746 in-

407 1834 606 1892 tivitati
663 1828 957 1901 opponitur
1013 1842 1030 1880 :

405 1939 595 1983 sancto
625 1921 853 1994 Spiritui
889 1930 1180 1975 coiumune
1211 1923 1317 1972 est,
1360 1909 1575 1978 quando
1593 1919 1696 1959 nec
1720 1903 1840 1972 ejus
1863 1900 1991 1954 Silli-

356 2042 360 2046 ·
405 2018 646 2075 stautiuli
674 2014 1016 2088 proprietati,
1045 2004 1386 2079 processioni
1411 1999 1645 2064 scilicet,
1664 1996 1987 2067 opponitur:

406 2128 549 2166 unus
601 2119 814 2162 creator
869 2115 1149 2171 unumque
1186 2104 1452 2153 creatura:
1496 2089 1822 2161 principium
1871 2084 1993 2138 'l‘ri-

409 2207 570 2261 nitas.
607 2204 681 2257 Ac
724 2200 940 2254 mittere
976 2192 1242 2265 Spiritum
1276 2197 1524 2242 sanctum
1572 2179 1719 2234 Patri
1748 2176 1994 2244 Filioque

408 2310 696 2355 connuune
727 2301 831 2356 est,
875 2289 1074 2359 quippe
1116 2299 1241 2340 cum
1274 2294 1447 2351 neque
1499 2279 1598 2330 hoc
1628 2287 1817 2329 eorum
1871 2269 1997 2324 Stili-

408 2389 761 2445 stantiulilms
789 2378 1219 2454 proprietatibus
1248 2375 1450 2430 obstet.
1483 2369 1610 2424 Ideo
1644 2374 1701 2439 et
1738 2378 1879 2419 unus
1894 2360 1993 2430 qui

410 2484 600 2543 mittit,
641 2478 803 2532 Pater
831 2486 885 2529 et
917 2471 1090 2527 Filius
1122 2478 1229 2524 est.
1278 2463 1543 2519 Similiter
1585 2460 1677 2528 qui
1723 2454 1994 2528 producit,

408 2590 554 2629 unus
606 2583 693 2625 cst
741 2573 929 2623 eadem
985 2564 1216 2618 ratione.
1270 2557 1474 2612 Sancto
1531 2560 1709 2607 autem
1768 2545 1996 2618 Spiritui

410 2667 631 2721 mittere
661 2678 724 2717 ac
755 2661 1079 2729 producere,
1138 2665 1197 2707 ut
1227 2649 1345 2719 ejus
1366 2642 1722 2702 substantiali
1775 2638 1997 2709 opposi-

415 2773 529 2814 tum
564 2753 887 2826 proprietati
922 2764 1030 2803 ltott
1069 2748 1259 2810 adest;
1283 2738 1429 2811 quod
1460 2738 1603 2791 enim
1636 2732 1906 2803 producit,
1932 2730 1997 2783 ad

410 2856 466 2909 'ttl
498 2851 638 2921 quod
667 2846 1019 2920 “producitur,
1051 2840 1318 2902 refertur;
1358 2847 1408 2889 et
1446 2830 1588 2902 quod
1639 2824 1985 2896 producitur,

415 2944 483 2999 ad
513 2917 564 2997 id
591 2917 732 3011 quod
759 2935 1029 3008 producit,
1061 2932 1147 2986 vel
1179 2929 1407 2997 inspirat
1432 2924 1646 2977 itidem.
1678 2917 1794 2972 Non
1817 2926 1997 2968 autem

415 3034 676 3106 possibile
739 3040 826 3085 est
879 3030 1020 3083 idem
1056 3022 1359 3091 essequod
1412 3015 1683 3087 producit,
1740 3023 1799 3067 et
1856 3007 1999 3079 quod

412 3128 757 3204 producitur.
822 3121 970 3177 Nihil
1022 3119 1167 3174 enim
1220 3116 1302 3170 stti
1369 3112 1538 3181 ipsius
1593 3122 1759 3163 causa
1819 3113 1925 3160 e~t.

1095 1824 1182 1878 hic
1234 1820 1399 1876 etiam
1453 1815 1596 1870 Patri
1632 1821 1687 1867 et
1748 1808 1907 1872 Filio,
1930 1818 2066 1912 etB

2093 1809 2262 1866 venit.

2174 1899 2466 1970 Gregorius
2495 1898 2563 1961 Χ,
2596 1897 2648 1952 in
2681 1894 3028 1967 Lugdunensi
3067 1888 3367 1948 universali
3392 1883 3639 1940 concilio
3679 1898 3696 1935 ε

2104 1991 2366 2059 lleligiasa
2396 2008 2458 2044 ac
2480 1988 2626 2058 ﬁdeli
2655 2005 2774 2043 voce
2810 1987 3239 2058 pronuntiamus,
3263 1980 3522 2052 Spiritum
3554 1992 3704 2030 san-

2100 2094 2239 2139 ctum
2280 2099 2345 2137 ex
2388 2082 2548 2157 Patre
2579 2090 2627 2134 et
2658 2078 2794 2135 Filio
2814 2089 3037 2142 _a:terne,
3070 2093 3173 2130 non
3204 2072 3363 2129 veluti
3392 2085 3458 2125 ea:
3480 2067 3703 2122 duobus

2098 2173 2393 2243 principiis,
2421 2172 2512 2227 sed
2536 2183 2591 2225 ut
2612 2186 2677 2226 ea:
2709 2187 2837 2233 uno,
2857 2187 2959 2223 non
2984 2167 3193 2221 duabus
3217 2158 3706 2234 inspirationibus,

2102 2268 2178 2324 vel
2232 2265 2677 2333 processionibus,
2743 2264 2833 2318 sed
2881 2279 2999 2341 auat
3031 2262 3314 2329 eademque
3371 2255 3694 2325 procedere.

2105 2362 2258 2415 Istud
2285 2379 2315 2414 a
2341 2358 2597 2430 principio
2632 2357 2869 2427 confessa
2892 2366 2967 2410 est
2985 2395 3000 2419 ,
3031 2353 3365 2422 prtedicauit,
3393 2358 3443 2402 et
3475 2346 3704 2405 docuit,

2103 2457 2197 2508 hoc
2220 2453 2416 2519 valide,
2438 2461 2488 2506 et
2519 2450 2946 2506 constantissime
2968 2458 3126 2512 tenet,
3156 2444 3435 2516 praedicat,
3473 2440 3712 2502 con/itc-

2106 2559 2195 2602 tur
2226 2558 2276 2603 et
2320 2549 2465 2599 docet
2512 2525 2854 2599 sacrosancta
2906 2541 3145 2595 Romana
3200 2538 3467 2600 Ecclesia,
3518 2540 3710 2585 mater

2105 2642 2341 2696 omnium
2368 2638 2631 2709 ﬁdelium,
2662 2654 2725 2691 ac
2744 2638 3006 2706 magistra
3027 2650 3046 2696 ;
3071 2634 3319 2698 istudque
3346 2640 3481 2682 tettct
3508 2627 3713 2678 ortho-

2106 2740 2364 2789 doxorum
2425 2731 2650 2786 Patrum
2705 2747 2767 2783 ac
2809 2730 3110 2794 doctorum,
3172 2723 3482 2777 Latinorum
3536 2730 3714 2787 atque

2107 2827 2438 2890 Grtrcorum,
2498 2841 2620 2880 vera
2672 2823 3058 2890 immobilisque
3116 2820 3399 2874 sententia.
3474 2812 3707 2873 Verum,

2107 2923 2233 2993 quia
2264 2919 2507 2976 nonnulli
2552 2934 2647 2989 per
2679 2917 3043 2989 ignorantium
3095 2914 3255 2976 huius
3302 2906 3713 2978 irrefragabilis

2108 3017 2367 3077 raritatis,
2424 3016 2480 3065 in
2516 3013 2738 3065 Itwreses
2788 3010 2969 3063 varias
3015 3007 3153 3075 lapsi
3194 3014 3316 3058 sunt
3369 3017 3388 3056 :
3430 3017 3549 3064 nos,
3607 3000 3712 3051 Im-

2103 3106 2343 3177 jusmodi
2370 3104 2652 3160 Itmrcsibtts
2694 3118 2896 3155 onmem
2924 3101 3127 3154 aditum
3146 3099 3416 3151 obstruere
3441 3093 3708 3155 volentes,

487 3220 785 3281 Prstitereu,
836 3215 881 3269 si
919 3210 1222 3281 produceus
1268 3203 1505 3273 Spiritus
1554 3201 1649 3265 sit,
1702 3193 2001 3268 procedens

2117 3213 2261 3252 sacro
2304 3196 2465 3250 simul
2509 3197 2817 3248 decernente
2864 3190 3114 3253 concilio,
3149 3190 3472 3241 damnamus
3521 3200 3588 3237 ac
3622 3200 3712 3234 re-

416 3328 541 3369 esst:
566 3311 796 3372 desinet,
823 3316 877 3360 et
905 3295 1163 3373 Spiritus,
1194 3300 1342 3369 quod
1374 3295 1534 3361 hujus
1563 3290 1874 3361 proprietas
1895 3297 2003 3339 est.

423 3404 485 3458 Et
517 3399 763 3463 erit,~vel
810 3394 1083 3467 gignendo
1131 3393 1312 3457 Patre,
1338 3398 1390 3443 et
1439 3385 1712 3457 quomodo
1746 3399 1777 3436 a
1811 3378 2005 3433 Patre?

419 3497 506 3554 vel
540 3497 857 3568 productor,
910 3499 965 3544 et
1001 3487 1274 3559 quomodo
1331 3478 1608 3550 Spiritus?
1664 3478 1771 3530 Sed
1823 3486 2009 3541 neque

418 3592 616 3647 tertius
660 3603 688 3641 a
743 3586 904 3640 Patre
935 3583 1060 3645 erit,
1091 3580 1245 3646 juxta
1276 3579 1501 3630 Patrum
1535 3569 1879 3637 theologiam,
1916 3579 2007 3620 se-

416 3683 859 3750 cundumquatu
892 3692 972 3730 οι·
990 3674 1153 3729 Pater
1191 3686 1287 3740 per
1334 3668 1529 3723 Filiqu
1576 3659 1823 3733 procedit
1850 3675 1869 3714 :
1898 3659 2009 3713 sic-

422 3791 529 3847 que
558 3788 734 3842 neqne
774 3768 1097 3839 procedens,
1136 3771 1233 3815 aut
1280 3758 1520 3827 Spiritus
1553 3754 1683 3809 erit.
1718 3751 1929 3806 Idcirco
1954 3757 2013 3802 ut

416 3844 696 3935 obiectum
747 3857 1063 3931 proprietati
1114 3870 1247 3915 sum,
1291 3850 1582 3919 producere
1631 3845 1701 3899 ab
1731 3844 1850 3912 ipso
1877 3844 2011 3897 alie-

426 3931 555 4013 lttl'ltl
583 3955 710 4018 erit,
751 3950 852 4008 etsi
895 3950 966 4002 sit
997 3945 1241 4016 ejusdem
1271 3957 1393 3996 cum
1426 3938 1590 3993 Patro
1616 3948 1670 3992 et
1702 3935 1842 3990 Filio
1872 3931 2005 3987 sub-

427 4050 665 4113 Stantiat,
712 4056 877 4101 utaes
911 4042 1044 4112 ipsis
1076 4037 1468 4097 essetttialiter,
1513 4042 1566 4088 et
1600 4030 1754 4102 quasi
1788 4029 1859 4084 ab
1904 4040 2010 4080 una

429 4160 487 4199 re
509 4144 799 4213 essistcns.
829 4137 1118 4204 Propterea
1146 4141 1201 4186 et
1242 4128 1333 4198 qui
1367 4142 1431 4183 ex
1465 4125 1624 4180 Patre
1644 4135 1699 4180 et
1724 4120 1860 4176 Filio
1884 4133 2013 4191 pro-

422 4236 624 4292 cedere
665 4230 930 4302 Spiritum
994 4232 1246 4281 sanctttm
1307 4220 1657 4282 contiteutur,
1709 4227 1890 4284 neque
1944 4226 2011 4265 ex

427 4327 591 4382 Patre
636 4323 823 4379 dicunt
849 4317 1149 4374 secundum
1200 4312 1595 4383 proprietatem
1645 4304 1824 4358 Patris
1872 4303 2013 4373 (haec

426 4416 573 4471 cnim
599 4414 666 4467 ad
691 4410 892 4467 Filium
916 4407 1142 4471 dicitur)
1162 4442 1178 4466 ,
1214 4415 1392 4469 neque
1429 4414 1494 4451 ex
1521 4396 1683 4461 Filio,
1715 4394 2014 4450 secundum

428 4508 553 4565 Filii
579 4498 1116 4567 dcllttitimtettt,~ejus
1143 4494 1341 4563 quippe
1369 4494 1509 4545 ratio
1535 4488 1601 4543 ad
1629 4488 2016 4557 patertritatem

2107 3289 2392 3361 probamus
2420 3303 2622 3352 onmes,
2666 3288 2757 3356 qui
2792 3301 2983 3353 negare
3030 3284 3228 3334 audent
3268 3279 3534 3348 Spiritum
3574 3293 3711 3330 san-

2110 3396 2249 3438 ctum
2289 3396 2354 3435 ex
2393 3379 2552 3433 Patre
2581 3390 2626 3434 et
2677 3378 2819 3433 Filio
2857 3386 3054 3431 ceterae
3104 3373 3408 3442 procedere,
3465 3371 3576 3425 sine
3612 3369 3712 3422 aui

2112 3476 2396 3530 temeraria
2442 3472 2671 3527 audacia
2718 3473 2976 3541 afﬁrmant
3026 3466 3287 3535 Spiritum
3316 3481 3382 3520 ex
3427 3462 3597 3518 Patre
3658 3470 3715 3516 et

2112 3566 2268 3630 Filio,
2321 3564 2478 3620 ueluti
2519 3580 2583 3617 ea:
2620 3536 2824 3616 doctius
2862 3560 3159 3630 principiis,
3202 3574 3306 3611 non
3346 3572 3411 3610 ex
3442 3572 3551 3609 uno
3576 3536 3714 3623 pro.-

2111 3660 2317 3715 cedere.

2186 3754 2295 3809 lsta
2321 3752 2681 3807 ab~omnibus
2715 3764 2782 3805 eo
2813 3747 3265 3805 convenientibus
3306 3745 3557 3798 lirmact
3585 3751 3714 3796 ruta

2114 3847 2322 3914 habita,
2376 3845 2681 3915 litterisque
2725 3842 2929 3898 Grtccis
2979 3853 3033 3897 et
3082 3838 3295 3894 Latinis
3353 3836 3592 3904 scripta,
3656 3842 3717 3885 et

2114 3942 2256 4010 apud
2292 3954 2387 3995 eos
2416 3939 2640 4001 durant,
2664 3946 2731 3992 et
2758 3932 3288 4002 Constantinopolim
3316 3941 3445 3983 tunc
3460 3944 3610 3982 cum
3634 3927 3722 3979 lc-

2115 4034 2256 4104 gatis
2282 4032 2450 4086 missa
2476 4039 2625 4084 sunt.
2661 4028 2811 4094 Quod
2837 4028 2881 4082 si
2916 4040 3059 4080 nunc
3084 4024 3185 4078 ista
3218 4022 3420 4090 scripta
3450 4034 3566 4072 non
3594 4018 3721 4071 ulti-

2116 4138 2223 4193 qtte
2254 4131 2573 4185 cernuntur,
2597 4120 2706 4174 alia
2737 4118 2877 4172 ratio
2904 4126 3009 4172 est.
3066 4113 3353 4181 Quomodo
3396 4112 3549 4167 enim
3595 4124 3721 4162 ser-

2120 4225 2241 4268 vata
2271 4220 2401 4269 sunt
2429 4207 2651 4281 scripta,
2677 4226 2909 4280 quornnt
2939 4214 3225 4278 OpllS'pOa'l
3250 4206 3526 4259 modicum
3556 4219 3722 4258 ever-

2118 4323 2238 4365 sum
2274 4304 2649 4363 estl'l‘antam
2683 4313 2861 4359 tamen
2895 4317 2960 4355 ac
2989 4310 3099 4355 tam
3131 4297 3401 4353 celebrem
3437 4298 3720 4367 synodum

2121 4401 2270 4459 illaut
2305 4408 2530 4469 propter
2548 4399 2662 4452 haec
2686 4396 2855 4451 fuisse
2908 4393 3220 4459 conﬂatam,
3264 4390 3722 4460 apud-plurimos

2121 4493 2300 4547 adhuc
2334 4494 2387 4546 in
2418 4490 2680 4545 memoria
2709 4498 2815 4544 est.

431 4600 758 4657 relationem
791 4608 853 4647 at:
891 4588 1252 4648 sitbstatttiam
1296 4585 1483 4651 habet,
1509 4580 1610 4637 sed
1652 4581 1707 4635 in
1738 4590 2009 4650 quantum
2050 4555 2095 4611 θ
2196 4583 2274 4639 Ex
2305 4583 2389 4638 his
2438 4593 2619 4636 autem
2666 4578 2973 4636 evidentius
3010 4578 3066 4632 ﬁl
3099 4579 3266 4634 etiam
3317 4578 3464 4649 quod
3508 4578 3721 4633 {manu

433 4706 599 4747 unum
638 4698 765 4745 sunt
809 4686 970 4739 Pater
1000 4680 1279 4746 ct~Filius,
1312 4678 1609 4733 secundum
1645 4675 1856 4730 scilicet
1889 4687 2016 4744 pro-

433 4781 668 4839 ducendi
701 4780 994 4835 rationein.

508 4873 664 4928 Sicut
697 4870 846 4924 enim
878 4871 1099 4938 quando
1133 4880 1230 4936 per
1267 4863 1482 4920 Filium
1522 4860 1706 4917 omnia
1742 4860 2019 4924 dicuntur,

435 4968 613 5024 mritio
663 4963 962 5018 voluntatis
1014 4958 1346 5023 ostenditur,
1387 4967 1446 5011 ιιι
1478 4956 1554 5010 ait
1606 4969 1834 5025 magnus
1870 4951 2022 5008 Basi-

433 5062 566 5123 lius,
631 5056 705 5111 its
739 5063 795 5109 et
851 5068 977 5109 cum
1010 5065 1081 5106 ex
1136 5047 1299 5104 Patre
1330 5063 1424 5118 per
1476 5046 1674 5102 Filiqu
1725 5046 2025 5112 procedere

438 5148 680 5218 Spiritus
716 5144 940 5207 dicitur,
979 5139 1155 5194 tﬂlillO
1188 5135 1372 5193 Patris
1403 5144 1457 5191 et
1516 5132 1667 5199 Filii,
1720 5132 2021 5189 secundum

436 5234 853 5298 substantialent
885 5244 1203 5304 processum
1242 5228 1482 5299 Spiritus
1512 5228 1685 5284 sancti
1738 5241 2026 5283 commen-

437 5336 639 5399 datur;
693 5327 955 5400 quocirca
1000 5333 1056 5380 et
1122 5338 1291 5378 unum
1358 5321 1682 5392 principium
1760 5318 2024 5382 fatentur,

438 5437 720 5495 unumque
773 5421 947 5492 ipsius
980 5430 1321 5488 processum,
1375 5424 1429 5469 ut
1476 5415 1545 5469 ab
1580 5430 1687 5469 tino
1719 5430 1734 5467 :
1769 5413 2027 5485 gignendi

438 5520 651 5577 scilicet
674 5529 740 5570 ac
763 5511 1021 5568 nascendi
1045 5509 1374 5566 discretione
1398 5519 1637 5564 servata.

514 5611 839 5678 Qumtquant
872 5613 924 5659 et
962 5602 1260 5659 secundum
1296 5602 1544 5671 esetnpla
1571 5602 1647 5655 de
1682 5608 1869 5655 sancta
1906 5597 2027 5653 Tri-

444 5714 615 5762 nitate
672 5716 702 5756 ει
759 5698 964 5754 sanctis
1016 5695 1267 5750 Patribus
1324 5697 1532 5764 posita,
1581 5696 1725 5764 quod
1775 5694 2025 5751 dicimus.

441 5796 786 5853 extrinsecus
840 5789 1111 5861 congruit.
1174 5785 1287 5842 Lux
1339 5789 1484 5841 enim
1534 5798 1619 5840 cst
1658 5799 1728 5839 ex
1774 5786 1888 5839 sole
1934 5798 2031 5853 per

441 5895 681 5963 radium,
716 5900 877 5962 atque
907 5901 974 5946 et
1024 5883 1177 5943 radio
1210 5882 1351 5939 velut
1376 5894 1441 5937 ex
1477 5895 1586 5935 uno
1616 5878 1887 5951 principio
1913 5891 2014 5946 ρει,

562 6026 572 6055 l

2124 4678 2390 4733 Maximus
2442 4678 2576 4731 dixit
2646 4693 2661 4730 :
2711 4674 2975 4730 Romanos
3055 4674 3364 4741 conﬁtentes
3416 4690 3492 4729 ea:
3544 4672 3719 4728 Patre

2120 4784 2166 4824 et
2192 4767 2335 4824 Filio
2357 4768 2633 4839 procedere
2659 4766 2920 4836 Spiritum
2970 4776 3235 4831 sanctum,
3266 4756 3375 4819 noti
3404 4767 3608 4820 Filium
3647 4771 3723 4819 ia-

2126 4864 2228 4920 teri
2275 4862 2448 4920 sancti
2493 4860 2727 4928 Spiritus
2771 4873 3013 4915 causam.
3064 4854 3256 4933 ﬁeque
3305 4857 3453 4912 enim
3499 4857 3711 4913 Filium

2126 4972 2293 5015 causa
2324 4955 2678 5012 detrudeutes.
2703 4952 2806 5007 hoc
2836 4953 3127 5015 dixerunt;
3166 4951 3264 5005 sed
3300 4966 3368 5006 ne
3402 4952 3545 5006 duas
3586 4967 3721 5005 cau-
3775 4982 3785 4992 υ

2127 5065 2217 5106 sas
2270 5047 2644 5113 ostenderent,
2695 5043 2915 5101 Patrem
2973 5055 3029 5101 et
3091 5044 3307 5109 Filium,
3351 5047 3551 5102 sede:
3610 5062 3717 5100 una

2126 5155 2289 5201 causa
2322 5148 2483 5209 atque
2510 5137 2799 5207 principio.
2855 5150 2917 5192 ex
2973 5136 3132 5192 Patre
3159 5147 3213 5191 et
3238 5136 3377 5193 Filio
3407 5139 3720 5206 procedere

2128 5232 2392 5301 Spiritum
2425 5238 2695 5286 sanctum.
2720 5227 2817 5285 isti
2853 5229 3038 5296 igitur,
3075 5238 3133 5283 ιιι
3172 5229 3252 5284 ait
3280 5229 3576 5293 Maximus,
3614 5247 3719 5284 non

2127 5323 2521 5381 rationabiliter
2557 5339 2695 5377 nunc
2720 5322 3018 5377 insimulati
3055 5332 3200 5387 sunt,
3239 5335 3289 5378 et
3323 5339 3466 5379 nunc
3497 5326 3720 5378 irratic-

2131 5420 2384 5476 nabiliter
2406 5415 2698 5473 calumniis
2724 5427 2985 5485 aguntur.

2208 5509 2312 5578 Qui
2369 5522 2498 5563 vero
2538 5507 2764 5562 duorum
2806 5506 3192 5577 principiorum
3227 5508 3439 5564 crimen
3480 5523 3722 5580 exagge-

2136 5612 2278 5667 rant,
2318 5600 2523 5654 addunt
2584 5601 2749 5654 etiam
2806 5598 3104 5654 dicentes:
3158 5600 3302 5666 Quia
3353 5606 3569 5670 genftor
3616 5618 3720 5656 non

2133 5696 2291 5758 idem,
2322 5692 2461 5761 quod
2492 5706 2625 5744 unus
2665 5689 2955 5757 productor
2981 5701 3079 5744 est.
3124 5690 3267 5743 Nam
3300 5695 3348 5746 si
3383 5702 3518 5746 esset
3558 5695 3721 5757 ittgut,

2133 5790 2291 5842 etiam
2333 5791 2744 5838 converteretur.
2783 5781 3004 5835 Genitor
3032 5787 3174 5837 enim
3209 5796 3257 5838 et
3287 5790 3583 5855 produc-tor
3612 5797 3722 5849 est,-

2134 5895 2236 5935 non
2291 5887 2469 5931 autent
2522 5884 2569 5930 st
2616 5872 2903 5943 productor
2954 5876 3184 5944 genitor.
3245 5876 3551 5931 Productor
3582 5880 3719 5933 enim
