3984 6556
317 381 399 456 Π.)
1362 392 1763 456 ADVERSUS
1799 397 1922 458 GR.

1958 399 2117 460 BCOS
2172 403 2318 463 ΜΒ.
2369 405 2481 466 Ill.
3427 409 3531 477 ιτι

309 516 368 560 ut
404 511 445 556 et
482 500 661 565 Filius,
688 502 846 568 juxta
882 520 969 559 eos
1010 505 1101 576 qni
1156 510 1314 562 etiam
1354 525 1419 562 ea:
1462 509 1608 564 Filio
1651 514 1839 567 dicunt
1872 538 1915 592 Α
1947 533 2041 572 seu
2061 522 2289 589 specie),
2314 523 2407 574 scd
2431 520 2727 574 secundum
2752 520 3203 591 signiﬁcationem
3228 526 3530 593 nominum,

310 596 530 663 Spiritum
565 605 826 660 sanctum,
854 600 944 665 qui
975 600 1184 667 genitor
1210 598 1390 669 utique
1442 618 1545 656 non
1570 616 1683 669 est;
1704 622 1838 676 quo-
1947 623 2004 664 et
2040 613 2196 665 sicuti
2234 615 2389 668 nobis
2415 614 2677 684 possibile
2710 624 2795 669 est
2834 631 2929 685 per
2960 623 3076 676 inec
3104 619 3287 674 divina
3330 622 3532 677 intelli-

309 692 420 741 m’nm
446 704 551 741 vero
573 705 674 741 non
732 693 1078 755 convertitur,
1123 695 1372 763 digerens
1419 707 1518 751 est.
1562 697 1753 768 Itaque
1784 710 1835 751 et
1922 708 2304 774 “gere,'nostri
2333 708 2553 765 habitus
2584 715 3000 768 consuetudine.

307 788 387 837 (tuo
413 794 549 837 erunt
576 784 1113 855 productores;quod
1145 789 1191 839 si
1229 791 1406 851 detur,
1446 802 1494 842 et
1532 791 1637 845 duo
1673 794 1831 846 etiam
1916 786 1922 792 ’

1970 812 1971 815 “
2022 820 2486 885 Quemadmodum
2519 824 2682 893 igitur
2702 825 2862 880 Pater
2884 837 2937 881 et
2962 829 3120 889 Deus.
3155 845 3245 883 res
3268 845 3374 883 una
3398 830 3528 883 dua-

305 894 541 947 praeripia.

1946 915 2048 966 bus
2072 914 2339 968 intellecta
2371 916 2670 970 rationibus
2691 959 2703 980 ,
2737 919 2839 973 alia
2871 920 3088 989 quidem
3128 923 3527 985 universalius,

364 1004 493 1073 Digni
525 1017 653 1057 sane
688 1011 839 1067 sunt,
875 1002 965 1070 qui
999 1002 1107 1056 ista
1147 1002 1356 1067 dicunt,
1391 1013 1446 1057 ut
1486 1013 1539 1057 et
1569 1004 1671 1073 ipsi
1711 1019 1839 1057 con-
1946 1003 2048 1057 alia
2079 1018 2208 1058 vero
2244 1006 2631 1073 particularius
2656 1026 2674 1063 :
2706 1011 2776 1063 ita
2809 1022 2863 1064 et
2909 1015 3203 1080 productor
3244 1026 3297 1068 et
3342 1014 3526 1080 Pater,

307 1111 368 1154 tra
412 1098 796 1164 interrogentur
848 1113 862 1150 :
906 1111 973 1149 au
1005 1096 1144 1150 idem
1183 1095 1345 1150 Pater
1390 1106 1475 1150 est
1502 1096 1593 1164 qui
1650 1097 1836 1162 mittit,
1948 1112 2054 1151 una
2105 1096 2323 1173 quidem
2366 1114 2454 1153 res
2484 1101 2641 1155 ambo
2674 1112 2821 1167 sunt,
2857 1113 2910 1158 et
2938 1104 3107 1159 Filius
3134 1117 3187 1159 et
3233 1107 3532 1174 productor
3583 1178 3589 1205 τ

305 1206 347 1248 et
372 1207 487 1245 unus
520 1190 765 1244 mittens?
792 1188 1003 1260 Quippe
1034 1190 1196 1245 Pater
1235 1199 1288 1246 et
1320 1190 1539 1245 mittens
1570 1201 1674 1255 est,
1708 1192 1835 1243 mit-
1945 1190 2220 1245 similiter.
2282 1192 2322 1244 Α
2361 1194 2515 1247 nobis
2546 1206 2724 1247 autem
2760 1197 2968 1250 duabus
2997 1199 3301 1253 rationibus
3332 1214 3530 1265 agnos:

305 1296 533 1340 tensvcro
564 1298 670 1336 non
700 1283 967 1338 continuo
999 1295 1080 1336 est
1120 1281 1301 1337 Pater.
1334 1283 1430 1336 Est
1455 1280 1599 1335 enim
1649 1290 1706 1334 et
1741 1277 1835 1332 Fi-
1955 1280 2100 1333 citur
2145 1296 2159 1334 ε
2210 1281 2380 1336 altera
2442 1283 2846 1351 particularius,
2898 1289 3067 1341 altera
3133 1290 3525 1348 universalius.
3597 1320 3600 1323 λ

304 1378 384 1431 lius
427 1376 651 1439 mittens,
695 1374 788 1444 qui
842 1383 949 1427 n'on
982 1382 1067 1428 est
1098 1373 1294 1437 Pater;
1349 1388 1523 1443 neque
1556 1374 1698 1428 enim
1733 1373 1834 1426 hnc
1945 1382 2004 1426 ut
2036 1373 2238 1427 dictum
2268 1384 2374 1429 est.
2417 1373 2603 1446 Neque
2631 1379 2775 1431 enim
2806 1383 3060 1448 praevalet
3111 1383 3347 1437 humana
3382 1399 3525 1451 pau-

300 1470 610 1532 conrertitur,
641 1481 817 1537 neque
845 1467 943 1535 ipsi
978 1468 1081 1521 duo
1109 1467 1376 1537 principia
1414 1466 1707 1535 effugient;
1738 1464 1832 1535 qui
1946 1473 2128 1533 portas
2179 1464 2258 1518 vel
2300 1466 2458 1521 aliter
2501 1468 2567 1522 de
2598 1468 2797 1553 divinis
2832 1473 2999 1543 loqui,
3032 1476 3115 1528 vel
3146 1491 3255 1530 uno
3307 1481 3528 1536 nomine

300 1564 413 1618 cnim
439 1561 593 1615 mittit
620 1559 763 1630 ejus,
823 1560 965 1629 quod
1015 1561 1266 1623 mittitur,
1295 1576 1458 1615 causa
1493 1559 1839 1630 quomodoli-
1942 1563 2117 1608 totum
2142 1555 2442 1619 insinuare,
2469 1558 2729 1627 quidquid
2770 1564 3056 1630 permulta
3094 1570 3311 1623 nomina
3364 1572 3527 1629 intel-

300 1658 369 1710 bet
408 1663 498 1717 est;
531 1652 574 1707 si
622 1662 805 1707 autem
848 1668 913 1707 ex
950 1650 1133 1718 Patre,
1176 1664 1230 1708 et
1259 1657 1527 1715 mittente,
1585 1667 1692 1706 non
1728 1654 1833 1705 duo
1944 1646 2303 1717 ligentiasque
2349 1650 2882 1719 comprehendimus.

296 1745 574 1815 colliguntur
606 1740 779 1808 initia,
806 1750 983 1813 neque
1016 1743 1158 1796 enim
1191 1743 1348 1797 Pater
1390 1744 1626 1809 mittens,
1658 1752 1712 1795 et
1745 1741 1836 1795 Fi-
2012 1757 2280 1825 Quocirca
2314 1760 2526 1816 duabus
2556 1763 2777 1830 quidem
2812 1767 3184 1839 inlenigemiis
3217 1784 3271 1830 et
3296 1781 3521 1837 rationi.

298 1838 377 1891 lius
421 1836 679 1891 diceretur
735 1837 955 1890 mittere
1010 1834 1274 1905 Spiritum
1321 1845 1611 1901 sanctum;
1666 1851 1732 1889 ne
1778 1835 1831 1887 in
1942 1849 2043 1906 bus
2090 1849 2253 1906 Pater
2274 1862 2326 1906 οι
2358 1854 2653 1922 producti);-
2682 1834 3021 1927 imelligitur',
3073 1874 3132 1919 ιιι
3174 1867 3379 1925 diuum
3409 1882 3523 1941 est;

298 1931 501 2002 εειιὶίοτε
557 1931 779 1999 ll“idem
814 1939 866 1984 εί
900 1929 1230 1999 Pl'Odm‘“)re
1283 1929 1425 1984 ίείηά
1458 1930 1581 1983 em-
1628 1927 1737 1982 Sed
1778 1927 1832 1981 ίίῙ
1868 1944 1911 2000 Β
1939 1958 2042 1995 non
2077 1952 2256 1998 tamen
2293 1945 2394 1999 hoc
2419 1944 2548 2000 facit
2588 1964 2771 2003 rerum
2801 1952 3204 2016 differentiam:
3247 1961 3349 2018 hac
3374 1927 3525 2021 enin;

302 2019 547 2076 dicendum
587 2018 731 2088 quod
781 2029 836 2073 et
889 2029 1046 2075 antea
1076 2021 1333 2084 diximus,
1366 2036 1488 2090 quae
1517 2021 1569 2073 in
1608 2020 1717 2074 Deo
1747 2020 1831 2071 di-

1958 2035 2147 2089 atione
2198 2053 2362 2092 unum
2410 2037 2580 2094 Deum
2665 2041 2875 2099 infinita
2940 2049 3161 2105 nomina
3214 2056 3517 2111 secundum

296 2121 458 2167 cuntur
505 2110 593 2166 ttbi
644 2127 749 2165 non
801 2106 987 2165 obStat
1030 2112 1306 2165 relationis
1348 2111 1644 2181 oppositio,
1693 2110 1833 2164 nihil
1935 2126 2252 2183 ἀίσθτθηιεε
2303 2132 2545 2186 “nones
2599 2133 2771 2203 ipsum
2821 2153 2899 2202 re,
2936 2150 2995 2193 ιη
3025 2146 3281 2211 possibile
3313 2150 3527 2211 θεμεί-

295 2204 543 2276 Ρτοδίδθτθ
594 2203 868 2269 βθτεοηίδν
924 2219 1018 2257 se“
1077 2218 1323 2272 Ροτςοοηὶθ
1372 2204 1611 2256 καθεδεῖ
1678 2212 1828 2270 Plu“:
1935 2221 2714 2288 gnificautia,ininliuitasres
2737 2238 3521 2303 personasquediscernerent.

302 2298 415 2351 Deus
438 2296 644 2365 quidem
676 2304 731 2350 et
762 2296 938 2349 bonus
959 2304 1242 2348 etcreator
1264 2311 1280 2360 ;
1304 2294 1427 2365 quia
1457 2308 1628 2364 neque
1648 2304 1833 2363 pater-

1958 2314 2202 2366 laetarum
2244 2313 2411 2384 solam
2460 2317 2731 2373 rationum
2767 2320 3127 2378 differentiam
3166 2329 3432 2389 inducunt
3458 2352 3523 2391 ea

299 2387 422 2439 ηίωῑῖ
454 2400 620 2454 ιιοίίυθ
646 2386 917 2439 "amilum
945 2384 1155 2454 οίθὶθοιδ
1182 2398 1327 2439 ⁸¹¹¹¹ιι
1367 2386 1526 2439 PM?"
1555 2396 1608 2440 εί
1636 2382 1824 2450 Filius:
1934 2418 2056 2473 qua:
2095 2407 2236 2475 apud
2264 2382 2365 2462 nos
2402 2409 2617 2477 quidem
2650 2422 2777 2466 sunt
2806 2413 3110 2472 differentia
3132 2460 3146 2482 ,
3197 2420 3248 2474 in
3280 2423 3390 2479 Deo
3420 2442 3525 2480 au-

297 2496 407 2532 uuus
451 2477 582 2532 Deus
637 2488 691 2530 el
727 2487 943 2531 crealm'
990 2487 1043 2531 el
1088 2478 1262 2533 DOIHIS
1294 2488 1414 2543 e31;
1454 2480 1623 2533 Filius
1677 2493 1826 2540 νεῖον
1936 2506 2042 2551 tem
2091 2513 2197 2552 una
2228 2498 2399 2564 ipsius
2447 2502 2748 2572 eademque
2805 2507 3109 2565 substantia
3146 2531 3160 2567 :
3202 2516 3522 2574 admirabile

294 2570 508 2639 quoniam
542 2567 607 2621 ad
643 2566 862 2640 Patrem
886 2570 1200 2638 Oppnnilttr,
1233 2585 1334 2624 non
1367 2573 1470 2625 erit
1504 2570 1643 2625 idem
1683 2570 1834 2637 geni-

1958 2604 2156 2655 nomen,
2189 2600 2243 2645 et
2265 2607 2354 2647 res
2384 2592 2467 2648 his
2491 2595 2744 2653 omnibus
2770 2604 3104 2669 respondens
3132 2620 3229 2674 per
3250 2622 3519 2666 summae-

295 2670 434 2715 torac
463 2660 647 2723 Filius,
684 2662 1027 2729 uequeidem
1062 2661 1231 2717 Filius
1276 2671 1332 2716 et
1366 2664 1598 2733 genitor.
1629 2661 1834 2715 Produ-

1958 2677 2351 2746 >erlectiouem,
2378 2692 2433 2737 et
2468 2660 2901 2755 simplicitatem,
2931 2701 2984 2745 et
3012 2660 3290 2752 unionem.
3319 2698 3517 2757 Totum

295 2754 428 2809 cibile
450 2768 589 2821 vero,
628 2763 686 2806 ut
720 2753 925 2806 dictum
961 2762 1065 2818 est,
1102 2770 1275 2825 neque
1297 2755 1603 2823 paternitati
1644 2752 1835 2824 objiei-
1936 2770 2082 2825 enim
2111 2771 2164 2826 in
2216 2788 2274 2828 se
2312 2774 2427 2843 ipso
2470 2779 2926 2847 comprehensum
2980 2799 3103 2841 esse
3133 2788 3315 2856 habet,
3365 2799 3521 2862 quasi

298 2855 384 2909 ωτι
415 2860 575 2915 neque
605 2846 897 2903 "a'iVllall-
926 2847 1228 2902 (ῖοηιιιιυηθ
1261 2849 1425 2919 ἱείιιιι*
1453 2850 1699 2919 ιιιτίείιιιθ
1726 2858 1831 2911 θεῖν
1934 2865 2209 2933 quoddam
2238 2868 2466 2938 pelagus
2492 2874 2745 2929 essentia:
2787 2874 3140 2944 immensum,
3167 2882 3319 2949 juxta
3356 2846 3520 2942 tlteo-

297 2950 431 3010 atque
472 2942 606 3015 ideo,
646 2959 788 2998 unus
820 2944 1116 3012 productor
1146 2953 1250 3008 est,
1291 2958 1470 3011 neque
1508 2945 1655 2998 enim
1705 2959 1833 3013 pro-

1958 2972 2113 3026 Ogllm
2157 2957 2504 3031 Gregorium.
2553 2963 2609 3019 lu
2653 2966 2784 3021 solis
2830 2980 3011 3024 autem
3061 2974 3522 3037 substantialibus

294 3033 469 3088 ducere
488 3035 623 3103 quod
649 3034 851 3089 dicitur
881 3034 1056 3089 Patris
1086 3044 1137 3089 et
1174 3034 1293 3090 Filii
1322 3037 1701 3093 discretionem
1746 3056 1833 3096 se~

1958 3051 2289 3107 'elativarum
2322 3072 2502 3110 rerum
2548 3056 2849 3116 differentia
2872 3072 2973 3118 est.
3008 3063 3205 3122 Verum
3232 3073 3518 3128 enimvero

293 3129 492 3180 cundum
545 3143 656 3181 rem
700 3127 866 3192 ΐίιείις
910 3128 1109 3199 quippe
1161 3127 1300 3184 hanc
1343 3131 1622 3199 εοηθηιῐο
1674 3134 1824 3200 fec“.
1935 3144 2276 3201 arbitrantur
2317 3163 2535 3219 quoque
2577 3159 2634 3205 et
2657 3151 2875 3208 Patrem
2925 3166 2981 3210 et
3008 3156 3200 3214 Filium
3254 3162 3308 3215 in
3353 3179 3518 3219 unam

294 3229 425 3289 atque
452 3220 697 3274 nativitas
746 3220 847 3274 sibi
885 3222 1182 3275 secundum
1230 3236 1290 3275 se
1332 3222 1577 3292 objecttr.
1629 3224 1827 3291 Qnetu-
1855 3290 1900 3321 ﬂ
1935 3236 2292 3299 conglutinari
2320 3254 2621 3306 personam,
2653 3242 2700 3295 si
2743 3242 2897 3298 Patri
2936 3244 3112 3302 Filius
3143 3255 3511 3321 communicet,

293 3314 536 3368 admodum
568 3313 731 3383 igitur
762 3312 904 3368 idem
939 3313 1081 3368 Deus
1114 3330 1177 3368 ac
1204 3313 1385 3389 Pater,
1420 3326 1475 3371 et
1503 3317 1645 3373 idem
1674 3319 1817 3375 Deus
1854 3290 1901 3351 C
1935 3329 1989 3382 in
2037 3332 2415 3398 productione,
2466 3336 2574 3389 sive
2616 3337 2670 3391 in
2707 3340 2998 3409 spiratione
3036 3345 3210 3398 sancti
3257 3344 3515 3416 Spiritus,

292 3419 343 3460 ac
379 3406 558 3472 Filius,
610 3410 683 3460 ita
740 3417 798 3462 et
832 3406 973 3461 idem
1021 3408 1237 3478 genitor
1294 3424 1357 3464 ac
1407 3411 1721 3479 productor,
1771 3422 1828 3465 et
1930 3424 2070 3490 quod
2115 3438 2277 3492 neque
2311 3426 2578 3491 naturale,
2629 3406 2792 3499 neque
2865 3447 3142 3487 commune
3201 3406 3366 3490 trib'us
3413 3447 3512 3498 est,

294 3513 407 3551 unus
436 3500 605 3553 itidem
628 3498 797 3554 Filius
833 3510 997 3569 atque
1027 3501 1340 3569 productor.
1376 3502 1441 3556 Et
1472 3504 1630 3558 sicuti
1660 3506 1823 3571 Dens,

1958 3515 2195 3585 eliquum
2221 3534 2330 3572 esse
2363 3519 2540 3581 aitmt,
2577 3529 2634 3573 ut
2663 3498 2947 3590 personale
2977 3526 3046 3578 sit
3083 3540 3103 3578 :
3140 3537 3297 3594 atque
3319 3528 3515 3599 adjun-

292 3591 365 3660 qui
393 3601 464 3647 cst
492 3591 665 3660 Pater,
696 3604 757 3649 et
784 3592 958 3648 Filius
977 3609 1100 3648 cum
1135 3594 1295 3650 Patre
1317 3595 1430 3649 solo
1448 3610 1554 3651 non
1585 3597 1714 3653 facit
1742 3599 1827 3651 di-
1930 3617 2059 3675 gtmt
2089 3611 2339 3681 quoniam
2376 3614 2701 3667 naturalium
2735 3618 3034 3670 communio
3084 3591 3290 3673 urna-rw
3319 3591 3512 3674 identi-

293 3683 578 3737 scretionem
610 3686 709 3747 rei,
749 3684 824 3739 ita
868 3699 1043 3755 neque
1088 3687 1403 3753 productor,
1436 3690 1526 3758 qui
1557 3700 1638 3743 est
1666 3689 1828 3745 Pater
1928 3707 2087 3751 tatem
2117 3700 2169 3752 in
2200 3702 2435 3768 personis
2469 3703 2707 3765 indicat;
2737 3714 2789 3755 ut
2817 3706 3053 3772 personis
3076 3706 3243 3777 igitur
3271 3725 3513 3763 commu-

292 3785 336 3827 et
362 3773 523 3841 Filius,
556 3793 675 3832 cum
711 3778 876 3831 Putre
902 3778 1018 3832 solo
1037 3778 1172 3834 duas
1195 3781 1455 3835 discretas
1481 3782 1685 3837 indicat
1714 3800 1822 3838 res.
1929 3791 2041 3856 uio,
2070 3794 2363 3858 personati:
2398 3794 2697 3850 identitatis
2730 3798 3091 3867 signiﬁcativa
3120 3802 3238 3866 erit,
3283 3811 3342 3856 ut
3384 3803 3507 3857 hinc

297 3863 481 3922 Patrem
514 3870 653 3924 enim
685 3878 742 3923 et
774 3870 1158 3940 productorem
1215 3873 1476 3937 dicentes,
1527 3875 1823 3931 secundum
1929 3885 2224 3938 necessario
2287 3887 2564 3957 contingat
2634 3886 2852 3943 Patrem
2900 3907 2962 3943 ac
3015 3889 3239 3958 Filium,
3294 3905 3341 3949 et
3372 3894 3507 3949 duos

298 3962 338 4015 id
365 3966 578 4031 quidem,
604 3968 746 4037 quod
779 3966 1014 4021 dicimus
1048 3965 1213 4022 Pater
1237 4005 1253 4034 ,
1286 3967 1469 4024 Patris
1521 3972 1586 4023 ad
1621 3969 1820 4024 Filium
1925 3993 2038 4032 esse
2089 3978 2379 4033 secundum
2410 3983 2739 4049 personatam
2796 4000 2977 4038 eorum
3029 3989 3431 4055 oppositionem,
3459 4002 3512 4044 et

296 4056 635 4113 discretionem
697 4058 1053 4125 intelligimus
1102 4078 1117 4113 :
1161 4062 1464 4115 secundum
1534 4060 1587 4115 id
1640 4070 1820 4116 autem
1926 4088 2088 4125 unum
2114 4088 2297 4137 rursus
2336 4083 2551 4143 propter
2596 4075 2971 4144 identitntem,
3016 4090 3066 4133 et
3088 4084 3513 4137 communionem

292 4147 407 4213 quod
428 4151 729 4213 productor,
759 4149 1024 4206 etFilium
1059 4169 1161 4206 una
1189 4168 1311 4206 cum
1341 4153 1523 4218 Patre,
1559 4162 1821 4222 tanquam

1964 4165 2310 4221 roductionis.
2338 4167 2501 4237 Atqui
2530 4166 2577 4223 si
2598 4169 2904 4240 producere
2932 4173 3291 4228 subsrautiale
3314 4173 3512 4246 [hypo-

294 4250 424 4289 unam
469 4255 573 4293 rem
610 4241 773 4296 simul
822 4240 1198 4313 intelligimus.
1250 4242 1395 4299 Idem
1440 4254 1497 4301 et
1540 4246 1608 4302 de
1660 4244 1822 4301 Patre
1924 4260 2205 4334 stativum}
2229 4272 2395 4327 esset,
2426 4261 2690 4319 habere";
2752 4264 2852 4320 ista
2914 4270 3211 4334 ratiOnem;
3254 4240 3511 4340 (qu-omam

292 4336 335 4379 et
362 4330 418 4384 de
452 4334 706 4388 mittente.
1772 4429 1781 4431 _
1927 4370 2055 4410 vero
2099 4330 2455 4410 substantiale
2484 4356 2533 4410 id
2565 4372 2668 4412 non
2689 4372 2833 4423 esse,
2865 4374 3025 4430 supra
3071 4361 3317 4431 plurimis
3343 4367 3512 4418 ratio-

349 4419 585 4484 Quoniam
632 4425 799 4494 igitur
848 4441 969 4495 quae
1016 4426 1278 4505 Patriae
1324 4428 1461 4483 Filio
1509 4429 1818 4485 communia

1964 4447 2087 4502 ibus
2109 4457 2390 4504 ostensum
2410 4457 2517 4514 est,
2542 4449 2719 4505 inanis
2740 4460 2823 4506 est
2847 4452 3008 4518 ratio,
3043 4457 3295 4525 quodque
3316 4458 3515 4513 docere

294 4516 414 4572 sunt,
435 4510 501 4563 ita
528 4515 588 4566 ad
628 4516 846 4569 Patrem
882 4516 1094 4582 solum,
1125 4518 1283 4572 sicuti
1310 4527 1376 4573 ad
1408 4520 1598 4575 ambos
1626 4533 1688 4575 se
1722 4521 1820 4576 ha-
1922 4510 2515 4612 debueransupponu.’
2545 4539 2717 4608 Nam,
2747 4552 2804 4597 ιιι
2841 4559 2961 4614 qua,
2990 4510 3133 4600 ξῃέιε
3167 4510 3295 4603 εᾷηι
3317 4564 3510 4607 "mus

296 4600 397 4652 bent
417 4609 851 4670 quemadmodum
882 4608 1073 4672 Pater,
1105 4618 1159 4663 et
1201 4613 1531 4678 productor,
1566 4628 1676 4668 non
1709 4613 1818 4668 duo
1852 4640 1896 4695 ι)

1958 4600 2210 4703 erspicua
2231 4600 2381 4698 flant,
2406 4633 2507 4688 tria
2545 4642 2754 4689 tantum
2788 4600 2952 4690 trium
2984 4651 3107 4693 esse
3134 4638 3513 4697 substantialia

297 4688 399 4744 facit
424 4695 699 4765 principia,
730 4714 852 4754 cum
880 4700 934 4753 in
963 4701 1079 4755 solo
1115 4701 1273 4758 Patre
1306 4704 1637 4774 intelligatur
1677 4722 1693 4759 :
1745 4706 1819 4760 ita
1853 4688 1887 4695 _

1958 4688 2707 4796 ltypostaticalostendimus:
2747 4725 2925 4782 Patris
2954 4729 3171 4797 quidem
3208 4735 3515 4800 generatio-

296 4798 439 4852 neque
457 4802 566 4842 cum
594 4792 645 4844 in
675 4792 921 4858 duobus;
942 4794 1082 4862 quod
1110 4797 1155 4850 si
1181 4796 1413 4864 genitor,
1446 4807 1499 4851 et
1526 4798 1819 4865 productor

1964 4792 2073 4883 em,
2088 4816 2206 4871 Filii
2226 4792 2353 4873 vero
2370 4817 2729 4883 nativitatem,
2748 4820 2920 4873 sancti
2938 4830 3117 4875 autem
3134 4823 3365 4891 Spiritus
3389 4842 3511 4895 pro-

295 4890 379 4929 non
403 4885 736 4949 convertitur,
767 4900 875 4937 non
915 4885 1117 4940 idcirco
1152 4888 1258 4940 duo
1288 4897 1434 4942 sunt.
1472 4887 1606 4942 Nam
1637 4897 1697 4942 et
1720 4888 1821 4942 l’a-
1922 4909 2246 4971 cessionem,
2275 4924 2396 4977 qua,
2423 4908 2587 4963 etiam
2621 4925 2885 4979 personas
2914 4914 3257 4981 αεηοιθηιίη.
3291 4922 3509 4986 pmlwie

293 4974 360 5021 ter
384 4980 431 5024 et
472 4973 595 5029 Deus
645 4993 752 5030 non
796 4979 1155 5043 convertitur,
1193 4993 1365 5046 neque
1408 4978 1570 5033 Pater
1596 4986 1651 5034 et
1699 4979 1821 5032 mit-

1958 4999 2306 5054 ubstanlialia
2332 4989 2467 5055 sunt
2500 5019 2515 5056 :
2551 5004 2853 5073 producere
2886 5016 3090 5069 autem,
3124 5010 3265 5064 sicut
3295 5021 3349 5063 et
3383 5012 3509 5064 mit-

296 5068 412 5164 ίξηεν
453 5069 536 5121 se"
572 5078 749 5124 “me”
799 5086 977 5140 ηίηιιθ
1005 5071 1113 5125 δυο
1158 5073 1434 5127 "ﬂuentes
1480 5083 1604 5127 ειιιιῑ
1646 5088 1821 5143 "edite
1927 5102 2060 5156 tere,
2120 5093 2338 5162 propria
2413 5095 2732 5164 simpliciter
2800 5098 2866 5152 ad
2922 5098 3119 5153 Filium
3172 5103 3503 5157 contrariam

294 5150 380 5206 duo
408 5157 505 5220 dii,
536 5176 703 5230 neque
733 5162 843 5216 duo
875 5164 1229 5231 exsistcntia;
1263 5181 1428 5219 ttnum
1459 5168 1604 5220 enim
1636 5165 1820 5219 Trini-

1965 5183 2177 5237 abentia
2209 5182 2557 5249 divisiooem,
2608 5189 3064 5253 quemadmodum
3098 5199 3154 5246 et
3183 5208 3346 5245 causa
3382 5209 3505 5262 pro-

296 5249 360 5296 ωε
385 5254 482 5301 tota
508 5262 604 5316 est,
638 5268 815 5322 neque
842 5255 961 5309 dua:
993 5272 1238 5324 personw
1282 5280 1294 5313 :
1337 5243 1486 5313 Deus.
1521 5261 1666 5313 enim
1691 5274 1818 5328 per-

1965 5275 2040 5327 ria
2070 5274 2413 5343 simpliciter.
2463 5286 2519 5330 et
2550 5276 2917 5346 significativa
2971 5280 3092 5335 Filii
3123 5292 3177 5335 et
3211 5243 3452 5352 Spiritius
3487 5302 3501 5338 :

296 5347 452 5392 sonam
481 5357 572 5397 non
601 5346 880 5417 designat,
908 5349 1065 5402 sicuti
1094 5365 1270 5419 neque
1306 5354 1617 5420 productor,
1646 5371 1819 5425 neque
1925 5383 2043 5435 qua;
2095 5377 2277 5423 autem
2316 5368 2387 5423 ita
2425 5377 2549 5424 sunt
2586 5372 2826 5440 propria,
2883 5384 2942 5428 ιη
2970 5388 3229 5439 personas
3259 5390 3499 5446 seum..-

297 5426 499 5486 mittens.
532 5434 722 5494 Verum
754 5443 881 5509 quia
911 5441 1050 5497 Deus
1078 5459 1276 5499 nomen
1319 5446 1493 5501 tribus
1527 5448 1715 5511 adest,
1754 5465 1819 5502 eo

1958 5474 2031 5523 tr,
2066 5474 2293 5527 qumque
2326 5474 2430 5514 non
2479 5470 2607 5514 sunt
2654 5463 3051 5528 substantialis,
3097 5481 3272 5534 neque
3310 5483 3499 5534 perso-

296 5522 411 5584 ‘luod
451 5541 540 5579 uou
586 5543 897 5602 apponatur
941 5536 1391 5591 substantialihus
1444 5554 1630 5594 eorum
1693 5558 1817 5610 pro-
1926 5563 2048 5600 nam
2084 5522 2391 5614 denotant,
2445 5565 2624 5620 neque
2683 5552 2822 5606 duas
2874 5567 3139 5620 personas
3183 5572 3345 5611 unam
3378 5575 3501 5616 esse

298 5613 583 5686 Prietatibus,
611 5624 905 5693 productor
927 5637 1109 5683 autem
1137 5630 1367 5695 duobus,
1396 5633 1753 5689 universalius
1787 5650 1817 5689 a
1925 5638 2147 5701 faciunt.
2176 5638 2365 5710 Neque
2393 5643 2542 5697 enim
2576 5642 2743 5698 Filius
2774 5654 2828 5699 et
2862 5644 3097 5714 Spiritus
3122 5662 3347 5704 sanctus
3367 5669 3496 5715 ,uua

298 5704 426 5758 nobis
449 5708 586 5779 Deus,
627 5732 787 5784 quam
812 5721 1109 5786 productor
1150 5722 1464 5792 intelligitur
1498 5742 1510 5777 :
1546 5740 1650 5779 non
1674 5730 1817 5795 quod
1924 5743 2155 5799 persona
2189 5740 2275 5787 est
2306 5739 2529 5802 propter
2554 5734 2791 5789 causalis
2822 5740 3298 5804 communionem;
3326 5759 3504 5809 neque

296 5792 339 5844 in
381 5794 473 5852 Deo
500 5806 559 5858 sit
602 5809 987 5877 universalius,
1039 5815 1154 5867 sive
1199 5816 1585 5882 particularius
1613 5792 1816 5889 (tneque
1924 5823 2086 5877 Pater
2122 5833 2176 5879 et
2204 5822 2372 5879 Filius
2407 5840 2514 5879 una
2565 5840 2799 5896 persona
2837 5840 2986 5894 sunt,
3019 5843 3237 5902 propter
3264 5834 3501 5903 Spiritus

296 5888 413 5941 enim
443 5892 569 5955 Deus
612 5916 781 5969 genus
819 5915 924 5971 est,
955 5921 1126 5975 neque
1154 5907 1204 5961 in
1254 5922 1455 5979 genere
1481 5913 1813 5981 continetur,
1923 5916 2098 5972 sancti
2133 5917 2443 5972 missionem
2468 5959 2481 5985 ,
2534 5920 2661 5988 quia
2694 5920 2883 5978 missio
2920 5929 3206 5992 personalc
3253 5943 3360 5982 non
3395 5936 3500 5986 est.
