3984 6584
428 398 533 460 175

1688 390 2084 451 MANUELIS
2148 393 2455 453 CALECxE

3582 364 3681 455 rm

420 514 690 569 Similiter
731 525 862 582 ergo
895 508 1222 582 producendi
1256 508 1465 562 ratione
1496 504 1678 587 Pater,
1724 515 1778 561 et
1804 503 1992 573 Filius,
2022 510 2070 569 Α
2099 507 2220 563 liter
2252 511 2441 574 etiam,
2497 510 2565 565 ad
2597 521 2887 581 utrumque
2925 511 3211 566 referetur.
3244 508 3446 581 itaque
3473 525 3566 566 aut
3596 517 3671 567 si-

420 624 531 665 non
565 624 668 663 una
721 620 950 678 persona
976 614 1132 671 sunt;
1201 598 1501 673 producere
1543 603 1689 658 enim
1721 602 1983 658 substan-

422 703 550 759 tiate
578 715 683 754 non
715 707 820 756 est.

492 794 639 850 Nihil
670 793 851 861 itaque
903 799 1127 844 necesse
1181 796 1266 842 est
1302 800 1465 841 unam
1500 799 1786 855 personam
1835 799 1989 852 esse;

416 888 661 956 alioquin
693 884 857 938 etiam
892 880 1137 936 mittendi
1174 879 1386 933 ratione
1415 893 1518 931 una
1547 892 1777 944 persona
1806 887 1990 932 erunt.

420 981 722 1037 Commune
743 983 827 1029 est
848 973 1011 1043 igitur
1032 972 1181 1028 Patri
1207 978 1265 1026 et
1291 968 1430 1025 Filio
1455 967 1790 1040 producere;
1816 983 1990 1023 unus-

420 1084 527 1139 que
561 1065 873 1137 productor,
921 1072 1015 1116 aut
1044 1062 1259 1132 spirans
1294 1060 1359 1115 ad
1414 1060 1733 1130 productum
1757 1099 1773 1123 ,
1823 1070 1879 1113 et
1906 1058 1991 1113 in-

417 1162 702 1232 spiratam,
748 1159 865 1212 sive
918 1155 1175 1226 Spiritum
1204 1195 1220 1219 ,
1274 1153 1591 1209 relationem
1642 1152 1803 1208 habet
1849 1167 1994 1205 :tta-

421 1253 606 1311 sceudi
671 1250 885 1306 scilicet
921 1248 1286 1317 gignendique
1343 1245 1670 1300 discretione
1749 1254 1984 1307 servata,

418 1343 533 1399 Non
576 1341 721 1396 enim
774 1325 838 1393 ea
889 1337 1051 1391 Patre
1083 1350 1148 1391 ac
1188 1334 1330 1389 Filio
1358 1343 1463 1399 est,
1496 1332 1548 1387 in
1582 1343 1843 1403 quantum
1879 1331 1987 1387 duo

406 1438 648 1491 discreta
697 1441 846 1498 sunt,
902 1430 1199 1485 secundum
1252 1427 1539 1482 relationes
1576 1441 1724 1491 suas,
1786 1425 1883 1482 sed
1939 1423 1993 1477 in

417 1535 679 1596 quantum
714 1537 878 1576 unum
908 1532 1056 1574 SUtll.

488 1617 657 1671 Porro
683 1617 727 1671 si
766 1616 892 1684 quis
938 1610 1237 1667 secundum
1268 1611 1410 1679 quod
1445 1624 1611 1665 unum
1641 1617 1789 1668 sunt.
1818 1620 1982 1663 unum

415 1710 547 1764 illttd
584 1707 807 1779 Spiritui
868 1705 1097 1758 reddens
1119 1742 1135 1768 ,
1188 1703 1279 1773 qui
1311 1702 1549 1770 ejusdem
1575 1700 1846 1765 cssentiae,
1877 1699 1995 1754 vult

414 1800 575 1857 etiam
608 1798 871 1870 Spiritum
898 1812 962 1849 ex
994 1811 1054 1850 se
1084 1795 1199 1862 ipso
1227 1810 1383 1856 esse;
1413 1791 1507 1849 sed
1535 1790 1991 1861 quemadmodunt

2099 605 2301 659 militer
2344 605 2557 673 utrique
2595 605 2819 676 aequalis
2856 607 2981 672 erit,
3052 606 3294 675 nihilque
3328 607 3538 660 distans
3594 592 3675 659 εἰ·

2100 705 2207 761 que
2241 693 2540 748 dissimilis.

2174 782 2280 839 Sed
2305 784 2451 838 enim
2501 785 2959 853 quemadmodum
2988 785 3149 843 Pater
3186 801 3294 842 non
3344 787 3517 855 magis
3547 801 3676 855 per-

2100 873 2274 931 fectus
2322 888 2407 930 est
2449 893 2609 945 quam
2678 876 2868 942 Filius,
2911 877 3057 945 quod
3108 878 3198 932 ille
3240 892 3402 932 causa
3440 888 3543 942 est,
3576 879 3677 931 iste

2101 965 2339 1022 causalis
2384 966 2477 1030 sit,
2514 982 2690 1036 neque
2716 967 2839 1022 ideo
2886 967 3078 1022 abillo
3120 969 3303 1032 distat,
3331 969 3435 1023 etsi
3480 983 3676 1022 secun-

2101 1059 2202 1115 dus
2248 1059 2318 1114 ab
2361 1074 2426 1115 eo
2454 1073 2631 1115 causa:
2664 1060 2872 1115 ratione
2904 1061 3107 1115 dicitur
3135 1060 3418 1130 (divinitas
3447 1062 3593 1115 enim
3623 1061 3674 1113 in

2102 1162 2335 1219 utroque
2389 1150 2517 1218 nua)
2554 1168 2568 1204 :
2607 1152 2679 1206 ita
2717 1161 2773 1207 et
2815 1150 3050 1222 Spiritus
3099 1162 3322 1207 sanctus
3368 1152 3469 1206 etsi
3515 1152 3676 1220 juxta

2101 1243 2319 1298 unicum
2349 1243 2470 1313 ejus
2493 1244 2905 1316 sitnplicetnque
2953 1259 3268 1315 processum
3299 1260 3363 1300 ex
3400 1246 3555 1300 Patre
3581 1260 3678 1313 per

2100 1333 2298 1390 Filium
2334 1344 2438 1401 est,
2465 1345 2519 1390 et
2550 1335 2617 1389 ad
2648 1337 2864 1392 Patrem
2887 1347 2943 1392 et
2971 1336 3168 1408 Filium
3206 1336 3368 1391 reluti
3398 1337 3463 1390 ad
3504 1353 3675 1393 unum

2101 1429 2482 1496 productorem
2545 1431 3011 1499 inspirantcmque
3056 1428 3310 1496 refertur,
3361 1444 3596 1498 quorum
3624 1439 3681 1483 et

2099 1516 2337 1588 Spiritus
2368 1528 2475 1583 est,
2511 1530 2567 1574 et
2611 1519 2940 1589 spiraculum
2974 1521 3202 1587 dicitur;
3235 1535 3338 1575 non
3366 1530 3541 1575 tamen
3577 1523 3680 1574 mi-

2102 1627 2202 1666 nor
2237 1611 2391 1676 Filio,
2430 1627 2603 1682 neque
2637 1614 2795 1667 Patre
2839 1613 3016 1667 minor
3041 1612 3167 1679 erit,
3213 1611 3337 1668 licet
3367 1628 3461 1681 per
3479 1612 3677 1667 Filium

2101 1703 2252 1757 Patri
2290 1704 2673 1774 conjungatur,
2702 1705 2941 1771 alioquin
2974 1715 3030 1758 et
3051 1702 3224 1759 Filius
3249 1703 3355 1759 erit
3392 1704 3680 1758 dissimilis

2099 1796 2241 1851 Patri
2267 1813 2332 1851 eo
2360 1797 2500 1866 quod
2524 1798 2761 1851 causalis
2791 1799 2860 1850 sit
2882 1814 2899 1862 ;
2922 1805 2975 1851 et
3006 1798 3049 1849 si
3082 1812 3186 1851 non
3225 1796 3303 1850 ita
3329 1797 3470 1852 sicut
3497 1794 3677 1864 Spiric

418 1891 718 1947 secundum
771 1889 1064 1944 essentiam
1114 1886 1286 1941 Filius
1329 1901 1453 1939 eum
1511 1884 1672 1939 Patre
1718 1899 1858 1937 unus
1901 1890 1987 1937 est
2022 1869 2063 1925 Β
2096 1899 2201 1953 ως,
2231 1889 2382 1957 juxta
2414 1901 2592 1944 tamen
2626 1891 2996 1960 proportionis
3020 1890 3308 1944 rationem.

416 1996 468 2038 et
494 1984 652 2039 Pater
669 1982 883 2051 quidem
917 1978 1083 2049 gignit
1116 1977 1334 2039 Filium,
1370 1974 1538 2030 Filius
1572 1984 1749 2027 autent
1782 1989 1885 2027 non
1929 1989 1987 2027 se

417 2077 592 2144 ipsum
642 2069 833 2144 gignit,
882 2088 988 2125 non
1025 2082 1199 2124 tamen
1247 2070 1450 2144 ideirco
1485 2069 1709 2123 alterius
1736 2067 1986 2122 essentia:

413 2184 575 2238 quam
610 2167 769 2221 Pater
798 2177 881 2219 est
914 2184 928 2220 :
963 2166 1033 2217 ita
1072 2176 1124 2219 et
1185 2163 1420 2231 Spiritus
1473 2171 1696 2217 sanctus
1741 2159 1984 2229 ejusdem

412 2260 659 2314 essentizc
683 2272 806 2313 cum
852 2257 1014 2309 Patre
1065 2264 1118 2308 ct
1160 2253 1297 2308 Filio
1327 2254 1620 2317 cxsistens,
1672 2267 1737 2305 ett
1780 2266 1839 2305 se
1870 2250 1986 2320 ipso

410 2363 591 2405 tamen
624 2361 855 2404 nonest.
892 2348 1214 2401 Communis
1246 2346 1390 2401 enitn
1427 2356 1617 2398 natura
1651 2343 1701 2397 itt
1734 2358 1980 2410 unaqua-

410 2459 515 2512 que
541 2457 890 2513 personarum
924 2450 1033 2502 est,
1057 2437 1350 2492 secundum
1388 2437 1776 2505 proprietatem
1803 2448 1982 2487 suam.

410 2536 466 2591 lu
502 2535 658 2590 Patre
702 2535 920 2604 quidem
964 2542 1019 2585 ttt
1072 2546 1101 2584 a
1156 2530 1370 2582 neruine
1425 2530 1680 2590 habente,
1713 2525 1807 2579 alii
1856 2541 1985 2580 vero

410 2630 580 2694 ipsam
613 2626 882 2696 gignendo
913 2625 1113 2685 dante;
1148 2619 1200 2673 itt
1237 2617 1372 2672 Filio
1389 2617 1580 2672 "autem
1612 2617 1891 2671 nascendo
1916 2633 1980 2671 ex

410 2717 571 2772 Patre
624 2715 956 2784 accipiente;
1004 2713 1058 2765 in
1100 2721 1292 2766 sancto
1339 2717 1517 2767 autem
1557 2705 1760 2779 Spiritu
1811 2707 1980 2777 ipsam

406 2809 746 2880 procedendo
777 2807 1045 2876 Cupiente,
1089 2804 1189 2859 hoc
1222 2811 1324 2865 est,
1348 2817 1411 2856 ex
1450 2800 1607 2855 Patre
1637 2816 1731 2868 per
1761 2794 1977 2853 Filium.

478 2897 536 2952 Si
572 2898 692 2966 quis
722 2911 851 2965 ergo
885 2894 1030 2949 illum
1057 2894 1218 2947 etiam
1248 2892 1548 2961 producere
1577 2889 1708 2955 vult,
1742 2900 1834 2943 aut
1877 2888 1980 2942 Pa-

407 3000 491 3046 ter
540 2991 683 3055 erit;
724 2997 775 3041 et
818 2986 1091 3056 quomodo
1130 3002 1157 3037 ιι
1211 2983 1399 3038 Patre?
1429 2992 1523 3036 aut
1567 2982 1884 3050 productor,
1925 2991 1981 3035 et

408 3080 682 3150 quomodo
707 3076 976 3147 Spiritus?
1010 3076 1276 3130 Processu
1308 3075 1507 3145 quippe
1539 3074 1981 3137 subtato,sccun-

406 3175 532 3227 dum
565 3187 724 3242 quem
777 3171 1130 3225 substantiam
1171 3168 1357 3234 habet,
1395 3168 1528 3222 ordo
1572 3178 1625 3220 et
1662 3166 1854 3221 relatio
1889 3180 1976 3221 se-

404 3267 641 3322 cundum
694 3278 936 3328 causam,
977 3271 1032 3318 et
1061 3262 1298 3325 causale,
1358 3262 1640 3331 ipsumque
1693 3274 1977 3328 personam

405 3374 548 3421 esse,
605 3374 706 3410 una
757 3356 993 3411 tolletur.
1047 3354 1161 3409 Non
1198 3355 1365 3425 igitur
1406 3355 1708 3425 producere
1760 3351 1983 3407 habebit

404 3450 559 3521 quasi
601 3450 902 3518 oppositum
947 3447 1292 3503 sttltstautiali
1350 3447 1698 3516 proprietatis
1732 3461 1865 3500 sum.

479 3543 674 3596 Putant
699 3557 791 3611 pra
812 3550 956 3595 terea
982 3540 1106 3594 inde
1134 3539 1293 3593 aliam
1326 3538 1716 3593 ahsurditatcm
1749 3536 1901 3606 sequi
1926 3546 1979 3590 ct

405 3636 590 3688 dicunt
623 3652 634 3686 :
671 3630 728 3686 Si
776 3630 1009 3702 Spiritus
1054 3640 1267 3683 sanctus
1307 3631 1469 3684 etiam
1499 3645 1563 3684 ea:
1607 3626 1747 3682 Filio
1782 3644 1968 3697 proce-

403 3722 687 3790 dit,major
713 3724 919 3791 quidem
950 3720 1155 3788 Spiritu
1189 3719 1363 3773 Filius
1390 3723 1511 3786 erit,
1537 3721 1827 3773 secundum
1850 3733 1974 3771 cau-

403 3830 538 3876 sam,
571 3815 767 3881 eritque
808 3810 994 3863 tertius
1029 3827 1060 3861 a
1112 3808 1294 3863 Patre.
1331 3810 1406 3862 Ac
1448 3807 1627 3862 Filius
1661 3808 1872 3877 quidem
1900 3808 1974 3859 si-

404 3904 581 3955 milior
633 3900 810 3963 Patri,
855 3911 1032 3971 utpote
1079 3916 1143 3956 ea:
1190 3903 1301 3969 ipso
1341 3902 1450 3955 sine.
1497 3901 1665 3954 medio
1695 3899 1971 3962 exsistant,

403 3993 630 4062 Spiri.'ns
663 4006 780 4044 rcro
817 3990 966 4044 Patri
1007 3992 1334 4054 disstmitior,
1377 4004 1540 4057 neque
1572 3991 1649 4042 ita
1676 3991 1807 4042 idem
1837 3991 1973 4043 sicut

401 4096 450 4138 rt
485 4082 675 4140 Filius.
716 4080 831 4135 Erit
854 4083 1007 4137 etiam
1046 4081 1192 4137 Fiiio
1235 4099 1425 4148 mmor,
1451 4087 1636 4154 quippe
1659 4086 1747 4153 qui
1776 4102 1868 4155 per
1907 4088 1973 4139 it-

402 4179 510 4229 ltm
562 4179 809 4243 majorem
845 4173 1170 4227 connectitur
1227 4172 1399 4230 Patri.
1439 4175 1507 4227 Et
1554 4175 1725 4229 [Vitius
1765 4178 1971 4244 quidem

400 4267 655 4321 minorem
696 4266 1006 4318 distantiam
1058 4265 1262 4317 habebit
1310 4270 1377 4318 ad
1433 4264 1695 4329 Patrem;
1740 4266 1969 4334 Spiritus

401 4368 597 4423 autem,
627 4357 903 4425 majorem,
931 4357 1158 4408 tutissime
1188 4371 1303 4408 cum
1332 4358 1530 4410 nullius
1559 4374 1723 4411 causa
1770 4363 1861 4414 sit.

471 4450 631 4517 Atqui
678 4451 775 4502 ista
808 4461 1023 4516 quoque
1072 4447 1387 4502 doctoribus
1433 4451 1747 4516 imputanda
1790 4454 1970 4518 potius

2167 1980 2229 2033 Et
2290 1979 2451 2034 sicuti
2519 1978 2679 2034 Pater
2724 1995 2903 2034 causae
2958 1980 3169 2034 ratione
3221 1977 3355 2033 Filio
3417 1975 3591 2045 major
3648 1992 3677 2027 ει

2090 2052 2365 2143 plerisque
2402 2071 2655 2126 l’alt‘ihus
2683 2072 2966 2137 asscritur,
3002 2086 3182 2140 neque
3260 2070 3465 2123 idcirco
3491 2080 3677 2122 tamen

2089 2163 2250 2216 Patre
2295 2162 2472 2216 minor
2508 2173 2592 2216 est
2644 2161 2814 2215 Filius
2869 2178 2883 2215 :
2920 2167 2990 2214 ita
3020 2172 3075 2215 et
3115 2160 3302 2221 Filius,
3346 2161 3448 2213 ctsi
3501 2156 3680 2225 tuaer

2090 2253 2294 2323 Spiritu
2327 2252 2546 2316 dicitur,
2586 2270 2688 2305 non
2718 2264 2897 2305 tamen
2953 2261 3238 2322 propterea
3285 2250 3523 2320 Spiritus
3550 2249 3676 2315 ipso

2087 2345 2191 2398 erit
2225 2344 2419 2397 minor.
2460 2343 2725 2408 Quot-irra
2780 2358 3006 2411 magnus
3049 2357 3267 2412 quoque
3314 2340 3541 2395 Basilius
3582 2340 3677 2393 di-

2087 2435 2243 2487 cebat
2279 2451 2293 2488 :
2335 2431 2451 2487 Etsi
2477 2433 2613 2487 Fttio
2643 2434 2874 2487 succedit
2906 2436 3090 2488 ordine
3151 2445 3198 2486 et
3244 2433 3521 2502 dignitate,
3566 2446 3676 2484 non

2088 2539 2262 2581 tamen
2292 2528 2478 2582 alienat
2513 2538 2721 2583 ttaturte
2748 2538 2846 2583 cst.
2882 2525 2989 2582 Ista
3025 2530 3168 2583 enim
3207 2542 3426 2598 propter
3460 2542 3674 2593 causae,

2086 2630 2139 2674 ct
2164 2622 2399 2675 eausatis
2424 2620 2489 2673 ad
2516 2619 2746 2676 iuticem
2779 2621 3021 2675 ordinem
3057 2629 3111 2673 rt.
3139 2620 3452 2675 relationem
3477 2620 3677 2673 dicun-

2093 2722 2203 2765 tur.
2248 2712 2391 2766 Ordo
2421 2722 2601 2766 anlem
2637 2724 2688 2767 et
2729 2715 2795 2767 ad
2838 2714 3038 2784 aliquid
3096 2714 3503 2785 quomololihct
3566 2714 3673 2768 Ita-

2084 2806 2231 2869 here,
2267 2815 2583 2865 naturarum
2625 2824 2729 2860 nou
2764 2806 2895 2862 facit
2929 2806 3312 2873 ditferentiam.
3468 2865 3474 2871 _

2156 2896 2311 2960 Nam,
2351 2897 2496 2951 verbi
2547 2901 2742 2965 gratia,
2775 2915 2840 2954 co
2868 2901 3011 2970 quod
3046 2904 3256 2956 amicus
3275 2902 3370 2964 sit,
3424 2902 3505 2957 vel
3536 2903 3675 2956 viei-

2085 2994 2208 3045 ttus,
2244 2980 2322 3033 vel
2365 2982 2644 3050 magister,
2684 2982 2817 3036 nihil
2851 2985 2900 3036 itt
2939 3001 2998 3039 se
3028 2986 3204 3056 ipsum
3241 2985 3402 3039 alicui
3431 2989 3672 3051 accedit,

2087 3083 2144 3125 ut
2175 3080 2394 3142 propter
2421 3072 2662 3127 hahituut
2701 3074 2994 3144 perfectior
3026 3079 3079 3131 ιιι
3111 3094 3169 3133 se
3196 3078 3316 3146 ipso
3359 3080 3671 3134 secundum

2083 3166 2373 3218 essentiam
2408 3168 2495 3219 sit.
2532 3164 2717 3235 Neque
2738 3168 2782 3221 si
2809 3168 3077 3238 quispiam
3111 3171 3276 3225 filium
3311 3187 3373 3226 ac
3405 3181 3663 3242 nepotem

2092 3258 2311 3317 habeat,
2353 3257 2547 3311 tertius
2597 3259 2833 3313 maxime
2855 3262 2980 3327 erit,
3019 3262 3100 3318 \‘el
3135 3264 3475 3325 similior,vel
3505 3265 3669 3321 dissi«

2080 3346 2262 3399 milior
2288 3361 2384 3399 avo
2413 3350 2709 3401 seettndum
2736 3353 3054 3416 essentiam,
3086 3370 3250 3425 quam
3287 3355 3431 3409 tilius
3463 3375 3476 3411 :
3515 3359 3671 3427 quod

2079 3436 2122 3488 si
2176 3436 2226 3488 in
2263 3441 2424 3490 rebus
2467 3437 2722 3495 humanis
2767 3441 2838 3492 ita
2887 3444 3170 3514 contingit,
3200 3446 3371 3500 multo
3396 3449 3572 3516 magis
3610 3448 3668 3501 in

2078 3527 2275 3582 divinis
2319 3530 2587 3597 personis,
2617 3532 2702 3585 ttbi
2731 3550 2833 3585 una
2863 3537 3129 3590 asseritur
3157 3549 3373 3603 natura,
3419 3556 3481 3594 ac.
3522 3554 3670 3609 pra:-

2080 3628 2160 3669 ter
2202 3618 2368 3671 solani
2405 3636 2549 3687 ,qmc
2591 3623 2887 3676 secandum
2919 3640 3139 3680 causam
3190 3639 3243 3682 et
3273 3630 3497 3685 causale
3546 3643 3665 3695 est,

2076 3710 2455 3779 diii‘ereutiant,
2489 3715 2627 3769 nulla
2653 3717 2756 3769 alia
2782 3720 3043 3772 discretio
3080 3705 3186 3775 est.

2145 3803 2224 3854 Ad
2253 3799 2368 3857 hzcc
2394 3843 2409 3866 ,
2459 3805 2603 3857 aliud
2642 3822 2858 3875 quoque
2896 3809 3267 3880 subiungunt.
3313 3821 3367 3868 et
3401 3815 3602 3870 dicunt
3644 3834 3662 3871 :

2075 3892 2138 3946 Si
2182 3894 2445 3963 perfectus
2488 3907 2566 3950 est
2609 3897 2843 3967 Spiritus
2875 3903 3048 3954 sancti
3087 3921 3117 3955 a
3158 3902 3321 3958 Patre
3352 3923 3664 3974 processus,

2072 3991 2374 4060 superﬂuus
2402 3992 2471 4043 sit
2504 4005 2714 4045 necesse
2742 4003 2823 4046 est
2866 4009 3148 4061 processus
3177 4013 3241 4051 cx
3268 3996 3423 4053 Filio.
3464 4000 3529 4053 Et
3566 4000 3665 4057 hic

2075 4079 2260 4147 igitur.
2311 4082 2354 4135 si
2407 4085 2623 4151 quidem
2682 4084 2991 4150 diceretur,
3048 4086 3187 4141 duos
3235 4103 3355 4143 esse
3410 4089 3662 4160 Spiritus

2072 4175 2246 4226 sancti
2275 4190 2582 4240 processus,
2610 4175 2785 4229 locum
2813 4177 3039 4231 haberet
3063 4176 3315 4233 fortassis
3348 4183 3460 4236 haec
3488 4187 3660 4240 ratio.

2071 4262 2340 4316 Caeterum
2374 4264 2417 4318 si
2461 4266 2596 4318 duos
2627 4280 2749 4319 esse
2782 4276 2836 4320 et
2870 4268 2944 4322 illi
2995 4280 3231 4338 negant,
3265 4273 3545 4340 quietiam
3588 4293 3663 4332 ex

2071 4353 2210 4407 Filio
2248 4356 2542 4421 procedere
2576 4348 2871 4426 affirmant,
2898 4376 3170 4431 unumque
3203 4379 3439 4419 numero
3471 4366 3661 4422 fateri.

2075 4455 2196 4507 tur,
2243 4445 2529 4499 ridiculum
2579 4460 2660 4503 est
2713 4450 3116 4507 conclusionem
3170 4455 3371 4510 inferre
3405 4456 3504 4512 his
3556 4461 3656 4529 qui

400 4550 547 4601 sunt,
603 4538 646 4589 si
677 4539 891 4606 quidem
937 4539 1166 4589 absurda
1232 4538 1534 4589 videantur.
1603 4536 1706 4605 Ipsi
1768 4543 1969 4611 quippe
1998 4557 2044 4617 ε)
2072 4538 2492 4604 propositionem
2528 4550 2750 4609 negant.
2786 4542 2968 4595 Sancti
2999 4545 3141 4599 enim
3178 4539 3411 4615 Spiritus
3444 4566 3512 4604 ex
3544 4551 3657 4605 Pa-

401 4641 548 4693 sunt,
579 4630 669 4696 qui
699 4626 957 4694 Spiritum
987 4641 1016 4679 ιι
1048 4623 1208 4680 Patre
1241 4630 1458 4680 tertium
1488 4634 1708 4692 docent,
1756 4640 1969 4698 sumpta

400 4722 606 4774 scilicet
636 4722 704 4773 ab
740 4722 854 4788 ipso
906 4718 1135 4771 Domino
1159 4721 1469 4783 occasione,
1505 4721 1554 4769 iu
1584 4721 1972 4774 salutat-iatra-

399 4814 600 4866 ditione
624 4810 975 4879 baptismatis,
1009 4824 1070 4862 ac
1099 4824 1193 4877 per
1213 4808 1404 4862 Filium
1435 4813 1726 4879 procedere
1748 4813 1957 4874 dicunt,

401 4919 600 4972 perque
637 4904 810 4970 ipsum
836 4900 979 4967 Patri
1011 4899 1286 4968 conjungi.
1336 4898 1599 4970 Majorem
1630 4917 1843 4973 quoque
1878 4904 1968 4958 Fi-

400 4995 527 5046 lium
558 4992 762 5061 Spiritu
807 4999 995 5043 sancto
1043 5007 1269 5060 magnus
1317 4992 1392 5044 ait
1426 4977 1771 5047 Athanasius.
1810 4994 1965 5061 Quod

398 5086 443 5137 si
471 5087 568 5138 ista
633 5100 659 5134 a
694 5094 899 5135 nanctis
934 5083 1079 5134 dicta
1112 5096 1262 5144 sunt,
1306 5088 1528 5138 outnino
1558 5087 1700 5139 nulla
1732 5103 1827 5139 eos
1874 5090 1963 5156 qui

400 5181 498 5231 ista
532 5177 738 5237 dicunt,
788 5175 1095 5226 absurdius
1128 5178 1387 5242 sequitur.
1435 5175 1814 5247 l’ttetet'eaqne
1846 5180 1966 5247 sp...

402 5282 542 5326 ritus
580 5283 800 5325 sanctus
851 5271 895 5320 si
948 5288 973 5318 a
1012 5267 1172 5320 Patre
1225 5270 1442 5336 quidem
1476 5272 1580 5322 alte
1627 5286 1901 5337 processu,
1932 5290 1961 5324 ει

396 5366 535 5421 Filio
576 5377 756 5418 autem
792 5363 899 5414 alio
934 5363 1268 5430 procederet,
1307 5375 1556 5429 essetque
1589 5378 1871 5430 processus
1897 5380 1959 5417 ex

393 5457 652 5509 ambobus
699 5453 918 5517 duplex.
968 5448 1218 5503 fortassis
1261 5448 1484 5501 haberet
1522 5451 1789 5502 rationem
1843 5452 1957 5503 eul-

361 5552 522 5617 pare
569 5540 931 5596 differentiam
978 5552 1351 5609 processuum,
1404 5540 1546 5607 queri
1595 5542 1757 5593 etiam
1810 5542 1962 5595 diffe-

392 5647 576 5691 rcntcr
619 5650 646 5687 a
676 5632 835 5688 Patre
879 5645 933 5687 et
960 5631 1092 5686 Filio
1122 5635 1347 5687 distaret
1385 5631 1641 5701 Spiritus,
1691 5648 1755 5687 ac
1798 5648 1959 5701 prop-

392 5740 536 5785 terea
564 5730 761 5797 gradus
787 5729 837 5782 in
866 5729 1113 5798 persmtis
1133 5725 1396 5796 quosdam
1416 5725 1690 5795 Cogitare;
1725 5726 1804 5778 sin
1835 5739 1960 5779 rem

389 5839 530 5881 unus
576 5825 823 5893 idemque
854 5822 954 5878 sibi
986 5821 1053 5875 ab
1082 5830 1312 5890 utroque
1347 5834 1633 5889 processus
1659 5828 1765 5887 est,
1797 5820 1949 5873 simi-

2076 4638 2154 4680 tre
2187 4626 2428 4697 Filioque
2460 4646 2750 4697 pt‘Oressns
2794 4649 2931 4687 unus
2959 4646 3123 4703 atque
3170 4639 3311 4691 idem
3345 4649 3449 4705 est,
3486 4650 3541 4695 et
3581 4648 3655 4696 ab

2073 4731 2301 4787 utroque
2336 4721 2572 4789 perfecte
2611 4725 2872 4789 praet-dit,
2899 4726 3049 4791 jtma
3083 4743 3176 4779 cos
3198 4732 3285 4798 qui
3316 4732 3463 4785 illunt
3493 4735 3656 4788 dixe-

2069 4821 2198 4863 runt
2242 4826 2306 4866 es
2364 4812 2519 4865 Patre
2571 4829 2666 4882 per
2696 4813 2890 4867 Filium
2926 4822 3239 4882 procedere.
3280 4822 3340 4874 Et
3377 4832 3648 4890 quoniam

2071 4903 2413 4971 procedentis
2444 4912 2529 4958 est
2564 4907 2701 4957 ratio
2733 4922 2796 4960 ex
2833 4907 2990 4962 Patre
3025 4925 3147 4964 esse
3198 4928 3294 4979 per
3345 4930 3588 4982 genuum
3634 4933 3651 4973 :

2070 5013 2239 5065 neque
2268 4996 2427 5052 Pater
2456 5000 2604 5051 solus
2638 4999 2895 5067 producet
2931 5001 3190 5071 Spiritum
3228 5020 3480 5061 sanctum
3518 5013 3647 5081 (ne-

2066 5106 2171 5156 que
2200 5092 2339 5141 enim
2384 5094 2681 5157 procedens
2715 5095 2879 5156 esset,
2917 5097 2958 5147 si
3009 5109 3152 5150 esset
3185 5099 3304 5154 sine
3355 5107 3533 5158 medio
3572 5123 3648 5159 ex

2067 5182 2289 5247 primo),
2327 5196 2503 5247 neque
2527 5180 2696 5235 Ftttus
2731 5185 2901 5250 solus,
2933 5203 3035 5239 non
3065 5190 3204 5243 enim
3240 5192 3516 5251 diceretur
3544 5215 3651 5267 per

2071 5273 2264 5329 Filium
2311 5288 2375 5325 ex
2427 5274 2586 5327 Patre
2619 5284 2934 5344 procedere,
2980 5283 3072 5333 sed
3110 5293 3191 5335 est
3240 5301 3303 5338 cx
3349 5287 3510 5344 Patre
3543 5308 3653 5361 per
3720 5285 3732 5292 ’

2067 5364 2262 5417 [sitiunt
2304 5374 2357 5418 et
2405 5382 2469 5419 cx
2522 5365 2680 5431 Filio,
2713 5372 2864 5438 quasi
2898 5387 2960 5426 ex
2998 5389 3102 5426 una
3134 5390 3213 5439 re,
3248 5390 3306 5432 ut
3334 5394 3477 5448 stepe
3519 5383 3644 5453 jam

2065 5457 2267 5509 dit-tum
2297 5466 2380 5510 est
2406 5473 2423 5513 :
2454 5458 2598 5523 ideo,
2626 5474 2850 5529 rnagnus
2878 5480 3091 5534 quoque
3121 5468 3448 5528 Athanasius
3476 5475 3645 5531 dixit:

2066 5546 2274 5600 Idcirco
2311 5562 2375 5601 et
2412 5548 2573 5608 Patre
2604 5555 2878 5619 procedere
2916 5557 3133 5626 dicitur,
3154 5564 3398 5629 quoniam
3430 5582 3463 5618 α
3489 5565 3646 5623 Filio

2023 5696 2026 5700 Α
2064 5650 2176 5701 est;
2204 5642 2361 5695 aliter
2392 5645 2536 5697 enim
2574 5649 2872 5712 procedens
2899 5663 3005 5703 non
3038 5663 3220 5719 esset,
3266 5660 3361 5711 sed
3410 5671 3503 5713 aut
3535 5676 3653 5715 ne.

2063 5747 2168 5801 quc
2206 5748 2437 5800 persona
2485 5743 2651 5797 esset,
2705 5740 2748 5790 si
2797 5740 2975 5794 dicere
3014 5741 3227 5811 fas'sit,
3278 5760 3371 5803 aut
3406 5749 3585 5809 Filius
3623 5769 3643 5808 :

2065 5824 2310 5893 quamvis
2343 5825 2455 5880 hac
2484 5826 2788 5884 absurditas
2826 5841 2878 5887 et
2927 5848 3018 5889 eos
3047 5836 3399 5896 nihilominus
3429 5857 3644 5914 seque-
