3920 6566
421 514 526 577 179

1685 512 2084 576 MANUELIS
2120 513 2426 572 CALECxE

3587 505 3692 574 180

415 625 658 680 raculutn
706 622 884 680 Patris
921 637 976 679 et
1027 624 1171 690 Filii,
1215 627 1340 694 quia
1386 637 1441 680 et
1491 626 1652 696 hujus
1707 639 1996 696 processus
2025 631 2069 687 Α
2103 623 2154 676 in
2186 624 2540 682 Filioautetu.
2569 620 2840 688 ﬁliariter,
2865 625 2970 678 hoc
2989 626 3400 690 estcauSalitcr,
3423 625 3686 681 nascendi

417 718 690 782 spiracula
713 717 1067 784 asaimilatur,
1093 719 1394 774 secundum
1417 719 1802 780 Athanasium,
1833 727 1997 785 atque

416 811 484 866 ad
510 809 726 864 Patrem
775 820 828 862 ct
850 807 1044 864 Filium
1072 809 1298 867 relative
1324 813 1546 876 dicitur,
1577 821 1633 866 ut
1661 811 2000 868 demonstra-

418 915 530 956 tum
563 913 680 967 est;
709 902 873 956 veluti
909 906 1210 972 procedens
1237 913 1292 959 et
1326 904 1652 974 inspiratam
1692 903 1756 958 ad
1792 903 1999 972 produ-

416 1004 627 1047 rentem
661 1003 826 1063 atque
859 995 1220 1064 inspirantem
1269 1014 1283 1050 :
1330 996 1643 1064 indicatque
1677 1004 1730 1048 et
1756 994 1899 1063 quod
1933 1010 1996 1046 ex

415 1085 581 1138 Patre
649 1087 893 1156 genitum
935 1097 1055 1151 est,
1122 1097 1180 1142 ut
1234 1089 1398 1143 etiam
1451 1091 1518 1142 ad
1585 1087 1799 1142 Patrem
1837 1097 1999 1155 atquc

421 1176 620 1231 Filium
655 1179 875 1241 relatio,
905 1182 1059 1248 quasi
1093 1180 1146 1233 iu
1182 1196 1346 1233 unum
1377 1180 1792 1250 producentcm,
1826 1180 1998 1240 inspi-

417 1281 739 1337 nantemque
769 1271 1069 1324 reducatur
1093 1313 1108 1336 ,
1139 1287 1300 1342 quam
1338 1274 1407 1326 ob
1436 1285 1656 1325 causam
1682 1257 1895 1333 ,‘etiam
1932 1270 1998 1324 ad

418 1361 649 1418 invicem
681 1362 846 1416 simul
890 1364 1220 1430 cogitantur,
1252 1363 1552 1419 secundum
1583 1362 1866 1416 relationis
1897 1363 1998 1417 ha-

416 1456 586 1509 bitum
625 1472 638 1510 :
673 1471 799 1509 nam
846 1456 940 1525 qui
989 1455 1252 1525 Spiritum
1287 1458 1455 1520 dicit,
1495 1472 1618 1511 eum
1646 1455 1808 1510 simul
1842 1455 1998 1524 cujus

415 1556 501 1604 est
531 1547 774 1613 Spiritus
807 1548 1138 1620 cogitatione
1166 1549 1603 1617 comprehendit.
1636 1549 1712 1602 lta
1745 1564 1875 1618 ergo
1905 1562 1994 1602 ne-

413 1639 663 1694 cessario
709 1654 1053 1711 consequens
1097 1651 1203 1706 est,
1263 1647 1561 1694 secundum
1611 1638 2000 1693 substantiales

416 1748 604 1789 eorum
633 1734 1017 1807 proprietates,
1049 1733 1266 1788 Patrem
1308 1749 1370 1793 ac
1400 1733 1598 1788 Filium
1644 1733 1846 1788 habere
1868 1772 1883 1796 ,
1936 1747 2000 1785 ac

417 1826 656 1894 mittere,
682 1837 737 1884 et
765 1843 1024 1884 emanare
1057 1828 1322 1900 Spiritum
1348 1839 1617 1892 sanctum,
1643 1831 2019 1881 attest.mtur-‘

415 1933 523 1986 que
556 1918 643 1973 his
663 1918 921 1975 Ecclesia:
945 1921 1208 1990 magistri.
1237 1920 1535 1988 Gregorius
1565 1920 1783 1989 quidem
1816 1916 1997 1972 Theo-

2102 717 2431 786 prnprietate
2457 716 2687 785 adjerta,
2718 715 2873 786 juxta
2919 717 3222 772 nativitatis
3259 719 3596 782 terminum;
3628 716 3684 771 in

2100 818 2286 861 sancto
2323 817 2498 860 autem
2525 805 2731 875 Spiritu
2762 808 3092 876 processive,
3120 807 3222 862 hoc
3247 816 3331 862 est
3353 808 3676 869 causaliter,

2101 905 2311 954 servata
2353 902 2452 954 sibi
2492 901 2823 971 proprietate
2860 917 3172 970 processus.

2172 993 2644 1058 Quemadmodum
2697 993 2860 1064 igitur
2896 994 3054 1048 Pater
3101 1011 3206 1049 non
3243 1005 3387 1050 esset
3418 996 3604 1057 Pater,
3636 997 3681 1047 si

2101 1085 2264 1136 etiam
2291 1083 2428 1138 Filio
2461 1082 2632 1138 Filius
2661 1094 2827 1147 esset,
2855 1085 2924 1138 ita
2953 1085 3098 1138 enim
3127 1096 3275 1140 esset
3300 1095 3352 1140 et
3381 1085 3554 1140 Filius
3583 1085 3689 1138 Pa—

2104 1187 2205 1240 ter,
2249 1191 2719 1246 personarumque
2750 1175 3004 1232 confusio
3031 1187 3387 1244 sequeretur;
3425 1188 3474 1232 et
3511 1189 3686 1238 certe,

2103 1284 2224 1323 cum
2262 1284 2365 1321 una
2399 1268 2471 1322 sit
2499 1269 2690 1334 Patri,
2745 1285 2808 1325 ac
2832 1269 2970 1324 Filio
3003 1271 3244 1325 essentia
3287 1287 3301 1324 :
3337 1280 3392 1324 et
3424 1272 3689 1339 quemad-

2104 1362 2318 1415 modum
2352 1361 2520 1417 Filius
2560 1378 2664 1416 non
2695 1373 2839 1418 esset
2872 1363 3041 1418 Filius
3081 1363 3186 1420 nisi
3232 1374 3375 1418 esset
3411 1379 3471 1417 ex
3522 1362 3688 1417 Patte

2102 1454 2220 1511 sine
2263 1457 2462 1520 medio,
2492 1457 2542 1510 id
2577 1468 2680 1522 est,
2723 1459 3025 1526 nascendo;
3061 1460 3135 1512 ita
3172 1468 3224 1513 et
3270 1457 3505 1526 Spiritus
3552 1473 3686 1512 san-

2103 1559 2223 1601 cms
2270 1562 2376 1601 non
2421 1558 2565 1602 esset
2614 1548 2848 1616 Spiritus
2905 1550 3010 1603 nisi
3076 1561 3222 1604 esset
3267 1565 3333 1603 ex
3388 1549 3552 1603 Patre
3592 1564 3689 1618 per

2104 1637 2363 1693 Verbum.
2395 1639 2528 1693 Nam
2564 1642 2607 1694 si
2635 1657 2697 1696 ex
2739 1643 2900 1695 Patre
2933 1651 3076 1695 esset
3111 1642 3228 1694 sine
3266 1640 3430 1696 Verbi
3476 1641 3681 1706 medio,

2102 1734 2375 1786 nascendo
2414 1743 2558 1787 esset
2585 1774 2600 1798 ,
2639 1744 2689 1788 et
2722 1745 3139 1803 eottseqttettter,
3195 1733 3387 1788 Filius.
3423 1733 3490 1787 Et
3539 1734 3690 1788 sicut

2100 1825 2270 1882 Filius
2307 1842 2368 1880 ex
2401 1826 2788 1880 communione
2825 1839 3030 1881 uatum
3079 1830 3144 1879 ad
3200 1823 3416 1881 Patrem
3440 1864 3456 1890 ,
3508 1841 3689 1894 neque

2101 1917 2320 1991 Patrem
2353 1936 2452 1975 nec
2487 1921 2721 1991 seipsum
2756 1921 2950 1990 gignit,
2983 1921 3034 1974 id
3078 1921 3276 1991 quippe
3313 1931 3460 1975 esset
3491 1928 3692 1988 praeter

415 2010 575 2079 legus
612 2013 802 2068 dicens
835 2027 854 2064 :
889 2012 1008 2068 Non
1047 2017 1185 2068 enim
1219 2015 1434 2067 decebat
1471 2013 1550 2068 vel
1581 2011 1791 2067 Filium
1833 2010 1994 2066 Patri
2033 1990 2076 2047 Β
2104 2011 2226 2068 Filii
2255 1990 2576 2080 terminum,
2607 2029 2704 2083 per
2735 2029 2896 2084 quem
2931 1990 3162 2080 persona
3200 2025 3317 2080 est,
3351 2013 3422 2066 ita
3453 2022 3510 2067 et
3555 2011 3687 2079 Spi-

417 2101 501 2157 uel
535 2103 797 2172 Spiritum
829 2100 975 2159 Filio
1003 2121 1234 2174 unquam
1263 2105 1467 2158 deesse.

488 2195 722 2250 Sanctus
760 2196 1088 2254 Anastasius
1122 2197 1499 2252 Antiochenus
1537 2199 1590 2252 in
1627 2198 1742 2268 ipso
1773 2213 1872 2253 suo
1898 2197 1999 2253 do-

419 2291 664 2359 gtnatico
699 2291 836 2347 libro
866 2307 881 2345 :
911 2275 1161 2360 Spiritu;
1178 2301 1417 2355 sanctus,
1449 2292 1546 2356 ait,
1577 2309 1693 2345 cum
1736 2290 1920 2355 Patre,
1949 2301 1998 2346 et

415 2381 566 2436 Filio
612 2383 774 2437 simul
824 2395 1088 2454 apparet,
1127 2385 1288 2438 veluti
1322 2401 1439 2437 cum
1481 2394 1672 2450 mente,
1724 2393 1772 2438 et
1820 2384 1998 2460 verba.

418 2476 791 2532 Damascenus
833 2492 1056 2547 quoque
1097 2478 1175 2531 ait
1228 2494 1243 2530 :
1299 2475 1514 2544 Oportet
1556 2487 1736 2530 autetu
1775 2475 2000 2531 Verbum

415 2569 578 2622 etiam
607 2566 865 2634 Spiritum
895 2569 1106 2625 habere.
1814 2577 1819 2582 ’

492 2658 750 2728 Magnum
797 2662 927 2716 item
976 2661 1240 2718 Basiliam
1287 2663 1628 2716 ostendimus
1676 2662 1730 2715 in
1768 2661 1999 2729 quodam

417 2750 682 2805 adversus
713 2752 1041 2809 Eunomittm
1075 2755 1316 2823 capitulo
1347 2755 1615 2808 dicentem
1656 2771 1670 2808 :
1715 2751 1834 2807 Nisi
1877 2751 2002 2821 Spi-

416 2840 580 2894 ritum
607 2856 670 2895 ex
698 2839 806 2896 Deo
832 2842 963 2895 dicit
984 2843 1270 2912 quispiam,
1304 2859 1369 2896 ue
1401 2840 1627 2896 Verbum
1659 2844 1891 2913 quidem.

493 2935 760 2999 Quoniam
796 2936 960 3005 igitur
989 2937 1266 3006 proprium
1297 2945 1382 2992 est
1423 2951 1659 3006 sequens
1691 2937 2002 2992 necessario

419 3027 664 3083 Verbum
715 3039 768 3082 ct
814 3029 1076 3098 Spiritum
1127 3029 1330 3084 habere
1373 3047 1386 3084 :
1429 3031 1614 3085 omnia
1665 3043 1846 3084 autem
1884 3045 2003 3097 quae

417 3123 588 3175 Pater
619 3122 822 3186 habet,
873 3123 1036 3176 habet
1069 3132 1124 3177 et
1152 3121 1351 3189 Filius;
1387 3123 1488 3178 nisi
1522 3139 1656 3180 vero
1701 3124 1864 3178 Pater
1899 3123 2003 3178 ha-

419 3215 570 3281 beat,
601 3228 701 3268 nec
729 3213 896 3268 Filius
932 3215 1133 3281 habet;
1165 3216 1249 3269 sin
1280 3228 1462 3270 autem
1492 3232 1598 3270 non
1633 3217 1795 3271 habet
1828 3232 2004 3284 neque

418 3306 660 3360 Verbum
685 3306 810 3370 erit,
841 3320 1016 3373 neque
1033 3322 1096 3359 ex
1118 3304 1314 3372 Patre;
1348 3319 1564 3375 Oportet
1595 3307 1740 3360 enim
1765 3305 1998 3360 Verbum

418 3399 584 3454 etiam
624 3399 824 3454 habere
854 3399 1140 3469 Spiritum,
1170 3407 1230 3453 ut
1267 3400 1572 3453 rectissime
1601 3399 1858 3470 magister
1889 3396 2002 3466 (58)

419 3495 576 3549 dixit.
611 3491 666 3548 Si
695 3494 840 3549 enim
870 3492 1132 3562 Spiritum
1167 3509 1231 3548 ex
1259 3491 1392 3557 Deo,
1417 3503 1471 3546 et
1500 3493 1662 3547 Patre
1687 3493 1816 3546 dicit
1850 3495 2005 3561 quis"

419 3587 592 3656 piam,-
623 3601 688 3639 ne
721 3585 960 3641 Verbum
986 3587 1241 3656 quidem;
1272 3586 1530 3656 quoniam
1561 3600 1691 3639 vero
1721 3585 1878 3638 Pater
1912 3586 2004 3637 lia-

421 3677 512 3730 bet
537 3687 591 3730 et
625 3675 795 3731 Filius
823 3676 1008 3732 habet.
1045 3674 1280 3731 Sanctus
1307 3678 1451 3730 enim
1482 3677 1721 3747 Spit-itus
1747 3691 1870 3729 cum
1901 3673 2004 3728 Pa—

423 3782 526 3834 tre,
577 3782 632 3824 et
679 3768 816 3823 Filio
847 3769 1010 3824 simul
1055 3777 1304 3840 apparet,
1343 3769 1511 3824 veluti
1564 3784 1688 3823 cum
1738 3778 1918 3821 mente
1947 3776 2004 3825 et

417 3863 609 3924 verbo,
673 3876 736 3915 ac
785 3862 1082 3916 secundum
1125 3860 1378 3916 eumdem
1427 3859 1686 3924 modum,
1743 3859 1822 3912 sic
1859 3859 2001 3912 enim

421 3951 600 4005 sancti
644 3952 817 4006 aiunt.
871 3949 1076 4007 Deinde
1119 3949 1456 4006 concludens
1488 3947 1697 4002 infert:
1732 3943 2004 4010 Quomodo

409 4045 590 4115 igitur
619 4045 856 4113 separari
887 4050 1104 4113 possunt
1128 4043 1531 4112 imcparabitia,
1559 4039 1780 4095 Verbum
1806 4037 2002 4092 scilicet

425 4153 489 4192 ea:
521 4137 651 4201 Deo,
687 4146 735 4191 et
765 4135 997 4206 Spiritus
1032 4151 1097 4191 ex
1132 4135 1240 4190 Deo
1265 4152 1359 4202 per
1385 4134 1633 4190 Filium?

497 4227 727 4294 Magnus
756 4229 882 4282 item
933 4227 1269 4283 Athanasius
1298 4227 1374 4280 ait
1408 4245 1423 4281 :
1456 4225 1722 4291 Quoniam
1763 4225 2003 4293 Spiritus

420 4340 526 4379 non
560 4333 632 4378 est
656 4335 806 4378 extra
847 4321 1092 4377 Verbum.
1130 4321 1197 4376 Et
1229 4336 1443 4375 rursum
1473 4339 1484 4373 :
1535 4317 1680 4374 Esset
1709 4320 1870 4373 ctiam
1903 4319 2006 4370 im-

420 4415 673 4484 possibile
725 4415 783 4467 iu
841 4412 1126 4468 Trinitatis
1167 4413 1342 4483 gloria
1391 4410 1652 4478 Spiritum
1693 4409 2002 4478 glori/ictui,

423 4509 526 4564 nisi
556 4523 829 4579 processus
871 4508 1078 4560 ratione
1117 4515 1250 4559 esset
1299 4519 1364 4560 ex
1417 4504 1523 4557 Deo
1559 4520 1650 4569 per
1679 4502 1892 4556 Filium.
1933 4500 2006 4555 De

422 4600 658 4656 naturali
698 4600 818 4670 ejus
857 4597 1312 4667 substantialique
1364 4611 1620 4666 processu
1666 4594 1886 4648 verbum
1921 4593 2006 4646 hic

422 4694 658 4748 faciebat
691 4701 936 4754 sanctus,
989 4689 1288 4745 secundum
1317 4705 1478 4759 quem
1508 4697 1593 4742 est
1626 4695 1792 4756 atque
1823 4686 2004 4741 subsi-
2037 4726 2080 4779 Β

421 4788 517 4842 stit
558 4787 795 4858 Spiritus
823 4795 1067 4838 sanctus.
1106 4783 1231 4839 Non
1259 4793 1335 4836 est
1378 4781 1513 4835 enim
1547 4791 1697 4835 extra
1739 4779 2000 4843 Verbum;

421 4893 683 4950 tanquam
716 4881 760 4934 si
797 4880 1002 4934 diceret
1036 4895 1050 4932 :
1087 4875 1205 4932 Non
1235 4876 1486 4931 subsistit
1515 4873 1640 4930 sine
1663 4871 1880 4938 Verbo;
1908 4889 2005 4943 per

423 4978 600 5046 ipsum
630 4977 774 5027 enim
806 4974 1054 5043 procedit
1112 4985 1177 5024 ex
1223 4968 1408 5024 Patre.
1446 4968 1569 5023 llaec
1605 4969 1787 5037 itaque
1837 4968 1914 5020 sic
1947 4983 2006 5021 se

423 5069 648 5131 habent,
680 5079 734 5120 et
763 5081 884 5134 qum
917 5065 1021 5120 alia
1054 5066 1118 5119 de
1151 5065 1254 5120 hoc
1287 5065 1544 5132 prmdicta
1580 5071 1710 5118 sunt
1751 5077 1765 5114 :
1814 5071 2006 5115 sancto

425 5171 606 5216 autem
643 5159 895 5230 Spiritui,
930 5159 1234 5214 secundum
1258 5174 1412 5214 suam
1441 5140 1853 5214 substantialetn
1884 5172 2012 5228 pro-

426 5254 736 5322 prietatem,
761 5251 1008 5319 sequitur
1031 5267 1096 5304 ex
1130 5249 1315 5305 Mente
1352 5265 1447 5318 per
1465 5248 1708 5306 Verbum
1741 5269 1883 5308 esse.
1912 5251 2012 5306 llic

424 5345 572 5398 enim
601 5354 685 5399 ρει
719 5343 1089 5412 procedentis,
1120 5342 1206 5396 vel
1231 5341 1469 5412 Spiritus
1503 5344 1790 5410 terminus,
1817 5360 2013 5400 secun-

425 5439 554 5491 dum
589 5451 748 5505 quem
794 5435 956 5490 etiam
1005 5443 1062 5488 ut
1104 5435 1415 5490 subsistens
1457 5436 1569 5503 sit,
1617 5441 1916 5493 secundum
1956 5456 2014 5494 se

427 5546 663 5601 persona
713 5529 896 5582 habet.
949 5528 1062 5583 Una
1100 5529 1338 5599 denique
1389 5542 1441 5584 et
1489 5531 1682 5586 eadem
1731 5535 1968 5588 essentia
1997 5577 2012 5601 ,

431 5623 633 5686 Patris,
657 5634 712 5677 ct
734 5620 879 5688 Filii,
909 5633 963 5678 et
983 5620 1223 5691 Spiritus
1255 5625 1428 5679 sancti
1465 5641 1478 5677 :
1505 5626 1556 5680 in
1582 5625 1742 5681 Patre
1767 5627 2010 5696 quidem,

430 5723 653 5782 paterae
692 5724 813 5779 est,
852 5712 957 5769 hoc
989 5723 1094 5777 est,
1131 5715 1248 5771 sine
1279 5729 1443 5770 causa
1469 5754 1484 5780 ,
1519 5716 1730 5787 adjecta
1765 5720 2014 5787 prOprie-

431 5814 545 5860 tate
583 5804 845 5875 gignendi
878 5859 891 5873 ,
939 5806 1238 5863 secundum
1301 5808 1644 5878 pateraitatis
1683 5808 2006 5874 terminum;

502 5991 615 6065 (58)
652 5993 903 6052 Basilius.

2104 2107 2244 2162 ritus
2273 2116 2494 2162 sanctus
2523 2122 2616 2176 per
2643 2118 2850 2162 natura
2881 2107 2946 2162 ad
2971 2105 3187 2162 Patrem
3221 2115 3276 2160 et
3300 2105 3496 2159 Filium
3531 2105 3691 2158 iden-

2107 2203 2335 2267 titatem,
2359 2210 2410 2254 et
2445 2200 2903 2266 communionem,
2942 2199 3354 2270 productionem
3387 2213 3496 2252 non
3528 2198 3694 2251 habe-

2104 2295 2214 2360 bit;
2246 2294 2444 2364 quippe
2472 2293 2606 2347 alias
2628 2292 2842 2348 desinet
2871 2308 2993 2348 esse
3024 2291 3322 2367 procedens
3350 2290 3609 2359 Spiritus;
3633 2297 3695 2343 et

2104 2388 2218 2444 sive
2248 2387 2514 2459 gignendo
2547 2385 2710 2440 Pater
2737 2385 2862 2449 erit,
2897 2396 2952 2440 et
2985 2387 3254 2453 quomodo
3288 2399 3317 2438 a
3345 2383 3547 2438 Patre?
3573 2383 3693 2436 sive

2103 2482 2422 2552 productor,
2471 2493 2527 2537 et
2565 2481 2834 2551 quomodo
2882 2477 3162 2548 Spiritus?
3214 2493 3573 2546 prorsusque,
3640 2477 3688 2531 si

2103 2574 2319 2642 quidem
2348 2587 2508 2628 causa
2536 2573 2605 2628 sit
2634 2571 2755 2626 Filii
2783 2614 2798 2638 ,
2829 2581 3225 2640 consequenter
3263 2571 3362 2624 erit
3413 2586 3479 2623 ex
3522 2570 3692 2623 Patre

2105 2664 2274 2720 Filius
2301 2679 2397 2734 per
2436 2663 2719 2734 Spiritum,
2754 2663 3054 2733 tertiusque
3083 2665 3190 2716 erit
3219 2679 3246 2714 a
3273 2660 3456 2725 Patre,
3497 2676 3696 2714 secun.

2105 2761 2233 2815 dum
2275 2757 2614 2826 personalem
2661 2757 2944 2824 ordinent;
2973 2755 3114 2825 quod
3148 2754 3395 2824 proiecto
3422 2762 3506 2808 est
3544 2767 3690 2821 pra:-

2108 2860 2189 2908 ter
2212 2849 2334 2904 Filii
2364 2864 2427 2903 ac
2456 2847 2693 2918 Spiritus
2727 2847 3044 2901 terminum.

2178 2942 2247 2994 At
2278 2955 2457 3009 neque
2484 2939 2566 2993 sui
2605 2938 2775 3006 ipsius
2817 2951 2980 2995 causa
3027 2949 3150 2992 esse
3185 2943 3381 3004 potest.
3415 2933 3498 2989 Nil
3535 2935 3689 2988 enim

2108 3037 2284 3106 ipsum
2319 3033 2400 3088 sui
2443 3031 2616 3100 ipsius
2651 3044 2812 3084 causa
2856 3038 2959 3084 est.
2994 3027 3497 3083 Contradictionem
3534 3027 3689 3080 enim

2107 3129 2181 3184 ita
2212 3125 2528 3187 continebit,
2563 3124 2856 3179 secundum
2890 3121 3055 3175 idem.
3089 3119 3274 3188 Neque
3311 3118 3534 3173 alterius
3566 3117 3696 3187 Spi-
3727 3139 3735 3147 -

2108 3223 2244 3277 ritus
2305 3233 2467 3272 causa
2519 3232 2640 3270 esse
2694 3224 2890 3284 potest.
2939 3213 3053 3268 Hac
3103 3213 3248 3267 enim
3301 3212 3532 3274 ratione,
3576 3227 3693 3265 non

2025 3333 2074 3400 ρ
2109 3323 2252 3368 esset
2272 3311 2512 3365 Trinitas
2550 3309 2689 3364 Deus
2723 3323 2737 3361 :
2771 3307 3059 3375 simulque,
3094 3319 3192 3359 nec
3227 3305 3382 3358 nobis
3410 3302 3545 3357 ﬁdes
3577 3311 3693 3356 tra-

2107 3406 2239 3460 didit
2262 3404 2547 3474 Spiritum,
2574 3403 2657 3454 vel
2685 3399 2767 3454 stti
2801 3400 2988 3469 ipsius,
3019 3398 3099 3452 vel
3131 3397 3395 3466 Spiritum
3424 3395 3692 3464 Spiritus.

2105 3502 2311 3569 Nempe
2349 3499 2492 3554 enim
2527 3497 2572 3554 si
2605 3495 2929 3550 Trinitatem
2957 3491 3372 3554 excesseritnus,
3404 3491 3536 3544 nihil
3569 3507 3700 3560 pro-

2107 3593 2334 3655 hibebit,
2367 3600 2422 3644 et
2449 3595 2718 3658 quintam,
2751 3593 2806 3641 et
2832 3592 3039 3638 sextam
3073 3597 3361 3651 personam
3402 3580 3454 3635 in
3487 3580 3700 3636 divinis

2107 3667 2373 3748 quau'ere.

2179 3773 2304 3829 Haec
2351 3772 2514 3844 igitur
2560 3771 2718 3834 velle,
2771 3767 3049 3824 hominum
3083 3774 3209 3832 est,
3243 3778 3368 3835 qua
3396 3763 3462 3818 de
3494 3770 3698 3818 saneta

2107 3868 2376 3922 Trinitate
2404 3875 2526 3921 sunt
2565 3866 2782 3928 tradita,
2815 3862 3031 3918 auferre
3061 3860 3372 3922 nitentium,
3405 3860 3702 3928 ipsamque

2109 3977 2138 4014 e
2172 3960 2392 4029 regione
2440 3955 2957 4027 blasphetnantiutn.
2996 3953 3179 4022 Neque
3221 3951 3366 4007 enim
3401 3950 3704 4005 multitudo

2107 4066 2464 4124 personarum
2494 4059 2576 4104 est
2595 4090 2610 4115 ,
2646 4049 2740 4103 sed
2774 4063 2945 4118 usque
2975 4047 3044 4101 ad
3074 4045 3402 4101 Trinitatem
3427 4057 3701 4114 progres-

2107 4161 2202 4200 808
2230 4153 2315 4198 est
2348 4156 2627 4196 numerus.

2186 4233 2453 4301 Quocirca
2503 4243 2584 4288 est
2616 4231 2833 4302 quidem
2885 4230 3120 4300 Spiritus
3160 4239 3383 4285 sanctus
3415 4242 3482 4282 ex
3515 4226 3708 4282 Patris

2111 4343 2173 4383 ac
2203 4327 2326 4381 Filii
2355 4325 2618 4388 essentia,
2654 4326 2769 4381 sive
2793 4340 2860 4380 ex
2894 4323 3205 4380 substantia
3233 4323 3412 4378 Patris
3444 4337 3511 4376 ac
3543 4319 3706 4387 Filii,

2111 4419 2410 4473 secundum
2453 4417 2706 4471 traditam
2731 4416 3022 4482 rationem,
3046 4431 3152 4469 non
3192 4415 3243 4468 in
3279 4420 3543 4484 quantum
3582 4413 3711 4466 dua:

2113 4512 2430 4567 substantiae
2471 4519 2629 4576 sunt,
2673 4510 2765 4565 sed
2818 4525 2879 4564 ea
2926 4509 3158 4571 ratione,
3197 4522 3304 4576 qua
3351 4521 3516 4559 unum
3572 4515 3711 4561 Sttltl.

2111 4605 2270 4660 Pater
2298 4613 2352 4659 et
2389 4603 2581 4669 Filius,
2621 4602 2970 4671 producendo
3019 4600 3253 4663 scilicet,
3286 4599 3430 4668 quod
3475 4597 3711 4663 utrique

2110 4711 2399 4749 contmune
2436 4704 2558 4756 cst,
2596 4703 2653 4746 ut
2687 4706 2828 4761 smpe
2863 4690 2976 4758 jam
3007 4690 3289 4755 diximus;
3327 4699 3493 4758 atque
3528 4689 3668 4743 hinc
3693 4727 3710 4754 ,

2112 4801 2286 4854 neque
2318 4784 2708 4854 conglutinatio
2739 4784 2845 4838 erit
2888 4783 3068 4838 Patris
3118 4793 3176 4838 et
3212 4781 3375 4848 Filii;
3413 4797 3516 4837 nec
3548 4782 3710 4836 etaim

2114 4879 2473 4936 substantiale
2498 4889 2602 4944 est,
2636 4878 2970 4946 producere;
3004 4892 3181 4946 neque
3226 4891 3331 4929 una
3377 4877 3710 4938 substantia

2115 4980 2198 5027 est
2250 4971 2414 5027 Pater
2443 4984 2495 5027 et
2533 4971 2741 5038 Filius;
2777 4986 2950 5040 neque
2991 4971 3097 5024 duo
3147 4969 3410 5038 principia
3441 5007 3457 5033 ,
3491 4971 3715 5038 quippe

2119 5058 2258 5120 unus
2288 5065 2592 5135 produceus
2622 5075 2725 5120 est.
2751 5064 2855 5129 Qui
2879 5064 3026 5118 enim
3063 5061 3402 5132 producitur,
3437 5076 3502 5116 ex
3538 5060 3717 5116 Patre

2117 5175 2213 5225 per
2241 5155 2437 5211 Filium
2479 5156 2819 5228 producitur,
2853 5165 2908 5210 et
2957 5155 3205 5224 procedit
3261 5169 3370 5209 uno
3408 5169 3709 5223 processu.

2117 5249 2302 5319 Neque
2333 5249 2455 5304 Filii
2486 5265 2650 5305 causa
2687 5259 2806 5315 est;
2842 5249 2944 5302 hoc
2971 5247 3114 5300 enim
3165 5257 3362 5315 pra-ter
3403 5245 3716 5299 terminum

2118 5343 2319 5413 proprii
2361 5357 2649 5410 processus
2672 5351 2777 5394 est.
2815 5341 2933 5410 Ipse
2976 5339 3176 5409 quippe
3221 5352 3318 5406 per
3359 5335 3560 5390 Filium
3598 5348 3711 5393 est.

2113 5435 2301 5506 Neque
2325 5434 2409 5490 sui
2437 5434 2630 5503 ipsius,
2664 5433 2803 5486 nihil
2833 5431 2978 5486 enim
3007 5431 3182 5500 ipsum
3215 5429 3298 5484 sui
3331 5429 3504 5499 ipsius
3533 5445 3717 5484 causa

2110 5538 2212 5585 est.
2243 5527 2431 5597 Neque
2457 5542 2702 5597 personae
2737 5527 3002 5588 alterius;
3042 5523 3286 5578 Trinitas
3322 5524 3467 5577 enim
3508 5539 3720 5591 perso-

2113 5639 2302 5678 narum
2340 5623 2485 5676 Deus
2507 5630 2610 5675 est.
2639 5619 2800 5689 Atqui
2833 5634 2934 5674 nec
2961 5617 3100 5672 Filio
3133 5627 3216 5672 est
3240 5617 3437 5670 minor.
3471 5615 3620 5670 Nam
3661 5624 3721 5670 et

2112 5715 2286 5772 Filius
2331 5714 2566 5769 causalis
2606 5714 2901 5775 exsistens,
2947 5727 3011 5765 ac
3045 5711 3320 5766 secundus
3355 5725 3383 5764 a
3414 5708 3590 5764 Patre
3626 5726 3723 5764 se-

2119 5809 2353 5865 cundum
2383 5806 2723 5878 personalem
2757 5806 3043 5872 ordinem;
3077 5820 3182 5862 non
3230 5804 3353 5860 ideo
3387 5814 3576 5859 tamen
3617 5801 3724 5857 Pa-
