3984 6590
298 516 367 584 181

1337 520 2085 585 ΛῦνΕΙὶΞΗΞΟΒΑΞΕΟΒ
2120 522 2249 581 LIB
2308 522 2424 583 lii;

3412 516 3515 581 182

301 645 359 685 tre
381 632 535 684 tuiuor
564 638 639 686 est
668 673 681 698 ,
717 646 786 686 ne
836 632 996 687 Pater
1027 630 1244 703 quidem
1290 632 1585 703 profectior
1616 631 1825 684 ideirco
1853 636 1899 691 Α
1929 630 2054 695 erit,
2087 629 2181 684 sed
2214 630 2405 693 Filius,
2442 640 2492 682 nl
2530 628 2847 684 dictumcst
2880 646 2892 683 ι
2928 630 3142 698 duoque
3174 629 3267 683 filii
3304 630 3356 682 in
3386 630 3545 701 Tria.

298 733 370 789 est,
399 724 632 794 quoniam
671 740 738 779 ex
794 725 943 779 nullo
995 736 1097 781 est.
1158 725 1265 780 lsla
1317 726 1473 779 cnim.
1520 724 1821 779 secundum

296 816 622 873 substantiales
656 818 951 873 relationes
1001 830 1123 873 sunt
1150 859 1164 885 ,
1197 835 1319 890 quae
1358 828 1675 874 naturarum
1713 834 1823 872 non

295 910 504 965 inducunt
535 907 916 964 dilicrentiam.

348 1001 421 1057 llis
467 1001 619 1071 igitur
657 1002 729 1056 ita
765 1004 1090 1071 enucleatis,
1138 1020 1203 1061 ac
1258 1006 1420 1062 Patre
1479 1008 1699 1077 quidem
1728 1008 1823 1061 'ex

297 1090 405 1146 nullo
426 1091 733 1157 exsistente,
764 1091 903 1147 Filio
933 1106 1111 1148 autem
1142 1112 1203 1150 ex
1251 1112 1358 1151 uno
1383 1104 1437 1151 et
1470 1097 1586 1150 solo
1634 1095 1819 1163 Patre,

295 1194 439 1235 saneto
461 1195 629 1236 autem
661 1183 870 1253 Spiritu
904 1202 966 1241 ex
1007 1189 1183 1256 primo
1216 1205 1313 1259 per
1339 1190 1596 1254 medium,
1628 1190 1819 1244 tertius

293 1289 361 1340 per
389 1274 603 1327 medium
654 1276 834 1344 primo
866 1279 1235 1348 conjungitur.
1279 1280 1397 1334 Filii
1450 1264 1652 1350 quippe
1700 1298 1818 1335 me-

289 1365 413 1418 tlatio
440 1375 491 1418 et
527 1365 623 1419 sibi
659 1366 762 1436 ipsi
794 1368 1054 1437 unigeniti
1101 1373 1357 1426 honorem
1392 1384 1593 1437 servat,
1622 1384 1677 1429 et
1702 1375 1822 1444 Spi-

292 1458 412 1509 rinun
442 1458 663 1512 naturali
697 1462 763 1513 ad
800 1461 1014 1516 Patrem
1051 1464 1241 1519 habitu
1288 1466 1509 1521 minime
1540 1467 1776 1522 excludit
1802 1509 1816 1533 ,

291 1560 329 1599 ut
355 1550 414 1602 ait
441 1548 728 1620 Gregorius
755 1552 1058 1624 Nysseuus;
1090 1558 1283 1626 sicque
1310 1559 1461 1628 juxta
1500 1560 1679 1627 magni
1716 1560 1818 1614 Ba-

289 1644 365 1696 silii
393 1645 728 1712 sententiam,
763 1656 815 1698 et
850 1649 1167 1705 substantia:
1207 1649 1579 1725 [hypostases]
1615 1668 1816 1708 conce-

287 1738 467 1803 duntur,
494 1748 539 1791 et
569 1739 715 1809 pium
746 1741 892 1797 unici
927 1742 1270 1813 principatus
1300 1745 1494 1816 dogma
1529 1762 1636 1801 non
1672 1748 1819 1801 deci—

287 1826 357 1879 dit.
381 1829 541 1898 Atque
584 1831 655 1884 ita
704 1846 890 1887 sermo
928 1832 1089 1889 nobis
1132 1835 1199 1887 ad
1248 1836 1574 1905 principium
1609 1836 1815 1901 rediit;

287 1922 447 1991 quippe
478 1938 595 1977 cum
644 1935 853 1979 sanctas
886 1925 1178 1981 Trinitatis
1226 1927 1419 1983 ordine
1466 1929 1816 1985 inchoaveri—

288 2032 399 2078 tuus,
428 2017 491 2071 ad
519 2017 691 2087 ipsum
722 2034 942 2075 rursum
972 2020 1216 2077 ordinem
1247 2024 1620 2093 pervenimus.

338 2108 381 2163 Si
411 2112 558 2181 igitur
590 2112 675 2166 his
698 2111 771 2166 ita
808 2115 1113 2179 concessis,
1148 2115 1283 2170 nihil
1316 2116 1537 2186 quidem
1570 2132 1635 2171 ex
1660 2118 1816 2183 ratis,

289 2215 411 2273 atque
431 2209 692 2261 communi
736 2208 860 2263 fidei
892 2210 1245 2267 confessione
1281 2213 1692 2281 comprehensis
1718 2214 1820 2268 tol-

289 2296 403 2363 litur,
448 2299 676 2370 fideique
723 2302 1010 2372 principiis
1060 2319 1123 2358 ac
1172 2314 1482 2359 sanctorum
1526 2308 1819 2361 sententiis

288 2393 426 2444 omnia
456 2405 785 2460 consonant;
814 2410 1115 2465 eorumque
1142 2398 1236 2465 qui
1278 2412 1341 2453 ex
1385 2398 1568 2462 Patre,
1597 2410 1651 2453 et
1680 2398 1819 2455 Filio

288 2482 499 2551 Spiritum
530 2498 779 2541 sanctum
822 2488 1171 2556 confitentur,
1210 2493 1410 2545 veritas
1463 2494 1716 2563 utrinque
1758 2509 1818 2550 se

287 2580 439 2646 aperit,
468 2595 529 2633 ex
559 2582 803 2651 propriis
835 2583 1047 2637 scilicet
1089 2598 1153 2638 ac
1184 2586 1483 2640 secundum
1517 2602 1575 2641 se
1619 2592 1819 2657 produ-

286 2673 365 2724 ctis
390 2673 674 2729 rationibus
707 2689 724 2729 :
764 2676 931 2731 nobis
960 2678 1177 2747 quidem
1215 2680 1263 2733 id
1294 2682 1439 2749 quod
1470 2680 1630 2735 initio
1662 2683 1821 2736 insti-

287 2771 539 2827 lueranttts,
569 2766 731 2822 finem
759 2769 1012 2839 accipiet.
1048 2771 1275 2826 Constat
1308 2788 1457 2837 vero,
1490 2789 1584 2828 eos
1614 2773 1710 2843 qui
1751 2789 1818 2829 ex

287 2854 409 2911 Patre
438 2858 546 2913 solo
577 2860 915 2916 confitentur
961 2863 1225 2931 Spiritum
1262 2874 1511 2920 sanctum
1538 2908 1552 2931 ,
1587 2868 1820 2921 veritate

285 2946 530 3019 frustrari;
566 2955 744 3024 ipsum
775 2957 921 3011 enim
965 2955 1253 3013 Trinitatis
1285 2959 1534 3014 ordinem
1580 2961 1819 3025 tollunt,

287 3056 361 3111 per
382 3061 524 3112 quem
552 3047 694 3103 alius
724 3049 947 3118 quidem
990 3060 1093 3116 est,
1138 3066 1204 3106 ex
1251 3053 1425 3121 primo
1482 3064 1648 3124 atque
1695 3056 1821 3109 hinc

288 3134 494 3196 miscent,
517 3148 569 3193 et
593 3140 939 3197 confundunt
971 3142 1293 3208 discretum,
1321 3156 1375 3199 et
1399 3148 1822 3215 supersubstan-

289 3215 605 3289 tialenomen,
626 3239 681 3283 et
712 3244 826 3284 rem
862 3229 1063 3295 Patris,
1088 3232 1228 3298 Filii,
1262 3247 1311 3288 et
1343 3234 1584 3305 Spiritus
1616 3238 1816 3303 sancti,

288 3312 612 3388 Spiritutuque
642 3332 893 3377 sanctum
928 3339 992 3378 ex
1020 3322 1185 3378 Patre
1216 3341 1337 3381 csse
1374 3326 1494 3381 sine
1528 3328 1705 3385 medio
1733 3330 1816 3383 di-
1845 3338 1888 3396 ο

287 3420 451 3472 centes,
477 3412 648 3481 ipsum
674 3416 838 3468 etiam
873 3416 1109 3484 proprie,
1142 3431 1205 3471 ac
1228 3420 1670 3473 subsmntialitcr
1697 3438 1821 3477 esse

289 3500 505 3571 Spiritum
539 3506 819 3571 auferunt;
849 3508 1062 3563 sublato
1092 3510 1289 3579 quippe
1318 3512 1666 3567 substantiali
1700 3515 1822 3584 ejus

288 3600 692 3669 prectsssu,juxta
725 3600 1069 3668 procedentis
1101 3604 1391 3670 rationem,
1430 3606 1511 3658 vel
1556 3621 1661 3659 non
1693 3623 1821 3676 pro-

288 3688 448 3743 cedens
470 3692 563 3745 rrit
589 3690 849 3762 Spiritus,
872 3693 953 3746 vel
980 3692 1132 3763 juxta
1159 3696 1457 3750 nativitatis
1479 3712 1819 3766 processum,

288 3777 423 3833 Filius
449 3785 580 3848 erit,
609 3786 913 3841 secundum
949 3801 1115 3857 quem
1164 3788 1335 3844 Filius
1378 3803 1441 3843 cx
1489 3785 1651 3844 Patre
1702 3792 1822 3847 sine

289 3876 432 3928 medio
459 3881 712 3934 nascitur.

342 3963 487 4023 Porro
520 3968 750 4025 Verbum
802 3972 894 4027 Dei
935 3973 1273 4041 unigenitum
1302 4014 1317 4040 ,
1362 3977 1824 4048 signaculumque

287 4061 517 4117 uniforme
559 4063 759 4131 Patris,
795 4076 962 4136 atque
1012 4067 1349 4124 immobilem
1396 4070 1821 4126 incommutabi-

288 4150 463 4223 lemque
491 4158 736 4225 figuram,
767 4168 822 4215 et
851 4175 975 4214 eum
1012 4161 1105 4230 qui
1134 4176 1200 4216 ex
1234 4160 1395 4218 Patre
1434 4172 1582 4218 totus
1616 4178 1682 4218 ex
1713 4173 1824 4218 toto

287 4246 486 4309 perfecte
502 4249 824 4318 resplendet,
853 4250 1472 4323 incommutabilemque
1502 4254 1821 4323 imaginem,

256 4367 260 4373 ι
290 4345 329 4387 ct
347 4333 498 4393 Patris
516 4340 908 4411 definitionem,
939 4358 1002 4399 ac
1026 4344 1286 4411 Verbum,
1306 4346 1543 4401 maxime
1567 4358 1825 4417 paterno-

288 4440 380 4480 rum
396 4430 629 4488 bonorum
653 4435 991 4500 fraudantes,
1036 4436 1339 4501 identitate,
1381 4454 1503 4507 quae
1535 4440 1607 4494 illi
1625 4441 1691 4495 ad
1723 4439 1826 4495 Pa-

290 4528 397 4575 trem
428 4536 520 4589 est,
548 4538 921 4599 perpetuaque
947 4530 1253 4584 constantia
1295 4528 1625 4599 excludunt;
1674 4536 1818 4604 quod

287 4611 463 4668 Ariana:
486 4618 772 4689 impietatis
799 4630 901 4676 est.
940 4620 1005 4675 Et
1040 4623 1301 4692 quoniam
1334 4625 1426 4695 qui
1455 4641 1562 4680 non
1586 4627 1820 4682 honorat

1930 724 2102 775 nitate
2134 723 2482 806 cannabibil
2516 722 2825 778 differentes
2862 740 2889 777 a
2937 740 2996 779 se
3030 725 3258 777 invicem
3286 762 3300 785 ,
3348 730 3515 792 atque

1928 816 1998 870 ita
2034 816 2253 870 habitus
2285 816 2348 869 ad
2388 816 2657 880 invicem,
2696 832 2759 869 ac
2794 815 3052 870 discretio
3086 815 3343 880 tolletur;
3388 816 3506 868 sala

1925 909 2072 963 enim
2106 925 2285 964 causa:
2315 909 2657 979 causalisque
2691 910 2899 964 ratione
2927 948 2941 971 ,
2995 908 3209 963 divinas
3256 908 3499 964 discerni

1926 1017 2188 1070 personas
2229 1016 2259 1054 a
2295 1002 2503 1057 sanctis
2535 1002 2871 1070 accepimus,
2920 1013 2973 1056 et
3019 1001 3196 1056 Verbo
3250 1018 3278 1055 a
3338 1018 3509 1056 causa

1925 1095 2222 1162 Subdiviso,
2249 1106 2492 1149 sanctam
2524 1096 2841 1150 Trinitatem
2866 1095 2931 1149 ad
2968 1111 3027 1150 sc
3057 1096 3229 1163 ipsam
3272 1098 3324 1147 in
3359 1096 3509 1149 nullo

1924 1186 2029 1240 nisi
2063 1184 2408 1242 concorditer
2438 1187 2659 1241 habere.
2710 1188 2782 1241 Ita
2829 1187 2994 1256 igitur
3027 1187 3359 1247 beatissima:
3389 1186 3513 1242 Tri-

1927 1278 2110 1333 nitatis
2156 1280 2355 1334 seriem
2405 1288 2569 1348 atque
2619 1280 2910 1334 insolubile
2967 1280 3181 1335 ordinis
3228 1280 3506 1333 vinculum

1926 1371 2220 1436 auferunt,
2259 1372 2608 1440 singulasque
2657 1372 2967 1427 divinarum
3005 1388 3401 1440 personarum,
3453 1384 3509 1428 et

1922 1465 2186 1533 dignitate
2217 1480 2482 1533 congrua,
2506 1474 2559 1520 et
2594 1465 2816 1534 propria
2844 1464 3148 1518 substantia
3180 1480 3276 1533 per
3302 1482 3364 1519 ea
3392 1481 3511 1535 qua:

1922 1559 2127 1623 dicunt,
2161 1559 2441 1628 deponunt
2475 1577 2487 1611 :
2523 1560 2639 1613 sive
2675 1559 2894 1628 penitus
2944 1560 3227 1627 dejiciunt.
3278 1560 3509 1630 Obliquc

1922 1662 2106 1706 autem
2143 1652 2453 1718 huiusmodi
2484 1652 2817 1721 blasphemia
2853 1650 3051 1705 Filium
3089 1653 3349 1721 respicit,
3386 1668 3509 1723 qua:

1921 1754 1975 1798 et
2010 1745 2113 1797 alia
2151 1744 2384 1814 plurima
2421 1743 2658 1798 absurda
2694 1760 2879 1798 secum
2920 1745 3111 1798 trahit.
3153 1744 3275 1799 Uno
3310 1747 3458 1800 enim
3488 1785 3503 1806 .

1923 1834 2121 1904 inquit,
2159 1851 2442 1901 concesso,
2496 1834 2733 1904 plurima
2782 1836 2962 1905 inepta
3004 1846 3326 1905 sequuntur.
3362 1838 3422 1889 lit
3464 1838 3508 1892 si

1923 1929 2068 1983 enim
2098 1944 2194 1985 ore
2225 1944 2331 1983 non
2373 1929 2477 1984 ista
2511 1928 2873 1995 confitentur,
2907 1944 3079 1999 neque
3106 1943 3165 1983 se
3197 1932 3269 1984 ita
3300 1926 3510 1985 sentire

1925 2029 2270 2084 asseverant,
2303 2021 2467 2075 etiam
2497 2021 2541 2075 si
2576 2020 2772 2085 nolint,
2806 2021 2860 2075 in
2892 2036 2957 2074 eo
2998 2022 3410 2090 pertrahuntur.
3446 2023 3510 2075 Et

1923 2114 1969 2168 si
2010 2113 2210 2167 Filium
2248 2113 2775 2169 consubStantialem
2812 2114 3171 2179 confitentur,
3204 2114 3293 2167 illa
3324 2125 3507 2170 tamen

1923 2204 2111 2260 dicunt
2148 2221 2215 2259 ex
2247 2206 2452 2275 quibus
2483 2207 2585 2260 hoc
2622 2206 2851 2260 tollitur.
2900 2206 3089 2272 Neque
3123 2206 3272 2260 enim
3309 2207 3510 2261 sulfieit

1923 2298 2158 2352 absurda
2193 2314 2394 2368 negare
2416 2339 2432 2365 ,
2467 2300 2546 2352 vel
2580 2299 2683 2352 ista
2718 2314 2815 2353 ore
2854 2314 2963 2352 non
2994 2298 3199 2364 dicere,
3234 2316 3405 2369 seque
3436 2300 3510 2354 ita

1923 2392 2152 2456 sentire,
2191 2392 2484 2462 denegare,
2520 2392 2623 2445 nisi
2658 2401 2711 2447 et
2749 2391 2839 2446 illa
2883 2392 3070 2445 dicere
3104 2404 3357 2453 caveant.
3390 2393 3509 2462 qui-

1923 2486 2024 2541 bus
2065 2486 2293 2555 positis,
2329 2485 2644 2538 necessario
2693 2483 2927 2538 absurda
2968 2493 3289 2552 sequantur.
3332 2484 3465 2539 Nam
3493 2526 3509 2549 ,

1926 2577 2074 2630 verbi
2110 2577 2282 2646 gratia
2311 2617 2325 2634 .
2365 2574 2638 2629 Sabellius
2672 2575 2888 2644 quidem
2923 2590 2982 2630 se
3028 2575 3313 2640 judaizarc
3343 2578 3513 2629 dene-

1923 2667 2108 2737 gabat,
2150 2668 2245 2720 sed
2293 2665 2599 2719 divinarum
2631 2680 2987 2734 personarum
3026 2664 3357 2725 Trinitatem
3405 2682 3511 2719 non

1924 2758 2243 2820 admittens,
2280 2758 2333 2811 itt
2362 2758 2414 2810 id
2439 2797 2453 2820 ,
2486 2757 2569 2811 vel
2612 2757 2816 2811 invitus
2870 2757 3269 2827 impellebatur.
3306 2757 3370 2812 Et
3413 2757 3513 2812 διι-

1924 2852 2025 2905 drci
2069 2851 2286 2920 quidem
2332 2852 2604 2904 honorare
2649 2865 2707 2904 se
2759 2847 2928 2904 Deum
2968 2852 3327 2913 arbitrantur,
3365 2849 3514 2903 illius
3556 2886 3562 2891 .

1926 2959 1986 2999 se
2017 2947 2214 3013 legem,
2254 2954 2313 2997 ut
2360 2942 2468 2997 illis
2516 2943 2621 2996 lata
2672 2953 2778 3005 cst,
2838 2942 2996 3012 sequi
3049 2953 3376 3003 asserentes,
3419 2944 3513 2998 sed

1925 3038 1997 3091 ita
2034 3038 2348 3106 Scripturas
2381 3044 2706 3105 exponunt,
2744 3048 2803 3091 ut
2836 3037 2915 3092 eis
2962 3040 3042 3091 lex
3079 3053 3252 3105 neque
3282 3037 3362 3090 vel
3398 3052 3514 3089 mo-

1924 3131 2046 3185 dice
2082 3130 2275 3200 prosit.
2306 3129 2494 3198 Neque
2538 3130 2683 3184 enim
2732 3131 2947 3185 Salvare
2997 3142 3207 3199 potest,
3259 3143 3307 3185 et
3347 3131 3515 3185 Deum

1926 3238 2023 3291 per
2061 3237 2124 3277 ea
2156 3238 2276 3294 quae
2309 3223 2530 3286 dicunt,
2566 3223 2918 3278 inhonorant.
2949 3224 3051 3288 Qui
3087 3225 3229 3278 enim
3278 3242 3381 3278 non
3416 3225 3510 3279 ho-

1925 3323 2084 3366 norat
2130 3313 2351 3383 Filium,
2404 3329 2582 3379 neque
2612 3314 2827 3368 Patrem
2861 3315 3094 3371 honerat
3120 3333 3132 3379 ;
3158 3328 3210 3369 et
3241 3333 3254 3368 ε
3286 3316 3389 3380 Qui
3412 3332 3517 3369 non
3560 3356 3561 3359 η

1928 3406 2097 3459 credit
2127 3404 2287 3472 Filio,
2328 3422 2430 3460 non
2466 3407 2658 3459 videbit
2701 3407 2889 3471 vitam,
2920 3409 3010 3460 sed
3062 3408 3145 3462 ira
3196 3408 3292 3462 Dei
3337 3419 3515 3461 manet

1925 3515 2083 3568 super
2113 3518 2253 3565 eum,
2289 3508 2348 3554 ut
2377 3502 2452 3555 ait
2482 3501 2598 3568 ipse
2627 3500 2891 3555 Dominus
2925 3501 2966 3554 ‘.

1996 3590 2225 3646 Constat
2255 3606 2320 3645 ex
2352 3590 2437 3645 his
2490 3606 2618 3652 una,
2658 3606 2764 3644 non
2819 3606 3041 3659 parvam
3100 3591 3337 3659 aliquam
3396 3607 3517 3646 esse

1926 3684 2287 3741 differentiam
2312 3698 2500 3738 eorum
2536 3683 2628 3753 qui
2665 3698 2731 3737 ex
2758 3682 2918 3738 Patre
2948 3693 3002 3738 et
3038 3683 3197 3747 Filio,
3218 3686 3421 3754 quique
3448 3701 3514 3739 ex

1926 3778 2093 3833 Patre
2122 3779 2240 3833 solo
2270 3778 2532 3845 Spiritum
2582 3786 2832 3831 sanctum
2898 3779 3193 3845 procedere
3252 3778 3518 3832 sentiunt.

1927 3871 1986 3925 lu
2017 3872 2131 3941 ipsa
2167 3886 2401 3939 namque
2428 3871 2549 3924 fidei
2582 3869 2753 3933 initia,
2774 3878 3195 3939 sanctorumque
3213 3870 3515 3924 doctrinam

1928 3964 2287 4027 intuentibus,
2325 3963 2461 4018 nihil
2499 3962 2603 4017 erit
2636 3962 2921 4017 differens.
2958 3962 3332 4017 Communiter
3367 3964 3510 4015 enim

1928 4059 2030 4114 bos
2060 4058 2171 4113 Deo
2205 4057 2590 4126 conjungente,
2624 4058 2690 4110 de
2742 4056 2842 4109 hoc
2895 4070 3086 4110 omnes
3141 4057 3514 4113 consentiunt.

1929 4149 2007 4205 illi
2038 4152 2257 4220 quidem
2306 4160 2363 4205 et
2407 4150 2612 4204 eisdem
2665 4158 2882 4203 utentes
2917 4149 3280 4216 dictionibus;
3318 4152 3369 4204 bi
3414 4168 3516 4203 au-

1931 4251 2038 4296 tem
2080 4256 2177 4310 per
2221 4241 2356 4296 alias
2404 4240 2801 4310 requis-alentes
2855 4241 2920 4293 ad
2980 4242 3229 4295 eumdem
3269 4248 3516 4299 veritatis

1928 4337 2093 4391 finem
2134 4335 2549 4390 contendentes.
2590 4333 2791 4396 VeIUti,
2818 4334 2862 4387 si
2893 4335 3016 4402 quis
3051 4336 3305 4404 patriam,
3340 4338 3517 4391 solum

1929 4429 2195 4499 patrium,
2249 4444 2345 4482 seu
2379 4443 2583 4482 reetam
2619 4427 2839 4490 lineam,
2874 4443 3108 4497 mquam,
3143 4428 3227 4482 vel
3257 4430 3515 4500 parilem,

1930 4523 2014 4578 vel
2048 4537 2263 4583 novem,
2289 4536 2371 4575 ter
2393 4520 2494 4574 tria
2518 4521 2658 4574 dicat
2692 4536 2706 4586 ;
2733 4520 2988 4590 nullaque
3011 4522 3151 4589 apud
3174 4520 3515 4590 Scripturam

1932 4626 2203 4677 sanctam,
2243 4624 2573 4678 sanctosque
2606 4614 2795 4669 Patres
2826 4615 3104 4668 invenitur
3127 4617 3433 4681 contentio,
3466 4620 3513 4672 si

287 4702 465 4771 Filium,
501 4727 591 4767 nec
627 4713 841 4768 Pati-cm
886 4717 1142 4783 ιιοιιοωι,
1177 4727 1233 4771 ut
1271 4718 1387 4787 ipse
1415 4717 1676 4775 Dominus
1698 4722 1773 4774 ait
1806 4739 1820 4778 ε
1853 4686 2054 4778 Dquis
2107 4711 2172 4761 ad
2226 4709 2396 4761 solam
2446 4708 2520 4761 rei
2568 4707 2844 4762 intueatur
2891 4709 3181 4763 veritatem
3215 4726 3230 4763 :
3282 4713 3418 4766 adeo
3458 4724 3518 4766 ttt

290 4796 371 4860 Qui
394 4802 509 4855 ridet
536 4824 628 4871 me,
664 4807 803 4860 videt
829 4818 877 4860 et
910 4808 1128 4864 Patrem
1158 4828 1177 4865 :
1201 4814 1449 4880 quoniam
1482 4814 1683 4870 omnia.
1708 4831 1826 4884 qua:

288 4886 407 4943 itath
430 4893 589 4965 Pater,
612 4917 727 4953 mea
754 4902 944 4962 sunt’;
970 4916 1144 4972 neque
1172 4901 1387 4959 Patrem
1410 4918 1625 4970 natura,
1648 4918 1704 4962 ct
1734 4924 1825 4961 ve-

289 4998 381 5037 rum
406 4988 596 5045 Pttrem
628 5036 640 5054 ,
678 5009 740 5046 ac
774 4993 1082 5063 perfectum
1110 5007 1373 5066 cogentur
1406 5000 1683 5065 confiteri,
1718 5002 1818 5055 nisi

288 5074 404 5131 Patri
440 5084 611 5139 similis
665 5086 839 5141 Filius
874 5088 979 5152 sit,
1017 5102 1181 5157 atque
1212 5090 1265 5143 in
1301 5106 1361 5144 se
1398 5092 1515 5161 ipso
1556 5091 1771 5147 Patrem
1803 5135 1816 5158 ,

290 5172 406 5223 unde
430 5179 696 5241 processit,
727 5178 973 5248 perfecte
1005 5179 1206 5235 indicet
1235 5199 1247 5234 :
1274 5193 1472 5251 prtetcr
1496 5183 1669 5235 solum
1698 5201 1819 5237 esse

289 5256 489 5331 Patrem,
514 5267 653 5335 juxta
685 5288 1004 5326 sanctorum
1038 5273 1387 5329 sententiam.
1415 5275 1550 5329 Nam
1578 5277 1670 5346 qui
1699 5277 1824 5346 Spi-

291 5352 423 5407 ritum
463 5370 691 5417 sanctutn
731 5364 784 5416 in
840 5362 978 5418 Filio
1025 5382 1129 5419 non
1182 5367 1488 5436 conspicit,
1538 5386 1715 5438 neque
1770 5371 1820 5423 in

292 5439 423 5498 Patre
450 5455 749 5523 conspiciet.
781 5454 883 5521 Qui
912 5457 1055 5511 enim
1095 5459 1237 5513 videt
1264 5458 1483 5519 Filium.
1511 5470 1565 5516 et
1604 5460 1821 5516 Patrem

290 5533 429 5624 videt.
461 5540 576 5610 luto,
606 5548 759 5617 juxta
799 5566 1051 5619 magnum
1087 5552 1471 5617 Athanasium,
1508 5557 1765 5624 quoniam
1793 5572 1821 5609 a

293 5622 423 5681 l’ﬂlrc
450 5642 721 5701 procedere
756 5644 994 5709 dicitur,
1041 5646 1161 5700 ideo
1204 5649 1460 5716 quoniam
1494 5667 1521 5700 a
1554 5650 1688 5704 Filio
1717 5662 1819 5709 est.

291 5720 362 5783 ‘l'li
402 5739 510 5777 υιιιη
536 5744 645 5785 esse
690 5746 850 5800 negat
896 5752 960 5789 cx
1014 5735 1172 5800 Filio,
1226 5756 1396 5809 neque
1436 5757 1464 5794 a
1500 5741 1657 5796 Patre
1704 5758 1823 5798 esse

294 5812 605 5877 conﬁtebitur.
654 5824 787 5879 Μ’δὲ
829 5831 898 5881 ita
949 5832 1085 5893 crit,
1120 5834 1342 5887 omnino
1380 5850 1483 5887 non
1523 5839 1823 5907 procedens

353 5991 367 6019 ⁸
412 5992 549 6055 Joan.
603 6011 809 6073 xtv,'!t;
845 6007 981 6075 XVI,
1028 6013 1105 6065 15.
1189 6013 1206 6043 ⁸
1237 6012 1393 6068 Juan.
1434 6028 1511 6077 Ill,
1552 6014 1636 6067 ὖῧο

1932 4820 2053 4872 qua:
2085 4818 2112 4855 a
2151 4804 2357 4856 sanctis
2384 4800 2660 4866 onmibus,
2690 4810 2853 4869 atque
2884 4800 2951 4855 ab
2973 4801 3221 4871 utrisque
3243 4804 3513 4870 partibus,

1932 4897 2018 4964 pie
2081 4893 2419 4961 fideliterque
2465 4890 2609 4943 dicta
2644 4900 2795 4951 sunt,
2829 4889 2934 4943 sibi
2970 4890 3201 4944 invicem
3228 4906 3349 4945 esse
3380 4905 3513 4943 con-

1932 5003 2088 5049 sona,
2134 4988 2420 5053 sacrisque
2475 4982 2670 5037 litteris
2698 4996 2943 5049 congrua
2996 4982 3154 5037 fateri
3204 4984 3517 5037 necessario

1929 5096 2214 5147 cogantur.

2004 5172 2223 5236 Verum,
2253 5187 2348 5241 pro
2386 5169 2650 5222 utentium
2694 5169 3059 5234 expositione,
3105 5184 3199 5225 seu
3247 5184 3516 5238 prtesutn-

1932 5268 2139 5337 ptione,
2171 5281 2269 5321 seu
2308 5263 2608 5329 voluntate,
2640 5278 2734 5318 seu
2762 5263 2868 5317 alia
2899 5263 3092 5332 quavis
3125 5242 3513 5316 intentionc‘in

1936 5372 2130 5424 totum,
2166 5368 2220 5412 et
2252 5358 2495 5425 omnino,
2543 5356 2685 5425 quod
2742 5357 2960 5420 dicitur,
3016 5355 3217 5416 differt,
3263 5368 3512 5423 prorsus—

1882 5471 2038 5524 'quc
2111 5452 2457 5507 manifestam
2520 5448 2971 5505 contradictionis
3036 5463 3268 5517 pugnant
3324 5447 3509 5500 habet.

1936 5552 2133 5621 Liquet
2165 5558 2345 5602 autem
2376 5546 2427 5597 id
2458 5544 2599 5613 quod
2651 5542 2723 5596 illi
2771 5542 2989 5610 quidem
3026 5540 3248 5593 tertium
3287 5556 3315 5591 a
3354 5539 3515 5592 Patre

1936 5645 2199 5714 Spiritum
2253 5640 2582 5693 confitentur
2624 5636 2775 5706 juxta
2825 5632 3165 5703 personalcm
3226 5630 3543 5695 nrtlittettt;_

1936 5752 1988 5794 et
2034 5739 2121 5807 qui
2157 5737 2315 5789 aliter
2357 5731 2617 5793 sentiunt,
2668 5744 2761 5783 eos
2797 5728 2980 5781 divino
3025 5726 3279 5781 reluctari
3330 5723 3512 5779 ordini

1935 5836 2239 5889 existimant
2281 5850 2292 5884 :
2328 5846 2431 5885 nun
2487 5841 2600 5880 eam
2652 5826 3021 5880 observantes.
3054 5835 3213 5890 quam
3296 5829 3521 5887 accepe-
