3920 6578
425 454 530 521 183

1651 462 2048 523 MANUELIS
2083 467 2387 529 CALECJE

3559 426 3686 538 tat

421 579 545 624 rant
570 585 815 627 normam
839 571 1271 643 significationis,
1296 578 1491 628 'verum
1525 574 1676 629 vocis
1704 584 1992 643 captantes
2027 583 2068 638 Λ
2124 553 2486 647 apertissima:
2541 578 2986 636 contradictionis
3033 590 3182 639 sunt.
3239 580 3306 639 Et
3349 583 3449 654 ipsi
3502 594 3685 640 autem

370 644 389 669 ’⁸
421 663 736 719 novitatem.

492 754 608 819 Isti,
639 757 935 812 secundum
965 774 994 812 a
1024 758 1183 815 Patre
1212 775 1334 815 esse
1364 761 1542 818 aiunt.
1571 730 1753 832 Atqug
1777 761 1853 817 illi
1882 762 2003 832 qui-

420 849 542 902 dem
566 847 761 905 Filium
792 865 855 904 ex
884 850 1045 906 Patre
1072 852 1189 907 sine
1237 854 1416 909 medio
1447 854 1592 910 nasci
1648 857 2003 918 confitentur,

420 950 587 1011 atque
618 940 754 996 Filio
786 955 1110 1014 pratponuut
1142 946 1428 1016 Spiritum.
1459 944 1561 1003 Eos
1585 948 1834 1005 vitandos
1860 951 2006 1004 arbi-

420 1041 660 1099 trantur,
713 1046 771 1090 ut
807 1049 991 1106 aperte
1029 1041 1217 1109 pietati
1265 1041 1619 1107 reluctantes,
1654 1058 1815 1111 quam
1852 1045 2000 1097 scili-

418 1134 509 1180 cet
544 1127 701 1180 nobis
762 1127 1020 1183 Dominus
1058 1132 1278 1187 tradidit
1312 1133 1364 1186 in
1402 1135 1660 1190 salutaris
1711 1135 2006 1204 baptisma-

418 1218 496 1276 tis
547 1206 989 1277 traditionexlsti
1028 1240 1181 1286 vero.
1240 1230 1377 1283 nihil
1412 1229 1704 1299 prohibere
1735 1230 1920 1284 dicunt
1951 1241 2005 1282 et

417 1311 616 1368 Filium
650 1316 832 1369 dicere
873 1334 937 1371 ex
966 1318 1292 1396 producturo
1326 1337 1421 1388 per
1457 1323 1778 1391 productum
1815 1319 1999 1385 nasci;

368 1444 372 1447 -
417 1420 583 1478 atque
631 1410 706 1464 illi
742 1410 956 1480 quidem
989 1410 1112 1465 Filii
1156 1413 1541 1468 mediatio‘nem
1578 1431 1698 1466 cum
1742 1412 2002 1467 Ecclesia:

416 1501 695 1568 magistris
728 1503 1087 1571 coalltcntur;
1120 1505 1229 1569 isti,
1264 1506 1405 1559 hanc
1452 1505 1739 1560 manifeste
1780 1517 1998 1573 negant.

418 1590 488 1646 Et
518 1592 594 1646 illi
619 1595 837 1660 quidem
867 1610 929 1649 ex
958 1594 1117 1649 Patre
1135 1612 1230 1666 per
1252 1595 1449 1650 Filium
1494 1598 1791 1667 procedere
1821 1609 1874 1652 ct
1908 1612 2002 1663 per

420 1698 568 1752 eum,
602 1686 692 1752 qui
743 1696 851 1752 est,
900 1688 1248 1741 continenter
1290 1706 1352 1744 ex
1392 1691 1569 1758 primo
1617 1706 1740 1744 esse
1778 1690 2004 1743 credunt

423 1773 688 1844 Spiritum
721 1779 993 1834 sanctum.
1049 1779 1115 1836 lli
1152 1789 1359 1848 autem,
1401 1798 1465 1835 ex
1522 1783 1642 1837 solo
1677 1781 1858 1846 Patre,
1898 1782 2005 1835 hoc

2107 684 2294 738 aperte
2325 672 2586 739 indicant,
2623 690 2729 730 non
2762 691 2980 745 parvam
3001 690 3124 732 csse
3143 675 3531 744 dill‘erentiam,
3554 678 3684 735 dum

2105 760 2382 818 abstinent
2409 764 2477 820 ab
2505 766 2760 832 invicem,
2782 783 2949 836 seque
2968 766 3197 824 invicem
3227 769 3524 840 impietatis
3550 772 3686 826 insi-

2104 851 2314 907 mulant
2346 872 2361 908 :
2389 871 2625 923 suosque
2655 856 2849 926 singuli
2869 856 3096 911 aliorum
3129 859 3571 915 communionem
3601 861 3686 914 fu-

2105 964 2255 1018 gere,
2291 959 2344 1004 et
2381 950 2549 1005 vitare
2581 950 2897 1017 admonent,
2923 964 2984 1006 ut
3024 953 3339 1022 perniciem,
3369 963 3424 1007 et
3457 966 3683 1022 pestem.

2109 1042 2241 1098 Utra
2267 1052 2446 1098 autem
2479 1059 2605 1111 pars
2634 1044 3017 1100 communibus
3049 1044 3357 1100 rationibus
3416 1045 3562 1111 ﬁdei,
3594 1045 3691 1098 Pa-

2108 1144 2360 1204 trnmque
2399 1134 2683 1204 theologia}
2723 1137 2995 1201 concioat,
3043 1150 3108 1191 ex
3171 1136 3547 1204 superioribus
3575 1137 3681 1189 cla.

2102 1227 2213 1278 ruit
2241 1241 2542 1296 eorumque
2572 1229 2918 1283 conscientiae
2951 1228 3297 1296 relinquitur,
3324 1230 3413 1296 qui
3443 1228 3542 1283 ista
3583 1228 3687 1281 lec—

2108 1318 2212 1370 turi
2230 1327 2375 1381 sunt,
2400 1318 2500 1372 sub
2525 1317 2632 1374 Deo
2654 1328 2813 1383 teste,
2830 1333 2881 1373 et
2907 1329 3097 1374 cunt-ta
3130 1320 3497 1389 inspectante:
3530 1320 3687 1372 modo

2104 1411 2370 1480 quispiam
2401 1413 2546 1466 omni
2572 1414 2975 1480 anticipatiouc,
3005 1425 3055 1467 et
3078 1412 3435 1467 irrationabili
3469 1415 3597 1465 odio
3620 1429 3684 1465 es

2105 1508 2289 1559 animo
2311 1506 2560 1575 depulso,
2594 1522 2768 1575 neque
2794 1523 2897 1561 una
2920 1507 3097 1574 aliqua
3124 1508 3393 1577 particula
3423 1518 3475 1561 ct
3499 1522 3561 1561 ea
3595 1523 3693 1559 ne-

2104 1597 2372 1665 gligenter
2405 1597 2660 1666 perlecta,
2688 1599 2783 1652 sed
2820 1601 3075 1654 omnibus
3122 1603 3418 1668 prudenter
3448 1610 3499 1652 et
3533 1609 3689 1652 caute

2104 1686 2375 1753 decursis,
2400 1689 2608 1742 medius
2658 1689 2944 1743 ambarum
2996 1691 3228 1756 partium
3266 1690 3429 1759 jndex
3482 1694 3689 1753 Sedeat,

2104 1788 2267 1845 atque
2332 1780 2401 1832 ita
2454 1780 2522 1834 de
2570 1780 2822 1834 omnibus
2862 1784 3203 1837 ‘scnteatiam
3266 1783 3425 1836 ferat.
3488 1785 3689 1852 Aperta

415 1880 526 1935 est,
557 1871 676 1926 sine
723 1872 900 1928 medio
942 1874 1115 1942 ipsum
1151 1876 1448 1944 procedere
1487 1876 1779 1929 allii-utaut.
1830 1876 2004 1942 Atque
2038 1912 2079 1970 Β
2108 1872 2252 1925 enim
2275 1871 2396 1925 ﬁdei
2446 1872 2580 1933 ratio
2606 1884 3031 1942 sanctorumque
3050 1874 3293 1929 doctrina
3314 1876 3559 1943 expasita
3584 1882 3690 1928 est.

418 1961 495 2016 illi
515 1964 729 2033 quidem
769 1981 956 2030 unum,
983 1977 1036 2020 et
1068 1968 1571 2035 intetnpomlem,et
1601 1977 1863 2021 aeternum
1886 1966 2007 2035 Spit-

415 2059 554 2111 ritus
585 2074 921 2127 processum,
955 2078 980 2115 s
1002 2063 1249 2114 ‘Ctttltlllttt
1299 2075 1457 2128 quem
1500 2077 1563 2112 ex
1595 2058 1754 2114 Patre
1806 2074 1901 2128 per
1924 2057 2011 2112 Fi-

416 2147 547 2201 iintn
582 2151 913 2218 procedit,et
945 2153 1028 2206 his
1054 2153 1141 2221 qui
1177 2154 1477 2207 secundum
1515 2163 1726 2221 tempus
1755 2159 2009 2221 possunt,

416 2245 751 2312 aguOScitnr,
809 2243 1080 2312 fatentur;
1145 2262 1250 2298 non
1304 2245 1446 2297 enim
1509 2244 1688 2314 prodit
1760 2244 1812 2297 in
1876 2252 2009 2297 tem-

416 2351 551 2405 pore
594 2338 740 2407 quod
797 2339 1046 2408 procedit
1111 2355 1178 2393 ex
1249 2337 1379 2402 Deo,
1413 2337 1630 2391 etiamsi
1669 2335 1722 2390 in
1766 2347 2009 2405 tempore

417 2430 670 2484 videatur
729 2432 973 2498 Operari.‘
1028 2431 1093 2485 lli
1159 2440 1386 2495 autem,
1445 2433 1588 2498 quod
1652 2443 1746 2496 per
1813 2426 2005 2481 Filium

420 2523 625 2578 dicitur
671 2522 996 2593 procedere,
1039 2523 1391 2594 temporalem
1446 2521 1736 2590 quemdam
1783 2534 2005 2589 proces«

418 2631 540 2670 sum
570 2617 858 2685 designare
891 2616 1080 2671 dicunt
1113 2634 1127 2671 :
1162 2632 1225 2671 ac
1261 2616 1553 2685 procedere
1575 2612 1836 2677 Verbum,
1862 2616 2006 2682 quod

418 2718 610 2759 omnes
643 2703 879 2775 Spiritus
910 2706 1083 2760 sancti
1106 2706 1432 2760 substantite
1464 2704 1888 2773 signiticativum
1913 2719 2007 2759 ac-

420 2798 705 2867 ceperunt,
756 2808 817 2852 ut
853 2798 1080 2870 intelligi
1148 2800 1327 2863 datur,
1376 2797 1477 2867 ipsi
1530 2797 1846 2859 tlillitentttr,
1877 2799 2003 2851 dum

424 2901 744 2957 processum
775 2889 926 2943 illum
948 2890 1303 2959 temporalem
1328 2890 1509 2943 dicere
1534 2897 1841 2963 eriguntur-‘5
1874 2888 2002 2957 quin

426 2976 561 3035 hinc
595 2994 813 3050 quoque
862 2980 1002 3035 Filio
1043 2991 1096 3035 et
1133 2979 1361 3052 Spiritui
1398 2981 1716 3051 temporalia
1751 2981 2000 3047 quantum

422 3069 682 3127 accedere
718 3088 731 3124 :
770 3071 843 3125 illi
872 3070 1124 3141 quidem,
1153 3076 1320 3136 dare;
1355 3072 1480 3126 huic
1532 3082 1733 3137 autem,
1775 3071 1897 3125 dari
1936 3072 2003 3125 ab

421 3159 515 3215 illo
544 3168 710 3231 atque
734 3163 896 3227 mitti,
934 3160 1121 3216 dicere
1150 3174 1435 3233 coguntur.

2116 1962 2292 2030 Atque
2312 1961 2382 2015 ita
2409 1973 2587 2031 utquo
2625 1961 2816 2017 tierent
2835 1965 3124 2032 apertiora,
3151 1966 3339 2020 eadem
3372 1966 3454 2019 bis
3480 1975 3693 2034 terque,

2114 2070 2175 2109 ac
2193 2054 2408 2123 saepius,
2430 2057 2658 2125 repetita
2682 2066 2806 2111 sunt
2832 2075 2849 2112 :
2872 2058 3112 2127 nihilque
3135 2059 3429 2124 curiosum,
3463 2059 3545 2110 vel
3576 2073 3695 2110 am-

2118 2143 2378 2197 ltitionem
2410 2159 2472 2197 ac
2502 2145 2821 2211 iactantiam
2882 2147 3133 2201 redoleas
3163 2149 3216 2201 in
3256 2147 3565 2213 huiusmodi
3597 2163 3696 2215 ap-

2112 2246 2267 2302 paret
2318 2236 2659 2306 expositione
2703 2256 2715 2291 :
2771 2253 2947 2306 neque
3000 2240 3199 2309 aliquid
3252 2240 3692 2310 syllogismorum

2112 2326 2432 2397 adjunctum
2499 2340 2631 2386 est:
2673 2331 2773 2385 nisi
2811 2332 3013 2401 aliquid
3064 2342 3268 2399 aperte,
3326 2343 3380 2386 et
3424 2334 3571 2400 quod
3624 2333 3695 2383 ab

2112 2424 2365 2478 omnibus
2422 2440 2735 2479 concessum
2779 2435 2947 2490 esset,
2998 2435 3340 2494 sequeretur.
3388 2422 3588 2479 Verum
3627 2439 3693 2477 ex
3730 2430 3741 2436 '

2112 2515 2245 2584 ipsis
2297 2516 2599 2573 Salvatoris
2643 2518 2845 2583 verbis,
2890 2533 3188 2580 eorumque
3232 2517 3695 2587 expositionibus,

2111 2622 2162 2661 ut
2194 2623 2223 2661 a
2252 2612 2459 2665 sanctis
2495 2611 2746 2665 l’atrihus
2771 2611 2997 2681 digesta:
3030 2621 3178 2675 sunt,
3220 2620 3475 2665 constant
3506 2607 3691 2664 omnia

2110 2701 2362 2770 praedicta
2396 2722 2409 2758 :
2447 2718 2514 2757 ne
2545 2703 2667 2773 quis
2714 2719 2811 2758 nos
2866 2705 2917 2755 in
2947 2702 3297 2772 persuasione
3324 2700 3573 2755 humanae
3601 2716 3689 2753 sa-

2110 2793 2329 2861 pientia:
2357 2811 2572 2849 crucem
2599 2795 2801 2851 Christi
2854 2810 3116 2849 cvacuarc
3172 2796 3331 2859 dicat,
3367 2796 3695 2862 inanemque

2111 2886 2551 2953 prtedicationetn
2604 2886 2803 2949 facere,
2839 2887 2883 2941 si
2947 2888 3044 2940 has
3097 2888 3336 2955 argutias
3368 2901 3691 2955 persequar,

2110 2994 2228 3046 qua:
2281 2980 2697 3036 adolescentulis
2744 2994 2961 3048 quoque
3010 2989 3152 3042 uota:
3206 2987 3351 3046 sunt,
3409 2979 3535 3034 inde
3572 2978 3694 3047 glo-

2109 3072 2244 3126 riam
2270 3072 2567 3141 inanesque
2602 3072 2943 3126 rumusculos
2981 3086 3275 3139 aucupans.

2180 3163 2312 3231 Quis
2343 3163 2484 3218 enim
2514 3164 2728 3233 ignorat
2760 3166 2924 3218 Deum
2963 3178 3137 3232 neque
3170 3179 3338 3229 genus
3367 3178 3489 3216 esse
3514 3176 3697 3232 neque

494 3256 671 3326 Atque
697 3255 771 3308 illi
792 3256 1007 3324 quidem
1026 3258 1203 3312 Patris
1225 3257 1405 3312 omnia
1428 3258 1848 3327 propria,atqne
1867 3271 2007 3326 prtc-
2036 3251 2082 3313 Β
2116 3257 2375 3327 speciem,
2420 3272 2596 3326 neque
2629 3257 2680 3309 in
2715 3257 2799 3311 bis
2845 3255 2976 3324 ipsis
3000 3257 3288 3316 contineri,
3338 3254 3429 3309 sed
3467 3255 3694 3310 initium

420 3362 582 3417 etpua
613 3345 807 3401 Filiqu
839 3347 1043 3403 habere
1073 3358 1346 3414 asserunt,
1373 3359 1568 3420 pratter
1586 3349 1759 3405 solum
1787 3350 1999 3414 Patrem

419 3454 579 3498 esse:
608 3454 734 3494 esse
762 3450 945 3494 autem
992 3438 1187 3496 Filium
1216 3442 1335 3496 sine
1377 3442 1714 3517 paternitate
1742 3442 1880 3500 sola.
1913 3450 1999 3495 at-

419 3547 528 3602 que
559 3533 699 3588 ineo
722 3532 840 3587 solo
865 3530 1125 3600 dilierre;
1156 3534 1262 3589 alia
1295 3544 1476 3589 autem
1501 3534 1709 3600 omnia,
1739 3534 1815 3587 illi
1850 3550 1999 3589 com-

424 3627 683 3694 muniter,
714 3637 763 3681 et
801 3627 1008 3697 absque
1041 3626 1144 3681 ulla
1198 3627 1459 3682 varietate
1489 3629 1700 3681 adesse.
1727 3625 1790 3680 lii
1819 3638 2001 3681 autem

428 3719 531 3798 ista
567 3718 855 3773 manifeste
882 3729 1105 3790 negant.
1150 3719 1214 3774 Et
1247 3719 1324 3775 illi
1345 3721 1559 3788 quidem
1594 3719 1855 3789 genitoris
1884 3718 2004 3788 Spi-

419 3811 586 3867 ritum
612 3812 779 3867 etiam
811 3810 1003 3866 Filium
1038 3811 1237 3883 habere
1279 3813 1624 3879 conﬁtentur,
1650 3812 1882 3880 propriae
1910 3827 2004 3862 na-

420 3912 559 3956 tura}
620 3902 844 3966 bonum,
879 3903 1332 3968 quemadmodum
1369 3913 1422 3954 et
1470 3899 1654 3955 Pater.
1706 3898 1769 3954 lli
1816 3909 1999 3953 autent

422 3986 624 4045 habere
649 3989 868 4059 quidem
921 3991 1092 4056 illum,
1127 3994 1220 4046 sed
1272 4008 1376 4047 non
1416 3993 1606 4047 eodem
1643 3991 1823 4057 modo,
1863 4009 2001 4046 cun-

423 4083 673 4138 tenduut.
707 4084 979 4154 Atqueilli
1013 4085 1235 4154 quidem
1273 4086 1538 4156 Spiritum
1571 4104 1634 4139 ex
1660 4085 1784 4140 Filii
1810 4103 2001 4141 esseu-

422 4173 519 4242 tia,
544 4187 645 4244 pro
678 4189 743 4230 eo
773 4175 915 4245 quod
940 4183 1043 4243 est,
1070 4190 1135 4230 ex
1171 4175 1470 4231 substantia
1489 4174 1835 4249 [hypostasi],
1854 4167 2005 4231 allir-

420 4276 569 4319 utaut
593 4280 713 4322 esse
737 4284 752 4320 :
782 4268 924 4320 sicut
952 4277 1005 4322 et
1027 4267 1172 4337 quod
1198 4283 1265 4322 ex
1296 4267 1474 4323 Patris
1500 4268 1735 4323 essentia
1751 4268 2003 4324 substan-

417 4359 547 4412 tiam
587 4368 870 4428 poucntes,
898 4367 951 4413 et
981 4359 1335 4415 substantiam
1359 4360 1577 4429 quidem
1596 4361 1713 4415 sine
1736 4361 1996 4428 essentia,

418 4459 716 4505 csscntzant
753 4464 880 4503 vero
907 4450 1027 4504 sine
1056 4450 1362 4504 substantia
1392 4453 1575 4505 dicere
1598 4463 1885 4522 coguntur.
1917 4450 1996 4507 illi

418 4548 559 4614 quod
577 4544 773 4599 dicitur
796 4559 859 4599 ex
883 4542 1002 4598 Filii
1029 4545 1286 4610 essentia,
1311 4560 1527 4599 causam
1552 4546 1769 4614 signare
1789 4549 1994 4611 dicunt,

417 4657 461 4693 st
489 4649 540 4692 ct
563 4636 703 4708 quod
731 4637 930 4695 dicitur
958 4652 1020 4692 ex
1044 4636 1225 4692 Patris
1252 4641 1514 4705 essentia,
1548 4640 1905 4709 similiterque
1930 4659 1992 4696 ex

417 4728 556 4784 Filio
578 4730 738 4785 sicuti
761 4730 925 4784 etiam
944 4744 1007 4784 ex
1029 4727 1211 4796 Patre,
1247 4729 1508 4797 Spiritum
1539 4733 1854 4801 procedere.
1882 4732 1993 4801 isti,

370 4874 379 4882 ,
416 4831 474 4879 et
510 4821 664 4878 \aIde
723 4821 1080 4876 reluctantur.
1115 4819 1221 4887 illi,
1257 4823 1372 4876 sola
1421 4836 1598 4878 causa:
1656 4827 1999 4896 causalisque

420 4916 655 4979 ratiOne,
694 4913 907 4968 divinas
936 4912 1176 4968 discerni
1209 4916 1275 4969 ab
1324 4914 1553 4970 invicem
1594 4933 1875 4987 personas.
1909 4920 1996 4985 lli,

420 5022 529 5061 non
576 5005 691 5060 sola
728 5006 939 5058 dicunt.
990 5004 1069 5059 Illi
1125 5006 1533 5071 generationem
1589 5009 1781 5074 solam,
1818 5008 1996 5066 Patris

423 5096 785 5154 substantialc
809 5106 1038 5165 ponunt.
1079 5097 1141 5157 Hi
1170 5092 1404 5167 quatuor
1442 5098 1585 5154 illius
1618 5100 1998 5159 substantialis

421 5206 545 5247 esse
577 5190 784 5252 volunt,
829 5207 893 5246 ex
918 5189 1117 5258 quibus
1174 5192 1268 5256 sit,
1305 5192 1589 5262 ingenitum
1624 5211 1753 5260 esse,
1798 5206 1846 5249 et
1885 5198 1997 5251 sine

424 5284 708 5354 principio.
744 5283 824 5338 Illi
859 5285 1164 5353 producere
1204 5285 1564 5340 substantialc
1600 5288 1746 5341 nulla
1785 5289 1995 5344 ratione

422 5392 544 5432 esse
570 5378 753 5432 dicunt
774 5395 791 5444 ;
812 5384 1000 5431 contra
1031 5375 1107 5443 hi,
1128 5378 1486 5433 substantialc
1510 5393 1849 5448 asserentes;
1886 5383 1995 5437 bel-

426 5470 539 5524 lum
581 5469 726 5524 enim
772 5469 1210 5539 pertinacissime
1261 5473 1588 5542 suscipiunt.
1637 5472 1737 5540 Illi,
1791 5490 1893 5529 non
1927 5494 2003 5541 ex.

420 5562 540 5616 solo
572 5560 730 5615 Patre
765 5560 1056 5631 procedere
1093 5542 1373 5630 l'ateittur;
1413 5564 1500 5620 isti
1536 5582 1599 5622 ex
1642 5568 1756 5622 solo
1786 5580 1838 5622 et
1871 5583 1993 5624 seno

423 5656 586 5722 tiunt,
607 5667 658 5711 ct
679 5654 940 5711 scribunt.

494 5745 702 5802 Omitto
730 5749 872 5802 enim
918 5766 1037 5818 qua:
1071 5751 1122 5805 in
1167 5752 1464 5820 prmtnissis
1503 5753 1907 5808 cvidcntissime
1934 5770 1991 5808 sc

420 5837 646 5907 ingerit,
675 5840 877 5895 variam
904 5845 1187 5913 utriusque
1216 5845 1385 5912 partis
1405 5860 1663 5915 pugnam,
1696 5856 1859 5913 atque
1890 5847 1991 5899 dil-

416 5927 725 6001 Icrentiant,
782 5944 836 5992 ct
870 5950 988 6006 quae
1038 5951 1103 5991 ex
1130 5937 1213 5992 bis
1256 5946 1592 6007 sequuntur;
1651 5950 1768 6006 quae
1805 5937 1990 5993 omnia

2109 3350 2219 3418 ipse
2246 3363 2370 3403 cum
2394 3350 2463 3403 sit
2486 3348 2749 3414 Otttttiltttt,
2783 3358 2945 3416 atque
2969 3348 3221 3401 omnibus
3255 3363 3478 3417 prorsus
3503 3347 3694 3402 cst-el-

2106 3439 2405 3495 lentissime
2422 3442 2690 3506 eminens,
2718 3440 3052 3495 documentis
3070 3441 3323 3495 omnibus
3353 3440 3698 3510 superiorem

2106 3529 2260 3585 esse?
2289 3529 2398 3584 Etsi
2434 3532 2575 3584 enim
2604 3530 2771 3585 Deum
2800 3546 2918 3585 esse
2952 3532 3225 3594 novimus,
3246 3530 3373 3600 quid
3402 3541 3588 3585 tamen
3624 3530 3698 3585 sit

2106 3612 2453 3692 ignoramus;
2486 3637 2590 3676 non
2627 3633 2829 3687 tamen,
2873 3621 3127 3691 quoniam
3172 3623 3300 3691 quid
3354 3623 3426 3677 sit
3465 3624 3699 3692 ignora-

2113 3732 2236 3772 mus
2263 3701 2383 3771 ideo
2408 3716 2825 3787 profundissitna
2856 3717 3174 3784 ignorantiae
3194 3726 3351 3773 nocte
3367 3718 3701 3785 caligantes,

2107 3807 2240 3864 nihil
2273 3806 2497 3864 omnino
2526 3811 2593 3864 de
2628 3810 2738 3863 Deo
2763 3820 2948 3865 nostro
2972 3810 3176 3864 scimus
3203 3828 3217 3863 :
3255 3826 3432 3879 neque
3455 3825 3592 3877 ergo
3617 3819 3703 3862 tc—

2108 3912 2246 3965 tum,
2282 3912 2342 3956 ut
2371 3909 2453 3954 est
2503 3900 2647 3955 scire
2677 3916 2851 3970 neque
2883 3901 3098 3971 penitus
3138 3900 3346 3955 nescire
3376 3917 3492 3963 nos.
3542 3904 3704 3971 inge-

2107 4010 2212 4048 nue
2239 3994 2509 4056 fatentur;
2545 3993 2591 4048 si
2628 3996 2773 4048 enim
2823 3993 2957 4048 nihil
2992 3995 3215 4049 omnino
3246 3993 3472 4057 scimus,
3507 3995 3703 4047 inanis

2105 4088 2212 4141 erit
2241 4086 2371 4140 lides
2397 4084 2619 4152 nostra;
2648 4095 2702 4142 et
2724 4085 2768 4141 si
2794 4082 3005 4140 divinos
3043 4086 3165 4140 illos
3196 4101 3539 4153 arcanosque
3563 4103 3701 4150 pro-

2105 4193 2293 4233 cessus
2347 4180 2694 4244 conl‘ttemur,
2723 4178 3001 4250 quomodo
3046 4189 3226 4233 tamen
3261 4178 3313 4232 id
3364 4178 3458 4241 sit,
3515 4194 3707 4245 neque

2108 4270 2312 4334 dicere,
2366 4283 2540 4340 neque
2576 4270 2879 4341 intelligere
2914 4287 3226 4342 possnums,
3255 4280 3315 4325 ut
3352 4270 3463 4340 ipse.
3498 4285 3561 4324 se
3617 4270 3706 4340 ip-

2105 4377 2224 4418 sum
2261 4361 2400 4417 Deus
2433 4363 2603 4418 novit.

2176 4454 2445 4510 Caeterum
2496 4455 2841 4511 nativitatem
2881 4452 3098 4526 quidem
3145 4455 3399 4520 alterum,
3446 4454 3701 4508 alterunt

2106 4562 2238 4601 vero
2272 4548 2713 4615 processionem;
2745 4555 2799 4603 et
2828 4548 2978 4602 illum
3006 4549 3223 4617 quidem
3248 4546 3517 4617 genitum,
3544 4546 3706 4601 hunc

2105 4651 2284 4696 autem
2323 4644 2740 4710 procedentem;
2776 4653 2830 4697 et
2860 4641 3008 4694 illum
3043 4639 3269 4706 Filium,
3316 4640 3463 4693 hunc
3511 4639 3706 4706 Spiri-

2107 4744 2242 4797 tum,
2282 4733 2542 4800 iilumque
2582 4733 2703 4787 sine
2742 4732 2923 4786 medio
2961 4748 3026 4786 ex
3065 4731 3265 4803 primo,
3322 4731 3466 4785 hunc
3500 4742 3702 4784 autem

2103 4834 2199 4893 per
2241 4839 2363 4878 cum
2410 4824 2588 4892 ipsum
2623 4824 2714 4892 qui
2750 4831 2832 4878 est
2867 4823 3214 4878 continenter
3241 4837 3304 4877 ex
3344 4822 3526 4891 primo
3544 4837 3704 4887 esse,

2101 4932 2224 4970 cum
2254 4932 2283 4970 a
2334 4916 2439 4969 title
2465 4917 2579 4986 ipsa
2616 4925 2671 4971 et
2701 4930 2733 4970 a
2775 4916 2982 4971 sanctis
3013 4915 3265 4970 Patribus
3295 4916 3368 4970 ita
3403 4915 3709 4984 acceperi-

2102 5022 2243 5072 tnus,
2274 5007 2568 5062 credimus.
2605 5005 2820 5069 Quibus
2849 5005 3130 5074 subjectis,
3171 5005 3504 5062 Trinitatem
3553 5021 3703 5060 con-

2100 5099 2336 5161 titemur,
2383 5112 2559 5167 neque
2625 5107 2844 5168 promer
2899 5113 3160 5170 personas
3234 5096 3499 5151 unitatem
3554 5098 3711 5151 divi-

2099 5194 2308 5256 dentes,
2353 5206 2526 5260 neque
2571 5206 2833 5260 personas
2887 5201 3110 5261 propter
3142 5190 3401 5246 unitatem
3450 5188 3709 5244 confun-

2096 5286 2305 5340 dentes.

2169 5379 2287 5433 Non
2347 5379 2492 5433 enim
2550 5393 2671 5433 cum
2730 5378 2800 5433 de
2855 5379 3006 5432 hisce
3067 5378 3316 5432 doctores
3376 5375 3704 5440 disserunt,

2097 5469 2303 5525 Christi
2330 5485 2546 5524 crucem
2578 5479 2868 5535 evacuaut,
2917 5471 3188 5536 tidetnque
3225 5468 3278 5522 in
3311 5467 3706 5536 persuasione

2098 5564 2351 5617 humana:
2384 5564 2665 5632 sapientia:
2704 5564 3035 5618 aunuuliant
3063 5581 3078 5618 :
3107 5576 3442 5632 quanquam,
3480 5563 3591 5631 qtti
3625 5566 3703 5618 ita

2096 5657 2355 5727 loquitur,
2395 5659 2438 5710 si
2485 5657 2707 5710 otnuino
2739 5657 3081 5728 syllogismos
3111 5669 3165 5710 et
3200 5656 3702 5710 ratiocinationem

2098 5752 2257 5816 tollit,
2307 5752 2542 5818 primum
2575 5752 2791 5818 quidem
2840 5751 2982 5819 quod
3016 5751 3266 5804 humana:
3313 5759 3526 5801 natura:
3563 5764 3703 5818 pro-

2097 5845 2271 5912 prium
2305 5853 2411 5907 est,
2448 5843 2835 5911 hominumque
2873 5841 2938 5894 ad
2970 5840 3199 5895 invicem
3233 5847 3565 5894 consuetam
3604 5840 3697 5895 to-

2095 5933 2367 5990 cutioncm
2399 5942 2450 5987 et
2480 5933 2913 5990 communionem
2944 5948 3104 5989 unam
3130 5922 3351 5989 aufert".
3393 5933 3697 6002 culpabit-
