3882 6542
325 450 425 518 137

1586 455 1985 516 MANUELIS
2009 456 2316 518 CALEC/E

1390 740 1754 829 LIBER
1829 736 2424 845 QUARTUS.

394 1007 664 1074 Quoniam
699 1009 884 1081 igitur,
933 1010 1157 1081 iuvante
1184 1009 1422 1074 Christo,
1468 1022 1535 1063 ac
1584 1008 1723 1063 duce
1774 1007 1892 1074 ipsa
1924 1008 1968 1064 Α
1995 1001 2179 1059 seculi

322 1101 549 1168 pietate,
602 1099 864 1168 Spiritum
904 1109 1154 1153 sanctum
1206 1099 1369 1153 etiam
1411 1115 1479 1153 ex
1532 1097 1671 1153 Filio
1717 1113 1905 1168 proce-

325 1191 474 1257 dere,
501 1193 772 1245 veraciter
804 1192 1090 1260 probatum
1134 1201 1237 1254 est,
1273 1193 1470 1246 mirum
1502 1191 1745 1261 profecto
1783 1205 1904 1245 esse

325 1299 432 1338 non
485 1284 664 1349 debet,
701 1285 748 1339 si
803 1285 857 1338 in
907 1283 1169 1356 Symbnlo
1201 1285 1508 1340 communis
1559 1284 1681 1338 fidei
1737 1283 1905 1337 dictio

327 1379 420 1432 illa
462 1377 672 1446 adjeCIa
712 1388 830 1445 est;
873 1379 967 1434 sed
1011 1380 1062 1432 id
1098 1381 1278 1448 potius
1307 1379 1595 1448 diligenter
1625 1378 1908 1446 inquiren-

327 1470 455 1523 dum
493 1480 596 1533 est,
631 1484 831 1526 verane
865 1487 936 1525 an
971 1471 1104 1525 falsa
1138 1471 1212 1526 sit
1280 1471 1370 1526 illa
1401 1471 1654 1536 adiectio.
1686 1470 1820 1526 Nam
1852 1481 1908 1527 et

326 1565 419 1632 qui
475 1563 808 1618 additionem
879 1565 1246 1628 interdixere,
1336 1565 1698 1634 adiectionem
1759 1565 1904 1630 ﬁdei,

327 1668 696 1726 corruptaque
759 1660 1008 1728 dogmata
1072 1659 1424 1715 conscribere
1485 1660 1905 1728 prohibuerunt.

331 1748 470 1804 Nam
513 1753 566 1804 in
605 1751 882 1820 Ephesina
924 1751 1133 1822 synodo
1183 1751 1415 1817 :Lecto,
1459 1753 1662 1821 inquit,
1715 1751 1910 1807 Niceni

329 1848 548 1903 concilii
596 1846 870 1918 Symbolo,
914 1848 1266 1902 communiter
1311 1849 1619 1912 decernunt,
1661 1849 1781 1917 jam
1816 1867 1909 1904 ne-

329 1942 460 1993 mini
503 1932 671 1994 °licere
721 1941 879 2009 [idem
930 1940 1095 1994 aliam
1140 1943 1489 2005 conscribere,
1523 1951 1615 1996 aut
1651 1941 1909 2012 proferre,

328 2040 422 2084 aut
453 2033 662 2086 tradere
693 2035 774 2086 Itis
814 2035 905 2102 qui
945 2049 1011 2088 ea:
1036 2032 1266 2098 Iudaeis,
1299 2036 1381 2088 vel
1411 2035 1677 2104 gentibus,
1707 2050 1820 2099 seu,
1847 2049 1913 2086 ex

330 2123 441 2174 alia
475 2124 660 2189 quavis
694 2125 884 2178 htcresi
911 2126 979 2177 ad
1030 2125 1329 2179 Ecclesium
1362 2127 1615 2192 veniunt;
1669 2125 1762 2196 qui
1791 2141 1912 2180 vero

329 2213 426 2265 hoc
461 2217 873 2280 pra'sttmpserit,
897 2219 1009 2270 Itazc
1037 2227 1086 2272 et
1124 2217 1219 2270 illa
1250 2219 1492 2286 patiatur
1523 2218 1660 2288 (59).

2263 1004 2566 1073 futurum'.
2636 1003 2693 1060 Si
2767 1006 2933 1074 igitur
3013 1007 3206 1077 primis
3255 1009 3610 1065 sufﬁcienter

2006 1097 2380 1164 habentibus,
2442 1101 2510 1155 ad
2559 1101 2957 1156 occurrendum
3038 1103 3300 1172 periculis
3346 1105 3603 1158 omnibus

2008 1190 2228 1256 futuris,
2285 1192 2430 1246 nulla
2496 1201 2683 1262 postea
2743 1193 3048 1250 necessitas
3107 1185 3304 1252 luisset
3359 1197 3598 1252 concilia

2006 1284 2236 1353 cogendi
2270 1303 2284 1339 :
2317 1286 2562 1340 eamdem
2633 1288 2714 1342 sic
2775 1303 2994 1357 quoque
3029 1298 3350 1358 potestatem
3384 1298 3603 1358 tempo-

2009 1379 2159 1434 ribus
2193 1382 2448 1436 omnibus
2485 1381 2785 1437 Ecclesiam
2851 1384 3074 1446 habere,
3131 1383 3426 1452 putandum
3488 1393 3601 1441 est.

2010 1473 2278 1543 aliterque
2304 1475 2403 1529 hac
2433 1475 2686 1530 libertate
2712 1477 2947 1538 sublata,
2982 1491 3089 1529 non
3116 1491 3279 1545 parva
3302 1475 3611 1530 detrimen-

2012 1577 2088 1631 ta,
2113 1569 2206 1623 sed
2231 1582 2495 1622 summam
2520 1569 2811 1636 perniciem
2832 1570 2982 1638 sequi
3007 1569 3448 1634 necessario,uisl
3471 1569 3612 1621 lice-

2014 1671 2097 1717 ret
2119 1660 2377 1716 Ecclesia:
2400 1661 2468 1715 de
2486 1661 2588 1715 ﬁde
2608 1671 2871 1726 statuere,
2895 1663 3152 1723 scribere,
3175 1674 3338 1732 atque
3352 1660 3614 1715 deﬁnire.

2084 1751 2161 1807 Ex
2192 1751 2484 1820 przeteritis
2516 1753 2774 1821 cognitis,
2815 1753 3160 1820 perspicuum
3204 1763 3289 1810 est
3328 1769 3433 1806 non
3460 1751 3616 1817 adie-

2013 1847 2253 1903 ctionem
2276 1845 2560 1909 dictionis,
2591 1845 2683 1899 sed
2723 1845 2951 1898 alterius
2981 1845 3103 1900 ﬁdei
3143 1846 3613 1913 eouscriptionem

2015 1937 2284 2001 interdici,
2312 1936 2722 2006 Ecclesiamque
2755 1954 2864 1991 non
2889 1938 2992 1992 sibi
3023 1939 3149 2007 ipsi.
3178 1939 3270 1990 sed
3294 1936 3619 1990 hominibus

2015 2032 2244 2104 singulis
2285 2034 2351 2085 de
2419 2031 2522 2085 ﬁde
2576 2031 2852 2085 statuendi
2935 2033 3204 2085 ademisse
3259 2040 3614 2092 potestatem.

2015 2123 2204 2192 Neque
2231 2124 2377 2178 enim
2409 2124 2462 2176 in
2484 2123 2604 2178 ﬁdei
2641 2123 2892 2178 terminis
2922 2123 3179 2191 deinceps
3211 2139 3241 2176 a
3276 2123 3448 2178 sieris
3481 2136 3623 2175 con-

2017 2216 2157 2271 ciliis
2213 2217 2625 2282 quoutodolibet
2695 2215 2891 2270 fuisset
2956 2216 3273 2285 adjectum,
3317 2215 3363 2270 si
3430 2231 3495 2269 ea
3552 2229 3621 2268 se

406 2305 593 2361 Fidem
632 2309 799 2362 aliam
843 2309 1119 2364 dixerunt.
1150 2310 1350 2364 Eadem
1388 2326 1520 2366 vero
1549 2309 1828 2380 liquidius,
1858 2321 1915 2365 et
1949 2353 1989 2407 Β
2019 2318 2291 2378 potestate
2345 2308 2639 2376 privasset.
2686 2309 2859 2362 Aliter
2905 2311 3075 2371 enim,
3120 2309 3210 2378 qui
3261 2309 3365 2362 ista
3399 2309 3619 2371 dicunt,

330 2402 678 2457 manifestius
710 2403 846 2458 alias
875 2403 1119 2472 qualibet
1167 2405 1497 2459 necessitate
1531 2407 1908 2474 pronuntiare,

332 2495 839 2550 contradicentibus
873 2497 1199 2566 quibusdam
1253 2499 1537 2554 catholicae
1592 2499 1738 2566 ﬁdei,
1781 2496 1915 2554 nihil

335 2589 508 2656 ipsam
547 2590 704 2643 ﬁdem
739 2591 953 2643 unicam
989 2590 1180 2644 violat.
1226 2589 1344 2646 Non
1379 2591 1542 2656 igitur
1568 2607 1915 2648 communem

337 2681 496 2734 ﬁdem
531 2681 833 2746 declarare,
883 2681 1236 2737 interdictum
1284 2694 1404 2749 est;
1443 2684 1563 2750 sed,
1609 2685 1693 2738 vel
1727 2685 1914 2749 aliam,

334 2771 418 2824 vel
461 2773 792 2827 contrariam
843 2774 1124 2840 inducere,
1175 2785 1236 2830 ut
1288 2775 1420 2842 ipsa:
1453 2791 1672 2847 quoque
1725 2778 1920 2833 littera:

336 2868 649 2930 testantur;
683 2865 800 2918 sive
831 2866 1169 2935 quibuslibet
1202 2868 1518 2926 hominibus
1567 2871 1916 2928 interdictum

337 2962 444 3014 est,
501 2969 570 3007 ne
631 2956 862 3023 quisque
921 2958 1154 3025 horum,
1215 2961 1415 3028 passim
1481 2964 1758 3031 proprium
1817 2965 1919 3020 sibi

341 3043 655 3115 Symbolum
693 3050 1064 3124 conscribens,
1093 3063 1149 3105 et
1171 3053 1385 3123 aliquos
1417 3071 1447 3110 a
1484 3059 1761 3112 communi
1789 3075 1923 3114 con-

338 3139 574 3192 fessione
595 3154 877 3207 separatis,
905 3158 1027 3196 cum
1053 3145 1153 3198 hoc
1188 3145 1441 3215 deceptos
1465 3148 1727 3219 baptizet,
1757 3153 1920 3206 ﬁant-

337 3244 442 3297 que
471 3231 867 3296 conventicula,
893 3234 1194 3303 cuiusmodi
1240 3247 1368 3291 tunc
1430 3241 1664 3310 plurima
1701 3243 1922 3300 fiebant.

370 3335 376 3340 '
410 3321 580 3375 Porro
610 3325 725 3392 ipsa
766 3325 1002 3381 Ecclesia
1038 3329 1139 3382 sibi
1172 3330 1572 3401 ipsi,docendi,
1613 3317 1777 3406 atque
1805 3339 1928 3395 aliis

342 3413 604 3478 dictandi,
669 3431 792 3486 quae
855 3434 980 3474 vera
1043 3422 1173 3485 sint,
1219 3432 1274 3477 et
1324 3425 1601 3492 salubria,
1653 3429 1928 3485 licentiam

341 3517 774 3577 potestatemque
806 3528 912 3566 non
945 3513 1193 3570 abstulit.
1218 3515 1335 3571 Non
1367 3519 1538 3585 enim,
1580 3525 1926 3592 postmodum

343 3601 498 3656 novis
553 3603 604 3656 in
657 3603 777 3659 dies
832 3605 1184 3673 blasiihemiis
1233 3612 1646 3678 exorientibus,
1700 3619 1754 3670 in
1807 3618 1928 3672 ﬁdei

2017 2411 2113 2452 eos
2143 2399 2330 2462 etiam,
2386 2397 2478 2465 qui
2542 2400 2595 2452 iu
2650 2397 2854 2455 Niceno
2908 2400 3145 2455 concilio
3204 2412 3620 2462 convenerunt,

2018 2487 2358 2542 anathemati
2388 2489 2746 2559 subiicerent,
2767 2490 2858 2570 (λέιί
2888 2506 2995 2545 non
3031 2507 3204 2562 pauca
3238 2493 3618 2561 apostolorum

2019 2579 2266 2650 symbolo
2326 2580 2677 2648 addiderunt,
2700 2591 2756 2637 et
2799 2599 2895 2639 eos
2939 2585 3031 2653 qtti
3077 2586 3422 2655 postmodum
3465 2585 3620 2640 Cou-

2020 2675 2376 2743 stantiuopoli
2458 2675 2887 2740 convenientes,
2942 2685 2998 2732 et
3070 2677 3168 2745 ipsi
3251 2678 3624 2733 nihilominus

2022 2762 2228 2819 Niceno
2273 2765 2532 2836 Symbolo
2573 2765 2840 2836 adiecisse
2873 2769 3303 2836 comprobantur
3332 2769 3623 2836 quaedam:

2024 2859 2273 2926 quzedam
2310 2859 2438 2912 item
2478 2858 2791 2925 abstulisse,
2817 2860 3036 2914 nemine
3066 2859 3438 2922 insimulante.
3481 2862 3622 2930 quia

2023 2952 2103 3005 sic
2134 2949 2304 3002 visum
2355 2959 2460 3004 est.
2493 2949 2697 3020 Nempe
2741 2959 2796 3005 et
2840 2951 3045 3020 reliqua
3083 2952 3339 3019 deinceps
3381 2953 3623 3008 concilia

2026 3043 2163 3097 alias
2209 3043 2371 3096 aliter
2426 3041 2695 3112 adiecisse
2752 3041 2956 3113 aliqua,
3006 3046 3090 3099 vel
3130 3045 3451 3100 immutasse
3496 3047 3630 3113 quis

2030 3136 2260 3201 nesciat,
2337 3151 2464 3191 cum
2527 3135 2610 3190 hze
2657 3135 2744 3190 vel
2793 3135 2901 3192 illa:
2948 3139 3304 3194 necessitates
3355 3155 3631 3207 casusque

2029 3227 2409 3293 requirerent?

2100 3317 2275 3373 Porro
2333 3319 2693 3374 conciliorum
2733 3321 2798 3376 de
2847 3321 2953 3377 fide
2983 3323 3295 3377 sanctiones
3331 3337 3507 3393 aeque,
3559 3339 3631 3379 ac

2033 3411 2348 3481 Symbolum
2389 3413 2734 3483 suscipimus.
2761 3429 2881 3484 quae
2914 3406 2976 3468 in.
3012 3417 3127 3485 ipso
3156 3417 3454 3486 complexa:
3486 3433 3630 3471 cono

2035 3507 2303 3562 tinentur.
2337 3507 2442 3562 Sed
2477 3519 2677 3562 etcum
2707 3509 2901 3563 beatus
2931 3508 3132 3562 Paulus
3165 3509 3310 3564 dicat
3347 3527 3360 3563 :
3397 3509 3633 3565 Etiamsi

2035 3600 2252 3670 angelus
2284 3601 2747 3670 evangelisaverit,
2772 3610 2966 3670 praeter
2990 3600 3064 3665 id,
3097 3602 3238 3668 quod
3267 3603 3631 3674 erangelizavi

342 3695 594 3750 terminis
634 3697 747 3766 (40)
778 3697 1058 3765 adiiceret,
1113 3717 1234 3771 quae
1284 3705 1423 3773 pios,
1469 3705 1771 3776 impiosque
1820 3708 1935 3763 ms.
1961 3699 2005 3758 C
2037 3696 2511 3762 vobis,.anathema
2533 3698 2602 3750 sit
2637 3699 2681 3762 ',
2713 3695 3185 3751 consubstantiale
3211 3703 3396 3750 tamen
3432 3696 3630 3751 Patres

343 3797 626 3841 cernerent
656 3805 670 3854 ;
716 3799 807 3842 aut
836 3791 980 3845 enim
1028 3795 1391 3849 necessarium
1424 3807 1508 3850 est
1532 3799 1782 3854 conﬁteri
1817 3815 1938 3854 om-

346 3880 456 3939 nia.
494 3889 622 3933 tunc
646 3881 978 3937 confessioni
1013 3884 1135 3939 ﬁdei
1173 3887 1491 3953 plenissime
1522 3891 1754 3960 adjecta,
1780 3902 1834 3947 et
1867 3892 1936 3947 ad

349 3973 562 4027 futuras
596 3975 861 4029 novitates
887 3992 1079 4032 voc-um
1106 3979 1359 4036 sufﬁcere
1376 3986 1642 4039 arcendas
1669 4005 1682 4052 ;
1709 3995 1764 4041 et
1794 3999 1938 4053 post-

348 4069 450 4122 hac
477 4068 676 4123 l‘uturis
711 4071 956 4125 conciliis
989 4074 1212 4127 minime
1240 4077 1402 4130 licere
1420 4081 1487 4134 de
1513 4079 1614 4133 ﬁde
1642 4089 1884 4134 statuere
1918 4101 1934 4136 :

350 4170 437 4212 aut
468 4159 768 4214 Each-siam
808 4161 960 4215 initio
987 4166 1208 4233 quidem
1243 4169 1487 4235 putuisse
1509 4171 1573 4223 de
1595 4171 1936 4240 dogmatibus

349 4261 612 4318 statuere,
644 4263 695 4307 et
725 4254 828 4308 alla
851 4255 1067 4324 quidem
1102 4258 1324 4322 addere,
1355 4261 1458 4312 alia
1489 4261 1742 4329 auferre;
1781 4275 1936 4331 post-

352 4345 568 4397 modmn
603 4361 754 4412 vero,
772 4347 911 4401 hanc
945 4349 1197 4404 amisisse
1231 4358 1582 4418 potestatem.
1608 4355 1676 4405 At
1704 4355 1935 4423 primum

351 4437 481 4501 illud
535 4440 750 4506 quidem
790 4456 976 4496 verum
1007 4457 1112 4496 non
1139 4457 1296 4507 esse,
1331 4454 1454 4513 post
1489 4442 1603 4499 hinc
1642 4458 1763 4500 acta
1799 4463 1938 4501 con-

351 4532 474 4586 cilia
529 4541 794 4588 tcs’autur
826 4553 839 4588 :
887 4550 1008 4604 qua:
1059 4535 1324 4606 profecto,
1355 4555 1629 4608 nunquam
1656 4545 1939 4598 convenis-

352 4634 497 4690 sent,
542 4626 586 4679 si
617 4627 789 4694 prima
827 4628 915 4683 illa
961 4630 1232 4685 scaudalis
1299 4631 1498 4688 futuris
1545 4635 1678 4690 satis
1723 4637 1940 4692 obvias-

353 4729 510 4784 srnt;
563 4718 652 4771 Dei
711 4720 857 4774 ettim
907 4733 993 4776 est
1050 4724 1229 4778 futura
1282 4740 1647 4794 praenoscere.
1714 4727 1937 4801 Singula

352 4825 484 4863 vero
518 4815 767 4876 concilia,
793 4815 856 4870 ad
887 4831 1124 4884 praesens
1157 4817 1456 4885 periculum
1491 4819 1726 4886 intenta,
1749 4835 1938 4878 contra

354 4903 638 4961 luereticos
685 4919 946 4975 pugnant,
996 4924 1104 4963 non
1163 4907 1404 4964 futurum
1457 4912 1766 4982 propellunt
1828 4914 1941 4970 Hoc

352 4998 496 5050 enim
537 4997 803 5053 incertum
836 5011 938 5054 est.
971 4999 1106 5054 Illud
1145 5017 1308 5066 vero,
1345 5003 1533 5064 instat,
1567 5015 1619 5058 et
1652 5017 1829 5075 urget.
1858 5006 1936 5062 Ex

352 5088 552 5157 quibus
601 5100 655 5145 ct
712 5092 841 5147 illud
885 5104 1118 5157 constat,
1152 5105 1337 5162 pastca
1385 5096 1614 5150 concilia
1651 5098 1856 5153 utiliter
1885 5110 1938 5154 et

355 5186 672 5241 necessario
722 5185 890 5242 fuisse
923 5191 1176 5250 conﬂata,
1208 5191 1422 5259 quinties
1456 5188 1711 5246 Ecclesiae
1749 5210 1937 5248 neces-

353 5277 488 5332 sitas
527 5291 764 5345 urgeret.
809 5279 1013 5347 Nempe
1059 5283 1201 5335 enim
1243 5283 1490 5336 eamdem
1537 5285 1642 5337 vim
1681 5285 1938 5340 Ecclesiae

357 5385 464 5424 non
502 5387 739 5442 semper,
782 5387 844 5426 ac
892 5372 1140 5426 similiter
1175 5376 1366 5428 adesse
1399 5375 1750 5442 existimare;
1795 5392 1939 5447 mys-

361 5464 495 5517 teria
550 5463 672 5520 Iidci
725 5466 1023 5519 lolleutiuu:
1073 5477 1177 5529 est,
1229 5467 1462 5521 maxime
1509 5481 1629 5519 cum
1694 5466 1944 5520 Salvator

357 5556 574 5620 dixerit,
630 5572 689 5612 se
757 5574 874 5610 cum
921 5558 1018 5611 illa.
1091 5575 1253 5626 usque
1310 5559 1378 5612 ad
1435 5560 1941 5612 consmnnmtionem

434 5669 448 5698 ⁸
492 5669 682 5724 Matth.
744 5687 934 5738 XXVIII,
979 5673 1070 5730 20.
1151 5672 1376 5728 ’Gztlal.
1411 5690 1472 5735 It,

433 5784 546 5866 (59)
574 5785 646 5866 D_e
678 5787 926 5866 ltoeloeo
961 5791 1178 5866 contﬂii
1216 5792 1511 5866 ‘Ephcsiui,
1572 5793 1685 5861 lege
1737 5791 1938 5846 Bellar-

365 5857 571 5914 mitium
600 5857 639 5912 l.
674 5873 711 5914 tt
749 5859 825 5913 De
853 5857 1172 5926 (Ihristofc.
1205 5857 1294 5917 ‘29.

438 5927 551 5999 (Ml)
579 5928 998 5990 Delinitionibus
1021 5942 1073 5988 ct
1104 5936 1357 5990 decretis.

2039 3790 2392 3859 adjecerunt,
2450 3806 2572 3844 cum
2645 3805 2806 3845 nemo
2855 3799 2983 3845 ante
3041 3789 3162 3845 illos
3229 3791 3369 3845 hanc
3428 3791 3629 3846 dictio-

2039 3899 2160 3938 nem
2209 3884 2493 3938 tradidet'it
2544 3883 2681 3955 (41).
2717 3883 2928 3938 Idcirco
2981 3884 3146 3938 etiam
3179 3898 3206 3936 a
3243 3884 3632 3938 contradicen-

2040 3977 2183 4033 tibus
2237 3977 2377 4030 hanc
2409 3992 2515 4030 non
2549 3976 2786 4030 inveniri
2830 3977 2883 4030 in
2921 3975 3092 4032 sacris
3129 3975 3284 4032 libris
3315 3978 3633 4047 arguebin-

2039 4079 2145 4124 tur.
2183 4068 2518 4122 Addiderunt
2544 4077 2744 4130 tamen,
2778 4067 2974 4122 litterae
2997 4081 3216 4121 sensum
3246 4067 3629 4133 conferentes,

2039 4171 2094 4214 et
2139 4171 2332 4214 contra
2382 4158 2729 4214 adversarios
2767 4167 3082 4215 constanter
3112 4159 3438 4213 dimicantes
3469 4158 3630 4226 iuxta

2040 4252 2349 4320 theologum
2388 4250 2733 4320 Gregorium,
2764 4253 2858 4321 qui
2891 4253 2964 4305 ait
3001 4269 3016 4306 :
3055 4249 3178 4304 Non
3235 4253 3299 4304 de
3345 4251 3536 4317 verbis,
3583 4261 3634 4304 et

2041 4346 2336 4399 nominibus
2365 4361 2684 4414 pugnamus,
2719 4345 3006 4398 dummodo
3034 4344 3256 4415 syllable
3289 4344 3359 4398 ad
3390 4347 3630 4399 eamdem

2041 4441 2442 4511 intelligentia»:
2482 4442 2678 4510 (erant.
2714 4440 2780 4492 Et
2822 4447 2973 4494 certe
3010 4455 3120 4492 non
3176 4447 3396 4507 propter
3445 4437 3636 4506 huius-

2045 4533 2188 4586 modi
2244 4531 2604 4600 adiectionem
2653 4529 2807 4584 Pauli
2863 4527 3238 4596 subiicinutur
3271 4527 3634 4581 anathemati.

2041 4624 2272 4681 Prorsus
2324 4641 2456 4680 vero
2518 4624 2762 4696 synodus
2824 4621 3004 4678 onmis
3045 4637 3146 4692 pro
3204 4620 3638 4690 reprehensione

2042 4719 2480 4789 blasphemorum
2507 4727 2857 4787 congregata,
2894 4715 3018 4770 ﬁdei
3057 4715 3348 4771 terminum
3384 4713 3635 4781 exponit,

2041 4827 2138 4883 per
2189 4811 2242 4865 id
2295 4813 2439 4880 quod
2491 4809 2774 4865 veteribus
2826 4808 3096 4862 dictiones
3153 4807 3448 4868 adduntur,
3495 4821 3634 4858 nova

2043 4905 2296 4971 dogmata
2327 4916 2604 4956 resecaus.
2631 4899 2709 4954 Ita
2738 4899 2884 4954 enim
2917 4914 2977 4953 se
2996 4913 3084 4952 res
3112 4898 3297 4950 habet.
3333 4895 3389 4948 Si
3416 4896 3635 4962 quidem

2043 5005 2188 5051 esset
2232 4994 2516 5064 possibile,
2548 4995 2668 5048 sine
2716 4992 2898 5060 aliqua
2949 4989 3390 5044 contradictione
3443 5002 3634 5040 eorum

2045 5089 2138 5159 qui
2196 5101 2535 5143 couuuunem
2589 5087 2747 5140 fidem
2799 5099 3119 5154 Oppuguare
3161 5083 3371 5144 volunt,
3410 5094 3637 5134 manere

2049 5183 2346 5238 Ecclesium
2401 5182 2451 5234 iu
2503 5181 2742 5249 antiquis
2787 5179 3072 5248 principiis
3135 5179 3440 5238 immotam,
3487 5175 3633 5227 tmlla

2047 5277 2238 5332 fuisset
2271 5275 2572 5329 necessitas
2623 5273 2830 5343 aliquid
2888 5272 3300 5342 quomodolibct
3354 5270 3634 5339 adiicere;

2047 5372 2141 5426 sed
2175 5370 2484 5426 sull'ccissct
2527 5368 2595 5423 ad
2633 5366 3036 5422 confessionem
3083 5365 3232 5431 lidei,
3265 5361 3633 5432 compositum

2051 5482 2079 5518 a
2115 5466 2318 5517 sanctis
2347 5462 2615 5532 apostolis
2650 5462 2717 5516 ab
2743 5461 2900 5515 initio
2927 5459 3246 5530 Symbolum
3283 5458 3447 5513 breve
3473 5454 3636 5512 simul

2053 5574 2114 5613 ac
2144 5557 2390 5628 simplex.

2125 5790 2236 5858 (Η)
2263 5789 2603 5843 Contrarium
2641 5799 2857 5856 apparet
2885 5803 2947 5840 et
2973 5787 3076 5840 illis
3116 5800 3234 5854 qua:
3252 5783 3408 5838 docet
3436 5779 3636 5834 Bellar-

2060 5864 2235 5916 tniuus
2264 5878 2296 5914 II
2340 5861 2411 5914 [Ic
2441 5861 2673 5918 Christo,
2714 5877 2759 5912 c.
2793 5861 2843 5912 5.
