3882 6552
178 466 252 530 189

1213 467 1619 529 ADVERSUS
1654 470 1968 535 GRAECOS
2000 477 2144 540 LIB.
2170 479 2271 544 IV.

3268 478 3375 550 ΓΟ

225 581 452 650 Quoniam
501 593 630 636 vero
681 579 892 650 primus
937 578 1103 633 Arius
1140 580 1235 634 Dei
1270 578 1467 635 Filium
1515 580 1691 636 Patris
1722 596 1767 651 Α
1869 590 1935 644 Et
1964 592 2055 660 qui
2104 591 2307 662 Ephesi
2334 595 2569 664 primum
2600 609 2991 664 conveneram,
3024 600 3146 656 “dei
3182 607 3370 657 termi’

174 676 358 731 essentia
387 670 671 728 detrudere
716 672 1085 739 praesumpsit,
1133 673 1274 742 quod
1324 674 1377 727 in
1414 675 1693 741 apostolo-

173 788 261 825 rum
310 767 538 838 symbolo
586 765 847 835 scriptum
894 774 1082 834 aperte
1129 781 1237 822 non
1272 766 1467 832 fuerat,
1499 768 1694 822 Filium

174 864 364 933 eiusdem
393 860 637 913 cssentim
669 874 792 913 cum
832 856 994 913 Patre
1031 872 1151 913 esse
1186 876 1199 914 :
1237 872 1358 913 cum
1387 858 1695 926 huiusmodi

173 969 385 1009 teornum
411 966 502 1016 per
530 967 725 1021 corpus
752 952 1007 1006 Ecclesia:
1035 963 1302 1021 serperet,
1339 965 1511 1018 caque
1534 931 1701 1019 pestis

175 1048 487 1103 rllucderetur
545 1045 599 1099 in
648 1046 852 1115 plures,
910 1045 1001 1115 qui
1069 1044 1119 1097 in
1174 1043 1337 1098 Nicea
1396 1058 1701 1097 convenere

174 1144 339 1201 Patres,
388 1140 651 1202 veritatis,
720 1153 784 1192 ac
852 1138 1087 1191 ﬁdelium
1146 1152 1332 1191 euram
1398 1136 1699 1200 habentes,

176 1232 385 1303 Sytnholo
414 1231 515 1284 alio
541 1233 876 1300 composito,
905 1231 951 1283 ei
988 1229 1443 1283 consubstantiate
1484 1228 1705 1282 addide-

173 1337 293 1388 tant;
338 1334 494 1392 atque
544 1332 668 1376 ante
716 1323 896 1376 omnia
953 1322 1147 1375 sa‘rula
1202 1320 1396 1373 Filium
1450 1336 1514 1373 ea:
1548 1319 1707 1373 Patre

172 1419 374 1487 genitum.
402 1434 500 1469 non
558 1417 783 1483 factum,
816 1425 863 1467 et
923 1430 988 1468 ex
1050 1414 1155 1467 Deo
1202 1429 1345 1473 vero,
1386 1411 1551 1465 Deum
1594 1427 1707 1464 esse

171 1527 325 1572 rerum,
379 1520 430 1561 et
482 1524 605 1577 qua:
692 1516 818 1560 tunc
882 1506 1235 1576 adiecerunt.
1286 1519 1411 1557 cum
1476 1502 1706 1570 apostoli

174 1613 321 1656 uatum
346 1600 680 1655 solummodo
709 1615 772 1654 ex
805 1598 966 1652 Patre
999 1598 1294 1651 dixissent.

225 1694 368 1748 Erant
430 1695 531 1745 ista
603 1693 721 1756 sic;
806 1691 1205 1758 videbaturque
1283 1697 1411 1741 tunc
1489 1684 1706 1740 abunde

172 1787 335 1840 natuita
365 1786 516 1847 fides,
539 1800 656 1837 cum
686 1798 854 1849 parvo
881 1792 1002 1846 post
1034 1792 1279 1845 tempore
1306 1787 1498 1832 contra
1534 1779 1707 1831 sancti

171 1880 363 1943 Spiritus
386 1878 724 1930 divinitatem
754 1890 813 1927 se
841 1876 1012 1929 erexit
1040 1873 1311 1940 impietas.
1343 1871 1508 1924 Erant
1539 1869 1704 1932 enim,

173 1974 241 2040 qui
278 1973 501 2025 dicerent
560 1983 781 2023 sanctos
820 1970 870 2020 in
908 1968 1067 2020 Nicea
1129 1966 1317 2019 Patres
1389 1964 1592 2031 optime
1646 1960 1711 2014 dc
1744 1951 1787 2004 Β

177 2062 254 2114 fide
281 2061 541 2121 statuisse,
570 2068 623 2110 et
653 2057 865 2111 Patrem
901 2056 1117 2125 quidem
1152 2055 1321 2108 Deum
1346 2053 1708 2122 praedicasse;

174 2152 329 2206 Filium
380 2152 501 2203 item
536 2151 653 2217 pari
689 2147 849 2202 laude
891 2150 1226 2211 honorasse;
1264 2146 1523 2212 Spiritum
1575 2157 1709 2195 vero

176 2254 379 2297 Sanctum
421 2260 523 2295 non
566 2239 873 2308 appellasse
917 2241 1105 2291 Deum.
1137 2234 1522 2290 Convenerunt
1556 2221 1709 2286 Con-

177 2334 483 2401 stantinopoli
544 2335 757 2390 Patres.
802 2342 853 2386 ct
908 2331 1039 2384 iliud
1095 2329 1236 2395 quod
1293 2342 1440 2380 nunc
1494 2325 1715 2393 legitur,

178 2427 437 2497 symbolum
478 2432 926 2493 composuerunt.
981 2423 1229 2487 Cumque
1273 2418 1464 2472 Niccni
1498 2416 1716 2471 concilii

176 2518 331 2572 i’atres
354 2519 546 2581 soluat,
569 2525 618 2568 et
646 2518 697 2568 in
729 2514 989 2577 Spiritum
1009 2522 1275 2576 sanciunt,
1300 2510 1527 2563 credere
1554 2508 1721 2562 dixis-

180 2620 292 2672 sent,
325 2610 558 2679 nihilque
584 2609 917 2679 adiecissent
948 2607 1217 2675 amplius;
1251 2604 1363 2667 isti,
1409 2618 1529 2670 qum
1562 2600 1717 2670 plura

178 2716 276 2756 sunt
309 2704 477 2756 addita
532 2710 906 2767 supposuerunt
947 2700 1014 2751 de
1047 2697 1220 2751 sancti
1256 2695 1492 2764 Spiritus
1541 2692 1719 2746 domi-

181 2797 364 2848 natione
410 2803 463 2848 et
514 2795 740 2848 deitatc.
782 2792 967 2860 Neque
1006 2790 1181 2843 solum
1236 2771 1589 2845 addiderunt,
1627 2783 1723 2837 scd

181 2889 490 2940 detraxerunt
540 2886 729 2939 etiam.
771 2881 929 2947 Nam,
965 2897 1086 2934 cum
1132 2879 1402 2934 dixi-isent
1433 2878 1531 2937 illi,
1561 2876 1721 2929 (icui-

183 2990 269 3033 tum
308 2997 365 3031 ex
404 2978 582 3041 Patre,
630 2975 908 3039 videlicet,
960 2990 1028 3026 ex
1078 2972 1256 3026 Patris
1316 2970 1576 3032 essentia,
1636 2967 1726 3021 isti

181 3072 321 3122 satum
367 3085 428 3123 ex
464 3068 627 3121 Patre
667 3066 897 3134 griiitum
944 3063 1278 3116 retinuerunt
1312 3080 1325 3115 :
1364 3073 1727 3128 magnamque

184 3163 374 3216 omnino
430 3160 791 3214 diﬂercntiam
856 3158 909 3210 in
979 3158 1152 3210 tribus
1213 3154 1295 3206 his
1359 3151 1654 3220 Symholis,
1685 3151 1731 3203 si

185 3257 319 3310 verba
365 3265 416 3308 et
474 3255 694 3309 nomina
752 3250 1021 3304 attendis.
1059 3234 1327 3300 invenies.
1371 3242 1487 3296 Non
1547 3252 1726 3294 unum)

185 3348 238 3399 ob
269 3362 375 3399 eam
414 3343 794 3404 differentiam,
825 3343 908 3394 vel
944 3340 1035 3407 qui
1079 3340 1129 3390 in
1185 3336 1348 3391 Nicen
1404 3349 1726 3398 convenere,

188 3441 313 3491 aliam
351 3442 525 3501 iidem,
578 3453 738 3506 qnam
775 3436 841 3489 ab
890 3433 1166 3500 Apostoiis
1202 3429 1533 3497 acceperint,
1579 3442 1728 3480 com-

189 3534 394 3600 posuisse
424 3532 833 3589 exiStimantur,
884 3527 964 3580 vel
994 3526 1085 3595 qni
1120 3533 1307 3590 postea
1336 3519 1729 3575 Constantino-

188 3625 272 3692 poli
314 3626 544 3688 tulerunt,
578 3632 775 3689 prmtcr
824 3620 1045 3672 Patrum
1115 3617 1295 3677 tidem,
1338 3614 1428 3681 qui
1470 3612 1524 3664 in
1567 3610 1729 3663 Nirea

189 3716 392 3781 t'uerant,
424 3723 733 3771 senserunt.
770 3712 1027 3765 Testatur
1069 3706 1368 3771 Gregorius
1401 3703 1731 3763 Tlicologus,

190 3812 261 3874 qui
300 3811 413 3863 huic
458 3808 667 3878 synodo
720 3802 993 3861 interfuit.
1028 3801 1081 3853 iu
1114 3799 1279 3865 epist.
1315 3799 1378 3848 ad
1416 3794 1735 3847 tllcdouinm

190 3903 253 3954 sic
303 3902 535 3955 scribens
568 3912 582 3951 :
619 3896 734 3950 Nos
786 3892 915 3947 nihil
960 3907 1189 3958 unquam
1250 3888 1372 3956 ﬁdei
1404 3936 1412 3943 .
1440 3904 1471 3938 a
1537 3886 1738 3938 sanctis

197 3991 411 4045 i’atribus
434 3995 519 4063 qui
548 3992 603 4045 in
634 3989 800 4043 Nirea
831 4000 1116 4039 convenere
1145 3996 1238 4048 pro
1286 3978 1507 4032 delenda
1536 3978 1739 4028 Ariona

194 4088 347 4140 heresi
374 4087 687 4152 composita',
711 4085 763 4135 in
796 4084 992 4133 honore
1018 4077 1093 4131 rel
1120 4073 1474 4143 pra’tulimus,
1495 4069 1571 4125 vel
1595 4085 1737 4138 pra:-

195 4184 304 4247 [αντε
348 4193 653 4245 possumus;
702 4176 791 4227 sed
850 4172 1001 4227 illius
1048 4169 1195 4236 ﬁdei,
1256 4167 1542 4219 miserante
1599 4162 1741 4221 Deo,

194 4288 365 4337 sumus,
389 4281 543 4339 atque
580 4271 797 4321 erimus.
838 4265 899 4318 id
922 4272 1098 4315 autem
1126 4258 1455 4313 solummodo
1492 4252 1741 4308 elucida-

196 4364 354 4423 rimus,
398 4362 528 4429 quod
565 4362 627 4415 de
666 4370 848 4413 structo
885 4355 1088 4424 Spiritu
1122 4354 1295 4405 minus
1330 4350 1530 4402 dictum
1553 4350 1749 4417 fuerat,

196 4469 243 4506 ω
276 4455 405 4511 quod
438 4468 549 4506 tunc
602 4447 903 4517 huiusmodi
961 4446 1185 4516 quatitio
1224 4452 1368 4496 mota
1415 4458 1517 4493 non
1555 4439 1746 4505 fuerit,

199 4547 297 4607 cui:
321 4548 466 4599 unius
501 4544 790 4599 diuinitatis
818 4542 950 4595 scire
978 4545 1175 4606 oportet
1203 4535 1411 4588 Patrem
1436 4542 1482 4585 et
1515 4529 1741 4591 Filium,

202 4652 238 4690 ct
264 4638 500 4703 Spiritum
533 4645 770 4691 sanctum
796 4676 810 4702 ,
846 4634 1008 4687 Deum
1041 4631 1196 4684 etiam
1226 4626 1483 4695 Spiritum
1515 4623 1755 4691 fatendo_

268 4731 315 4784 i-i
363 4726 791 4783 Chalcedonensi
848 4736 1063 4792 quoque
1121 4716 1353 4772 concilio
1408 4712 1748 4781 congregati,

208 4838 285 4887 pro
314 4825 395 4874 his
424 4822 577 4875 veluti
621 4820 888 4874 rationem
918 4812 1226 4871 rcddcntrs,
1262 4809 1360 4860 hos
1399 4819 1572 4871 neque
1605 4802 1755 4866 adje-

210 4912 325 4965 rissc
355 4914 496 4965 aiunt
550 4910 673 4964 tidei
718 4907 1043 4962 Nicenornm
1099 4894 1519 4965 Patrum,quasi
1552 4906 1752 4946 novum

214 5006 479 5073 quidpiam,
505 5015 555 5056 et
589 5003 799 5057 varium
847 4998 1117 5055 dicentes;
1149 5006 1345 5058 neque,
1374 4986 1518 5055 quod
1547 4985 1615 5036 ah
1647 4982 1753 5035 illis

213 5094 360 5149 fuerat
409 5098 685 5159 relictum,
723 5094 823 5145 hos
872 5087 1206 5157 implevisse.
1239 5082 1331 5136 sed
1397 5079 1638 5134 mommi
1687 5073 1754 5125 de

218 5201 377 5242 sancto
400 5189 601 5257 Spiritu
632 5182 1067 5252 intelligentiam,
1098 5188 1289 5231 contra
1329 5189 1423 5226 eos
1460 5170 1551 5238 qui
1607 5169 1755 5219 illius

221 5280 604 5335 dominmimiem
640 5277 860 5330 auferre
891 5273 1229 5329 nitebantur,
1264 5266 1561 5332 Scriptura:
1605 5258 1758 5313 testi-

223 5372 390 5425 moniis
421 5372 608 5425 iecisse
647 5368 969 5437 planiorem.
1005 5362 1260 5416 Videmus
1294 5363 1475 5409 autem
1504 5361 1558 5405 et
1590 5351 1763 5417 ipsos,

223 5468 297 5530 qui
328 5466 424 5520 illic
474 5469 865 5523 conivencrunt,
895 5454 1149 5526 Syinholo
1200 5450 1411 5504 Niceno
1458 5441 1762 5497 addidisse.

226 5551 336 5608 Nam
380 5572 492 5610 cmn
541 5555 639 5616 illi,
672 5549 816 5604 Patri
860 5548 1057 5600 Filium
1092 5536 1616 5597 eonsubstantialem
1646 5540 1764 5585 tau-

228 5651 467 5702 tummodo
513 5648 780 5706 dixerint,
830 5640 924 5695 isti
981 5635 1309 5690 addidcrunt
1345 5646 1360 5683 :
1400 5623 1767 5681 Cousubstan-

229 5738 372 5791 tiateut
411 5740 560 5794 Patri
610 5736 894 5790 secundum
939 5731 1211 5791 deitatem,
1252 5714 1767 5777 consubstantialem

231 5834 379 5888 nobis.
424 5828 703 5883 secundum
749 5824 1172 5884 humanitatem,
1241 5813 1504 5884 Eutycltis
1555 5810 1606 5863 in
1673 5809 1773 5861 hoc

236 5925 501 5989 Opinionem
530 5920 900 5990 corrigentcs.

296 6036 389 6105 (η)
428 6037 617 6105 Ἥραν,
671 6040 958 6097 statutum,
1014 6024 1404 6083 deﬁnitionem,
1470 6014 1671 6075 clarius
1728 6011 1829 6067 hoc
1865 6020 2029 6075 quam
2062 5996 2332 6060 vocabo};

1798 690 1927 729 num
1989 693 2379 749 exposuerunt,
2412 700 2521 754 quo
2573 686 2667 740 Dei
2730 688 2977 743 Genitrix
3016 690 3171 744 beata
3206 691 3373 758 Virgo

1801 771 2147 838 prmdicatur.
2183 772 2349 844 Virgo
2382 778 2525 831 enim
2574 780 2914 836 solummodo
2944 783 3094 836 beata
3136 782 3187 836 in
3222 800 3375 852 sym-

1799 859 1925 915 bolo
1964 863 2229 932 appellata
2262 867 2461 922 fuerat.
2497 869 2613 922 Etsi
2673 872 2816 924 enim
2872 872 3131 942 Symbolo
3175 874 3225 927 id
3279 876 3380 928 ad.

1795 956 1996 1025 icctum
2030 974 2136 1014 non
2160 970 2262 1023 est,
2292 961 2646 1017 nihilominus
2676 964 2914 1034 Symboli
2938 969 3225 1021 terminum
3260 969 3377 1039 (ἐξ)

1804 1048 1951 1103 illum
1979 1066 2326 1118 veneramur,
2360 1053 2671 1122 huiusmodi
2727 1057 3062 1125 vocabulum,
3121 1061 3378 1130 illiusque

1803 1157 2025 1198 sensum
2087 1153 2144 1197 ut
2200 1146 2500 1200 rectissime
2537 1148 2776 1213 positum
2807 1150 3186 1218 suscipientes,
3216 1165 3380 1223 atque

1804 1238 2128 1294 conﬁtentes
2173 1255 2188 1294 :
2242 1255 2440 1307 eosque
2469 1240 2562 1308 qui
2599 1241 2726 1294 illud
2762 1251 2982 1309 negant,
3010 1254 3381 1308 exsecrantes,

1806 1333 2003 1402 quibus
2047 1334 2193 1388 circa
2250 1334 2562 1403 Symbolum
2604 1351 2710 1389 non
2755 1350 3017 1403 maiorem
3041 1338 3382 1393 ostendimus

1807 1430 2060 1496 rigorem,
2096 1446 2259 1499 quam
2296 1431 2544 1486 universa
2600 1422 2842 1501 synodus
2890 1434 2989 1500 pro
3038 1431 3386 1485 revincendis

1809 1522 2163 1589 hlasphemiis
2213 1536 2563 1594 congregata,
2599 1524 2832 1593 fideique
2869 1524 3161 1578 terminum
3218 1540 3386 1593 expo-

1812 1633 1968 1681 nens,
2003 1626 2056 1671 ct
2088 1632 2183 1686 per
2235 1633 2327 1672 cas
2380 1633 2514 1685 quas
2572 1619 2817 1687 antiquis
2871 1618 3058 1683 addit,
3092 1618 3388 1685 dictiones,

1812 1724 1948 1763 nova
1982 1709 2237 1779 dogmata
2273 1710 2586 1764 elimiuans.

1886 1803 2108 1871 Magnus
2137 1814 2394 1871 praeterea
2419 1804 2724 1859 Basiliuein
2756 1803 2962 1875 Regula
3001 1805 3066 1858 ad
3097 1804 3393 1858 monachos

1814 1908 2123 1949 sanctorum
2173 1895 2393 1950 Patrum
2443 1897 2624 1962 ﬁdem,
2661 1914 2812 1968 qua},
2859 1907 2917 1952 nt
2949 1898 3063 1965 ipse
3108 1898 3203 1962 ait,
3238 1896 3393 1965 frau-

1813 1990 1957 2050 dari,
1991 1990 2388 2058 adulterarique
2419 2007 2524 2043 non
2571 2001 2764 2056 posset,
2799 2006 2921 2043 cum
2964 2005 3023 2044 se
3063 1990 3392 2043 traditurum

1814 2083 2182 2151 polliceretur.
2220 2084 2476 2147 plurima,
2510 2099 2630 2151 qua:
2678 2084 2730 2135 in
2791 2083 2913 2137 ttdei
2964 2080 3222 2153 Syniholo
3272 2089 3399 2133 sunt

1814 2180 2030 2246 posita.
2080 2175 2287 2238 omisit,
2344 2184 2395 2227 et
2444 2176 2509 2228 de
2541 2186 2732 2229 sancto
2760 2175 2966 2242 Spiritu
3016 2173 3173 2236 nihil,
3222 2188 3399 2241 neque

1817 2271 1958 2338 quod
1992 2286 2056 2323 ex
2094 2268 2276 2328 Patre,
2312 2284 2484 2337 neque
2523 2272 2663 2335 quod
2701 2285 2795 2336 per
2821 2268 3012 2321 Filium
3053 2269 3398 2335 procederet.

1818 2363 1988 2425 dixit;
2020 2364 2112 2415 sed
2161 2372 2367 2413 tantum
2408 2371 2460 2415 et
2498 2363 2550 2414 in
2585 2361 2843 2429 Spiritum
2893 2371 3146 2415 sanctum
3196 2375 3255 2414 se
3284 2374 3405 2414 cre-

1819 2459 1949 2513 dere
1972 2457 2179 2520 dicens,
2213 2456 2437 2518 adjectis
2462 2456 2787 2523 quihusdam
2820 2455 3118 2522 Scriptum
3149 2453 3401 2507 testimo-

1823 2552 1928 2603 niis
1974 2549 2042 2603 de
2086 2558 2277 2605 sancto
2318 2548 2546 2615 Spiritu,
2575 2563 2639 2601 ex
2684 2546 2847 2599 Patre
2900 2546 3072 2615 ipsum
3109 2546 3405 2614 procedere

1824 2640 2046 2695 munino
2080 2641 2246 2695 tacuit
2284 2656 2298 2693 :
2334 2656 2454 2691 cum
2509 2640 2639 2693 nihil
2686 2639 2950 2707 adjicere,
2985 2651 3161 2707 neque
3189 2636 3409 2688 demere

1825 2737 2218 2803 prapnsnisset,
2273 2733 2594 2788 existimans
2649 2734 2734 2786 his
2791 2747 2911 2801 qua:
2958 2731 3213 2793 dixisset,
3241 2728 3404 2782 etiam

1828 2846 1947 2898 quze
1981 2830 2189 2881 tacebat
2224 2826 2630 2893 comprehendi.

1902 2922 1975 2974 Ex
2016 2922 2099 2973 his
2136 2921 2415 2986 perspicue
2444 2926 2677 2978 constat,
2708 2930 2802 2968 eos
2837 2915 2925 2983 qui
2958 2913 3178 2966 auferre
3201 2909 3408 2980 aliquid

1831 3010 1915 3063 vel
1948 3009 2144 3060 addere
2177 3007 2589 3071 prohihuernrit,
2613 3021 2718 3057 non
2735 3004 3092 3071 adiectionem
3126 3000 3408 3068 dictionis,

1836 3102 1931 3157 sed
1965 3101 2086 3155 tidei
2116 3101 2341 3153 alterius
2368 3099 2661 3153 editionem
2695 3097 2928 3150 vetuisse
2956 3113 2971 3161 ;
3012 3095 3251 3164 alioquin
3287 3094 3411 3148 nul-

1835 3194 1945 3247 lum
1981 3204 2125 3248 esset
2156 3191 2448 3246 concilium
2480 3207 2505 3242 a
2539 3190 2766 3244 crimine
2798 3189 3060 3242 immune.
3093 3187 3322 3241 Constat
3359 3194 3416 3240 et

1757 3291 1803 3351 ο
1836 3286 1965 3340 illud
2005 3303 2130 3347 una,
2187 3286 2328 3353 quod
2372 3283 2606 3335 ﬁdelium
2646 3280 2862 3350 quidem
2895 3281 3173 3349 proprium
3219 3280 3288 3334 sit
3317 3280 3416 3333 udo

1839 3382 1989 3439 dere.
2030 3379 2283 3432 novitatis
2307 3388 2483 3429 autem
2516 3377 2858 3428 inventorum
2894 3372 2959 3427 ad
2992 3388 3097 3424 non
3131 3372 3420 3440 scriptum.

1840 3478 2013 3545 adque
2062 3476 2239 3543 priora
2288 3488 2592 3537 recurrere,
2626 3471 2903 3538 religionis
2932 3468 3141 3522 scilicet
3168 3469 3420 3531 obtentu,

1840 3571 2178 3640 iniquitatem
2212 3569 2371 3620 simul
2401 3568 2636 3635 operire.
2667 3574 2830 3634 atque
2860 3565 3208 3617 introducere
3242 3562 3422 3614 niteno

1842 3664 1974 3717 tium
1999 3679 2013 3725 ;
2042 3661 2237 3727 quippe
2267 3659 2649 3712 lueretirorum
2699 3654 2919 3724 singuli,
2954 3654 3045 3722 qui
3096 3653 3232 3707 alias
3262 3652 3423 3705 aliam

1846 3755 1968 3808 fidei
2025 3752 2430 3817 corruptionem
2477 3749 2763 3811 invexere,
2815 3746 3012 3798 merito
3067 3743 3425 3809 adiectionem

1845 3856 2168 3906 vetuerunt,
2198 3861 2267 3900 ne
2318 3860 2415 3913 per
2444 3857 2562 3897 eam
2603 3854 2700 3895 sua
2746 3838 2987 3891 versutia
3039 3844 3361 3905 argueretur
3407 3850 3424 3888 :

1847 3957 2007 4011 quam
2030 3940 2241 3995 scilicet
2261 3938 2435 3992 sancti
2451 3935 2640 3988 Patres
2664 3941 2854 3988 contra
2873 3931 3091 3985 illorum
3112 3926 3426 3994 perniciem,

1850 4049 1908 4089 ut
1954 4034 2392 4103 potentissimum
2443 4028 2899 4081 medicamentum
2927 4021 3376 4087 excogitaverunt
3412 4033 3427 4069 :

1851 4138 1905 4182 et
1955 4143 2060 4195 qua
2112 4124 2360 4179 infideles
2406 4131 2568 4189 atque
2621 4120 2816 4186 impios
2863 4132 2892 4169 a
2940 4116 3042 4184 piis
3078 4111 3436 4177 fidelibusque

1854 4222 2250 4280 discernerent,
2284 4232 2347 4269 ac
2399 4230 2496 4284 per
2522 4205 2661 4266 eam
2697 4209 2957 4263 Ecclesia:
2985 4220 3117 4273 pura
3153 4212 3208 4257 et
3243 4204 3436 4257 imma-

1856 4314 2032 4371 culata
2069 4312 2202 4365 ﬁdes
2230 4325 2383 4362 serva
2396 4321 2564 4362 retur.
2843 4322 2875 4342 -

1929 4407 2105 4473 Atque
2150 4402 2413 4455 adversus
2457 4413 2552 4451 eos
2586 4395 2676 4463 qui
2710 4394 2898 4448 dicunt
2930 4404 3045 4453 cos,
3076 4387 3168 4457 qui
3204 4385 3437 4453 primum

1858 4500 1926 4553 de
1971 4498 2071 4551 ﬁde
2115 4500 2423 4549 statuerunt
2452 4499 2504 4544 et
2534 4488 2881 4548 definierunt,
2933 4484 3101 4534 fuisse
3131 4476 3439 4531 sanctiores

1864 4604 1917 4646 et
1950 4588 2292 4644 houcsﬁores
2313 4585 2399 4638 his
2416 4583 2503 4651 qui
2537 4594 2750 4647 semper
2780 4574 2983 4643 aliquid
3014 4570 3298 4639 adjiciunt,
3337 4582 3440 4636 pro

1795 4653 1837 4706 υ
1868 4703 1926 4740 se
1957 4684 2111 4753 ipsis,
2146 4691 2199 4734 et
2230 4694 2328 4748 pro
2363 4675 2594 4729 veritate
2650 4669 2912 4723 rationem
2944 4664 3179 4718 reddunt
3213 4661 3438 4720 silentii,

1856 4752 2095 4846 priorum
2122 4774 2338 4825 Patrum
2358 4781 2575 4823 causam
2599 4762 2915 4820 inferentes,
2940 4758 3059 4810 illos
3093 4754 3299 4808 scilicet
3323 4752 3447 4805 ideo

1859 4868 1990 4924 nihil
2023 4866 2225 4920 dixisse
2277 4860 2403 4930 quia
2448 4855 2686 4911 nomium
2748 4861 2897 4902 tanta
2946 4845 3200 4914 nequitia)
3236 4840 3446 4894 zizania

1856 4971 2042 5019 essent
2070 4964 2258 5010 exorta
2290 4974 2303 5009 :
2330 4952 2470 5021 quod
2509 4951 2552 5004 si
2587 4946 2747 5001 nimio
2784 4943 2856 4997 illi
2897 4940 3174 5000 adessent,
3202 4934 3285 4987 vel
3313 4943 3441 4984 tunc

1860 5048 2171 5119 huiusmodi
2203 5045 2561 5115 pullulassent
2610 5036 2891 5097 scandala,
2922 5033 3038 5084 hrcc
3079 5028 3184 5095 ipsi
3233 5035 3452 5093 quoque

1854 5143 2203 5212 adiecissent,
2231 5134 2391 5190 sicuti
2412 5130 2569 5184 modo
2593 5146 2691 5183 nos
2706 5126 2955 5185 iacimus,
2980 5136 3042 5173 ac
3067 5119 3212 5171 nullo
3230 5113 3451 5168 omnino

1864 5210 2086 5291 nurnine
2152 5226 2585 5283 ahstinuissent,
2624 5234 2717 5286 per
2775 5213 2920 5284 quod
2979 5212 3190 5278 linguas
3243 5210 3453 5256 vestras

1862 5340 2116 5383 coercere
2165 5319 2491 5391 patuissent.
2532 5312 2608 5367 lta
2646 5308 2875 5376 denique
2910 5300 3110 5356 Nicmni
3146 5298 3330 5349 Patres
3356 5294 3451 5343 ad-

1864 5418 2013 5489 iecto
2044 5390 2490 5467 consubstantiali
2521 5404 2786 5455 adversus
2815 5395 3004 5449 Arium
3050 5390 3279 5459 eiusque
3303 5398 3457 5437 com—

1871 5484 2038 5583 plices
2074 5512 2343 5561 Steterunt
2379 5518 2391 5553 :
2428 5499 2516 5552 illo
2545 5494 2762 5567 quidem
2797 5491 2862 5543 ad
2899 5503 3003 5541 non
3038 5484 3296 5549 set'iptam
3328 5493 3461 5533 con-

1875 5573 2156 5675 iugiente,
2208 5594 2691 5665 aposwlorumquc
2746 5582 3087 5638 sanctitatem
3144 5573 3459 5642 obiiciente,

1878 5667 1966 5770 qui
2019 5697 2073 5751 in
2121 5707 2218 5748 suo
2260 5686 2518 5760 Symbolo
2548 5684 2612 5735 de
2651 5681 2753 5733 hoc
2794 5674 2923 5728 nihil
2958 5667 3403 5736 conscripserunt
3444 5677 3458 5713 :

1882 5759 1989 5851 iilis
2020 5804 2143 5846 vero
2172 5759 2428 5841 dictionis
2460 5774 2820 5845 adiectionem
2848 5766 2978 5820 nihil
3006 5777 3125 5819 esse
3152 5761 3219 5815 ab
3247 5759 3461 5812 illormn

1883 5884 2187 5941 intentione
2242 5879 2476 5933 alienum
2534 5876 2721 5924 contra
2776 5859 3156 5920 inferentibus.
3192 5849 3459 5908 thtcrnm

2296 5986 2637 6070 unianimi,
2672 5998 2778 6054 quo
2828 5981 3093 6048 interpres
3120 5978 3201 6026 est
3228 5978 3382 6022 usus.
