3920 6632
345 540 447 608 191

1620 528 2020 595 MANUEUS
2058 530 2368 593 CALECE

3510 481 3645 591 tea.

341 660 387 715 si
421 659 664 724 quidem,
694 657 826 712 dum
863 656 936 711 illi
963 660 1338 726 superessent,
1371 653 1437 735 de
1471 652 1575 709 hoc
1611 658 1757 708 mota
1790 666 1939 720 qnze-
1969 654 2012 708 Α
2044 652 2183 719 Quid
2232 653 2400 723 ergo?
2425 651 2565 707 Num
2615 652 2699 707 his
2744 651 2867 708 ideo
2914 670 3020 709 non
3058 649 3386 710 credemus?
3411 664 3534 718 qute
3570 665 3652 702 ex

344 752 453 809 stio
492 750 702 817 fuisset,
738 751 857 807 sive
894 764 1041 805 nunc
1069 748 1226 805 nobis
1252 749 1526 816 adessent,
1555 761 1830 817 nunquam
1856 745 1937 800 illi

347 849 507 904 aliter
564 843 854 905 dixissent,
888 855 986 896 seu
1021 840 1520 911 conscripsissent,
1569 856 1729 909 quam
1781 840 1941 894 modo

349 952 449 991 nos
481 935 734 995 facimus,
764 932 1211 986 constantissime
1251 934 1693 988 asseverantihns
1733 932 1869 1004 (45).

423 1029 502 1082 Ita
535 1037 590 1081 et
610 1024 1085 1095 Constantinopoli
1112 1024 1377 1080 adversus
1394 1039 1492 1080 eos
1514 1027 1605 1094 qui
1631 1024 1799 1081 Deum
1825 1040 1947 1081 esse

323 1120 621 1190 Spiritum
672 1128 921 1173 sanctum
972 1117 1357 1187 denegabant,
1410 1118 1657 1186 nihilque
1707 1116 1776 1172 de
1830 1114 1948 1186 ejus

353 1214 558 1268 deitate
590 1212 640 1266 in
676 1210 936 1283 Symbolo
993 1210 1215 1267 Niczeno
1261 1211 1527 1281 scriptum
1586 1211 1947 1281 obiectantes.

357 1307 503 1376 quod
565 1305 739 1361 solum
787 1307 1122 1374 sequendum
1162 1307 1525 1361 asserebant:
1556 1306 1620 1360 de
1645 1305 1950 1375 adiectione

361 1399 781 1468 responderunt,
814 1398 1219 1469 haereticisque,
1250 1401 1297 1455 si
1338 1399 1678 1468 adiectiones
1709 1398 1955 1470 Symboli

364 1492 664 1556 auferrent,
695 1506 755 1547 se
781 1492 1065 1561 quieturos
1110 1492 1512 1561 pollicentibus,
1548 1493 1793 1546 veritatis
1829 1493 1956 1546 doc-

369 1593 519 1638 tores
548 1584 613 1639 ad
638 1598 730 1638 eos
766 1585 1161 1654 responderunt
1195 1603 1208 1637 :
1234 1583 1390 1639 Esset
1417 1584 1635 1654 quidem
1664 1584 1951 1654 optimum,

367 1674 413 1729 si
448 1683 507 1728 ιιι
552 1674 726 1743 prius,
757 1674 881 1730 ﬁdei
932 1691 1066 1746 pura
1115 1677 1469 1745 simplicitas,
1503 1678 1718 1741 nemine
1745 1678 1959 1731 obstre-

368 1775 550 1837 pente,
577 1778 911 1833 servaretur,
940 1768 1086 1823 nulla
1120 1769 1264 1823 enim
1284 1770 1588 1839 adiectione
1609 1786 1744 1839 Opus
1774 1783 1917 1826 esset
1940 1789 1956 1839 ;

370 1859 627 1928 quoniam
668 1874 797 1915 vero
843 1861 1060 1928 quidam
1116 1874 1498 1930 surrexerunt,
1555 1865 1959 1934 corruptionem

372 1963 429 2007 et
486 1953 782 2008 novitatem
828 1953 947 2009 ﬁdei
994 1960 1275 2017 docentes,
1309 1964 1364 2009 et
1424 1956 1783 2025 adiectionem
1845 1958 1960 2011 ﬁeri

377 2059 601 2100 necesse
641 2055 745 2111 est,
784 2045 1094 2117 factamque
1135 2058 1194 2101 ut
1239 2048 1445 2118 scripta
1474 2058 1579 2112 est,
1618 2061 1963 2118 permanere,

374 2148 435 2192 ut
460 2154 556 2207 per
588 2138 732 2192 hanc
781 2140 1274 2207 deprehendantur,
1321 2141 1412 2209 qni
1465 2141 1751 2211 malignari
1784 2143 1967 2213 elege—

377 2240 524 2292 runt,
557 2229 851 2300 infectique
896 2233 966 2287 ab
1007 2233 1237 2302 integris
1268 2233 1427 2302 hujus
1460 2235 1787 2307 adiectionis
1809 2237 1968 2307 signo

379 2323 792 2393 dignoscantur.
819 2326 1108 2395 Simulque
1148 2343 1218 2381 ne
1263 2329 1541 2383 videamur
1568 2344 1666 2400 per
1691 2329 1968 2385 silentium

379 2415 704 2482 adiectionis
745 2416 1243 2485 blasphemantium
1289 2421 1573 2475 erroribus
1605 2424 1968 2492 acquievisse.

382 2507 664 2580 Siquidem
721 2510 888 2581 igitur
943 2512 1032 2581 pie
1094 2513 1347 2578 sentitis,
1400 2512 1698 2568 dictionem
1759 2529 1975 2587 quoque

383 2603 754 2669 conﬁtemini;
807 2603 891 2659 sin
945 2620 1075 2660 vero
1123 2606 1285 2669 alias,
1337 2623 1436 2663 nos
1464 2610 1685 2679 quidem
1722 2611 1884 2675 hanc,
1920 2619 1979 2663 ut

384 2692 533 2762 piam
569 2705 625 2750 et
655 2705 971 2752 sanctorum
1004 2695 1229 2753 Patrum
1254 2701 1539 2755 sententiae
1574 2703 1811 2757 maxime
1848 2718 1978 2757 con-

388 2800 582 2855 gruant
625 2788 991 2855 suscipimus;
1029 2804 1126 2845 vos
1171 2793 1391 2859 autem,
1423 2794 1491 2847 ab
1530 2794 1785 2850 Ecclesiae
1837 2796 1979 2850 inte-

388 2879 586 2949 gritate
616 2880 965 2938 scindemini.

464 2970 559 3026 Sic
601 2970 891 3030 Nestorius
939 2975 1208 3041 Θεοτόκος
1269 2978 1321 3031 id
1371 2989 1482 3046 cst,
1551 2979 1644 3033 Dei
1693 2978 1977 3043 Genitrix,

392 3078 587 3119 vocem
631 3065 933 3137 denegans,
967 3065 1175 3124 Nicteni
1221 3070 1439 3126 concilii
1477 3077 1706 3137 statuta,
1750 3070 1982 3142 Symbo-

394 3156 623 3229 lnmque
657 3162 961 3231 transgredi
1004 3177 1111 3217 non
1135 3171 1391 3231 oportere
1423 3165 1711 3220 asserebat
1740 3181 1755 3218 :
1787 3165 1987 3233 quibus

397 3250 575 3308 solum
600 3252 914 3310 suffecisset
935 3254 1139 3323 dicere,
1165 3254 1437 3312 Christum
1464 3273 1529 3311 ex
1562 3257 1740 3312 Maria
1774 3255 1986 3326 Virgine

2052 749 2137 801 bis
2186 763 2306 815 qua:
2358 746 2561 815 scripta
2608 758 2759 810 sunt.
2816 747 3150 819 colliguntur
3200 746 3541 809 necessario,
3573 756 3653 792 an

2051 840 2389 908 simplicibus
2438 840 2643 903 verbis,
2671 850 2727 895 ut
2777 856 2807 894 a
2851 841 3103 895 conciliis
3128 849 3254 895 sunt
3279 838 3502 900 tradita,
3534 845 3661 888 sta-

2052 934 2266 990 bimus?
2289 935 2379 1001 At,
2413 935 2542 990 illud
2578 936 2801 1005 quidem
2850 949 3041 992 eOrum
3090 944 3201 998 est,
3231 934 3326 1003 qui
3360 932 3427 985 dc
3467 930 3655 983 nornio

2056 1030 2219 1084 nibus
2268 1026 2645 1093 contendunt;
2680 1038 2733 1083 et
2786 1043 2948 1082 ontne
2978 1024 3122 1097 quod
3175 1034 3375 1093 printer
3408 1024 3662 1076 litteram

2056 1125 2349 1197 accipitur,
2372 1125 2695 1179 scandalum
2729 1130 2923 1190 putant
2953 1138 2969 1176 :
3004 1121 3160 1190 iuxta
3190 1118 3402 1174 scilicet
3430 1115 3621 1171 Iud-en
3643 1138 3666 1149 -

2060 1234 2182 1272 rum
2220 1218 2516 1279 vilitatem,
2570 1217 2661 1284 qui
2715 1230 2936 1280 semper
2974 1214 3108 1283 legis
3155 1212 3404 1265 assident
3429 1207 3666 1260 litterae.

2060 1315 2219 1382 Quod
2265 1314 2433 1369 etiam
2479 1312 2640 1367 divus
2678 1310 2993 1380 Dionysius.
3023 1305 3404 1362 irrationabile
3436 1316 3500 1355 ac
3527 1315 3673 1369 pcr-

2065 1426 2279 1465 vcrsum
2315 1423 2436 1465 esse
2460 1409 2558 1467 ait.
2581 1422 2686 1460 non
2715 1405 2926 1459 scilicet
2965 1400 3289 1457 intentionis
3316 1396 3534 1461 virtuti,
3560 1393 3674 1448 sed

2064 1502 2346 1559 vocabulis
2372 1502 2676 1557 intendere.

2139 1599 2311 1653 Porro
2380 1595 2605 1667 proprie
2688 1593 2966 1661 expositos
3021 1606 3051 1644 a
3105 1585 3332 1659 synodis
3395 1581 3680 1636 terminos

2068 1690 2236 1746 veluti
2278 1703 2569 1744 commune
2626 1686 2942 1757 Symbolum
3000 1680 3226 1736 minime
3291 1673 3681 1743 atnpleetiﬂc

2069 1786 2376 1853 suscipere.
2431 1782 2621 1837 eorum
2665 1791 2769 1843 est,
2831 1778 2923 1847 qui
2966 1775 3197 1828 cuiacilia
3258 1770 3412 1824 irrita
3458 1768 3681 1821 volunt.

2072 1877 2251 1948 JEque
2281 1876 2445 1947 igitur
2476 1889 2539 1930 ac
2572 1872 2892 1942 Symbolum
2921 1880 3266 1937 qttzecunquc
3313 1863 3408 1918 illa
3454 1873 3691 1915 Statue-

2075 1972 2214 2035 rint,
2251 1969 2597 2039 suscipienda
2630 1973 2779 2022 sunt.
2813 1964 3000 2030 Neque
3030 1960 3177 2015 enim
3221 1958 3495 2027 proferto.
3521 1954 3685 2022 quod

2075 2068 2130 2121 in
2158 2062 2416 2135 Symbolo
2438 2060 2659 2128 quidem
2688 2057 3023 2116 continetur,
3042 2051 3444 2109 honorauimus
3479 2066 3493 2102 :
3523 2048 3686 2114 quod

2075 2168 2258 2214 autem
2318 2171 2386 2211 ex
2447 2154 2589 2209 illius
2656 2150 2857 2221 pendet
2916 2150 3043 2211 ﬁne,
3079 2148 3165 2200 vel
3212 2145 3354 2212 quod
3393 2153 3516 2210 post
3548 2138 3689 2202 eius

2076 2249 2367 2305 lectionem
2415 2246 2636 2307 dicitur,
2668 2243 2753 2297 vel
2787 2258 2843 2296 ιιι
2890 2242 3005 2296 suis
3039 2236 3292 2293 terminis
3351 2234 3687 2299 exponitur,

2080 2356 2189 2397 non
2240 2335 2669 2393 honorabimus?
2725 2330 2839 2387 lloc
2895 2331 3039 2387 enim
3118 2326 3377 2381 stolidum
3428 2320 3595 2377 simul
3631 2330 3695 2372 ut

2082 2430 2461 2490 irrationabile
2485 2438 2593 2483 est.
2814 2430 2819 2435 '

2125 2502 2130 2507 θ
2157 2526 2313 2594 Quod
2335 2526 2382 2582 si
2407 2523 2640 2580 concilia
2667 2535 2818 2577 sacra
2838 2531 3193 2575 veneramur,
3214 2512 3435 2566 illorum
3456 2521 3698 2579 quoque

2086 2619 2395 2677 sententias
2446 2612 2696 2670 venerari
2758 2609 3034 2675 convenit,
3066 2617 3232 2675 atque
3263 2604 3361 2665 ita,
3391 2612 3454 2657 nt
3487 2600 3559 2655 de
3598 2598 3696 2652 his

2090 2729 2188 2769 nos
2242 2728 2368 2769 esse
2414 2707 2778 2766 certissimos.
2806 2719 2930 2758 cuin
2969 2699 3121 2754 omni
3183 2694 3381 2750 ﬁducia
3413 2691 3697 2748 conﬁtea—

2090 2822 2233 2869 mur.
2268 2817 2470 2872 eosque
2499 2801 2591 2869 qui
2625 2778 2845 2867 negant,
2884 2803 3261 2848 exsecrentur.
3299 2786 3433 2841 Nam
3485 2785 3582 2853 qui
3638 2783 3698 2837 in

2089 2896 2319 2971 synodis
2347 2893 2627 2965 expositas
2667 2886 2973 2945 sententias
3001 2891 3186 2950 negat,
3260 2879 3440 2947 poenis
3475 2891 3700 2942 negau-

2091 2993 2229 3047 tium
2265 2986 2583 3061 Symbolum
2634 2984 2740 3038 erit
2788 2978 3079 3035 obnoxius.
3120 2973 3354 3027 Prorsus
3381 2979 3438 3024 et
3468 2982 3536 3021 ea
3569 2979 3702 3070 quae

2094 3082 2355 3156 Symbolo
2406 3077 2670 3147 inscripta
2727 3089 2833 3129 non
2895 3080 3043 3132 situt,
3090 3081 3250 3137 teque
3304 3078 3367 3117 ac
3404 3070 3704 3156 ειερτιμιιι

2094 3152 2303 3240 essent,
2339 3170 2746 3229 honorauimus.
2781 3170 2955 3237 Atque
3000 3166 3131 3218 hinc
3169 3159 3217 3216 si
3251 3158 3394 3213 ratio
3441 3152 3708 3210 veritatis

2096 3268 2360 3341 exegerit,
2391 3267 2438 3321 si
2468 3279 2631 3317 rasus
2662 3243 2978 3316 necessario
3010 3254 3308 3325 impulerit,
3330 3250 3467 3305 nihil
3486 3248 3703 3311 diiicrt,

398 3356 611 3402 natum.
644 3346 753 3403 Sed
794 3348 1038 3403 occurrit
1082 3348 1319 3420 Cyrillus
1369 3364 1623 3419 arguens,
1679 3363 1744 3404 ac
1795 3348 1987 3403 dicens

2104 3362 2259 3416 etiam
2272 3375 2390 3428 qua:
2404 3372 2508 3413 non
2525 3365 2652 3412 sunt
2666 3353 2894 3425 scripta,
2910 3347 3181 3412 conﬁteri,
3201 3362 3322 3402 cum
3350 3345 3404 3399 in
3437 3342 3709 3415 Symbolo

403 3439 604 3495 frustra
644 3440 793 3497 illam
820 3442 887 3496 ad
920 3440 1109 3497 Patres
1138 3454 1193 3496 et
1217 3444 1284 3497 ad
1316 3441 1635 3515 Symbolum
1667 3442 1988 3514 confugere,

403 3532 563 3596 quasi
602 3532 683 3588 fas
712 3548 819 3586 non
843 3532 917 3587 sit
938 3534 1081 3601 quod
1113 3534 1189 3588 illi
1226 3534 1508 3589 siluisscnt
1532 3535 1753 3599 addere,
1773 3550 1995 3590 causam

404 3638 504 3679 cur
550 3624 625 3679 illi
675 3625 898 3679 Mariam
934 3625 1027 3680 Dei
1051 3625 1386 3683 Genitricem
1418 3643 1529 3682 non
1563 3628 1804 3683 dixerint
1844 3643 2001 3695 aper-

407 3718 518 3771 tius
539 3717 610 3772 ob
635 3716 803 3772 futuri
831 3718 1197 3791 ignorantiam
1219 3736 1235 3787 ;
1255 3732 1309 3774 et
1326 3722 1470 3790 quod
1492 3722 1720 3776 necdum
1740 3720 1846 3774 orti
1870 3720 2002 3774 fuis-

408 3817 555 3870 sent.
590 3810 678 3876 qui
726 3811 868 3863 hanc
911 3811 1305 3866 absurditntcm
1341 3814 1679 3880 peperissent
1709 3826 2000 3866 asserens:

411 3900 477 3957 Et
506 3901 691 3957 Patres
713 3904 874 3971 enim,
905 3904 1099 3971 inquit,
1121 3905 1459 3973 adiecissent,
1482 3908 1528 3959 si
1559 3905 1763 3975 aliquos
1789 3908 1858 3959 ad
1888 3918 2007 3959 tan-

393 3998 524 4050 'tam
560 3997 828 4050 vesaniam
868 4008 1219 4065 proruptura:
1245 4001 1487 4054 scissent.

488 4089 883 4160 Compellitqne
939 4090 1247 4145 Nestorium
1299 4094 1468 4146 etiam
1540 4092 1609 4146 ab
1681 4107 1747 4145 co
1808 4092 2006 4161 scripta

416 4187 655 4256 capitula
692 4189 993 4257 suscipere,
1016 4201 1073 4244 et
1113 4189 1361 4245 conﬁteri
1399 4204 1459 4243 se
1498 4192 1591 4256 ita,
1628 4200 1684 4243 nt
1714 4188 1802 4243 illa
1826 4191 2006 4243 conti-

419 4290 637 4345 nerent,
667 4295 955 4339 sensurum
992 4298 1009 4338 :
1041 4281 1193 4349 quasi
1219 4297 1322 4336 non
1349 4283 1450 4338 sibi
1478 4282 1720 4354 Symboli
1742 4282 2015 4337 confessio

423 4372 718 4439 sufﬁceret,
745 4376 1001 4443 minatus,
1024 4377 1128 4432 nisi
1153 4376 1204 4431 in
1229 4376 1313 4431 his
1350 4386 1613 4437 maneret,
1639 4391 1761 4443 qute
1787 4377 1860 4430 ibi
1879 4379 2017 4429 srri-

422 4473 512 4536 pta
531 4477 713 4535 erant,
736 4470 1043 4524 Sacerdotio
1069 4469 1217 4524 illum
1249 4478 1303 4524 et
1324 4469 1391 4524 ab
1427 4469 1667 4523 Ecclesia
1693 4469 2015 4537 eiecturum.

495 4575 674 4636 Αυιιιθ
722 4567 905 4619 Omnia
950 4563 1206 4632 deinceps
1259 4563 1498 4618 concilia
1547 4575 1719 4629 usque
1748 4561 1815 4613 ad
1844 4560 2019 4628 septi-

429 4686 576 4725 mum
625 4664 1043 4738 pervenientes,
1101 4658 1172 4713 ita
1230 4657 1585 4725 respondisse
1652 4655 2016 4709 inveniemus.

2099 3454 2407 3524 complexa,
2439 3449 2839 3519 comprehensa
2867 3446 2999 3501 sint.

2170 3547 2465 3616 Quocirca,
2495 3556 2674 3612 neque
2700 3542 2809 3596 illis
2838 3538 3077 3611 adiectio
3122 3533 3433 3600 obiicienda
3466 3538 3577 3593 est,
3610 3527 3709 3599 qui

2102 3642 2265 3696 etiam
2303 3655 2367 3695 ea:
2423 3635 2564 3691 Filio
2612 3633 2873 3703 Spiritum
2920 3639 3170 3687 sanetum
3193 3626 3495 3700 procedere
3526 3622 3713 3676 faten-

2107 3747 2216 3790 tur.
2264 3732 2393 3797 Sed,
2433 3740 2491 3786 nt
2532 3730 2745 3784 ‘dictum
2809 3735 2914 3791 est,
2955 3735 3223 3780 verumne
3258 3720 3362 3775 hoc
3396 3717 3488 3780 sit,
3524 3713 3714 3781 inspi-

2107 3827 2358 3881 ciendum
2386 3833 2490 3880 est.
2528 3821 2663 3877 Nam
2696 3827 3058 3888 praeterquam
3093 3815 3239 3886 quod
3271 3809 3539 3878 subiectis
3579 3804 3713 3862 fidei

2109 3920 2395 3991 principiis
2421 3930 2651 3972 necesse
2685 3921 2792 3973 est.
2831 3914 2876 3967 si
2924 3913 3158 3967 velimus
3202 3923 3267 3963 ea
3303 3921 3424 3976 qua:
3458 3918 3718 3959 commuo

2113 4015 2251 4069 niter
2281 4028 2309 4065 a
2343 4007 2612 4079 theologis
2643 4009 2707 4062 de
2728 4004 3002 4059 Trinitate
3026 4000 3343 4065 traduntur,
3372 3996 3715 4057 observare;

2112 4107 2277 4161 etiam
2314 4121 2380 4160 ex
2406 4102 2543 4158 Filio
2583 4098 2901 4171 procedere,
2935 4095 3134 4161 fateri;
3165 4093 3302 4147 alios
3329 4088 3551 4158 quidem
3585 4100 3719 4139 san-

2115 4209 2232 4254 ctos
2263 4198 2550 4258 habemus,
2584 4207 2651 4247 ea:
2693 4188 2838 4246 Filio
2893 4190 3046 4244 illum
3103 4199 3228 4240 esse
3253 4184 3522 4243 dicentes,
3544 4186 3611 4233 et
3652 4173 3722 4228 ab

2118 4294 2236 4356 ipso
2267 4289 2468 4343 habere
2499 4298 2640 4350 esse,
2671 4293 2725 4338 et
2745 4297 2812 4338 ex
2845 4282 2965 4352 ipso
2994 4277 3316 4333 naturaliter
3338 4282 3502 4343 atque
3539 4284 3725 4324 essets-

2121 4384 2339 4444 tiatiter,
2371 4390 2431 4436 ut
2465 4377 2639 4449 ipsius
2667 4375 3041 4445 operationem
3073 4367 3376 4425 naturalem
3427 4372 3483 4419 et
3529 4377 3723 4418 essen-

2126 4474 2309 4530 tialem
2373 4472 2614 4540 prodire.
2656 4467 2724 4522 Et
2781 4463 2945 4522 sicuti
2996 4477 3063 4518 ex
3104 4458 3298 4522 Patre,
3333 4455 3405 4509 ita
3449 4453 3624 4507 etiam
3654 4463 3725 4503 ex

2125 4569 2262 4625 Filio
2299 4582 2445 4631 esse,
2477 4566 2779 4620 secundum
2821 4559 3073 4615 eumdem
3112 4552 3355 4608 modum.
3394 4547 3548 4601 Alios
3584 4558 3723 4598 vero

2128 4679 2221 4733 per
2276 4660 2470 4716 Filium
2519 4653 2844 4712 naturaliter
2884 4650 3123 4721 prodire.
3153 4653 3210 4699 ct
3250 4658 3347 4714 per
3392 4655 3518 4695 eum
3552 4648 3728 4707 atque

430 4762 585 4830 Quod
628 4726 686 4813 ἐἰ
738 4757 937 4825 ubique
991 4754 1173 4808 omnis
1225 4749 1470 4822 Symboli
1528 4747 1764 4817 adiectio
1797 4748 1987 4802 h:rrcsi

2130 4726 2195 4811 ex
2242 4769 2308 4808 eo
2353 4752 2625 4820 accipere,
2655 4758 2709 4802 et
2736 4761 2804 4801 ex
2844 4743 3011 4798 Patre
3040 4754 3136 4805 per
3162 4738 3359 4794 Filium
3392 4733 3724 4805 procedere,

432 4856 666 4924 putanda
733 4862 819 4906 est
851 4865 866 4902 :
899 4845 1152 4900 laudandi
1211 4854 1373 4898 erunt
1421 4843 1602 4901 Arius.
1645 4839 2020 4907 Macedonius,

434 4947 739 5002 Nestorins.
781 4952 836 4997 et
894 4938 1099 5002 cmteri,
1133 4938 1226 5006 qui
1270 4945 1462 4991 contra
1511 4936 1796 4991 veritatem
1840 4936 2024 4989 ral-ide
2106 4934 2113 4939 ’

435 5044 707 5096 intrarunt
760 5054 775 5092 :
836 5051 942 5089 non
986 5032 1355 5102 suscipientes
1403 5027 1759 5097 adiectiones,
1798 5041 2026 5098 propter

438 5139 618 5192 ﬁctam
648 5142 703 5189 et
735 5130 972 5186 fucatam
1006 5125 1349 5196 antiquitatis
1401 5127 1789 5180 reverentiam.
1820 5125 2023 5182 Contra

438 5222 722 5294 culpabilis
750 5220 945 5293 (hisce)
979 5217 1159 5275 omnis
1191 5214 1456 5273 Ecclesia.

513 5321 712 5375 Verum
757 5315 986 5384 plurima
1041 5326 1261 5384 queque
1343 5311 1656 5367 necessario
1719 5312 2025 5370 secundum

443 5413 602 5467 ﬁdem
647 5404 979 5467 conﬁtenda,
1015 5401 1276 5473 Symbnlo
1307 5418 1412 5457 non
1446 5402 1816 5458 continentur.
1846 5401 2033 5471 Neque

444 5502 591 5557 enim
621 5499 693 5554 ibi
726 5498 888 5551 beata
938 5492 1107 5549 Maria
1153 5489 1318 5563 Virgo
1363 5491 1457 5546 Dei
1520 5490 1769 5546 (ἕρπω-ἰν(
1809 5491 2032 5552 dicitur,

448 5590 547 5649 sed
585 5588 752 5655 Virgo
801 5584 1002 5641 solum.
1031 5582 1216 5653 Neque
1252 5582 1394 5649 quod
1447 5582 1538 5636 Dei
1572 5581 1807 5637 Verbum
1841 5590 2038 5636 sceun-

452 5688 579 5739 dum
613 5696 777 5737 unam
827 5677 1188 5734 substantiam
1219 5690 1377 5747 quem
1407 5676 1704 5745 aSStnupsit
1759 5674 2036 5730 liuiiiincm

454 5777 633 5833 nnivit
681 5774 782 5830 sibi
833 5772 971 5844 ipsi;
1007 5787 1203 5841 neque,
1249 5769 1391 5841 quod
1433 5770 1683 5825 Christus
1726 5770 1791 5823 ad
1841 5768 2044 5824 inferos

457 5869 823 5933 descenderit,
851 5866 990 5931 quod
1044 5865 1097 5919 in
1156 5863 1525 5932 apostolorum
1579 5861 1838 5930 Symhulu
1873 5860 2046 5915 fuerat

460 5970 749 6024 seriptum.
795 5960 978 6032 Neque
1009 5961 1247 6028 Spiritus
1289 5966 1511 6013 sanctus
1569 5957 1836 6011 asseritur
1870 5955 2028 6009 Dens.

537 6084 648 6155 (45)
680 6081 899 6140 Videtur
924 6080 1126 6150 aliquid
1165 6079 1374 6134 deesse.

2130 4852 2241 4904 imo
2277 4846 2441 4901 etiam
2473 4858 2537 4897 ex
2584 4840 2720 4896 Filio
2740 4838 3055 4909 procedere,
3080 4842 3133 4887 et
3164 4846 3286 4901 quae
3316 4829 3419 4881 alia
3460 4824 3726 4896 przcdicta

2128 4951 2275 4999 sunt.
2319 4941 2396 4993 Ita
2425 4938 2570 4992 enim
2624 4933 2728 5002 ipsi
2764 4931 2966 4986 dictum
3009 4926 3136 4983 illud
3165 4923 3586 4991 Evangelicum:
3627 4916 3729 4981 Qui

2130 5054 2164 5091 a
2231 5031 2394 5088 Patre
2472 5027 2746 5101 procedit,
2804 5028 3209 5091 exposua'unt;
3274 5015 3731 5085 complexumque

2132 5124 2451 5199 procedendi
2480 5120 2773 5177 terminum
2807 5116 3087 5180 addentes,
3112 5126 3180 5165 ex
3208 5108 3370 5164 Patre
3395 5119 3491 5175 per
3529 5103 3728 5199 Filium

2134 5194 2434 5292 prncedere
2463 5212 2902 5295 declaravcrunt.
2941 5205 3092 5275 Quos
3126 5200 3397 5272 profecto,
3433 5211 3597 5295 nemo
3632 5194 3733 5295 erit

2132 5288 2206 5367 ita
2241 5323 2452 5372 amens,
2472 5307 2565 5378 qui
2609 5304 2809 5361 audeat
2849 5288 3114 5355 accusare
3150 5293 3403 5349 fallaciae.
3443 5288 3553 5358 ipsi
3587 5288 3729 5341 enim

2134 5415 2282 5467 sunt,
2310 5403 2403 5474 qui
2426 5398 2658 5455 concilia
2683 5396 3041 5452 instituerunt
3075 5408 3089 5445 :
3125 5401 3222 5457 per
3250 5399 3388 5455 quos
3418 5382 3507 5437 illa
3543 5380 3730 5474 robur.

2144 5514 2205 5549 ne.
2266 5469 2540 5548 munimen
2588 5494 2942 5558 acceperunt.
2997 5492 3162 5552 atque
3220 5479 3290 5533 ab
3328 5476 3432 5541 eis,
3467 5489 3592 5529 cum
3630 5469 3732 5525 ulla

2146 5588 2309 5643 fuerit
2349 5588 2412 5642 de
2452 5584 2557 5639 ﬁde
2594 5581 2823 5653 quaestio
2849 5576 3133 5638 solvenda,
3168 5573 3234 5627 ad
3262 5571 3488 5625 istorum
3528 5563 3731 5619 doctri-

2150 5698 2271 5736 nnm
2330 5695 2393 5734 ac
2454 5674 2825 5746 magisterium
2884 5670 3173 5732 mittimur,
3232 5665 3350 5719 hinc
3401 5668 3456 5715 ct
3494 5658 3585 5713 illa
3639 5667 3730 5706 nos

2156 5774 2263 5844 ιιιιί
2295 5769 2638 5832 addentilms,
2671 5764 2775 5820 nisi
2812 5764 2944 5817 istos
2976 5757 3358 5826 suscipiamus.
3574 5748 3728 5801 etiam

2159 5839 2242 5919 hic
2277 5862 2633 5933 adiectionem
2679 5873 2782 5911 non
2826 5854 3133 5923 culpamus.
3165 5864 3224 5902 ac
3257 5861 3352 5917 per
3385 5839 3583 5897 Filium
3616 5854 3731 5910 pru-

2147 5959 2337 6013 cczlerc
2369 5968 2649 6027 negamus,
2675 5950 2930 6021 quoniam
2968 5948 3017 6003 in
3056 5941 3353 6011 Evangelia
3390 5937 3439 5991 id
3472 5934 3728 6004 scriptum
