3920 6544
222 331 298 395 193

1262 323 1669 385 ADVERSUS
1707 322 2020 384 GRtECOS
2056 324 2205 385 LIB.
2256 325 2352 387 ιν.

3313 328 3421 396 194

215 460 295 500 non
332 441 444 496 est?
481 441 542 493 At
581 452 811 505 magnus
848 437 918 490 ait
959 436 1309 502 Athanasius,
1344 439 1587 505 possibile
1638 453 1740 490 non
1771 442 1816 501 Α
1849 438 1973 491 hinc
2017 440 2166 492 solus
2218 438 2286 492 tle
2325 440 2442 492 solo
2502 440 2775 505 creditur,
2829 441 3030 496 idcirco
3058 451 3114 498 ct
3154 440 3419 513 Spiritum

216 553 299 592 esse
334 536 377 588 iit
411 530 673 585 Trinitatis
709 530 904 599 gloria,
941 528 1200 600 Spiritum
1247 541 1489 584 sanctum
1537 530 1739 601 gloriﬁ-

215 627 320 688 cari,
349 624 438 677 tusi
481 623 808 693 procedendo
843 624 907 678 sit
948 639 1014 677 ex
1049 620 1211 676 Patre
1236 638 1343 688 per
1378 619 1577 676 Filium
1599 638 1619 687 ;
1643 621 1737 675 sed

214 736 253 777 el
273 720 463 790 septima
489 719 748 789 synodus,
785 726 839 772 et
871 716 1128 771 Tarasius
1160 714 1469 785 patriarcha
1504 714 1740 768 sanctis-

215 816 365 877 simus,
404 821 454 863 et
497 819 813 865 sanctorum
874 808 1090 878 plurimi
1135 809 1187 860 in
1225 807 1347 861 lidei
1376 825 1485 862 sine
1518 807 1737 861 centies-

211 907 330 960 sione
375 918 433 957 es
500 900 663 956 Patre
724 918 818 972 per
868 900 1061 955 Filium
1119 892 1413 971 procedere
1471 900 1735 971 Spiritum

210 1006 409 1051 Sanctum
453 994 885 1048 insinuaverunt.

263 1087 520 1150 Cancrum,
576 1086 624 1140 si
682 1085 808 1155 quis
859 1084 990 1139 illud
1040 1085 1412 1154 evangelicum
1459 1103 1473 1140 :
1532 1083 1637 1150 Qui
1674 1099 1740 1138 ea:

120 1218 128 1227 .
216 1183 343 1235 Patre
373 1179 617 1245 procedit,
668 1178 755 1232 his
779 1180 870 1245 qui
916 1179 1078 1231 etiam
1130 1192 1195 1232 ex
1253 1176 1389 1231 Filio
1442 1175 1739 1248 procedere

207 1272 421 1342 Spiritum
476 1269 707 1328 dicunt.
758 1269 1017 1339 objiciat,
1071 1284 1175 1321 non
1242 1268 1348 1322 illis
1407 1269 1736 1323 contrariam

204 1363 386 1428 opponit
418 1374 624 1414 vocem.
678 1358 861 1430 Neque
925 1360 1095 1425 enim,
1127 1362 1171 1415 si
1223 1378 1287 1415 ex
1340 1358 1480 1414 Filio
1524 1372 1630 1423 est,
1670 1377 1736 1415 ex

206 1456 334 1520 Patre
384 1468 496 1508 esse
555 1454 807 1522 desinet;
839 1467 1013 1523 neque
1057 1454 1161 1508 ista
1217 1453 1448 1511 invicem
1502 1454 1737 1524 objecta,

203 1548 395 1601 invicem
431 1555 770 1615 pervertunt.
796 1546 933 1611 ltuo,
963 1557 1020 1600 ut
1058 1544 1298 1617 pluribus
1343 1547 1649 1609 docuimus,
1673 1562 1739 1601 ex

200 1639 328 1694 Patre
350 1654 458 1692 esse
484 1638 629 1706 quod
678 1636 902 1703 dicitur,
930 1653 1053 1693 esse
1086 1636 1251 1692 etiam
1278 1652 1344 1692 ex
1382 1638 1522 1693 Filio
1552 1638 1742 1693 subiu-

201 1733 329 1802 gerit.
360 1730 456 1785 Sed
489 1746 670 1802 neque
714 1747 779 1787 es
811 1729 976 1785 Patre
1012 1746 1110 1799 per
1135 1729 1329 1786 Filium
1375 1731 1674 1801 procedere
1709 1746 1738 1785 a

1841 536 2116 595 sanctum,
2147 532 2406 600 quoniam
2450 547 2514 586 ex
2543 532 2703 588 Patre
2738 534 3032 602 procedere
3071 533 3275 588 dictum
3314 543 3419 597 est,

1837 638 1904 675 ea:
1927 623 2063 687 solo,
2098 623 2199 693 ipsi
2264 623 2579 692 adjiciunt:
2633 627 2868 697 primum
2921 625 3166 697 quidem,
3227 633 3282 680 et
3318 627 3419 696 ipsi

1840 715 2163 783 adjicicutes
2214 727 2552 787 arguuntur,
2612 733 2789 789 neque
2824 720 2967 793 digni
3011 706 3140 774 sunt
3176 721 3267 790 qui
3323 736 3418 772 au-

1839 807 2076 875 diantur,
2109 824 2232 864 cum
2271 811 2592 865 insimulant
2614 826 2708 866 eos
2747 812 2836 881 qtti
2877 828 2941 866 ex
2972 812 3107 867 Filio
3141 812 3306 867 etiam
3334 806 3423 865 tl?-

1838 911 1972 955 cunt
1997 900 2316 971 adjectionis
2342 916 2529 956 causa.
2558 900 2772 957 Eisdem
2821 905 2965 958 enim
2998 914 3052 959 et
3085 905 3185 972 ipsi
3220 914 3418 959 tonen-

1839 1003 1927 1049 tur
1962 991 2429 1049 ohnosii.Deinde
2469 1003 2756 1063 cogentur,
2792 995 2837 1049 si
2870 996 3204 1064 unigenitum
3226 993 3418 1048 Filium

1841 1097 1898 1142 ιιι
1931 1074 2105 1141 solum
2146 1101 2210 1141 es
2248 1087 2366 1141 solo
2395 1086 2749 1154 conﬁtentur,
2786 1091 3083 1142 secundum
3121 1089 3421 1156 nativitatis

1844 1180 2161 1241 terminum,
2221 1181 2293 1233 ita
2343 1188 2397 1232 et
2454 1178 2716 1249 Spiritum
2774 1188 3063 1242 sanctum,
3094 1179 3305 1233 sublata
3354 1195 3420 1231 ex

1844 1268 2007 1324 Patre
2066 1269 2417 1339 processione
2457 1284 2554 1339 per
2585 1268 2823 1331 Filium,
2866 1269 3205 1339 unigenitum
3266 1268 3421 1320 lateri

1842 1361 2038 1416 Filium
2066 1371 2122 1415 ut
2150 1362 2324 1416 solum
2351 1378 2415 1417 ex
2449 1362 2587 1425 solo,
2620 1362 3075 1430 quemadmodum
3122 1359 3293 1414 Filius
3334 1375 3424 1411 so-

1843 1456 1927 1512 lus
1961 1472 2026 1509 cx
2051 1456 2170 1510 solo
2194 1467 2307 1520 est;
2330 1471 2505 1525 neque
2527 1457 2671 1510 enim
2702 1471 2767 1510 es
2793 1454 2910 1509 Solo
2942 1466 3148 1508 tantum
3167 1452 3423 1517 dicimus,

1842 1549 1938 1603 sed
1968 1547 2301 1617 unigenitum
2334 1561 2551 1617 quoque
2579 1547 2795 1602 Filium.
2826 1544 3030 1614 Nempe
3055 1547 3197 1600 enim
3238 1560 3427 1615 quem-

1844 1641 2132 1695 admolutn
2185 1640 2236 1693 in
2275 1641 2452 1694 sacris
2480 1642 2676 1695 litteris
2705 1640 2852 1694 solus
2906 1657 3057 1694 verus
3099 1639 3261 1693 Pater
3286 1640 3419 1691 dici-

1847 1741 1955 1797 tur,
1988 1745 2043 1786 et
2066 1734 2188 1801 quia
2225 1731 2394 1787 Nemo
2422 1735 2562 1788 novit
2607 1731 2842 1799 Filium,
2895 1734 2997 1787 nisi
3038 1732 3228 1795 Pater,
3261 1748 3423 1800 neque

201 1822 364 1878 Sanctis
385 1822 655 1875 diceretur
693 1838 708 1875 :
742 1822 785 1876 si
812 1820 1032 1892 quidem
1065 1821 1169 1876 ista
1204 1820 1478 1876 contraria
1511 1822 1740 1877 invicem
1776 1805 1819 1860 Β
1849 1823 2087 1886 Putrem,
2121 1824 2225 1877 nisi
2259 1823 2425 1879 Filius
2450 1826 2490 1855 "
2514 1839 2530 1888 ;
2558 1832 2613 1878 et
2642 1843 2656 1879 :
2692 1824 2795 1890 Qui
2827 1825 2994 1877 credit
3027 1824 3080 1876 in
3105 1839 3203 1881 me.
3237 1837 3339 1875 non
3367 1823 3423 1873 in

203 1922 368 1967 essent.
390 1911 519 1965 Nam
549 1914 595 1966 si
629 1927 694 1966 ex
719 1911 881 1968 Patre
910 1913 1024 1967 solo
1057 1913 1259 1969 dictum
1285 1912 1496 1977 fuiSset,
1518 1910 1744 1969 haberet

114 2050 120 2057 .
209 2006 434 2061 rationem
482 2004 801 2073 huiusmodi
872 2005 1131 2075 ohjectio.
1170 2007 1434 2071 Quoniam
1491 2022 1617 2062 vero
1672 2022 1740 2061 ex

205 2099 332 2152 Patre
362 2109 563 2152 tantum
605 2097 814 2153 dictum
855 2107 958 2163 est,
995 2098 1095 2152 hoc
1119 2110 1299 2152 autem
1330 2107 1387 2154 et
1411 2097 1480 2153 ab
1498 2099 1742 2170 utrisque

202 2207 280 2263 pro
318 2189 553 2248 confesso
615 2193 872 2254 habetur.
919 2206 1380 2262 supervacaneum
1429 2204 1514 2248 est
1578 2202 1741 2261 atque

204 2283 539 2349 vanissimam,
565 2285 773 2340 omisso
802 2299 890 2350 eo,
909 2286 1051 2356 quod
1074 2284 1244 2351 prius,
1276 2294 1336 2339 ut
1365 2285 1741 2352 ostenderent,

202 2391 362 2432 curare
393 2376 720 2442 debuerant,
752 2391 818 2431 es
849 2376 967 2430 solo
1000 2376 1210 2431 scilicet
1235 2376 1395 2430 Patre
1426 2380 1740 2444 procedere,

201 2472 318 2540 quod
362 2472 691 2525 contrarium
741 2479 826 2524 est
856 2469 928 2536 ei,
965 2469 1107 2538 quod
1161 2479 1266 2534 est,
1306 2484 1372 2524 ex
1404 2467 1544 2524 Filio
1571 2486 1694 2524 esse
1727 2488 1741 2525 :

203 2577 253 2616 cx
279 2559 420 2617 Patre
470 2561 771 2631 procedere
803 2563 946 2632 quod
974 2562 1196 2625 dicitur,
1226 2562 1380 2630 Quasi
1439 2578 1744 2633 repugnans

200 2652 367 2713 ducere
396 2655 476 2708 his
511 2653 608 2723 qui
640 2655 747 2709 hoc
784 2654 1096 2708 nullatenus
1129 2669 1348 2722 negant.

251 2741 504 2800 Concessa
530 2760 664 2813 ergo
706 2749 776 2797 ab
823 2744 1106 2813 utriusque
1142 2742 1406 2814 Spiritum
1455 2762 1521 2799 ex
1580 2746 1746 2802 Patre

198 2840 471 2906 procedere,
499 2835 865 2907 reliquasjatn
890 2837 1186 2891 sententias
1212 2837 1611 2908 inspiciendum
1638 2852 1744 2903 est.

199 2929 368 3000 quibus
394 2930 569 3000 magis
620 2929 986 2984 conveniant:
1016 2929 1195 2995 hisne,
1223 2933 1313 3000 qui
1348 2946 1413 2985 ex
1443 2933 1558 2987 solo
1585 2931 1746 2988 Pattc

199 3020 458 3087 procedere
511 3018 705 3075 dicunt
739 3020 1004 3090 Spiritum
1050 3032 1301 3077 sanctum
1330 3061 1346 3086 ,
1382 3037 1449 3076 an
1479 3040 1605 3078 vero
1663 3027 1747 3079 his

1844 1934 1927 1971 me
1958 1918 2147 1981 credit,
2180 1915 2271 1970 sed
2301 1918 2357 1970 iu
2376 1930 2515 1983 eum,
2546 1919 2636 1988 qui
2674 1917 2815 1971 misit
2857 1916 3025 1982 me";
3056 1921 3108 1969 et
3132 1933 3147 1971 :
3174 1914 3295 1968 Mea
3323 1914 3423 1965 do-

1844 2007 1987 2061 trina
2016 2024 2118 2061 non
2153 2016 2230 2060 est
2258 2024 2370 2061 mea
2399 2007 2476 2069 υς
2511 2023 2683 2077 neque
2719 2007 3097 2077 cetnpcllimur
3136 2006 3266 2057 solis
3300 2020 3423 2072 per-

1846 2103 2000 2155 sonis
2043 2101 2101 2154 in
2152 2100 2349 2169 quibus
2388 2100 2695 2169 hujusmod't
2735 2102 2960 2154 deﬁnite
3006 2099 3293 2159 dicuntur,
3321 2099 3425 2147 ista

1845 2190 2200 2257 distribuere;
2254 2192 2347 2248 sed
2391 2194 2536 2246 solus
2565 2192 2773 2262 quidem
2807 2206 2996 2252 verus,
3037 2199 3091 2242 et
3131 2188 3316 2252 Patri,
3371 2199 3426 2239 et

1848 2279 1988 2337 Filio
2058 2292 2424 2354 congruenter
2476 2292 2725 2353 aptatur;
2773 2282 2925 2352 quasi
2985 2296 3088 2333 non
3153 2278 3426 2346 oltjeetuttt

1845 2379 2062 2432 illorum
2092 2376 2542 2431 subslautialibus
2570 2376 2992 2445 proprietatibus
3011 2373 3163 2444 (41);
3191 2388 3425 2441 cognos-

1845 2488 1971 2529 cere
1993 2485 2176 2526 autctn
2210 2470 2426 2524 Patrem
2448 2508 2465 2533 ,
2516 2480 2571 2524 et
2602 2468 2822 2531 Filium,
2858 2477 2911 2521 ct
2943 2467 3009 2521 ab
3045 2467 3126 2521 eis
3183 2464 3426 2533 agnosci,

1846 2565 2011 2619 etiam
2046 2561 2276 2634 Spiritui
2299 2569 2491 2614 sancto
2520 2560 2911 2625 distribuitur;
2964 2573 3028 2614 eo
3058 2560 3200 2626 quod
3251 2557 3428 2624 objec-

1846 2668 1960 2713 tum
1994 2675 2100 2712 non
2135 2659 2208 2712 sit
2240 2656 2384 2711 scire
2416 2658 2564 2736 illius
2601 2654 2945 2710 substantiali
2980 2653 3328 2724 proprietati,
3364 2666 3429 2703 ac.

1848 2752 1916 2805 de
1956 2751 2080 2806 aliis
2113 2751 2388 2804 similiter.
2422 2748 2521 2805 Ubi
2556 2749 2697 2804 enim
2754 2764 2861 2802 non
2913 2750 3095 2802 obstat
3151 2747 3431 2802 relationis

1849 2843 2124 2911 oppesitio
2147 2882 2162 2904 ,
2220 2842 2350 2894 nihil
2404 2840 2661 2909 prohibet
2694 2840 2837 2909 quod
2872 2840 3073 2893 dicitur
3105 2853 3427 2906 congruere.

1851 2935 1928 2989 ita
1968 2951 2146 3002 neque
2179 2934 2223 2988 si
2257 2950 2284 2986 a
2321 2932 2481 2987 Patre
2522 2934 2800 2987 diceretur
2854 2933 3148 3001 procedere
3195 2929 3433 2999 Spiritus

1848 3039 2074 3083 sanctus
2108 3036 2162 3080 t-t
2192 3025 2481 3079 adderetur
2515 3025 2653 3088 solo,
2677 3022 2852 3076 valide
2876 3034 3055 3094 posset
3077 3025 3175 3075 hoc.
3208 3033 3256 3077 et
3291 3021 3431 3075 Filio

196 3111 272 3180 qui
292 3113 423 3166 hunc
444 3126 511 3167 ex
546 3110 711 3167 Patre
741 3112 1106 3176 conﬁtentur,
1170 3128 1234 3167 ac
1275 3112 1446 3168 Filio?
1476 3113 1538 3168 lli
1578 3116 1749 3186 siqui-
1775 3156 1820 3211 ϐ
1855 3122 2062 3191 negari.
2110 3119 2262 3175 Nune
2317 3129 2493 3172 autem
2545 3120 2762 3189 quando
2817 3118 3141 3187 simpliciter
3182 3133 3212 3172 τι
3270 3115 3433 3169 Ptine

197 3208 297 3261 dem
339 3205 494 3272 illud,
554 3207 697 3277 quod
729 3207 967 3261 dicitur:
1010 3204 1083 3261 De
1124 3224 1234 3261 tneo
1276 3210 1491 3277 accipiet
1531 3210 1586 3273 ³;
1639 3222 1694 3264 ct
1733 3229 1748 3266 :

198 3297 331 3365 Quem
365 3315 454 3369 ego
488 3301 697 3352 mittant
725 3299 788 3365 ‘;
836 3314 890 3355 et
921 3317 936 3353 :
982 3296 1245 3369 Spiritum
1288 3308 1521 3355 ret-.tatis
1549 3304 1570 3332 "
1598 3323 1611 3369 ;
1659 3317 1709 3358 et
1736 3323 1748 3357 :

199 3390 344 3445 Mutet
380 3393 538 3447 Pater
575 3393 630 3445 in
660 3394 868 3447 nomine
917 3410 1029 3448 meo
1055 3395 1074 3424 “
1106 3412 1121 3461 ;
1173 3404 1226 3450 et
1260 3413 1272 3449 :
1320 3395 1447 3466 ligo,
1492 3406 1541 3449 et
1593 3398 1754 3451 I'uter

200 3502 335 3539 unum
365 3504 545 3539 sumus
571 3486 627 3551 7;
687 3496 742 3540 et
770 3502 783 3537 :
816 3486 1033 3552 Omnia,
1082 3506 1201 3558 qua:
1241 3489 1396 3542 liabet
1438 3490 1598 3543 Pater
1639 3507 1753 3544 mea

199 3577 437 3643 snnt';et
469 3595 482 3630 :
514 3576 573 3632 Si
613 3578 666 3630 in
695 3576 859 3647 digito
895 3577 989 3631 Dei
1023 3581 1138 3633 sive
1164 3582 1213 3633 in
1247 3579 1449 3648 Spiritu
1484 3580 1573 3633 Dei
1601 3583 1752 3649 ejicio

198 3670 493 3725 damoniu’.
559 3669 870 3740 Insufﬂatvt't
930 3681 977 3723 et
1022 3671 1195 3737 dixit,
1225 3672 1460 3740 Accipite
1488 3673 1749 3737 Spiritum

198 3775 407 3816 sanctum
429 3764 499 3827 ‘°,
530 3774 583 3817 et
616 3772 880 3817 sescenta
914 3764 1077 3831 talia,
1127 3780 1241 3818 sure
1293 3765 1494 3818 habent
1538 3769 1748 3820 tonics-

198 3856 316 3910 εἰοιιί
357 3872 613 3911 consona.
653 3856 750 3911 "is
780 3858 963 3920 enim,
998 3867 1054 3910 ttt
1106 3861 1360 3925 superius
1405 3859 1609 3914 dictum
1643 3872 1748 3927 est,

199 3950 413 4018 magistri
458 3950 719 4005 Ecclesia:
775 3950 1025 4014 inducti,
1078 3953 1367 4020 prtedictas
1425 3950 1493 4005 de
1538 3952 1745 4021 Spiritu

199 4050 361 4096 sancto
400 4044 574 4097 tulere
598 4043 925 4106 sententias,
960 4056 1013 4095 et
1059 4056 1150 4108 per
1180 4041 1376 4096 Filium
1411 4052 1462 4096 et
1493 4058 1558 4095 ea;
1605 4042 1750 4098 Filio

199 4138 465 4203 procedere
508 4138 760 4189 dixerunt
788 4149 803 4198 ;
860 4134 953 4202 qui
1009 4145 1187 4187 autem
1222 4149 1287 4187 ex
1318 4134 1432 4188 solo
1464 4135 1623 4189 Patre
1656 4152 1751 4189 vo-

200 4226 299 4283 lunt
329 4230 527 4292 dicere,
552 4227 759 4283 nullum
790 4226 1015 4280 omnino
1046 4241 1143 4293 pro
1181 4241 1241 4280 se
1275 4226 1481 4281 habent
1511 4229 1752 4284 testimo-

200 4323 357 4385 nium;
391 4323 521 4382 imo,
575 4330 629 4374 et
670 4318 925 4391 pra-dicta
979 4318 1159 4372 omnia
1206 4318 1307 4373 sibi
1370 4322 1749 4388 adversantur,

200 4415 460 4482 hostesque
495 4414 689 4467 habent
721 4424 940 4465 sanctos
976 4409 1185 4474 Patres,
1216 4410 1310 4480 qui
1350 4410 1437 4464 illa
1475 4416 1555 4467 sic
1586 4432 1750 4486 expo-

198 4516 420 4560 suerunt.

257 4599 395 4664 Quod
422 4600 467 4654 si
510 4600 558 4654 id
588 4598 881 4669 objiciunt,
911 4598 1171 4665 scriptum
1209 4614 1312 4650 non
1340 4614 1477 4660 esse,
1506 4614 1569 4650 ex
1596 4599 1748 4667 Filio,

197 4692 402 4756 pritumn
435 4691 673 4759 quidem,
725 4688 799 4740 De
845 4704 955 4739 meo
1007 4686 1260 4749 accipiet,
1299 4699 1352 4738 et
1388 4688 1572 4738 omnia
1631 4702 1751 4755 qua)

199 4790 322 4837 dicta
350 4795 500 4844 sunt,
530 4781 593 4835 ad
631 4784 778 4836 istud
810 4783 1060 4843 tendunt,
1096 4796 1199 4833 ntst
1246 4783 1468 4833 vocibus
1500 4782 1751 4832 maximis

194 4860 538 4932 ilatnantihus
567 4874 809 4938 sanctis,
850 4868 1073 4926 illorutu‘
1106 4888 1264 4927 aures
1298 4873 1510 4942 penitus
1549 4875 1750 4928 obsur.

201 4972 444 5034 deerunt;
485 4970 887 5035 deinde,neque
919 4982 981 5019 es
1014 4965 1129 5020 solo
1159 4965 1316 5019 Patre
1349 4966 1611 5035 scriptum
1644 4977 1750 5020 est.

202 5059 362 5130 Itaque
388 5078 454 5113 no
474 5079 498 5111 ιι
519 5063 686 5129 magis
717 5074 819 5126 pro
847 5074 930 5121 se,
961 5074 1122 5126 quam
1151 5066 1338 5110 contra
1366 5070 1447 5123 se,
1478 5070 1586 5109 non
1629 5072 1764 5112 esse

205 5156 439 5222 scriptum
477 5157 750 5224 Obthllltll.

268 5246 316 5298 Si
364 5258 558 5308 autem,
614 5246 870 5313 tlttttttiztttt
916 5243 1081 5295 Filius
1127 5257 1190 5295 cx
1241 5240 1399 5294 Patre
1446 5243 1667 5308 dicitur,
1700 5254 1755 5299 et

1857 3215 2057 3267 dictum
2108 3225 2189 3266 Col
2224 3253 2237 3278 ,
2274 3228 2447 3281 neque
2488 3214 2758 3278 adjectum
2796 3221 2877 3264 est
2918 3211 3030 3264 solo
3055 3252 3070 3274 ,
3112 3226 3231 3264 cum
3266 3212 3429 3262 etiam

1858 3305 2179 3375 producere,
2216 3314 2271 3356 ιιι
2306 3304 2449 3356 nativ
2476 3303 2571 3356 tati
2617 3318 2723 3356 nou
2770 3302 3058 3356 adversum
3095 3302 3256 3353 etiam
3294 3298 3432 3352 Filio

1854 3400 2166 3458 conveniat,
2220 3414 2282 3450 ac
2326 3409 2610 3465 pttqtterea
2669 3410 2956 3447 rudimunc
3002 3409 3121 3446 esse
3164 3391 3306 3445 Patri
3368 3408 3433 3445 ac

1856 3486 1995 3542 Filio
2029 3490 2346 3556 inSpieiatur
2370 3529 2385 3553 ,
2416 3490 2796 3541 stultissimum
2834 3486 3161 3539 omnimodis
3196 3498 3275 3537 est
3309 3501 3435 3537 vcr-

1856 3586 1981 3636 hum
2025 3598 2241 3651 rapere,
2277 3597 2342 3635 ac
2372 3596 2467 3651 per
2518 3584 2618 3634 hoc
2659 3577 2856 3633 Filium
2898 3594 2925 3631 a
2965 3576 3141 3631 Patris
3186 3593 3433 3629 conititu-

1854 3676 2018 3726 itione
2059 3672 2361 3725 set-ludere.

1924 3767 2111 3834 Atqui,
2145 3765 2226 3818 vel
2261 3762 2685 3830 dispensationis
2706 3761 2936 3831 impletis
2965 3771 3331 3823 sacramenta,
3351 3762 3433 3815 vel

1855 3856 2134 3925 discipulis
2198 3870 2462 3924 parcens,
2509 3853 2592 3907 sui
2653 3868 2759 3906 non
2798 3853 3044 3905 meminit
3075 3890 3088 3913 ,
3122 3853 3265 3921 quod
3295 3851 3435 3903 forte

1854 3950 2055 4018 majora
2084 3948 2161 4001 \lc
2191 3948 2284 4001 illo
2316 3964 2420 4000 non
2452 3954 2706 4016 ettperent
2732 3962 2746 4000 :
2774 3963 2794 3997 ι
2837 3945 3010 3999 Multa
3042 3947 3200 4010 enim,
3237 3944 3433 4013 inquit,

1854 4043 2016 4095 habeo
2049 4040 2189 4094 vobis
2212 4040 2404 4104 dicere,
2435 4044 2525 4091 sed
2554 4055 2653 4091 non
2683 4040 2893 4106 potestis
2921 4038 3385 4106 porturemodo“;
3409 4057 3427 4085 ι

1854 4138 1960 4190 sive
1988 4137 2058 4188 ad
2092 4135 2408 4203 principium
2444 4148 2598 4185 suum
2652 4134 2828 4185 omnia
2869 4135 3132 4200 referens,
3165 4152 3195 4185 α
3243 4149 3341 4203 quo
3383 4144 3434 4187 et

1854 4231 1959 4298 ipse
1995 4239 2095 4294 est,
2124 4237 2171 4280 et
2207 4245 2305 4280 sua
2331 4206 2530 4287 omniti,
2579 4235 2637 4278 tit
2661 4226 2735 4278 ait
2782 4227 3067 4292 theologus
3094 4225 3427 4292 Gregorius;

1855 4329 1969 4381 sive
1999 4324 2188 4383 etiam,
2222 4322 2365 4389 quod
2399 4329 2453 4370 et
2495 4318 2804 4371 necessario
2845 4318 2895 4369 id
2926 4320 3258 4371 credendum
3288 4332 3431 4371 esset

1858 4423 2083 4487 propter
2138 4426 2407 4467 summam
2454 4411 2519 4463 ad
2581 4408 2795 4460 Patrem
2845 4411 3247 4477 a‘qttalitatem,
3286 4409 3432 4464 istud

1785 4493 1828 4548 Ῑ)
1858 4508 2041 4563 dicere
2081 4506 2286 4560 (inrisit.
2345 4503 2519 4557 Filius
2547 4502 2741 4571 quippe
2785 4499 2961 4554 Patris
3010 4511 3112 4565 est,
3151 4500 3436 4571 Patrisque

1862 4599 2104 4657 deﬁnitio
2140 4608 2192 4653 et
2230 4595 2493 4651 Verbum.

1930 4692 2252 4760 Quanquam
2283 4704 2348 4742 ex
2385 4688 2760 4757 superioribus
2794 4684 3075 4739 sententiis
3099 4685 3433 4737 tantumdem

1858 4784 2187 4845 valentibus,
2217 4795 2390 4849 neque
2424 4784 2526 4832 hoc
2551 4778 2774 4832 omnino
2811 4778 3045 4830 tacuisse
3078 4776 3434 4843 deprehendi-

1862 4888 1991 4930 tur:
2028 4890 2215 4928 verum
2268 4873 2411 4943 quod
2458 4871 2548 4925 isti
2582 4873 2846 4923 instanter
2880 4879 3097 4934 negant,
3155 4870 3429 4936 praedicat.

1858 4967 1992 5022 Nam
2059 4966 2356 5033 Scriptura:
2404 4963 2602 5030 duplex
2650 4964 2843 5015 modus
2910 4970 2993 5014 est
3048 4959 3263 5013 dicendi
3311 4975 3433 5027 qum

1860 5059 2011 5113 velit.
2068 5060 2176 5113 Aut
2233 5058 2377 5109 enim
2424 5070 2576 5123 puris
2621 5055 2963 5123 propriisque
3016 5052 3433 5110 nominibus,ut

1863 5167 1982 5205 cum
2016 5151 2260 5213 Patrem,
2292 5160 2343 5203 et
2384 5146 2613 5211 Filium,
2661 5157 2714 5201 et
2751 5146 3013 5215 Spiritum
3050 5153 3294 5196 sanctum
3333 5156 3431 5193 no-
3508 5198 3514 5205 _

1864 5246 2071 5310 mittat;
2109 5246 2222 5297 sive
2269 5224 2389 5297 cum
2424 5257 2488 5297 ex
2537 5251 2722 5311 aperte
2761 5240 2946 5303 dictis,
3003 5238 3085 5291 his
3129 5239 3291 5289 etiam
3342 5250 3433 5288 sc-

273 5382 455 5436 ‘Joau.
484 5398 590 5438 xvt.
622 5382 707 5437 lt.
785 5380 984 5433 ‘Joau.
1017 5393 1104 5445 xv,
1128 5380 1219 5443 ‘26,
1294 5378 1316 5408 ⁸
1340 5376 1469 5431 ibid.
1544 5378 1567 5407 ⁸
1593 5376 1749 5435 Joan.
1776 5379 1993 5441 stv.26.
2070 5381 2089 5412 ⁷
2111 5378 2270 5433 Joan.
2297 5394 2351 5443 κ,
2371 5379 2459 5434 30.
2537 5374 2733 5431 'Joan.
2761 5391 2872 5442 xvi,
2900 5374 2988 5429 13.
3018 5444 3027 5445 ί
3068 5374 3089 5404 ’
3112 5334 3442 5435 Matth-im,

211 5452 300 5519 Q8;
328 5454 452 5509 Luc.
475 5471 542 5519 at,
564 5456 651 5507 20.
735 5453 777 5483 "
809 5450 964 5505 Joau.
993 5466 1085 5516 xx,
1105 5450 1192 5502 il.
1274 5449 1315 5478 ¹¹
1343 5449 1532 5502 Matth.
1563 5464 1641 5515 ιι,
1667 5450 1757 5504 27.

269 5593 370 5661 (Η)
402 5594 504 5649 lloc
532 5597 644 5648 vult
674 5596 855 5649 dicere
890 5610 997 5647 esse
1041 5593 1211 5646 solum
1243 5606 1416 5645 rerum
1467 5604 1573 5643 non
1631 5607 1755 5644 esse

215 5670 515 5737 permutauerit
551 5669 939 5737 proprietatem
982 5665 1180 5727 Patris,
1222 5678 1286 5715 ac
1340 5663 1565 5737 proinde
1589 5665 1752 5737 etiam

216 5732 332 5784 ιιίιιυ
373 5732 690 5803 competere,
749 5752 854 5788 non
890 5740 1140 5787 obstante
1186 5735 1451 5803 vocabulo
1481 5747 1651 5785 uerus.
1689 5732 1752 5783 lit

228 5805 453 5859 Similiter
494 5801 771 5878 Spiritum
811 5815 1383 5874 sauttutniagomcerc
1439 5801 1650 5856 Patrem
1694 5813 1747 5854 ct

1840 5451 1880 5480 "
1902 5449 2061 5505 Joau.
2093 5466 2190 5511 sit,
2222 5451 2310 5505 4i.
2394 5447 2604 5503 "Juno.
2640 5462 2739 5517 vtt,
2770 5448 2854 5500 iri.
2938 5447 2976 5475 ”
3006 5444 3159 5500 Joatt.
3192 5455 3301 5504 stt,
3339 5446 3426 5493 12.

1855 5589 2049 5644 Filium
2086 5591 2233 5645 etab
2273 5592 2379 5644 illis
2413 5590 2634 5661 agnosci
2664 5573 2958 5645 convenire
3001 5590 3165 5645 etiam
3198 5586 3427 5658 Spiritui

1853 5676 2047 5717 sancto
2079 5681 2143 5716 eo
2166 5666 2305 5730 quod
2352 5678 2486 5715 scire
2513 5663 2591 5715 vel
2642 5665 2860 5728 agnosci
2906 5679 3009 5716 nou
3037 5672 3104 5715 su
3129 5664 3432 5730 pereottults

1857 5738 2156 5802 proprietas
2184 5735 2297 5802 Sptt
2314 5734 2420 5786 itus
2443 5733 2638 5797 sancti.
