3920 6558
506 348 612 417 195

1765 352 2175 416 ΜΛΝΟΕΙᾸΞ
2214 352 2524 414 (ῘΑῐιΕΟίΕ

3685 361 3780 427 196

501 466 724 535 quentia
761 464 946 535 elicit;
976 466 1432 538 quemadmodum
1481 468 1957 525 cousubstautialis
1990 483 2083 523 no-
2118 478 2161 533 Α
2266 465 2331 520 Et
2370 483 2517 523 nunc
2544 481 2765 538 quoque
2810 466 2941 522 licet
2990 466 3042 521 in
3082 467 3341 541 Symbolo
3375 470 3639 542 scriptum
3675 489 3777 530 non

502 574 660 625 men,
702 567 759 613 ut
795 559 1093 629 Scriptura:
1138 573 1442 630 congruum
1495 561 1863 631 intelligentia:
1915 561 2093 616 credi-

504 661 617 705 tmn
676 662 777 714 est,
839 652 984 720 quod
1041 651 1292 721 plurimis
1341 662 1532 722 aperte
1581 655 1777 723 positis
1812 653 2092 709 videretur

486 746 649 815 iuxta
690 743 1104 807 intelligentiam
1138 747 1477 801 necessario
1508 761 1838 815 congruere.
1872 745 2087 801 Dietum

499 837 649 889 enim
692 845 775 889 est
804 853 817 888 :
855 834 965 905 Ego
990 845 1037 889 et
1070 834 1231 889 Pater
1253 852 1412 890 unum
1433 854 1618 893 sumus
1638 836 1684 869 "
1705 856 1719 901 ,
1741 849 1796 891 et
1826 856 1839 892 :
1871 836 2086 901 Omnia,

497 943 617 995 qtae
652 927 816 982 Pater
856 928 1006 997 facit,
1026 929 1138 984 Itazc
1179 939 1228 984 et
1261 928 1435 985 Filius
1479 930 1609 1001 facit
1655 930 1898 985 similiter
1922 930 1965 961 ¹⁶
1990 974 2003 995 ,
2035 939 2090 986 et

497 1037 621 1088 qua:
651 1021 701 1075 in
737 1020 882 1076 hanc
904 1020 1137 1076 fortnam
1174 1023 1381 1091 scripta
1406 1034 1554 1078 sunt.
1592 1023 1660 1078 Et
1685 1033 1833 1077 certe
1864 1023 1971 1087 his,
1998 1024 2086 1091 qui

499 1114 670 1168 solani
703 1115 985 1169 intuentur
1022 1116 1282 1181 litteram,
1319 1118 1596 1171 contraria
1633 1116 1949 1171 viderentur
1985 1115 2084 1179 illi,

500 1209 648 1277 quod
678 1218 873 1276 aperte
896 1208 1095 1261 dictttm
1129 1218 1214 1262 est
1243 1207 1454 1263 :.Pater
1484 1209 1661 1278 major
1685 1225 1766 1262 me
1785 1217 1861 1263 est
1882 1210 1947 1263 ¹”¹.
1977 1209 2087 1265 Sed

503 1310 709 1363 tamen,
763 1299 1021 1367 quoniam
1076 1314 1140 1353 ex
1178 1299 1262 1353 his
1322 1315 1443 1370 qua:
1488 1310 1678 1371 aperte
1723 1301 1869 1356 dicta
1901 1312 2082 1367 erant,

501 1393 815 1446 necessario
859 1392 1316 1447 consubstantiale
1369 1395 1729 1463 sequebatur,
1773 1374 1830 1450 et
1868 1411 2082 1463 verum,

407 1556 422 1572 .
497 1494 556 1540 ct
581 1484 877 1553 Scriptum
912 1501 1212 1540 consonum
1241 1501 1362 1541 esse
1383 1528 1399 1552 ,
1428 1487 1728 1542 iudicatum
1761 1498 1867 1544 est.

573 1578 753 1634 Simili
782 1596 913 1649 ergo
946 1582 1158 1635 ratione
1196 1591 1251 1636 et
1281 1582 1423 1651 quod
1456 1582 1663 1637 dicitur
1690 1585 1856 1638 etiam
1888 1601 1916 1637 a
1946 1584 2086 1639 Filio

484 1685 622 1725 esse
648 1669 910 1740 Spiritum
939 1681 1210 1735 sanctum,
1245 1688 1352 1727 non
1382 1673 1601 1743 quidem
1637 1676 1704 1730 ad
1745 1675 2005 1739 litteram,
2031 1684 2085 1731 et

495 1773 685 1833 aperte
722 1764 773 1819 in
803 1764 1087 1834 Scriptura
1123 1764 1360 1834 positum
1392 1776 1497 1829 est,
1531 1767 1624 1821 sed
1655 1781 1717 1820 ea
1749 1782 1872 1838 qua:
1897 1775 2085 1838 aperte

497 1857 641 1911 dicta
697 1868 849 1921 sunt,
906 1858 1176 1926 sequitur.
1206 1858 1337 1923 Qua:
1377 1872 1560 1915 autem
1594 1873 1854 1915 concessa
1886 1876 1952 1915 ex
1992 1875 2087 1915 ne-
2118 1848 2160 1902 Β
2193 1860 2274 1912 rio
2335 1858 2387 1911 in
2430 1871 2655 1928 magnas
2705 1856 3074 1910 ahsurditates
3119 1856 3490 1911 incidentibus
3541 1876 3558 1912 :

492 1952 754 2004 cessitate
793 1960 1136 2021 sequuntur,
1173 1960 1228 2004 et
1263 1951 1352 2004 illa
1392 1967 1519 2006 vera
1569 1953 1681 2008 sint
1717 1968 1946 2008 necesse
1977 1962 2084 2008 est.

496 2041 963 2105 Qnemadmmlnm
1013 2042 1068 2095 in
1120 2042 1418 2110 disciplinis
1469 2043 1898 2110 conclusiones,
1963 2060 2085 2114 qua:

495 2133 764 2200 principia
801 2144 1128 2203 sequuntur.
1163 2134 1435 2203 Scriptum
1467 2137 1669 2206 quippe
1707 2144 1821 2190 est:
1852 2135 2088 2205 Spiritus

497 2227 753 2281 veritatis.
786 2227 855 2280 At
886 2227 1086 2280 veritas
1121 2223 1291 2283 Filius
1320 2237 1440 2291 est;
1486 2239 1540 2284 et
1581 2228 1649 2282 ab
1679 2243 1744 2285 eo
1779 2231 1985 2295 audire,
2032 2240 2090 2286 et

493 2321 756 2388 accipere,
808 2331 865 2376 et
901 2325 1061 2388 mitti,
1109 2333 1166 2379 et
1219 2322 1494 2393 insufﬂari
1543 2323 1777 2388 dicitur;
1814 2338 1935 2394 qum
1969 2341 2091 2395 pro-

497 2415 638 2469 ferto
670 2415 855 2469 omnia
882 2416 1140 2472 Ecclesia:
1172 2417 1420 2486 magistri
1456 2417 1583 2471 dum
1609 2427 1971 2486 eXpouerent,
1994 2434 2090 2487 per

497 2508 695 2563 Filium
729 2510 1025 2580 procedere
1044 2510 1320 2573 dixerunt,
1342 2517 1401 2566 et
1435 2510 1507 2565 ab
1531 2510 1645 2575 illo,
1672 2524 1823 2574 esse,
1856 2510 2085 2578 habere,

496 2608 558 2652 ut
589 2602 656 2653 ab
689 2602 806 2669 ipso
832 2602 1218 2672 accipientem,
1247 2615 1298 2656 et
1331 2617 1396 2656 ex
1447 2602 1578 2672 ipso.
1596 2599 1851 2671 esse,'ac
1892 2617 2089 2674 proce-

496 2692 653 2754 dere,
693 2703 748 2747 et
773 2711 892 2763 qua:
928 2696 1186 2763 pnedicta
1227 2706 1375 2749 sunt.

570 2785 626 2838 Si
660 2786 829 2849 enim,
861 2790 1120 2857 qttoniam
1157 2787 1342 2843 vctbis
1374 2786 1519 2842 dicta
1553 2803 1663 2843 non
1701 2797 1848 2851 sunt,
1885 2786 2089 2841 intelli-

492 2877 732 2945 gentiam
788 2893 1001 2949 qnoque
1039 2878 1254 2934 illorum
1301 2879 1653 2948 repellamus,
1697 2879 1929 2948 plurima
1962 2893 2089 2948 pro-

500 2970 643 3024 iecto
697 2978 756 3025 et
786 2972 1120 3034 necessaria,
1152 2981 1206 3025 et
1236 2986 1500 3026 concessa
1533 3010 1547 3032 ,
1595 2980 1652 3024 ut
1708 2972 1914 3024 dictum
1974 2979 2083 3033 est,

493 3064 773 3128 eiicicmus
807 3080 820 3115 :
862 3065 956 3118 sed
990 3077 1043 3117 et
1079 3064 1257 3133 ipsum
1303 3061 1585 3118 Trinitatis
1618 3078 1839 3124 nomen,
1878 3069 1927 3115 et
1962 3061 2088 3114 sub-

2197 561 2267 612 sit
2295 562 2360 615 de
2384 558 2589 631 Spiritu
2620 572 2832 627 saneto,
2866 564 3008 632 quod
3035 562 3180 618 Deus
3213 578 3374 619 verus
3417 570 3484 619 de
3519 567 3627 621 Deo
3659 583 3781 626 vero

2198 656 2293 719 sit,
2340 656 2384 708 si
2441 669 2565 709 cum
2620 655 2668 708 id
2696 655 2906 709 veniret
2963 655 3018 708 in
3052 655 3277 710 dubium
3305 694 3320 721 ,
3358 656 3599 712 Ecclesia
3636 659 3778 717 illum

2195 763 2444 803 errorem
2480 747 2745 817 repellere
2774 754 3032 817 satagens
3077 749 3179 803 hoc
3210 748 3470 821 Syntbolo
3501 750 3778 820 adiiceret,

2198 842 2435 909 putanda
2485 854 2591 893 non
2647 848 2794 895 esset
2832 839 3425 918 hlaspltetnare._l\am
3467 842 3512 896 si
3564 843 3778 913 quidem

2197 932 2382 986 omnia
2416 941 2602 1001 aperte
2633 932 2840 1001 scripta
2892 941 3112 996 essent,
3153 933 3297 988 nulla
3347 934 3575 1014 haeresis
3628 950 3781 1007 caput

2196 1020 2446 1076 attollere
2477 1022 2722 1076 auderet.
2754 1021 2909 1077 Nunc
2940 1032 3119 1078 autem
3152 1035 3367 1094 oportet
3395 1038 3449 1079 et
3477 1029 3708 1081 lucreses
3732 1031 3778 1085 in

2199 1116 2357 1169 nobis
2377 1131 2519 1180 esse,
2541 1118 3132 1186 propterquorumdam
3158 1118 3482 1187 nequitiam,
3498 1130 3548 1173 ut
3576 1122 3780 1189 probati

2197 1206 2467 1262 manifesti
2502 1209 2652 1263 liant.
2671 1208 2777 1263 Sed
2796 1206 3197 1266 etScrutamini
3213 1209 3542 1281 εει-ἔρωνται,
3581 1214 3668 1269 die
3695 1229 3779 1269 utn

2194 1316 2301 1355 non
2339 1310 2508 1366 esset,
2532 1301 2578 1357 si
2606 1302 2789 1356 omnia
2822 1302 3000 1357 lucide
3042 1314 3097 1358 et
3127 1314 3314 1373 aperte
3337 1305 3540 1374 scripta
3574 1318 3776 1362 essent.

2263 1394 2341 1448 Ita
2375 1394 2538 1463 igitur
2562 1404 2617 1449 et
2643 1394 2767 1448 ﬁdei
2796 1396 3099 1466 principiis,
3125 1408 3178 1450 et
3205 1395 3503 1467 Scriptura:
3538 1398 3782 1453 testimo-

2193 1485 2299 1542 niis
2330 1503 2437 1541 non
2471 1482 2642 1541 solum
2678 1487 2812 1542 nihil
2845 1488 3298 1557 prohibentibus,
3332 1504 3546 1554 verum,
3586 1499 3642 1545 et
3670 1491 3784 1559 plu-

2194 1581 2392 1636 rimum‘
2410 1580 2746 1649 iuvantibus,
2777 1590 2960 1652 atque,
2993 1583 3097 1636 hoc
3126 1593 3312 1652 aperte
3338 1582 3776 1648 ostendentibus,

2192 1672 2581 1745 magistrisque
2611 1672 2872 1729 Ecclesiae
2910 1673 3013 1729 hoc
3037 1673 3285 1743 plurimis
3318 1674 3370 1727 iu
3402 1675 3538 1729 locis
3596 1686 3779 1744 aperte

2191 1766 2607 1832 asserentibus;
2640 1764 2855 1835 hisque,
2898 1764 2989 1833 qui
3020 1775 3212 1820 contra
3258 1775 3482 1836 negant,
3519 1781 3777 1821 necessa-

3615 1858 3778 1911 tradi-

2191 1960 2385 2020 tasque
2416 1948 2642 2003 omnino
2674 1948 2742 2003 de
2773 1958 2960 2001 sancta
2991 1942 3263 2003 Trinitate
3291 1948 3532 2003 rationes
3560 1950 3778 2003 convel-

2187 2042 2443 2109 lettttbus,
2499 2057 2620 2112 qua:
2653 2041 2836 2095 omnia
2891 2042 3137 2110 pluribus
3191 2041 3345 2111 plura
3406 2044 3778 2098 demonstrata

2189 2148 2317 2191 sunt
2345 2153 2359 2191 :
2390 2151 2454 2191 ex
2477 2135 2618 2191 Filio
2641 2149 2855 2204 quoque
2878 2134 3175 2204 procedere
3198 2133 3463 2204 Spiritum
3494 2144 3772 2200 sanctum,

2190 2240 2436 2299 tempore
2468 2236 2719 2297 urgente,
2763 2226 2817 2280 itt
2857 2226 3116 2297 Symbolo
3154 2225 3428 2295 adiectum
3469 2235 3573 2281 est.
3611 2227 3775 2280 Aiunt

2189 2320 2360 2384 enim,
2411 2317 2668 2388 quoniam
2726 2327 2846 2386 post
2920 2316 3156 2388 primam
3218 2317 3488 2387 synodum
3555 2317 3777 2373 haeresis

2190 2415 2460 2482 qtuedatu,
2481 2427 2601 2481 qua:
2621 2410 2761 2465 Filio
2780 2411 2962 2465 Patris
2994 2424 3194 2464 nomen
3220 2410 3542 2480 applicaret,
3570 2410 3778 2474 Grmce,

2188 2503 2516 2575 υἱοπατορία
2554 2504 2693 2558 dicta
2717 2501 3021 2573 pullulavit,
3053 2501 3245 2557 dicens
3275 2517 3291 2557 :
3326 2500 3530 2556 Filium
3568 2501 3778 2558 Patrem

2189 2610 2299 2649 csse
2335 2594 2568 2665 Spiritu:
2606 2595 2816 2659 sancti,
2851 2595 3027 2665 ipsum
3077 2611 3196 2649 vero
3239 2593 3499 2665 Spiritum
3542 2606 3779 2664 nepotem

2188 2685 2395 2742 Patris.
2423 2682 2768 2757 Quapropter
2800 2687 3066 2742 Damasus
3090 2724 3108 2750 ,
3141 2687 3232 2757 qui
3266 2696 3394 2741 tunc
3430 2696 3551 2742 erat
3579 2685 3780 2741 Roma-

2188 2797 2294 2835 nus
2325 2783 2630 2850 episcopus,
2691 2789 2882 2834 coacto
2930 2779 3192 2847 concilio,
3239 2779 3501 2851 Symbolo
3549 2780 3777 2849 adjecit,

2186 2890 2253 2929 ea:
2294 2874 2433 2928 Filio
2463 2872 2743 2941 procedere
2773 2870 3037 2942 Spiritum
3087 2882 3373 2938 sanctum;
3402 2873 3512 2927 illis
3550 2873 3781 2927 'scilicet

2188 2966 2500 3030 obsistens,
2533 2966 2625 3033 qui
2675 2965 2922 3019 dicereut
2952 3004 2968 3024 .
3003 2979 3128 3019 eum
3169 2980 3236 3018 ea:
3288 2961 3435 3018 Filio
3471 2964 3651 3019 nasci.
3679 2964 3779 3030 Qui

2184 3059 2331 3114 cnim
2366 3075 2430 3112 cx
2462 3058 2623 3114 Patre
2658 3073 2754 3127 per
2782 3055 2981 3112 Filium
3024 3058 3287 3128 procedit,
3318 3067 3373 3114 et
3400 3074 3466 3113 ex
3501 3059 3691 3124 Patre,
3729 3068 3780 3112 et

490 3159 772 3223 muttiant,
800 3169 848 3211 et
868 3174 1146 3228 personas,
1189 3157 1602 3224 iugenitumque,
1635 3155 1779 3225 quod
1813 3156 1868 3209 in
1918 3152 2082 3209 Patre
2110 3195 2154 3254 ε
2187 3153 2325 3207 Filio
2364 3153 2661 3222 procedere
2697 3152 2896 3206 dicitur
2925 3196 2940 3219 ,
2987 3167 3054 3207 ex
3091 3151 3232 3207 Filio
3284 3152 3526 3221 profecto
3557 3153 3779 3221 genitus

488 3250 713 3314 dicitur,
767 3260 821 3304 et
872 3247 1352 3315 eonsubstantiole,
1398 3249 1524 3318 quia
1575 3249 1841 3314 scriptum
1893 3255 2081 3316 aperte

491 3357 599 3394 non
636 3352 740 3406 est,
766 3341 925 3395 simul
962 3342 1265 3412 eiii-lentus.
1302 3340 1488 3408 Atqui,
1519 3338 1564 3394 si
1611 3339 1733 3407 quis
1769 3337 2080 3391 litterarum

490 3436 645 3487 sonis
673 3435 930 3499 assideat,
966 3448 1142 3502 neque
1180 3434 1232 3487 iu
1286 3430 1547 3504 Symbolo
1591 3429 1899 3485 Communis
1958 3428 2081 3482 lidci

490 3526 873 3582 SalVatotisde
901 3535 1098 3580 sancto
1135 3524 1343 3594 Spiritu
1377 3522 1707 3578 sententiam
1734 3520 2081 3575 concorditer

489 3622 695 3676 habere
724 3619 1104 3673 conﬁtebitur.
1136 3617 1248 3672 Illic
1279 3617 1425 3671 enim
1474 3630 1506 3669 a
1558 3614 1723 3668 Patre
1780 3614 2080 3683 procedere

488 3714 720 3778 dicitur;
758 3713 847 3766 hic.
881 3722 1061 3766 autem
1095 3725 1160 3763 ex
1221 3708 1385 3764 Patre
1424 3694 1757 3778 procedere.
1779 3706 1875 3760 Sin
1902 3717 2079 3760 autem

489 3807 579 3861 hic
609 3817 715 3860 aet
747 3820 810 3858 ea:
840 3817 1107 3875 quantum
1144 3803 1211 3857 ad
1243 3802 1657 3870 intelligentiam
1703 3799 1839 3853 nihil
1876 3795 2078 3862 diliert,

482 3915 588 3955 cur
616 3910 671 3953 et
699 3914 765 3953 ea:
797 3907 852 3952 et
881 3912 976 3966 per
1006 3895 1136 3950 niltil
1171 3894 1239 3949 ab
1288 3892 1524 3948 invicem
1570 3890 1788 3946 dilicrre
1826 3905 1930 3944 non
1979 3889 2065 3944 di-

486 4009 702 4059 camus,
734 4008 855 4046 tum
896 4006 964 4044 ex
1000 3988 1163 4044 Patre
1205 4003 1302 4059 per
1347 3985 1545 4040 Filium
1584 3985 1884 4056 procedere
1950 3982 2071 4052 Spi-

489 4090 654 4142 ritum
685 4094 934 4140 sanctum
968 4085 1256 4139 audiamus
1290 4098 1306 4135 :
1344 4080 1579 4136 maxime
1624 4095 1749 4133 curn
1802 4089 1853 4134 et
1900 4077 2077 4132 sancti

488 4180 682 4234 Patres
727 4178 1116 4234 universaliter
1142 4192 1236 4247 per
1285 4184 1340 4230 et
1371 4188 1438 4228 ex
1480 4172 1613 4227 nihil
1652 4170 1870 4226 dilicrre
1910 4172 1964 4224 in
1993 4171 2078 4223 di-

490 4276 632 4328 vinis
661 4271 883 4327 delinite
927 4271 1116 4325 velint.

563 4366 765 4422 Verum
789 4364 916 4435 quid
952 4377 1178 4419 necesse
1206 4370 1310 4425 est,
1332 4361 1475 4416 circa
1501 4356 1923 4429 prtepositiones
1951 4362 2078 4409 tau-

487 4459 712 4515 turdcm
752 4459 995 4512 valentes
1023 4457 1111 4510 ditt
1141 4454 1427 4509 imtnorari
1453 4491 1471 4518 ,
1505 4452 1727 4522 quando
1753 4460 1810 4505 et
1855 4460 2077 4505 sanctos

2185 3259 2307 3301 esse
2341 3261 2450 3299 non
2502 3254 2707 3315 potest.
2739 3244 2796 3299 In
2829 3255 3014 3299 sancta
3045 3247 3189 3299 enim
3226 3245 3498 3299 Trinitate
3526 3285 3540 3307 .
3574 3246 3672 3313 qui
3715 3262 3777 3300 et

2183 3340 2362 3411 primo
2389 3341 2509 3394 sine
2543 3339 2722 3394 medio
2748 3348 2853 3402 est,
2891 3337 3065 3393 Filius
3111 3346 3196 3393 est
3248 3339 3403 3408 iuxta
3464 3339 3778 3394 nativitatis

2184 3430 2616 3500 proccssiouem.
2662 3427 2902 3499 Spiritus
2932 3439 3110 3483 autem
3157 3438 3384 3483 sanctus
3436 3443 3502 3483 ex
3537 3440 3777 3498 utroque

2183 3525 2473 3583 cxsistens,
2501 3521 2753 3577 videlicet
2784 3535 2848 3574 ex
2886 3519 3048 3576 Patre
3073 3535 3169 3590 per
3198 3519 3419 3585 Filium,
3447 3519 3609 3588 iuxta
3657 3537 3780 3574 san-

2169 3629 2332 3672 atum
2361 3616 2644 3687 Cyrillum,
2672 3624 2873 3686 praeter
2897 3615 3202 3670 nativitatis
3235 3621 3525 3670 terminum
3553 3617 3775 3682 prodit;

2182 3712 2483 3780 procedens
2510 3709 2657 3763 enim
2691 3717 2776 3763 est
2803 3725 2866 3763 ex
2908 3708 3088 3778 primo
3130 3723 3225 3778 per
3259 3707 3521 3762 medimn.
3566 3708 3776 3762 ideirco

2182 3803 2482 3871 adiectione
2511 3805 2612 3857 hac
2646 3802 3088 3858 contradicentes
3119 3800 3337 3871 repulit.

2251 3898 2594 3953 Attestantur
2620 3898 2703 3951 his
2733 3896 2930 3966 partim
2960 3896 3171 3964 antiqui
3197 3894 3457 3950 Ecclesia:
3489 3895 3761 3966 magistri,

2183 3990 2456 4046 interdum
2488 4008 2582 4044 eos
2616 3990 2962 4053 refellentes,
2997 3989 3087 4057 qui
3115 3989 3376 4060 Spiritum
3422 3989 3504 4044 vel
3555 4000 3775 4044 crcatn-

2184 4100 2322 4150 ram,
2352 4083 2436 4138 vel
2469 4082 2591 4138 Filii
2618 4083 2782 4136 li‘iutu
2818 4083 3096 4149 dicebant,
3155 4092 3212 4135 ut
3272 4097 3502 4152 magnus
3535 4080 3774 4135 Basilius

2180 4193 2304 4232 cum
2340 4177 2471 4232 dicit
2502 4193 2517 4232 :
2567 4175 2686 4231 Non
2724 4175 2846 4245 quia
2904 4190 3006 4229 non
3039 4178 3108 4228 sit
3162 4190 3225 4227 ea:
3257 4172 3362 4228 Deo
3393 4190 3488 4242 per
3545 4173 3776 4238 Filium,

2179 4280 2236 4324 et
2269 4282 2389 4338 qua:
2421 4267 2572 4332 talia,
2607 4285 2703 4337 per
2731 4284 2851 4338 qua:
2897 4268 3094 4323 Filium
3137 4267 3262 4322 Filii
3298 4283 3420 4322 esse
3470 4278 3700 4337 negant,
3725 4277 3778 4321 et

2132 4352 2137 4357 ’
2182 4376 2278 4432 per
2318 4359 2511 4416 Filimn
2538 4365 2836 4431 procedere
2867 4361 3088 4426 dicunt;
3117 4360 3319 4430 partim
3355 4374 3483 4415 \ero
3511 4369 3567 4416 et
3598 4360 3777 4415 histo-

2181 4455 2326 4508 ricus
2361 4454 2578 4521 quidam
2602 4462 2963 4523 cognomento
3005 4452 3190 4521 Scylix
3224 4451 3364 4522 (t5),
3396 4453 3450 4505 in
3484 4467 3574 4515 ea,
3608 4467 3773 4522 quam

486 4555 832 4620 apertissime
885 4548 1142 4603 audimus
1194 4546 1460 4608 dicentes,
1498 4542 1626 4614 quia
1660 4557 1783 4597 esse
1814 4542 2012 4596 habem
2039 4559 2066 4593 ει
2100 4551 2147 4609 ο
2175 4548 2391 4618 scripsit
2421 4547 2669 4611 historia,
2705 4547 2996 4600 aildi‘limiis
3032 4556 3087 4600 et
3133 4557 3353 4599 catmum
3376 4583 3392 4607 ,
3434 4556 3493 4598 el,
3549 4552 3769 4614 tempus

484 4645 650 4713 Filio,
683 4657 738 4701 et
785 4661 850 4699 ex
885 4647 1002 4714 ipso
1026 4642 1140 4709 sit,
1186 4649 1351 4707 atque
1391 4635 1694 4707 procedat?
1724 4633 1912 4703 Itaque
1963 4632 2074 4689 illis
2120 4654 2127 4663 ι

481 4741 726 4811 quidem,
765 4752 886 4808 qua:
915 4740 966 4790 in
998 4736 1302 4804 Scripturis
1342 4741 1531 4802 aperte
1557 4740 1685 4784 sunt
1713 4729 1911 4795 posita,
1948 4741 2075 4782 cum

482 4835 574 4905 pia
605 4830 893 4888 devotione
937 4827 1271 4883 credendmn
1305 4834 1408 4879 est.
1453 4822 1584 4889 Qua:
1639 4835 1771 4875 vero
1827 4820 1917 4875 illa
1968 4836 2076 4874 non

482 4925 645 4990 dixit,
699 4939 806 4977 non
829 4929 957 4977 sunt
1009 4918 1417 4989 praecipitanter
1468 4912 1816 4983 abiicienda;
1852 4912 1959 4967 nisi
2020 4910 2077 4965 in

480 5023 564 5074 eis
585 5017 879 5073 manifesta
909 5014 1221 5069 ubsurditas
1255 5008 1718 5080 deprehendatur,
1756 5021 1878 5077 quat
1923 5021 2075 5063 com-

481 5116 665 5168 munis
703 5110 829 5165 tidei
885 5104 1293 5163 confessionem
1353 5102 1607 5173 perimat.
1657 5098 1814 5165 Quod
1868 5096 1915 5151 si
1984 5097 2085 5151 ab-

483 5206 673 5268 fuerit,
711 5212 769 5258 et
800 5204 905 5255 ista
942 5201 1033 5270 pie
1063 5206 1191 5252 sunt
1219 5194 1553 5252 admittenda
1580 5233 1597 5261 ,
1622 5194 1881 5258 maxime,
1916 5191 2081 5247 etiam

484 5296 818 5353 necessitate
842 5301 1091 5365 cogente,
1117 5299 1337 5359 propter
1361 5302 1455 5343 eos
1489 5290 1584 5357 qui
1618 5287 1741 5341 lidei
1789 5286 2081 5340 veritatem

486 5392 692 5446 violare
722 5387 1041 5449 moliuntur,
1080 5382 1345 5437 imitando
1377 5383 1431 5435 in
1454 5396 1519 5436 ea
1553 5395 1613 5435 re
1638 5390 1855 5434 veteres
1889 5378 2075 5432 docto-

484 5500 595 5550 res,
627 5484 719 5553 qui
753 5482 806 5535 itt
842 5480 1004 5535 rebus
1059 5477 1243 5531 arduis
1287 5474 1714 5544 urgentibusque
1744 5470 2070 5528 necessariis

481 5575 860 5635 additionibus
920 5584 974 5629 et
998 5571 1402 5641 Scripturarnm
1438 5568 1619 5623 sensui
1674 5567 1912 5621 maxime
1949 5580 2077 5620 con-

482 5672 658 5743 gruis,
684 5683 896 5741 gregem
916 5666 1118 5723 Christi
1138 5665 1405 5734 dissipare
1421 5662 1661 5716 nitentes
1691 5659 2054 5729 dispulerant.

559 5788 602 5821 "
628 5787 784 5842 Joan.
808 5801 865 5848 ι,
922 5784 1012 5839 5t).
1126 5781 1171 5813 “
1204 5779 1364 5835 Joan.
1407 5793 1462 5839 v,
1498 5777 1584 5831 i9.

2177 4641 2452 4711 exposuit.
2490 4640 2627 4694 Sttnt
2656 4642 2783 4692 item
2816 4641 2905 4710 qui
2931 4639 3119 4694 dicant
3144 4640 3410 4707 quosdam
3438 4653 3505 4691 ex
3541 4639 3656 4693 Atii
3684 4652 3775 4693 ve-

2180 4737 2360 4800 sania,
2394 4749 2520 4789 cum
2557 4733 2760 4787 vellent
2792 4731 2914 4787 Filii
2961 4729 3303 4800 maiestatem
3365 4730 3719 4796 imminuere,
3746 4747 3774 4785 a

2177 4828 2296 4884 salu
2330 4828 2492 4883 Patre
2538 4829 2804 4898 Spiritum
2839 4836 3086 4882 sanctum
3130 4826 3350 4895 prodire
3404 4824 3642 4880 dixisse.
3667 4826 3769 4891 Qui

2180 4934 2309 4975 Cum
2364 4919 2563 4975 vellent
2596 4919 2964 4987 hIaSpitetnatn
2996 4919 3309 4989 opinionem
3339 4919 3478 4971 lucri
3512 4935 3527 4971 :
3558 4919 3776 4986 pictatis

2179 5015 2348 5068 armis
2374 5023 2564 5068 contra
2597 5014 2854 5081 pietatem
2890 5015 3219 5082 utebantur,
3259 5011 3631 5065 vociferantes
3666 5027 3774 5063 non

2181 5118 2437 5179 oportere
2489 5107 2677 5163 Niceui
2745 5109 2959 5163 concilii
3032 5109 3330 5181 quidquam
3394 5109 3776 5164 sanctionibus

2180 5203 2367 5272 adiici,
2429 5217 2604 5271 neque
2661 5201 2805 5255 enim
2863 5201 2970 5255 illic
3022 5202 3077 5255 in
3142 5200 3498 5273 processione
3533 5200 3772 5269 Spiritus

2184 5293 2361 5349 sancti
2398 5293 2597 5347 Fliilllll
2628 5292 2775 5346 Patri
2815 5294 3087 5363 adiectum
3134 5308 3275 5348 esse.
3316 5294 3495 5360 Atque
3530 5295 3646 5347 hzrc
3696 5294 3775 5347 di-

2181 5396 2395 5449 centes,
2431 5383 2733 5438 Ecclesiatn
2760 5384 3103 5446 scindebant,
3142 5382 3537 5454 religionisque
3562 5383 3771 5449 opinio-

2184 5493 2305 5533 nem
2336 5476 2405 5531 ab
2430 5475 2723 5545 imperitis,
2754 5490 2814 5528 ac
2848 5474 3056 5538 stultis,
3097 5487 3155 5528 ut
3187 5476 3410 5545 antiqua
3451 5488 3774 5528 revereren~

2186 5581 2298 5633 tttt‘,
2333 5569 2642 5638 capiebant.

2244 5661 2453 5716 Indicio
2485 5659 2630 5713 enim
2661 5669 2745 5713 est
2772 5659 2964 5710 beatus
2997 5654 3264 5710 Maximus
3319 5656 3374 5709 iu
3426 5655 3665 5725 epistula
3710 5653 3779 5715 ad

1666 5774 1708 5806 ιτ
1745 5771 1906 5825 Joan.
1949 5772 2177 5838 xtv,28.

554 5900 669 5974 (45)
713 5898 959 5973 Joannes
1014 5896 1212 5968 Scylax
1261 5890 1677 5957 Consmutiuop.
1704 5885 1923 5954 scripsit
1955 5883 2021 5937 de
2065 5883 2259 5953 imper.
2289 5877 2765 5947 Constantinopul.
2800 5874 2968 5932 Gesn.
2997 5891 3063 5932 ex
3102 5874 3381 5933 Volatera.
