3920 6560
214 344 297 408 197
1271 340 2007 404 ADVEnsusott/tzcos
2052 347 2194 408 LIB.
2236 347 2327 405 iV.
3336 351 3436 414 iss

204 458 469 517 Marinum,
501 457 823 513 additionem
858 460 999 514 hanc.
1022 458 1155 530 (46),
1179 474 1282 512 non
1314 460 1529 527 quando
1560 456 1750 513 Eccle-
1779 458 1826 515 Δ
1858 466 2018 526 atque
2052 458 2302 521 Basilius,
2331 459 2591 529 Spiritum
2618 475 2646 515 a
2686 460 2823 515 Filio
2853 478 2975 517 esse
3008 462 3208 519 habere
3234 468 3442 521 dicunto

205 555 381 604 siarma
409 552 641 605 scissura
684 551 829 607 facta
865 562 987 615 est,
1024 556 1119 607 sed
1165 552 1322 616 longe
1354 561 1477 604 ante
1510 552 1747 605 additam
1864 554 2231 622 majoreuupie
2281 554 2491 623 Spiritu
2537 554 2729 608 Filium
2778 570 2960 610 causze
3029 558 3237 611 ratione
3293 575 3445 613 aSse-

206 645 366 705 fuisse,
415 652 465 695 et
502 644 750 698 fortassis
789 655 916 699 ante
947 661 1042 698 sua
1094 656 1356 711 tempora.
1418 643 1541 697 Fuit
1570 653 1748 695 autent
1862 658 2007 707 runt,
2039 646 2387 716 Cyrillusque
2420 662 2582 715 super
2610 646 2837 703 Joannis
2865 648 3178 720 Evangelia,
3240 662 3292 705 et
3322 652 3439 720 plu-

202 754 254 791 co
282 750 531 805 tempore,
567 752 673 805 quo
710 748 863 793 sexta
919 738 1159 807 synodus
1202 737 1435 791 cannula
1485 746 1587 790 est.
1620 736 1751 791 Pro-
1862 738 2014 790 rimis
2044 740 2432 805 Opuscnlorum
2458 754 2685 794 suorum
2706 740 2863 805 locis,
2890 742 2991 795 hoc
3023 744 3193 811 ipsum
3216 744 3441 804 clamat,

201 841 375 897 ptcrea,
415 828 569 882 rebus
616 831 954 899 urgentibus,
1005 845 1129 884 cum
1182 830 1444 898 quosdam
1476 827 1748 884 Occiden-
1860 842 2060 900 prteter
2093 832 2409 887 Occidentis
2444 834 2869 902 inagistros,qui
2906 835 3206 889 innumeris
3230 837 3280 887 in
3309 836 3443 889 locis

199 923 301 975 talis
341 922 589 975 Ecclesia:
618 923 729 976 haec
761 925 929 991 pestis
978 922 1239 991 paulatim
1286 938 1349 976 ac
1381 921 1582 977 sensim
1634 922 1750 975 inti-
1858 927 2066 990 dicunt,
2101 941 2161 979 ex
2199 926 2385 989 Patre,
2430 942 2491 980 ac
2528 928 2702 991 Filioﬁ,
2734 929 2895 982 veluti
2932 945 2998 981 ex
3035 944 3141 983 uno
3175 930 3444 997 principio

198 1026 338 1071 reret,
378 1014 709 1068 conveniens
741 1016 979 1084 synodus
1005 1030 1069 1070 ex
1108 1013 1243 1068 Filio
1281 1015 1446 1069 etiam
1485 1015 1746 1085 Spiritum
1859 1021 2152 1087 procedere
2186 1018 2447 1087 Spiritum
2484 1030 2735 1074 sanctum
2777 1038 2791 1075 :
2827 1037 2964 1089 opus
2988 1038 3108 1075 esse
3144 1038 3250 1074 non
3284 1024 3437 1075 vide-

196 1110 459 1177 precedere
497 1108 759 1177 Symbolo
797 1107 1102 1177 adjecit,ad
1137 1109 1281 1178 quod
1307 1108 1534 1163 Romani
1568 1110 1747 1179 ponti-
1859 1113 2038 1174 batur,
2073 1122 2139 1166 ue
2184 1117 2268 1166 nis
2310 1127 2428 1180 qurc
2463 1126 2723 1168 concessa
2756 1124 2969 1176 essent,
2994 1112 3302 1169 Orientales
3334 1113 3435 1167 Pa-

196 1204 294 1256 licis
320 1200 620 1255 sullecisset
655 1202 976 1266 auctoritas,
1008 1217 1125 1271 qua:
1162 1202 1329 1256 etiam
1365 1202 1603 1271 synodos
1635 1201 1749 1256 reli-
1859 1212 1967 1258 tres
2001 1206 2276 1261 molestias
2310 1208 2441 1274 pati.

194 1310 308 1364 quas
329 1296 561 1347 roborat.
1928 1294 2100 1349 Porro
2132 1297 2176 1349 si
2206 1299 2325 1364 quis
2360 1298 2683 1368 interroget,
2716 1297 2846 1367 quid
2877 1298 3153 1367 sit,quod,
3180 1314 3305 1353 cum
3336 1299 3439 1353 ista

253 1386 421 1455 Neque
449 1403 583 1442 sane
616 1387 922 1442 mirandum
951 1397 1035 1443 est
1063 1388 1368 1443 Romanum
1404 1389 1745 1458 episcopum,
1856 1389 2062 1444 additio
2090 1390 2313 1458 antiqua
2351 1390 2442 1452 sit,
2471 1406 2576 1445 non
2606 1393 2770 1445 etiam
2796 1391 2862 1443 ab
2897 1387 3265 1444 Orientalibus
3284 1391 3439 1460 Sym-

192 1480 419 1547 Ecclesia:
456 1481 803 1550 principem,
840 1481 1018 1547 ipsum
1064 1491 1371 1535 convocato
1422 1480 1747 1536 Occidenta-
1858 1480 2199 1536 boloinserta
2238 1481 2597 1551 sitiprimum
2623 1482 3069 1551 quidem,dehita
3097 1482 3439 1551 subiectione

191 1570 298 1621 lium
325 1572 699 1637 episc'Oporum
744 1571 1009 1633 concilio,
1041 1569 1169 1623 illud
1220 1570 1550 1625 decrevisse.
1584 1570 1744 1637 Nam,
1855 1586 1918 1626 ac
1945 1574 2250 1628 reverentia
2285 1572 2531 1628 Romano
2563 1573 2815 1628 Pontitici
2844 1615 2859 1638 ,
2894 1575 3126 1643 ejusque
3173 1573 3434 1628 Ecclesia)

186 1664 223 1715 si
247 1660 524 1730 provincite
566 1676 713 1730 sa'pe
758 1662 987 1729 singula:
1017 1664 1244 1717 concilia
1306 1664 1742 1729 celebraverunt,
1855 1665 2153 1718 secundum
2184 1666 2588 1722 ecclesiasticas
2636 1667 2849 1735 regulas
2902 1666 3110 1720 reddita
3142 1704 3158 1727 ,
3195 1665 3328 1719 nihil
3370 1682 3437 1719 ex

188 1755 349 1821 eisque
407 1754 711 1807 auctoritas
768 1753 1026 1823 derogata
1089 1770 1195 1807 non
1244 1762 1346 1814 est,
1415 1754 1582 1806 multo
1615 1769 1745 1807 sane
1861 1757 1964 1811 hoc
1999 1759 2051 1811 iu
2083 1758 2206 1824 iide,
2242 1760 2322 1813 vel
2372 1758 2629 1822 dill'erre,
2666 1761 2747 1812 vel
2798 1768 2987 1813 contra
3022 1758 3223 1811 sentire
3273 1766 3438 1826 puta-

189 1849 333 1913 magis
366 1846 465 1899 hoc
495 1845 587 1898 ille
629 1846 823 1914 potuit,
856 1860 978 1900 cum
1006 1846 1262 1899 omnibus
1296 1847 1502 1899 circum
1545 1862 1603 1900 se
1631 1846 1748 1916 epi-
1783 1829 1825 1885 Β
1858 1852 2077 1916 bantur,
2105 1854 2246 1920 quod
2302 1854 2467 1907 etiam
2501 1868 2626 1907 vere
2680 1853 2760 1909 sic
2801 1864 2942 1907 erat.
2973 1851 3177 1906 Deinde
3214 1866 3439 1906 necesse

185 1939 357 2005 sropis,
386 1938 476 2002 qui
509 1948 703 2005 pastor
734 1939 966 2007 primus,
1012 1948 1066 1992 et
1124 1937 1381 1992 Ecclesia:
1454 1938 1621 1993 totius
1655 1955 1741 2008 pa-
1852 1962 1959 1999 non
2015 1947 2134 2008 fuit,
2190 1955 2393 2000 rectam
2426 1956 2481 2000 et
2518 1961 2815 2017 congruam
2852 1946 2919 2000 de
2968 1944 3107 1999 Filio
3162 1954 3215 1997 et
3249 1952 3439 1997 sancto

186 2045 272 2091 ter,
319 2032 752 2100 oniversalisque
798 2032 1232 2123 Ehristianorum
1285 2031 1527 2086 omnium
1578 2032 1745 2102 judcx
1852 2035 2057 2105 Spiritu
2087 2036 2497 2107 intelligentiam
2525 2035 3249 2097 habentcs,emuadditimte
3275 2031 3438 2103 Synt-

185 2142 287 2179 esse
338 2126 779 2192 comprobatur,
837 2124 1137 2193 apostolica
1211 2124 1355 2177 hunc
1419 2126 1745 2195 antiquitate
1852 2128 2030 2183 bolum
2069 2129 2291 2198 legere;
2335 2144 2442 2182 non
2474 2144 2597 2183 esse
2622 2128 2913 2182 contraria":
2942 2128 3240 2197 opinionis,
3260 2139 3438 2193 neque

188 2221 459 2289 principem
492 2235 816 2287 supremum
842 2218 1170 2287 appellante,
1207 2218 1555 2290 decretisque
1584 2222 1746 2289 regiis
1850 2231 2043 2290 putare
2092 2237 2188 2276 eos
2233 2222 2366 2291 qui,
2400 2238 2522 2275 cum
2577 2222 2678 2274 ista
2738 2220 3016 2286 legerent,
3052 2219 3170 2272 tidei
3206 2219 3437 2271 veritate

187 2312 338 2377 ipsum
373 2311 769 2375 statuentibus,
801 2326 865 2365 ac
898 2311 1058 2365 rebus
1098 2312 1228 2380 ipsis
1258 2314 1330 2366 ita
1361 2328 1482 2368 esse
1509 2314 1748 2369 claman—
1849 2315 2142 2378 excidisse,
2198 2316 2417 2383 illisque
2467 2314 2650 2367 unitos
2698 2327 2843 2368 esse.
2884 2312 3014 2365 Nam
3067 2321 3120 2366 et
3148 2319 3270 2379 post
3299 2312 3443 2364 anti-

186 2405 325 2466 tibus,
354 2414 405 2457 et
434 2419 546 2473 quo
582 2404 724 2467 sine,
762 2403 1095 2471 impossibile
1129 2405 1373 2473 profecto
1408 2416 1489 2461 cst
1512 2446 1525 2471 ,
1566 2408 1746 2463 eccle-
1850 2421 2017 2475 quum
2052 2406 2314 2472 scliisma,
2340 2422 2466 2462 cum
2497 2421 2684 2461 rursus
2710 2407 2991 2474 utriusque
3014 2404 3271 2459 Ecclesiae
3295 2405 3438 2456 facta

183 2499 379 2552 siastica
409 2500 633 2565 negotia
661 2498 911 2563 tractari,
942 2510 1107 2567 atque
1139 2499 1340 2567 dirigi,
1377 2501 1519 2556 sicut
1553 2504 1747 2558 beatus
1849 2508 1994 2553 esset
2024 2499 2173 2563 unio,
2206 2497 2426 2555 Grtecos
2458 2497 2635 2552 Latini
2668 2497 2804 2551 nihil
2835 2507 3169 2567 coegerunt,
3211 2496 3439 2575 Symbo-

185 2589 466 2657 Stephanus
495 2590 692 2658 junior
742 2590 856 2659 («57)
896 2594 1160 2646 adversus
1198 2607 1294 2646 eos
1333 2592 1451 2663 qui,
1484 2595 1744 2664 quoniam
1852 2591 1959 2645 lum
1992 2608 2114 2647 eum
2151 2590 2429 2647 additione
2484 2591 2685 2660 legere,
2731 2589 2814 2644 vel
2877 2589 2999 2642 aliis
3042 2589 3435 2644 ecclesiasticis

180 2682 418 2747 imagines
472 2698 670 2736 (utiues
725 2684 1083 2738 destruendas
1145 2686 1497 2751 statuebant,
1545 2688 1748 2741 slxovo-
1850 2685 2047 2740 ritibus
2098 2701 2251 2739 more
2299 2700 2397 2739 suo
2446 2684 2524 2736 uti
2555 2725 2569 2746 ,
2612 2683 2705 2737 sed
2742 2683 2847 2736 tria
2885 2681 3061 2736 solum
3095 2682 3161 2734 ab
3188 2680 3268 2734 eis
3312 2690 3437 2749 post

184 2776 325 2843 μάχαι
364 2776 621 2842 appellati
651 2788 797 2838 sunt,
850 2780 1048 2832 restitit
1084 2794 1096 2829 :
1135 2794 1257 2831 cum
1307 2778 1385 2833 illi
1450 2780 1743 2835 concilium
1850 2784 2051 2834 lactant
2085 2780 2381 2843 unionem,
2416 2777 2676 2848 requisita
2731 2784 2883 2832 sunt.
2919 2776 3159 2831 Primum
3192 2777 3437 2844 quidem,

180 2867 627 2934 uiiistautiuopoli
673 2868 952 2930 fecissent,
987 2884 1094 2922 nou
1136 2868 1216 2924 eis
1256 2870 1425 2925 licere
1451 2872 1746 2928 concilium
1852 2883 1909 2927 ut
1962 2873 2192 2928 Rommi
2236 2872 2479 2941 episcopi
2532 2870 2849 2925 memoriam
2894 2870 2945 2921 in
2983 2868 3296 2937 diptychis,
3333 2867 3436 2921 huc

182 2958 429 3012 celebrare
463 2974 723 3019 asserens
756 2961 856 3013 nisi
883 2960 1157 3015 Romanus
1188 2964 1505 3033 episc0pus,
1540 2966 1621 3020 vel
1652 2983 1745 3035 per
1851 2978 1955 3031 cst,
1992 2969 2045 3021 in
2079 2982 2286 3020 ratione
2312 2964 2489 3017 Missa:
2540 2964 2817 3027 facerent;
2850 2964 3175 3024 secundum,
3207 2970 3265 3014 ut
3319 2962 3438 3013 uui-

179 3066 227 3103 se
257 3054 418 3119 ipsum
455 3069 701 3120 praesens
731 3054 1071 3122 praesideret,
1104 3057 1185 3109 vel
1225 3056 1291 3110 ab
1342 3072 1409 3113 eo
1438 3060 1615 3125 missi,
1650 3062 1741 3116 alii
1852 3062 2120 3114 versalem
2142 3059 2380 3127 judicent
2414 3056 2853 3135 Christianorum
2882 3055 3122 3108 omnium
3158 3062 3437 3121 putarenty

173 3145 302 3211 juxta
328 3148 785 3201 consuetmliuem
824 3147 999 3201 locuut
1035 3147 1153 3217 ejus
1199 3150 1508 3218 implerent.
1541 3152 1744 3223 Nempe
1776 3190 1818 3246 Ο
1853 3155 1903 3207 ei
1945 3155 2245 3207 secundum
2269 3152 2547 3219 antiquam
2584 3150 2835 3203 Ecclesia)
2864 3148 3309 3201 consuetudinem
3352 3162 3439 3199 reo

178 3237 388 3290 enimah
425 3237 679 3293 Ecclesia
714 3240 822 3301 illa,
858 3240 1000 3293 nulla
1033 3257 1269 3311 unquam
1303 3244 1369 3297 de
1400 3244 1503 3298 lide
1528 3258 1747 3300 senten-
1785 3237 1818 3246 ”
1857 3249 2155 3301 verentiam
2212 3247 2502 3300 reddentes
2532 3260 2546 3307 ;
2607 3244 2850 3306 tertium,
2904 3252 2961 3294 ut
3000 3240 3299 3294 liomauam
3338 3239 3439 3291 Er-

180 3333 239 3385 tia
272 3334 533 3399 manavit,
575 3348 736 3402 quam
776 3342 834 3385 ut
887 3334 1261 3402 blusphcmam
1294 3351 1345 3392 et
1379 3341 1594 3392 noxiam
1640 3340 1744 3394 Ec-
1857 3340 2078 3395 clesiam
2123 3340 2174 3391 ιιι
2219 3334 2623 3389 ecclesiasticis
2669 3335 3017 3403 dogmatibus
3044 3343 3272 3385 matrem
3307 3329 3441 3384 ﬁdo-

179 3425 321 3479 tit-sia
373 3442 521 3479 ntiuc
574 3426 756 3479 nuntiis
818 3426 1065 3490 damnet,
1138 3443 1231 3482 seu
1293 3430 1742 3495 anathematizet,
1854 3434 1986 3487 lium
2017 3444 2181 3500 atque
2214 3429 2533 3498 magistram
2584 3444 2716 3482 sana
2757 3442 2974 3494 semper
3003 3424 3107 3478 title
3153 3438 3295 3486 esse,
3328 3436 3443 3477 creo

178 3522 647 3589 quandoingemes
666 3519 860 3573 ﬂuetus
890 3521 1532 3591 plurimaqucnanfragia
1552 3533 1740 3577 contra
1853 3524 2067 3577 dei-ent.
2119 3522 2329 3576 Caetera
2378 3520 2511 3573 locis
2549 3518 2665 3572 suis
2718 3532 2937 3587 manere
2993 3514 3252 3581 permissa
3286 3522 3435 3566 sunt.

182 3613 449 3665 Ecclesium
480 3613 655 3667 fuere.
687 3612 796 3667 Nisi
818 3614 963 3666 enim
998 3617 1099 3668 ista
1126 3615 1510 3682 suscipiamus,
1545 3617 1735 3671 nescio
1854 3617 1959 3672 Sed
1990 3630 2132 3669 mmc
2155 3628 2369 3683 quoque
2404 3615 2455 3666 in
2490 3611 2768 3673 Sicilia,et
2798 3626 2858 3663 ea
2887 3624 3008 3679 qua:
3036 3622 3225 3675 magna
3252 3615 3306 3659 et
3338 3622 3441 3660 au-

176 3707 287 3776 quid
315 3708 556 3759 validum
582 3717 636 3759 et
665 3717 846 3759 ratum
882 3706 1188 3775 suscepturi
1236 3709 1408 3762 simus
1445 3726 1459 3763 :
1494 3709 1579 3763 vel
1610 3710 1739 3777 quid
1856 3712 2005 3782 tiqua
2038 3710 2245 3765 Graecia
2283 3707 2481 3761 dudum
2508 3704 2825 3766 vocabatur,
2856 3718 2976 3756 cum
3009 3700 3181 3756 Graeci
3220 3699 3439 3767 plurimi

180 3802 563 3865 apertissimum
597 3800 771 3862 licet,
827 3810 992 3869 atque
1030 3800 1406 3870 conspicuum,
1460 3802 1747 3870 impuden-
1853 3805 2183 3868 inhabilem,
2216 3800 2616 3869 Orientalisque
2642 3797 2895 3852 Ecclesia:
2945 3795 3191 3848 muribus
3224 3804 3280 3848 et
3322 3794 3441 3847 riti-

180 3894 364 3947 tissinie
397 3894 736 3960 repudiaturi
766 3908 871 3944 non
906 3893 1098 3945 simus.

1895 3914 1956 3953 us
1996 3909 2213 3951 utantur
2241 3894 2403 3965 ;quia
2436 3894 2612 3948 solum
2650 3892 2907 3947 Romanae
2947 3888 3205 3943 Ecclesia}
3238 3886 3438 3941 subditi

239 3984 289 4038 δ’
326 3989 489 4053 litim"
554 3985 653 4036 ίδιδι
696 3988 761 4037 de
796 3984 886 4037 ίιίυ
911 3999 1035 4037 Vera
1092 3996 1241 4047 sum.
1267 3985 1387 4041 Siue
1430 4001 1539 4053 quo
1569 3986 1748 4054 pOSSi-
1854 4004 2129 4054 sunt,non
2152 4000 2418 4059 coguntur
2442 3986 2756 4057 Symbolum
2780 4000 2902 4038 cum
2936 3983 3211 4036 additione
3236 3982 3437 4050 legere;

179 4078 269 4132 late
298 4095 400 4131 non
430 4088 521 4132 est
545 4077 915 4131 ecclesiastica
951 4078 1195 4141 decerni,
1228 4080 1296 4132 ad
1350 4094 1412 4133 ea
1448 4078 1748 4134 decerueu-
1854 4084 1949 4138 sed
1989 4085 2127 4146 sola,
2176 4094 2232 4136 ut
2282 4082 2486 4135 dictum
2523 4090 2605 4134 est
2632 4118 2646 4141 ,
2683 4077 2997 4133 obedientia
3030 4075 3285 4129 Ecclesiae
3336 4073 3440 4126 iut-

180 4172 311 4234 dum,
344 4188 467 4225 cum
502 4172 695 4240 paucis
734 4178 830 4223 aut
862 4183 987 4224 cum
1029 4169 1277 4239 pluribus
1303 4174 1614 4235 conveniat,
1644 4175 1746 4225 mi-
1855 4195 2043 4247 pensa,
2086 4193 2206 4229 cum
2255 4191 2361 4228 non
2407 4176 2518 4227 sint
2548 4174 2837 4227 contrariae
2859 4172 3156 4241 opinionis,
3193 4167 3328 4221 nihil
3370 4167 3438 4219 ab

181 4266 364 4316 nimum
400 4263 569 4317 refert
602 4280 614 4316 :
649 4263 923 4330 simulque
954 4266 1007 4318 iu
1043 4279 1101 4317 re
1147 4278 1361 4331 aperta,
1417 4274 1470 4317 et
1523 4280 1644 4329 qua:
1677 4266 1745 4319 ab
1856 4273 1935 4324 eis
1969 4269 2199 4336 amplius
2229 4268 2484 4333 exigitur,
2521 4283 2623 4318 ιιιιιι
2655 4265 2753 4318 hac
2789 4281 2847 4317 re
2880 4274 3078 4319 caetera
3112 4268 3275 4318 etiam
3304 4281 3439 4320 con-

178 4360 409 4412 uumibus
459 4357 717 4411 Beclesitc
770 4358 1047 4427 magistris
1120 4358 1248 4410 trita
1302 4366 1380 4411 est
1408 4396 1421 4419 ,
1456 4357 1523 4411 de
1568 4361 1747 4413 sancti
1859 4367 2016 4417 tiueri
2056 4362 2449 4415 arbitrantinus
2479 4358 2723 4415 Latinis;
2756 4358 2977 4427 quippe,
3012 4374 3119 4411 non
3153 4359 3205 4412 in
3236 4360 3441 4423 verbis,

180 4453 366 4507 scilicet
402 4452 645 4519 Spiritus
676 4452 1046 4518 processiune,
1072 4464 1209 4520 opus
1239 4465 1342 4503 non
1367 4448 1540 4506 fuisse
1572 4456 1745 4506 eitare
1855 4458 1949 4511 sed
1978 4459 2026 4509 in
2068 4456 2319 4509 sensibus
2354 4453 2545 4522 religio
2583 4462 2769 4507 nostra
2809 4450 3102 4515 consistit,
3138 4452 3435 4505 secnndum

180 4547 370 4609 urbem,
431 4547 599 4599 veluti
657 4560 719 4596 ea
757 4545 983 4607 (1thth
1012 4543 1167 4596 Valde
1197 4547 1638 4613 essetambigua,
1666 4558 1749 4597 at-
1784 4543 1824 4597 υ
1857 4550 2166 4616 theologum
2204 4548 2548 4615 Gregorium.

183 4654 273 4706 que
300 4640 441 4703 ideo,
470 4640 733 4693 omnibus
759 4638 1239 4694 communicanda.
1271 4640 1373 4704 Qui
1398 4641 1543 4692 enim
1579 4640 1747 4693 semel
1930 4646 2024 4699 “is
2053 4644 2098 4697 si
2131 4644 2253 4710 quis
2286 4642 2530 4708 ob,iciat,
2560 4640 2871 4709 Oportui:se
2912 4640 3130 4695 Giaacos
3151 4640 3317 4694 etiam
3349 4654 3443 4693 vo-

182 4734 532 4800 percepisseut
592 4731 739 4786 Patri
793 4730 989 4785 Filium
1040 4744 1161 4785 esse
1191 4730 1742 4795 consubstantialem,
1857 4736 2075 4799 cari,et
2103 4736 2316 4803 synodo
2342 4734 2409 4786 de
2440 4732 2711 4787 sententia
2731 4734 2973 4786 omnium
2993 4736 3440 4789 communicare:
3505 4804 3509 4808 _

183 4823 389 4894 ejusque
422 4824 926 4880 incommutabilem
956 4824 1247 4891 imaginem
1279 4838 1435 4889 esse,
1467 4832 1521 4877 et
1571 4823 1747 4881 Patris
1858 4831 2095 4899 priunnn
2122 4826 2364 4897 quidem,
2388 4841 2509 4879 cum
2536 4826 2895 4880 notaonmino
2926 4842 3012 4880 res
3030 4840 3196 4891 esset,
3220 4843 3445 4883 necesse

186 4919 365 4973 habere
391 4920 598 4983 omnia,
631 4926 827 4986 praeter
855 4916 1028 4970 solum
1061 4915 1280 4971 Patrem
1320 4932 1478 4980 esse,
1511 4928 1565 4972 et
1606 4933 1747 4973 nunc
1859 4937 1965 4976 non
1997 4920 2098 4973 {uit
2135 4919 2388 4973 omnibus
2426 4920 2569 4973 hanc
2608 4918 2970 4973 conveniendi
3020 4920 3324 4975 molestiam
3363 4927 3445 4973 iu-

185 5012 382 5079 quidem
406 5013 661 5066 audirent
712 5010 976 5079 Spiritum
1013 5010 1259 5063 veritatis
1292 5019 1345 5062 et
1379 5008 1496 5063 Filii
1532 5025 1655 5065 esse
1698 5022 1749 5065 et
1855 5014 2064 5075 dicere,
2101 5027 2274 5080 neque
2327 5026 2550 5065 necesse
2586 5021 2667 5065 est
2715 5026 2906 5066 oumes
2947 5014 3200 5066 omnibus
3250 5015 3443 5067 adesse

186 5106 243 5157 ab
271 5105 380 5172 ipso
412 5106 683 5173 accipere,
716 5115 865 5156 nunc
890 5112 1070 5155 autem
1103 5116 1201 5170 per
1231 5100 1426 5155 Filium
1460 5102 1753 5170 procedere
1858 5108 2132 5172 conciliis,
2160 5111 2251 5162 sed
2278 5106 2511 5175 primum
2545 5106 2763 5174 quidem
2796 5106 3039 5167 Patrem,
3077 5107 3442 5174 Ecclesia-que

188 5205 234 5248 et
266 5212 326 5249 ex
376 5196 510 5252 Filio
542 5210 704 5260 esse,
734 5195 893 5249 siculi
934 5194 1096 5249 etiam
1125 5210 1191 5248 ex
1238 5193 1423 5258 Patre.
1448 5205 1503 5249 ει
1532 5196 1599 5249 ab
1632 5197 1750 5263 ipso
1861 5213 2155 5270 pastorem.
2182 5200 2288 5254 Ista
2327 5201 2468 5253 enim
2499 5199 2542 5252 si
2572 5215 2600 5252 a
2636 5198 2906 5268 principio
2924 5215 3018 5268 per
3039 5200 3443 5255 ecclesiasticas

192 5289 374 5343 habere
405 5304 543 5351 esse.
579 5300 634 5342 et
668 5302 789 5356 qua:
826 5286 953 5340 taiia
1004 5286 1262 5345 Ormdicta
1306 5296 1429 5342 sunt
1458 5304 1473 5344 :
1504 5302 1571 5341 ex
1615 5288 1752 5343 Filio
1860 5298 2009 5363 leges
2039 5304 2285 5365 separata
2322 5304 2470 5359 sunt,
2500 5301 2553 5347 et
2590 5294 2744 5347 valde
2790 5296 3050 5348 cenveuit
3096 5304 3157 5345 ut
3207 5294 3287 5347 vel
3347 5308 3442 5363 per

190 5381 337 5434 etiam
365 5381 1071 5451 procedere,dubitarenou
1095 5391 1341 5449 possent,
1367 5382 1602 5436 maxime
1627 5398 1749 5437 cum
1861 5391 2121 5459 δείρευηι,
2158 5388 2245 5443 vel
2312 5404 2409 5457 per
2456 5388 2677 5442 nuntios
2728 5388 2961 5443 concilio
3020 5385 3156 5439 guttit
3207 5402 3271 5441 ac
3302 5402 3445 5453 pm-

190 5476 398 5537 scirent,
426 5478 587 5545 quod,
626 5477 717 5545 qui
752 5475 1063 5544 hujusmodi
1099 5476 1365 5545 principia
1419 5481 1749 5544 concedunt,
1861 5480 1951 5533 sit.
1980 5477 2113 5531 Nam
2145 5482 2189 5531 si
2224 5479 2312 5532 ille
2342 5493 2447 5529 non
2477 5478 2717 5546 adjuvat,
2749 5478 2929 5531 inania
2963 5489 3016 5530 et
3044 5480 3295 5533 hesterna
3315 5486 3445 5532 sunt

194 5569 239 5621 id
263 5584 473 5639 quoque
507 5570 653 5640 quod
680 5586 742 5624 ea
764 5568 1031 5637 sequitur,
1069 5569 1382 5623 necessario
1414 5569 1705 5623 admittunt
1735 5586 1749 5633 ;
1862 5574 2041 5625 omnia
2082 5588 2095 5625 :
2125 5573 2243 5625 sine
2276 5571 2378 5626 hoc
2409 5572 2553 5624 enim
2605 5572 2978 5627 ecclesiastica
3032 5573 3287 5636 tractari,
3326 5583 3441 5627 sta-

199 5670 347 5729 ntque
403 5662 694 5717 Orientalis
750 5659 1010 5715 Ecclesia:
1075 5661 1319 5729 magistri
1350 5701 1364 5724 ,
1425 5660 1753 5717 Athanasius
1864 5666 2051 5737 tuique
2076 5684 2180 5720 non
2218 5676 2475 5736 possunt;
2504 5676 2848 5724 constatouc.
2878 5668 2991 5723 sive
3023 5683 3144 5723 cum
3172 5667 3442 5738 pluribus,

255 5803 357 5866 (iiii
392 5802 525 5871 Lege
548 5802 931 5854 Bvllartttinum
968 5817 1003 5853 ll
1030 5798 1104 5852 De
1141 5799 1375 5862 Chrtsto,
1404 5817 1451 5855 ς.
1479 5801 1568 5855 ⁸21.

258 5873 361 5945 μη
392 5875 574 5929 Exstat
620 5872 734 5927 Vita
765 5872 925 5943 hujus
975 5873 1032 5927 Β.
1084 5873 1345 5942 Stephani
1398 5876 1538 5927 inter
1574 5890 1739 5945 opera
1783 5874 2105 5930 Damasccni
2128 5876 2269 5928 edita
2306 5890 2334 5929 a
2370 5873 2547 5929 Billio.
