3882 6552
456 345 561 409 199

1720 347 2120 410 MANUELIS
2161 348 2466 410 CALECE

3640 343 3770 407 500

453 463 568 517 sive
622 475 744 514 cum
796 459 985 529 paucis
1015 499 1029 525 ,
1078 458 1220 528 quod
1275 457 1340 512 ad
1383 473 1442 513 se
1502 459 1762 530 pertinet,
1817 461 2114 532 implereA
2144 459 2848 515 obedientiamredderent.
2899 453 3110 514 Idcirco
3134 458 3328 530 saepius
3354 459 3420 513 ad
3476 456 3771 514 Ecclesiae

452 564 650 622 potest.

526 646 671 699 Alios
706 660 836 699 vero
872 661 976 698 non
1029 659 1166 712 opus
1197 652 1282 698 est
1326 644 1505 699 vocari
1537 662 1748 711 omnes,
1801 646 2036 700 maxime

454 740 546 808 qui
596 749 722 791 sunt
777 739 1118 800 remotior-es,
1151 752 1396 806 quosque
1447 736 1527 790 vel
1585 739 1680 791 viae
1736 739 2034 808 longitudo,

456 831 536 882 vel
567 829 659 882 alii
689 837 914 881 eventus
968 843 1171 880 rerum.
1215 827 1403 895 quales
1447 843 1818 894 szepcnumero
1859 845 2037 884 emer-

453 932 606 992 gunt,
654 919 1020 990 iinpedierint.
1068 921 1246 989 Atque
1304 920 1428 985 ista,
1487 935 1609 975 cum
1669 935 1863 991 magna
1931 937 2036 977 non

455 1021 613 1082 urget
662 1013 989 1076 necessitas,
1046 1027 1167 1066 cum
1216 1013 1444 1082 quazstio
1473 1015 1760 1083 perspicua
1811 1026 1918 1080 est,
1973 1031 2040 1071 ne

453 1105 638 1158 orbein
683 1103 869 1158 vocari
921 1119 1056 1173 opus
1104 1105 1213 1159 sit:
1249 1107 1468 1175 quando
1522 1107 1632 1176 ipse
1656 1122 1840 1161 secum
1889 1107 2040 1162 facil-

454 1198 581 1251 lime
622 1213 871 1267 magnam
921 1207 1128 1274 partem
1175 1213 1406 1253 evocare
1458 1201 1648 1269 possit,
1684 1209 1737 1253 et
1785 1216 1909 1255 cum
1962 1201 2040 1254 cis
2101 1264 2108 1265 γ

452 1300 719 1349 statuere,
768 1298 928 1358 atque
979 1290 1290 1343 decernere.
1335 1291 1556 1356 Deinde,
1591 1307 1695 1345 non
1754 1293 2032 1356 convi-uit,

452 1393 680 1438 vocatus
729 1381 1021 1450 quispiam,
1080 1397 1146 1436 an
1192 1382 1480 1438 invocatus
1507 1384 1694 1446 fuerit,
1732 1384 2039 1453 insiticere;

453 1481 572 1539 sed,
607 1491 674 1526 an
707 1490 830 1528 vera
857 1475 985 1538 sint,
1019 1489 1136 1544 qua:
1165 1484 1366 1530 statuta
1419 1475 1640 1541 fuerint,
1671 1479 2039 1548 perpendere:

455 1568 802 1621 nevideatur
831 1568 1098 1635 quispiam
1152 1583 1260 1622 non
1297 1570 1541 1623 veritatis
1589 1585 1776 1623 curam
1817 1570 2041 1638 habere,

451 1661 546 1713 sed
581 1661 776 1724 solum,
805 1661 897 1728 qui
929 1671 1155 1714 vocatus
1209 1677 1314 1715 non
1371 1662 1552 1725 fuerit,
1593 1661 1809 1731 indigne
1848 1663 1992 1719 ferre
2027 1688 2040 1719 ;

453 1755 596 1822 quod
629 1753 715 1806 isti
753 1755 910 1806 modo
939 1752 1164 1813 faciunt.
1196 1753 1320 1809 dum
1357 1755 1589 1809 honores
1639 1768 1704 1808 ac
1748 1755 2042 1825 primatum

454 1855 748 1908 sectantur,
781 1856 836 1898 ut
867 1847 966 1900 sub
997 1846 1223 1900 Romani
1260 1849 1490 1916 pastoris
1536 1864 1662 1901 cura
1699 1857 1752 1901 et
1785 1849 2042 1903 obcdieu-
2079 1846 2116 1899 Β
2152 1847 2426 1912 magistris
2499 1847 2939 1914 concinentibus,
2996 1865 3159 1919 quant
3215 1851 3364 1904 nefas
3423 1863 3574 1903 esset

457 1939 549 1997 tia,
589 1939 741 2004 juxta
787 1941 1066 2007 antiquum
1105 1954 1309 1991 morem
1347 1955 1450 1991 non
1500 1939 1627 2003 siut,
1677 1940 2033 2007 adiectionem

454 2028 716 2100 Symboli,
752 2043 813 2084 ut
841 2046 1062 2085 causam
1097 2032 1470 2086 rationabilem
1500 2022 1911 2100 prmtcudentes.

525 2122 637 2175 Iloo
671 2134 996 2177 autemnon
1051 2124 1327 2193 religionis
1398 2140 1460 2177 ac
1524 2123 1668 2188 fidei,
1702 2126 1796 2178 sed
1850 2140 2045 2194 supcr-

361 2242 368 2250 ι
453 2215 553 2268 hizc
593 2217 774 2283 potius
804 2226 1051 2283 apertum
1112 2218 1495 2270 documentum
1538 2226 1638 2272 est.
1671 2215 1838 2284 Nam,
1875 2219 1916 2271 si
1949 2218 2046 2272 atl-

453 2309 711 2362 ditionem
735 2310 952 2377 impiam
973 2310 1314 2373 existimant,
1347 2325 1443 2362 cur
1463 2311 1635 2365 sancti
1662 2308 1882 2362 Maximi
1913 2319 2046 2364 tem-

452 2402 695 2467 poribus,
728 2413 890 2469 atque
924 2403 1089 2456 etiam
1131 2415 1256 2454 ante
1285 2403 1450 2464 hunc,
1484 2403 1701 2469 quando
1724 2401 2041 2472 Symbolum

454 2494 522 2544 ita
553 2494 730 2546 omnis
753 2492 1116 2547 Occidentalis
1145 2494 1383 2547 Ecclesia
1420 2493 1651 2564 legebat,
1680 2494 1873 2549 Oriens
1900 2504 2044 2549 totus

455 2584 594 2633 banc
631 2583 966 2650 impietatem
1011 2599 1116 2636 non
1158 2586 1433 2652 redarguit
1481 2599 1658 2653 neque
1707 2584 1776 2638 ab
1803 2585 2042 2638 Ecclesia

453 2670 691 2722 liouiana
717 2673 995 2726 abscissus
1023 2673 1150 2725 est?
1183 2676 1248 2726 At
1282 2675 1332 2727 id
1382 2676 1602 2744 quidem
1657 2675 1728 2728 illi
1765 2689 1871 2727 non
1903 2676 2048 2730 lece-

453 2773 614 2827 ruut;
649 2763 755 2816 imo
792 2775 980 2817 coacta
1016 2776 1186 2826 sexta,
1221 2776 1274 2817 ct
1301 2766 1530 2833 septima
1589 2768 1820 2835 synodo,
1854 2767 2038 2838 adjec-

455 2855 655 2907 tiuneui
715 2858 853 2908 banc
894 2865 953 2909 ut
1019 2859 1160 2924 piam
1234 2858 1438 2924 liquido
1509 2858 2042 2925 comprobaverunt:

453 2965 650 3019 ncque.
689 2952 813 3018 quia
874 2955 1045 3006 ιοοιιιι
1109 2967 1217 3006 ιιοιι
1277 2965 1426 3018 sunt,
1481 2956 1723 3024 gravitte
1777 2956 2040 3021 tulerunt,

452 3057 510 3096 ιιι
545 3047 703 3098 modo
742 3048 826 3098 isti
862 3045 1086 3100 faciunt.
1912 3053 1916 3058 ’

522 3139 631 3190 (Zur
695 3141 836 3191 enim
872 3150 924 3191 ct
984 3139 1095 3203 isti,
1151 3148 1208 3192 ut
1272 3140 1368 3202 illi,
1411 3141 1492 3194 his
1519 3156 1637 3209 qua:
1671 3152 1797 3196 tttne
1829 3144 2041 3196 decreta

453 3229 694 3293 fuerunt,
733 3231 975 3283 contenti
1015 3249 1119 3284 non
1157 3243 1282 3285 sunt
1307 3234 1617 3286 ?Auteniut
1655 3234 1787 3288 istas
1810 3238 2044 3303 synodos

451 3323 722 3372 exsecrari
767 3337 988 3374 necesse
1027 3336 1128 3381 est,
1158 3332 1211 3373 ut
1238 3323 1304 3373 ab
1333 3322 1640 3375 llOtilllillltls
1693 3324 1871 3392 impiis
1911 3342 2043 3377 cott-

470 3414 640 3475 iatas;
672 3425 831 3482 atque
861 3415 929 3465 ita
957 3431 1052 3468 eos
1099 3423 1190 3482 qui
1233 3418 1283 3467 in
1335 3417 1436 3467 illis
1460 3418 1630 3478 luere,
1667 3430 1903 3476 sanetos,
1943 3434 2044 3468 una

816 3509 896 3561 vel
926 3509 1055 3562 istas
1088 3513 1340 3577 probare,
1363 3521 1416 3562 ct
1444 3512 1536 3575 qui
1573 3511 1692 3561 illas
1721 3520 2041 3578 coegerunt,

453 3611 511 3652 ut
556 3604 673 3668 plus
731 3618 795 3652 at:
855 3605 1140 3669 rcligiosos
1200 3617 1304 3652 una
1359 3605 1660 3667 suscipere.
1697 3602 1813 3654 Hoc
1862 3613 2042 3654 autem

455 3708 671 3748 nostros
703 3706 833 3749 tunc
886 3696 1329 3748 Oecidentalibus
1381 3700 1700 3764 eougruisse
1749 3696 2041 3760 significat.

452 3789 740 3853 Quocirca,
799 3803 1025 3840 necesse
1072 3805 1176 3839 nou
1229 3787 1349 3850 fuit,
1398 3799 1455 3838 ut
1509 3791 1708 3839 dictum
1779 3786 2042 3849 cst,istos

451 3887 766 3950 congregari
797 3898 811 3945 ;
841 3897 962 3933 cum
1019 3883 1103 3933 vel
1132 3895 1193 3932 ex
1259 3881 1380 3933 tidei
1441 3881 1743 3948 principiis,
1779 3898 1841 3933 ac.
1880 3898 2041 3933 sanc-

453 3984 627 4027 torum
697 3974 1007 4029 sententiis,
1066 3971 1400 4024 additiouem
1469 3972 1830 4026 rectissimam
1899 3990 2038 4034 esse,

452 4079 775 4134 persuasum
814 4067 893 4118 eis
947 4066 1158 4126 luisset,
1186 4067 1268 4119 vel
1304 4069 1371 4117 ab
1413 4066 1497 4118 his
1550 4068 1642 4133 qui
1693 4068 2040 4130 addiderunt,

452 4175 674 4212 eausam
735 4175 800 4212 ac
861 4163 1284 4221 necessitatem,
1342 4161 1892 4229 contonantiatnquc,
1949 4177 2042 4229 per

450 4255 630 4308 omnia
681 4255 980 4309 audissent.

522 4350 599 4404 Ac
649 4351 843 4412 nostri,
879 4359 934 4401 ut
967 4355 1126 4400 datur
1158 4347 1405 4414 intelligi,
1470 4348 1840 4416 religiosiores
1899 4351 2041 4401 circa

451 4443 634 4505 lidem,
682 4459 843 4508 quam
894 4442 990 4505 illi,
1035 4443 1192 4492 modo
1250 4441 1729 4508 inquirunt,un
1773 4450 1900 4493 tunc
1964 4441 2039 4492 illi

455 3508 728 3574 rt-jicituus
764 3525 777 3560 :

2143 555 2394 608 unionem
2451 553 2648 616 vocati,
2679 550 3041 620 adjectionem
3091 553 3242 621 prius
3292 552 3491 606 auferri
3550 559 3773 622 postu-

2139 643 2374 698 labant:
2425 644 2621 715 quibus
2673 658 2992 713 responsum
3043 653 3162 710 est,
3195 645 3336 714 quod
3397 645 3445 698 si
3509 643 3767 714 quidem

2148 735 2294 790 nulla
2329 735 2523 790 fuisset
2561 735 2880 801 adjectionis
2933 752 3124 800 causa,
3164 754 3266 792 non
3300 739 3489 792 fuisset
3521 755 3549 790 ιι
3586 735 3772 805 prin—

2141 829 2281 898 cipio
2308 829 2574 900 apposita.
2609 829 2739 884 Erat
2761 831 2928 894 enim,
2963 833 3178 900 quando
3231 840 3459 900 utraque
3490 829 3773 886 Ecclesia

2143 925 2261 976 sine
2315 921 2406 976 illa
2461 923 2767 991 adjectioue
2819 921 3136 993 Symbolum
3195 921 3427 990 legebat,
3471 931 3653 991 atque
3692 933 3770 972 ex

2143 1014 2284 1068 Filio
2314 1015 2610 1084 procedere
2665 1015 2924 1084 Spiritqu
2975 1026 3243 1078 sanctum,
3274 1016 3414 1084 apud
3453 1031 3665 1069 omnes
3706 1015 3768 1066 in

2145 1105 2382 1161 Ecclesia
2411 1106 2762 1168 reticebatur,
2783 1121 2902 1160 cum
2930 1107 3072 1161 nulla
3095 1110 3159 1162 de
3191 1108 3291 1162 hoc
3307 1117 3453 1163 esset
3477 1105 3768 1177 quaestio.

2217 1197 2409 1252 Postea
2463 1213 2590 1252 vero
2619 1212 2782 1269 quam
2837 1199 3159 1268 quibusdam
3209 1199 3772 1260 contradicentibus,

2147 1291 2334 1360 positis
2356 1291 2478 1345 fidei
2502 1292 3099 1362 terminisjiliumque
3119 1293 3379 1346 minorem
3407 1291 3568 1346 Patre
3595 1291 3772 1344 blas-

2149 1384 2560 1450 plieinantibus,
2593 1387 2716 1453 quia
2759 1387 3020 1455 scriptum
3054 1387 3106 1440 in
3137 1386 3393 1455 Symbolo
3438 1401 3546 1439 non
3598 1394 3772 1440 esset

2151 1478 2410 1546 Spiritum
2467 1489 2714 1532 sanctum
2773 1480 2937 1532 etiam
2971 1495 3037 1534 ex
3101 1477 3238 1534 Filio
3293 1483 3638 1550 procedere;
3697 1493 3772 1531 ac

2149 1577 2429 1638 propterea
2471 1569 2598 1624 Filii
2654 1572 2716 1625 ad
2770 1569 2984 1626 Patrem
3038 1571 3398 1638 identitatcm,
3429 1571 3770 1624 incommu-

2150 1663 2577 1734 tabzlitatemque
2627 1664 3024 1729 auferentibus,
3059 1665 3228 1721 dieeio
3277 1667 3364 1718 illi
3415 1681 3513 1734 pro
3564 1664 3772 1718 det-la-

2153 1757 2360 1809 ratione
2399 1757 2632 1824 sytuboli
2665 1758 2874 1826 adjecta
2902 1767 2986 1812 est
3017 1775 3030 1811 :
3065 1759 3452 1813 communibus
3485 1758 3772 1812 Ecclesia:

2155 1937 2320 2002 ferre,
2379 1955 2446 1994 Ite
2496 1941 2724 1995 adversa
2782 1943 3273 1997 contrat'licentimn
3329 1944 3516 2010 opinio
3573 1945 3768 1994 locum

2154 2011 2463 2096 liabeat,ac
2519 2047 2614 2101 per
2669 2033 2976 2102 huiusmodi
3031 2035 3381 2088 abolitionem
3439 2049 3572 2087 vcra
3629 2049 3770 2088 esse

2145 2125 2410 2177 videatur.

2219 2219 2498 2289 Siquidem
2559 2223 2722 2291 igitur
2770 2220 3092 2276 consentitis
3148 2222 3406 2286 veritati,
3487 2235 3590 2289 pro
3654 2221 3766 2276 hac

2149 2313 2428 2368 nobiscum
2483 2323 2716 2378 stantes,
2763 2325 2858 2367 aut
2912 2327 3008 2368 vos
3055 2313 3220 2368 etiam
3266 2329 3389 2368 cum
3439 2312 3768 2382 adiectione

2147 2406 2331 2474 regite,
2361 2421 2481 2476 qua:
2511 2407 2844 2475 blasphemis
2897 2421 2992 2460 ora
3029 2407 3304 2472 obstruit;
3330 2406 3436 2470 ve',
3467 2409 3593 2460 sine
3654 2405 3765 2459 hac

2149 2495 2390 2566 legentes
2426 2497 2593 2550 nolite
2621 2497 2893 2565 opinionis
2927 2511 3052 2552 esse
3082 2497 3401 2559 contrariae,
3439 2509 3625 2564 neque
3653 2509 3764 2550 nos

2147 2598 2338 2658 putare
2370 2589 2732 2658 blasphemas.
2753 2577 2815 2645 Et
2831 2590 2909 2645 sic
2927 2592 3070 2644 enim
3097 2605 3220 2646 cum
3242 2590 3476 2645 veritate
3495 2589 3758 2645 stabilis.

2149 2679 2264 2734 Non
2310 2680 2454 2734 enim
2483 2681 2535 2734 in
2591 2683 2794 2744 verbis,
2830 2683 2922 2735 sed
2969 2682 3023 2735 in
3068 2681 3341 2746 sensibus,
3374 2682 3566 2750 religio
3619 2695 3762 2732 nos-

2147 2785 2224 2824 tra
2262 2771 2529 2826 consistit.
2565 2770 2653 2836 Et,
2682 2775 2726 2827 si
2761 2773 2947 2837 vultis,
2980 2773 3083 2828 hoc
3121 2783 3326 2826 tantum
3381 2773 3534 2828 vobis
3567 2773 3761 2826 indul-

2148 2880 2358 2934 gemus,
2411 2875 2468 2919 ut
2525 2867 2803 2919 nobiscum
2863 2866 3275 2932 convenientes,
3311 2882 3425 2920 rem
3484 2867 3630 2918 hanc
3700 2867 3756 2919 itt

2130 2972 2438 3020 ,commuue
2488 2959 2754 3026 agitemus
2781 2971 2796 3023 ;
2820 2973 3252 3026 communesque
3290 2974 3452 3025 super
3500 2957 3606 3012 hac
3643 2957 3755 3011 Pa-

2152 3060 2292 3101 trum
2328 3051 2634 3120 sententias
2664 3050 3042 3114 discutiamus,
3095 3052 3297 3120 quibus
3336 3055 3446 3105 bazc
3497 3051 3748 3119 adiectio

2151 3158 2273 3194 vera
2333 3159 2452 3197 esse
2494 3145 2899 3211 comprobatur.
2933 3143 3086 3208 Quod
3137 3144 3180 3196 si
3245 3143 3420 3196 aliena
3485 3146 3756 3213 opinione

2149 3237 2301 3298 estis,
2327 3238 2768 3304 auditionemque
2797 3236 2955 3289 istam
2979 3237 3196 3303 penitus
3222 3238 3450 3290 renuitis
3484 3253 3497 3288 :
3527 3249 3755 3290 ςιιιιδιιιῑ

2150 3331 2391 3396 quidem,
2425 3343 2522 3381 vos
2553 3329 2698 3381 circa
2737 3329 2857 3381 tidci
2893 3329 3179 3384 veritatem
3233 3343 3359 3381 cum
3410 3328 3753 3382 advers-riis

2148 3436 2369 3485 errare;
2423 3422 2674 3488 hancque
2727 3421 3082 3482 auditionem,
3136 3421 3314 3481 vobis,
3368 3430 3423 3472 et
3477 3419 3586 3474 iliis
3639 3437 3750 3474 una

2151 3516 2347 3568 bellum
2415 3517 2677 3578 indicere,
2739 3516 2934 3584 quippe
3007 3524 3229 3584 propter
3298 3514 3750 3568 contradicentes

2148 3611 2354 3678 adjecta
2391 3620 2494 3662 est.

2222 3705 2440 3770 Verum,
2482 3707 2624 3760 sicut
2675 3707 2758 3760 bis
2802 3706 2893 3774 qui
2955 3705 3224 3774 negabant
3268 3704 3469 3759 Nicmni
3523 3707 3746 3759 (‘0::t‘ilii

2149 3801 2488 3870 Symbolum,
2522 3801 2637 3853 sive
2681 3801 2733 3852 itl
2795 3801 2936 3868 quod
2971 3800 3311 3867 postmodum
3351 3800 3747 3854 Constantino-

2147 3892 2250 3961 poli
2277 3892 2478 3942 cditum
2507 3902 2609 3952 est,
2649 3892 2807 3942 ambo
2828 3891 2970 3943 enim
3008 3905 3172 3942 unum
3206 3890 3378 3951 fuere,
3414 3889 3518 3943 etsi
3556 3891 3762 3944 verbis.

2145 3983 2364 4037 dillerre
2423 3984 2733 4043 videantur,
2796 3982 2929 4034 nihil
2984 3983 3190 4051 proluit
3241 3991 3310 4036 ait
3364 3983 3740 4051 apostolorum

2149 4077 2467 4146 Symbolum
2525 4078 2830 4137 recurrere,
2891 4076 3047 4145 quasi
3082 4076 3249 4128 tutius
3291 4086 3460 4144 atque
3515 4077 3742 4144 religio-

2147 4173 2302 4233 sius;
2357 4173 2501 4240 quod
2557 4171 2700 4221 cnim
2757 4184 2879 4222 cum
2939 4168 3245 4238 adiectione
3300 4169 3479 4222 fuerat
3533 4173 3742 4222 editum

2121 4267 2437 4328 ‘ncgantcs,
2475 4273 2528 4313 et
2581 4261 2709 4313 illud
2772 4274 2874 4311 una
2937 4261 3243 4326 negabant;
3307 4275 3470 4321 nam,
3512 4271 3566 4313 ct
3619 4277 3746 4328 quae

2147 4354 2491 4422 postmodum
2549 4355 2807 4406 VtriClltlll‘
2860 4353 3086 4420 adjecta,
3128 4355 3180 4404 ιιι
3231 4362 3545 4408 sanctorum
3578 4368 3738 4418 apus-

2152 4447 2380 4498 tnlzirum
2417 4447 2679 4515 Symbolo
2732 4445 3010 4512 complexa
3069 4445 3437 4499 continentur.
3477 4443 3553 4497 ita
3607 4445 3740 4498 nihil

452 4550 559 4587 non
617 4535 968 4602 quaesierunt.
1011 4533 1239 4585 Constat
1281 4534 1423 4585 enim
1470 4533 1589 4586 illos
1642 4543 1788 4597 tunc,
1824 4547 1877 4584 ul
1905 4534 2043 4584 Vt‘t'i-
2074 4562 2116 4615 υ
2151 4539 2300 4592 vobis
2362 4537 2600 4604 proderit
2644 4537 2922 4590 Niczeuum
2973 4534 3313 4605 Symbolum,
3345 4537 3446 4590 etsi
3503 4552 3597 4591 vos
3640 4537 3743 4590 hoc

451 4628 576 4679 tatis
611 4629 874 4686 fautores,
915 4625 1278 4693 legitimmqnc
1335 4624 1687 4693 subiectionis
1733 4636 2040 4680 servatores

449 4722 708 4781 cessisse,
741 4720 988 4787 nihilque
1040 4719 1334 4786 inquisisse
1387 4719 1640 4785 amplius.
1698 4718 1808 4771 Nos
1859 4731 2038 4773 autem

452 4822 636 4868 uestra
682 4823 986 4879 quzercntcs
1041 4814 1143 4864 sub
1179 4822 1445 4880 praetextu
1513 4815 1827 4878 dogtnatum
1855 4813 2041 4874 licclc-

451 4908 547 4960 size
578 4909 872 4959 scissuram
907 4905 1308 4965 imit-hitiatuur,
1335 4905 1684 4969 adiectionem
1707 4909 1756 4959 in
1782 4908 2038 4960 auxilium

451 5011 748 5052 sumentes.
782 5000 942 5068 Atqui
975 4999 1148 5050 nostri
1204 4999 1440 5065 quidem,
1494 5003 1732 5066 quatnliu
1786 5017 2041 5054 necessa-

452 5093 592 5142 rium
654 5091 895 5141 debitum
956 5098 1236 5140 servantes
1310 5090 1668 5154 ohedichant,
1722 5091 1855 5144 nihil
1906 5106 2042 5160 opus

451 5197 574 5237 esse
590 5182 789 5234 arbitra
801 5182 995 5233 bantur
1014 5196 1260 5234 seorsum
1283 5183 1508 5235 concilia
1536 5181 1752 5246 facere;
1785 5185 2039 5250 atljectio-

453 5293 578 5331 nem
635 5277 834 5344 quippe
888 5285 946 5327 ut
1002 5291 1210 5328 sumine
1279 5278 1461 5328 utilem
1539 5293 1602 5330 ac
1668 5280 2038 5332 nccessuiam

449 5372 717 5435 sciebant.
786 5370 976 5422 l'ostea
1015 5383 1143 5422 vero
1191 5385 1350 5437 quam
1392 5387 1638 5425 seorsum
1671 5385 1791 5425 csse
1848 5371 2036 5424 volue-

451 5477 599 5526 runt,
651 5462 980 5516 atlditiouetu
1031 5464 1176 5515 illam
1234 5463 1588 5518 discessionis
1641 5480 1860 5518 causam
1920 5465 2037 5518 ido-

457 5574 658 5619 neam,
714 5567 774 5608 ut
828 5558 931 5607 sibi
1001 5555 1321 5620 videbatur,
1386 5557 1552 5619 nacti,
1615 5570 1791 5622 neque
1863 5555 2036 5606 vocati

443 5651 673 5704 obedire
743 5651 1047 5702 voluerunt.
1105 5647 1275 5712 Nam,
1307 5651 1352 5703 si
1381 5650 1798 5710 convenissent,
1849 5660 2036 5702 contra

447 5759 510 5799 se
536 5746 812 5798 ferendam
839 5745 1162 5797 sententiam
1193 5759 1295 5796 non
1312 5742 1680 5811 ambigebant,
1707 5741 2036 5807 compellen-

447 5841 677 5908 dosque,
709 5847 768 5893 ut
799 5853 961 5908 quam
997 5838 1094 5907 ipsi
1129 5837 1487 5907 refugiebant,
1517 5837 1763 5892 Romano
1794 5833 2034 5904 pontifici

2150 4642 2335 4680 tenere
2413 4629 2654 4694 iactatis,
2707 4628 2865 4680 istaut
2919 4627 3250 4680 auditionem
3308 4627 3737 4692 exsecrantibus,

2145 4738 2306 4788 quam
2339 4721 2410 4773 illi
2465 4736 2764 4773 connexum
2820 4719 3098 4789 Symbolo,
3128 4719 3581 4791 cetnplexamqne
3632 4729 3740 4772 tra-

2152 4812 2426 4876 uiderunt,
2485 4823 2540 4866 et
2595 4829 2752 4880 quam
2821 4814 2921 4879 ipsi
2989 4813 3210 4864 omnino
3267 4814 3632 4879 adiecissent:
3666 4812 3733 4872 si,

2151 4907 2232 4959 vel
2268 4908 2345 4959 cis
2380 4908 2686 4958 viventibus
2718 4907 2945 4973 quzcstio
2997 4907 3097 4959 ista
3159 4905 3350 4959 fuisset
3402 4908 3619 4973 agitata,
3655 4903 3736 4956 vcl

2147 5014 2288 5050 nunc
2329 4997 2634 5063 hujusinodi
2673 4998 3052 5050 controversim
3079 5000 3357 5059 adessent,
3395 5002 3503 5060 vel,
3533 4998 3574 5050 si
3602 5009 3734 5065 quos

2145 5089 2375 5143 siisscnt
2406 5091 2470 5142 ad
2508 5101 2711 5141 tantum
2743 5094 2975 5143 vesaniae
2997 5092 3393 5159 pervehendos.

2221 5182 2380 5249 Atqui
2420 5195 2511 5234 vos
2546 5196 2648 5232 non
2681 5192 2734 5232 ut
2775 5183 2842 5232 ab
2883 5183 2988 5234 illis
3020 5183 3251 5250 positum
3305 5193 3410 5249 est,
3469 5183 3561 5236 sed
3610 5197 3727 5235 cum

2148 5275 2448 5341 adjectioue
2513 5275 2708 5340 legitis.
2773 5272 2906 5324 Nam
2954 5275 3185 5338 sublato,
3221 5276 3364 5342 quod
3421 5275 3725 5331 diciturmx

2147 5367 2312 5431 Filio,
2345 5367 2686 5435 perspicuum
2720 5377 2801 5420 est
2854 5369 2979 5436 quia
3009 5384 3072 5420 ex
3123 5371 3241 5421 solo
3294 5367 3461 5423 Patre
3508 5371 3726 5438 aiijcctio

2145 5461 2392 5510 infertur.
2431 5458 2541 5511 Etsi
2578 5461 2719 5512 enim
2753 5461 2853 5513 hoc
2888 5464 3050 5512 verbo
3080 5477 3184 5513 non
3217 5463 3423 5523 dicitis,
3461 5479 3585 5516 enm
3625 5463 3726 5513 lico

2143 5565 2322 5606 tamen
2383 5531 2687 5618 loquentes,
2723 5556 2847 5604 dum
2906 5569 2970 5606 ex
3015 5553 3178 5607 Patre
3234 5557 3438 5620 dicitis,
3499 5573 3563 5609 ex
3598 5558 3721 5614 sole.

2141 5644 2302 5696 etiam
2366 5640 2637 5710 adjicitis,
2707 5643 2956 5711 Deoquc,
3009 5647 3097 5697 cui
3153 5660 3362 5700 utentes
3413 5657 3613 5702 uestra:
3675 5656 3726 5699 et

2144 5740 2304 5791 corda
2340 5745 2524 5805 aperta
2554 5747 2704 5802 sunt,
2739 5739 3044 5806 huiusmodi
3080 5742 3261 5804 tidem,
3305 5743 3418 5796 imo
3450 5745 3722 5811 perfidiam

2143 5830 2368 5887 offertis.
2406 5829 2496 5884 Est
2520 5833 2663 5886 enim
2703 5832 2930 5888 validius
2962 5845 3186 5901 scuttre,
3219 5852 3378 5900 quam
3411 5837 3615 5893 dicere.
3645 5835 3720 5890 Nc
