3882 6570
222 441 299 506 Idl

1250 429 1648 498 ADVERSUS
1687 429 1999 492 GR/ECOS
2033 430 2182 492 LIB.
2225 432 2325 495 IV-

3303 428 3414 494 202

223 573 301 628 que
327 568 438 611 vero
463 551 515 608 id
537 548 748 607 sentitis
770 550 969 617 solum,
1002 549 1095 606 sed
1126 547 1288 605 etiam
1325 547 1581 613 scribitis,
1615 560 1737 602 eum
1766 552 1812 609 Α
1840 543 2018 615 potius
2080 558 2238 615 quam
2303 541 2597 614 principem
2621 583 2636 609 ,
2692 551 2749 598 et
2792 542 3013 598 militem
3064 540 3184 613 plus
3240 557 3404 613 quam

222 654 316 706 illos
344 647 423 716 qui
466 644 626 699 etiam
656 658 720 699 ex
748 643 886 698 Filio
933 643 1227 712 procedere
1274 640 1481 706 dicunt,
1510 652 1755 719 arguere

221 739 427 798 uitimini.
466 736 667 805 Itaque,
696 736 741 790 si
791 734 1104 805 vituperatis
1140 732 1490 797 additionem,
1515 731 1615 801 ipsi
1661 738 1741 784 ta-

221 849 312 887 men
342 827 675 885 nihilominus
729 824 984 894 adjicitis.
1018 823 1089 878 Et
1142 823 1299 877 nobis
1343 820 1556 891 quidem
1586 821 1739 875 adest

220 939 294 995 per
322 919 485 974 omnia
540 917 850 984 concordia,
891 914 1133 984 nihilque
1187 913 1423 977 illorum,
1464 926 1583 982 quae
1636 911 1739 966 ﬁde

218 1011 513 1069 continentur
542 1008 802 1072 tollimus,
838 1006 990 1061 vobis
1017 1012 1197 1061 autem
1247 1012 1436 1059 contra
1500 1002 1734 1071 penitus.

270 1099 641 1156 Consideranda
695 1106 873 1153 autem
922 1096 1076 1152 vobis
1128 1104 1211 1152 est
1246 1094 1499 1149 Ecclesia:
1544 1102 1740 1149 nostra:

219 1193 425 1259 dignitas,
450 1205 569 1261 qua
597 1204 877 1260 nunquam
898 1190 966 1243 de
1000 1188 1102 1244 ﬁde
1144 1187 1247 1242 nisi
1280 1200 1515 1257 congrua
1569 1185 1742 1241 sensit

219 1301 264 1339 ac
313 1282 485 1338 statuit
517 1300 531 1335 :
565 1291 619 1335 et
678 1294 797 1351 qua:
847 1279 985 1345 sola,
1043 1278 1198 1333 vobis
1239 1277 1490 1343 omnibus
1532 1276 1740 1332 caeteris

216 1378 327 1431 circa
367 1372 513 1426 ﬁdem
562 1368 1034 1438 naufragantibus,
1062 1382 1170 1422 non
1197 1368 1370 1422 solum
1413 1366 1545 1421 nihil
1581 1381 1739 1435 passa

219 1474 282 1518 est
303 1461 612 1531 huiusmodi,
646 1474 832 1515 verum
863 1467 918 1512 et
943 1457 1188 1527 iacentes
1216 1464 1441 1511 caeteras
1470 1454 1740 1510 Ecclesias

215 1556 490 1617 erexit;et,
531 1550 704 1605 sicubi
760 1549 1039 1618 religionis
1089 1547 1268 1602 fervor
1322 1554 1620 1615 supererat,
1672 1543 1738 1599 ad

215 1648 324 1700 hanc
367 1640 731 1711 confugiebat,
783 1639 925 1694 hanc
976 1637 1301 1707 appellabat.
1358 1635 1486 1690 Haec
1536 1642 1738 1698 autem,

218 1750 395 1791 manum
416 1735 713 1805 porrigens,
736 1746 853 1801 quae
872 1731 1123 1802 dispersa
1147 1737 1322 1796 erant,
1342 1728 1397 1784 in
1422 1742 1585 1783 unum
1600 1726 1740 1782 ovile

214 1829 421 1897 cogebat,
449 1835 614 1895 atque
642 1822 1029 1895 coniungebat,
1058 1832 1115 1877 ut
1150 1838 1247 1877 vos
1298 1821 1490 1876 melius
1542 1818 1736 1875 nostis.

1840 637 2218 705 imperatorem
2265 636 2316 691 in
2363 635 2597 692 decretis
2644 632 2872 700 bellicis,
2898 647 3056 702 posse
3110 643 3405 689 assereret.

1841 728 1948 781 Sed
1998 726 2099 783 ista
2156 728 2419 797 superbiae
2477 736 2662 797 aperta
2711 726 3025 781 documenta
3086 725 3308 792 habent,
3355 734 3409 781 et

1839 819 2277 875 irrationabiliter
2305 817 2741 875 distribuentittm
2776 824 2922 872 sunt.

1912 908 2016 964 [sta
2078 902 2204 965 tunc
2259 910 2459 965 nostris
2526 910 2594 963 ab
2651 906 3085 963 Occidentalibus
3153 922 3410 978 responsa

1838 1013 1965 1059 sunt
2030 1016 2155 1057 cum
2224 1000 2586 1070 adiectionem
2672 997 2873 1053 aboleri
2927 998 3281 1067 postularent.
3344 1000 3411 1054 Et

1839 1102 1992 1159 tunc,
2031 1091 2218 1147 eadem
2270 1092 2475 1155 dicunt,
2511 1098 2565 1145 et
2614 1088 2784 1142 modis
2834 1087 3104 1153 omnibus,
3125 1092 3201 1142 'ad
3253 1091 3413 1144 unio-

1840 1200 1960 1240 nem
2007 1193 2219 1239 vocant.
2276 1182 2405 1248 Sed,
2449 1194 2623 1249 neque
2679 1181 2871 1246 modo,
2910 1193 3084 1250 neque
3127 1191 3284 1236 antea
3329 1182 3413 1238 his

1842 1292 1961 1348 qua:
1990 1278 2264 1341 dicuntur,
2300 1274 2551 1330 assentiri
2591 1272 2925 1341 delegerunt.
2983 1274 3265 1340 Quomodo
3316 1276 3415 1344 igi-

1843 1377 1949 1434 tur,
1984 1383 2103 1423 cum
2134 1368 2242 1422 sint
2272 1365 2555 1420 contrariae
2579 1362 2868 1432 opinionis,
2901 1362 3061 1419 etiam
3096 1364 3293 1433 vocati,
3334 1365 3418 1418 his

1841 1456 2131 1515 convenire
2158 1455 2470 1521 voluissent,
2503 1466 2642 1524 quos
2676 1453 2822 1507 circa
2848 1452 3007 1507 ﬁdem
3041 1452 3421 1522 blasphemarc

1842 1549 2216 1604 arbitrantur?
2253 1546 2359 1601 Sed
2392 1556 2567 1600 tamen
2617 1554 2670 1600 et
2704 1544 2803 1599 hoc
2850 1543 3052 1600 factum
3088 1553 3194 1609 est,
3223 1558 3416 1613 eaque,

1841 1655 1999 1710 quam
2034 1638 2241 1703 dicunt,
2272 1637 2535 1700 evocatio,
2563 1635 2975 1705 communisque
3003 1638 3241 1706 synodus
3264 1637 3376 1707 (49)
3402 1676 3418 1702 ,

1840 1730 1956 1785 sive
1989 1730 2191 1785 nostris
2229 1728 2295 1783 ad
2325 1727 2684 1784 obedientiam
2733 1729 2969 1796 priorem
3003 1727 3372 1782 remeantibus
3402 1767 3419 1793 ,

1846 1822 1962 1877 sive
2027 1822 2094 1876 de
2144 1819 2445 1887 huiusmodi
2501 1819 2774 1875 additione
2825 1817 3007 1873 doceri
3059 1817 3419 1887 cupientibus,

216 1895 304 1970 Non
331 1931 444 1984 ergo
464 1915 717 1971 convenit
741 1923 799 1969 ut
830 1929 953 1970 cum
995 1914 1104 1968 tale
1150 1912 1220 1967 ab
1251 1911 1406 1966 initio
1433 1910 1739 1982 exemplum
1773 1895 1816 1951 Β
1849 1915 1963 1970 sive
1992 1927 2089 1985 per
2138 1914 2341 1983 seipsos
2362 1913 2647 1967 veritatem
2700 1910 3143 1982 agnoscentibus,
3173 1909 3421 1981 Lugduni

216 2005 437 2070 habeatis,
467 2019 790 2074 semperque
839 2007 905 2061 ad
961 2003 1049 2058 illa
1110 1995 1319 2058 fueritis
1366 2001 1562 2067 edocti,
1598 2014 1742 2055 nunc

217 2106 383 2151 mutato
412 2097 630 2160 ordine,
661 2110 762 2153 vos
811 2094 955 2150 illam
1007 2095 1201 2150 docere
1226 2093 1519 2158 conemini,
1549 2093 1743 2147 adver-

213 2202 286 2242 sus
307 2203 445 2258 quam
476 2199 648 2258 porta:
677 2187 836 2257 inferi
875 2203 1141 2259 nunquam
1185 2184 1616 2255 praeventurus"
1657 2183 1745 2240 ille

217 2280 445 2351 promisit,
480 2281 574 2349 qui
608 2281 826 2335 mentiri
857 2295 963 2335 non
997 2287 1195 2349 potest.

264 2368 446 2439 Itaque,
474 2379 534 2424 ut
566 2384 636 2424 ex
668 2369 960 2441 pramissis
1008 2370 1264 2433 innotuit,
1294 2375 1488 2438 praeter
1533 2380 1745 2422 omnem

217 2459 442 2516 rationem
483 2471 587 2526 est,
624 2472 815 2530 putare
855 2463 999 2519 hanc
1044 2476 1075 2517 a
1101 2461 1329 2517 veritate
1382 2460 1666 2524 excidisse,
1694 2466 1750 2512 et

216 2551 461 2605 occasione
494 2551 776 2620 religionis
817 2551 963 2607 circa
1020 2552 1199 2616 ﬁdem,
1251 2550 1378 2605 dum
1426 2549 1748 2604 additionent

216 2639 433 2709 abiicitis,
463 2642 584 2710 eius
609 2644 771 2698 etiam
818 2643 1227 2713 intelligentiam
1269 2641 1533 2711 negando,
1559 2640 1628 2695 ab
1652 2640 1752 2695 ltu-

214 2733 417 2799 iustnodi
458 2734 703 2790 Ecclesia
731 2735 972 2804 praecidi,
1000 2734 1139 2790 sicut
1172 2743 1225 2790 et
1252 2733 1382 2788 alias
1418 2741 1581 2789 ante:
1611 2747 1752 2789 nune

214 2822 397 2890 quidem
434 2833 659 2895 propter
702 2825 1171 2881 consubstantialt's
1194 2839 1388 2880 nomen
1418 2839 1434 2890 ;
1462 2839 1605 2879 nunc
1658 2839 1765 2885 au-,

218 2920 323 2977 tem,
364 2912 499 2980 quod
561 2913 664 2969 hoc
712 2927 912 2969 nomen
973 2914 1114 2969 Deus
1175 2914 1243 2970 de
1302 2911 1505 2982 Spiritu
1563 2922 1754 2969 saneto

212 3002 434 3070 scriptum
490 3020 598 3059 non
662 3014 829 3072 esset,
855 3012 911 3060 et
957 3006 1092 3063 alias
1148 3006 1323 3073 aliter,
1369 3015 1593 3077 propter
1618 3020 1754 3077 quas

217 3096 364 3150 nostis
387 3111 603 3163 causas,
635 3096 1093 3166 praecidebamini.

1845 2015 2169 2076 congregata
2218 2013 2326 2072 est,
2350 2011 2405 2059 et
2434 2013 2619 2073 aperte
2663 2011 2787 2058 ante
2836 2002 3014 2073 plures
3062 2018 3233 2058 annos
3286 2018 3422 2058 con-

1844 2105 2132 2156 summata.
2155 2096 2256 2154 Ubi
2285 2097 2470 2152 aderat
2490 2095 2701 2166 quidem
2726 2094 3001 2151 Romanus
3041 2095 3279 2166 pontifex
3302 2095 3419 2168 (50)

1844 2207 1937 2260 per
1971 2193 2233 2259 seipsum,
2267 2190 2411 2245 illius
2434 2188 2835 2245 convocationis
2860 2198 3068 2252 auctor,
3100 2199 3263 2260 atque
3284 2203 3410 2247 cum

1844 2296 1909 2337 eo
1933 2281 2307 2352 quadringenti
2333 2282 2500 2336 ferme
2543 2279 2805 2349 episcOpi.
2835 2278 3072 2336 Aderant
3124 2288 3303 2335 autem
3361 2288 3416 2334 et

1847 2374 2455 2445 Constantinopolitanae
2504 2372 2756 2429 Ecclesiae
2816 2371 3009 2440 legati,
3054 2373 3145 2441 qui
3202 2373 3413 2429 illorum

1850 2466 2138 2537 implerent
2188 2465 2389 2520 locum.
2441 2460 2593 2518 Tunc
2648 2463 2827 2533 igitur,
2864 2470 2923 2517 ut
2978 2472 3145 2532 patet,
3178 2478 3240 2518 ex
3304 2463 3416 2520 illic

1852 2555 2066 2625 scriptis
2133 2553 2539 2633 commentariis
2563 2592 2583 2619 ,_
2620 2552 2675 2607 in
2726 2552 2917 2621 quibus
2973 2561 3026 2606 et
3083 2565 3268 2605 eorum
3322 2552 3415 2620 qui

1852 2656 2237 2714 convenerant,
2292 2644 2531 2710 nomina,
2558 2652 2613 2699 et
2667 2643 2852 2709 verba,
2904 2650 2960 2697 et
3009 2641 3320 2713 dignitates,
3364 2652 3422 2699 et

1854 2739 2035 2794 omnia
2084 2738 2306 2794 omnino
2346 2734 2620 2791 memoria:
2671 2733 2925 2789 mandata
2974 2742 3137 2789 sunt:
3175 2748 3422 2789 commu-

1857 2831 2001 2885 niter
2024 2831 2092 2884 ab
2145 2828 2395 2883 omnibus
2441 2835 2525 2882 est
2578 2825 2935 2891 declaratum,
2988 2824 3419 2894 antiquissimam

1857 2919 2110 2975 Ecclesia
2149 2918 2491 2973 traditionem
2540 2930 2685 2983 esse,
2732 2924 2787 2971 et
2834 2916 2903 2971 ad
2951 2925 3200 2971 sanctam
3240 2916 3425 2971 Trini-

1862 3011 1985 3067 tatis
2015 3010 2445 3074 saluberrimam,
2476 3017 2531 3062 et
2572 3023 2755 3063 veram
2777 3008 2959 3074 ﬁdem,
2986 3022 3198 3062 summe
3231 3022 3423 3063 neces-

1860 3102 2078 3167 sariam,
2108 3101 2544 3171 Graecorumque,
2568 3097 2885 3154 Latinorum
2934 3099 3217 3155 doctorum
3244 3115 3425 3169 aequa-

269 3184 352 3240 Est
409 3198 591 3242 autem
661 3187 875 3287 plenum
949 3188 1300 3246 absurditatis
1371 3198 1428 3247 et
1483 3191 1830 3288 amentiae
1861 3195 2003 3261 liter,
2070 3195 2321 3266 dogmate
2363 3202 2418 3249 et
2466 3190 2709 3247 doctrina
2766 3191 3108 3256 roboratam,
3164 3191 3426 3261 Spiritum

219 3285 381 3343 putare
425 3278 585 3332 vobis
621 3276 838 3347 quidem
885 3278 1048 3332 licere
1077 3281 1312 3350 synodos
1359 3294 1573 3351 cogere,
1602 3296 1664 3337 ac
1693 3284 1759 3338 de

215 3364 300 3421 ﬁde
337 3367 550 3423 decreta
582 3368 1090 3441 conseribere(48);
1125 3384 1244 3425 cum
1292 3371 1435 3426 nulla
1461 3372 1611 3428 illinc
1638 3387 1759 3428 sen-

224 3458 361 3513 tentia
413 3460 671 3520 manarit.
725 3476 828 3515 non
873 3462 1247 3517 consentiente
1279 3462 1361 3517 vel
1416 3478 1513 3534 per
1567 3479 1653 3534 se,
1677 3466 1758 3521 vel

218 3560 294 3615 per
349 3550 478 3606 alios
532 3550 780 3607 Romano
835 3552 1110 3620 pontiﬁce,
1166 3567 1287 3622 qua?
1332 3532 1438 3610 non
1486 3563 1544 3610 ut
1598 3532 1757 3610 noxia

218 3639 508 3707 existimata,
540 3642 778 3698 tenebris
795 3643 1045 3697 damnata
1063 3645 1152 3699 sit.
1174 3642 1236 3698 Ei
1261 3660 1406 3711 vero,
1429 3654 1483 3700 et
1508 3646 1760 3702 Ecclesiae

216 3744 324 3795 suae,
345 3746 460 3801 qua}
480 3746 513 3786 a
539 3736 761 3787 nemine
777 3747 1010 3802 unquam
1046 3734 1439 3802 quomodnlibet
1462 3739 1763 3790 communi-

221 3830 287 3874 ter
316 3822 391 3876 vel
425 3823 655 3878 seorsim
689 3823 759 3878 de
802 3822 908 3878 ﬁde
958 3824 1281 3894 reprehensa
1298 3833 1401 3892 est,
1428 3835 1485 3882 et
1513 3826 1628 3883 sine
1652 3843 1760 3898 quo

219 3914 447 3979 possibile
495 3929 608 3969 non
640 3922 726 3969 est
772 3914 1139 3970 ecclesiasttca
1194 3918 1378 3984 statui,
1415 3927 1470 3973 et
1522 3904 1758 3973 Ordinati

216 4008 567 4077 negotiatnon
628 4008 808 4063 dicere
835 4046 852 4073 ,
904 4009 1131 4063 concilia
1187 4024 1312 4064 eum
1365 4011 1481 4066 suis
1530 4010 1758 4080 agendo,

215 4102 333 4166 quod
363 4100 426 4154 ad
474 4115 540 4155 se
594 4098 850 4169 pertinet,
883 4101 1247 4157 ecclesiastica
1304 4110 1535 4158 tractare
1567 4116 1631 4156 ac
1674 4102 1760 4156 di-

225 4184 397 4255 rigere.
428 4187 538 4243 Sed
575 4185 728 4241 vobis
782 4187 999 4256 quidem
1070 4189 1465 4259 praesentibus,
1522 4189 1755 4261 primum

216 4279 455 4345 conﬁteri,
501 4292 560 4335 et
605 4280 844 4336 omnium
872 4272 1014 4338 esse
1063 4281 1364 4353 principem
1412 4283 1758 4339 concedere:

216 4380 479 4440 omnesque
521 4382 743 4443 propter
769 4373 1081 4442 dignitatem
1110 4374 1162 4428 in
1185 4388 1310 4429 eum
1354 4375 1627 4445 respicere
1665 4375 1762 4431 de-

216 4457 322 4515 bere
377 4463 669 4530 arbitrari,
722 4474 910 4533 utpote
987 4465 1153 4522 totius
1208 4466 1413 4536 collegii
1468 4475 1667 4537 caput,
1707 4477 1763 4522 et

223 4564 508 4619 supremum
545 4555 825 4611 verticem:
854 4558 1168 4613 absentibus
1199 4566 1401 4624 autem,
1431 4573 1607 4629 neque
1635 4560 1761 4614 ulti-
1791 4537 1837 4593 θ

227 4654 350 4695 nium
380 4644 450 4699 illi
481 4645 660 4699 locum
686 4645 1015 4715 relinquere,
1045 4661 1110 4701 ne
1130 4648 1413 4702 minimum
1447 4648 1685 4717 quidem,
1707 4659 1765 4704 ut

220 4743 303 4785 vos
328 4737 545 4789 seorsim
574 4734 698 4790 fidei
750 4736 964 4791 decreta
989 4744 1044 4790 et
1084 4737 1331 4804 dogmata
1360 4737 1622 4807 scribitis,
1660 4740 1764 4809 ipsi

220 4820 358 4879 licere
395 4825 444 4879 in
478 4826 864 4881 ecclesiasticis
917 4827 1146 4895 agendo,
1176 4841 1299 4895 quae
1323 4841 1419 4882 sua
1473 4838 1601 4885 sunt
1650 4838 1763 4886 sta-

224 4916 369 4976 tuere,
398 4923 559 4982 atque
600 4912 918 4980 decernere,
945 4914 1197 4968 omnibus
1245 4915 1341 4982 illi,
1368 4930 1488 4984 quae
1538 4916 1768 4973 habebat

224 4999 407 5059 ablatis.
441 5006 557 5061 Hoc
602 5016 781 5061 autem
840 5012 925 5059 est
969 5006 1135 5061 vestri
1174 5018 1335 5061 causa
1382 5016 1571 5075 putare
1618 5008 1766 5063 illum

224 5094 482 5157 primatum
535 5107 592 5151 et
646 5097 1021 5153 auctoritatem
1087 5097 1139 5151 in
1200 5100 1489 5156 sententiis
1546 5101 1768 5169 habere,

226 5197 313 5238 non
364 5202 457 5242 vos
506 5188 652 5243 illius
710 5202 875 5243 causa
925 5189 979 5243 in
1034 5190 1257 5260 synodis
1294 5192 1500 5258 ornari,
1531 5201 1587 5247 et
1611 5206 1771 5262 posse

226 5274 399 5342 aliquid
441 5290 653 5349 putare,
679 5279 958 5348 sequendo
986 5281 1040 5336 id
1071 5284 1215 5352 quod
1251 5295 1445 5354 praeter
1491 5286 1768 5355 antiquam

228 5364 445 5425 Ecclesia:
473 5371 915 5428 consuetudinem
945 5385 1049 5439 est,
1077 5375 1239 5431 veluti
1268 5378 1456 5447 siquis
1483 5376 1759 5435 subditum

289 5500 327 5531 "
374 5501 561 5559 Matth.
610 5519 724 5570 XVI,
758 5505 855 5559 18.
930 5586 933 5587 ν

277 5639 394 5716 ,(48)
427 5641 618 5716 Notent
638 5642 752 5716 haec
778 5640 1037 5716 haeretici,
1058 5648 1114 5695 et
1139 5640 1343 5716 i_n_iura
1391 5652 1613 5716 pectora
1666 5642 1758 5697 de—

233 5708 420 5762 mittant
442 5712 523 5764 isti
548 5712 694 5778 impii
725 5708 1013 5782 Lutherani
1040 5722 1094 5764 et
1115 5708 1442 5782 "Calvinistl'e
1472 5714 1561 5782 qui
1590 5728 1650 5768 se
1672 5726 1768 5780 per

232 5789 462 5852 summam
482 5781 867 5852 impudentiam
892 5779 1243 5852 Evangelicos
1259 5783 1461 5836 audent
1481 5779 1683 5852 appella
1693 5797 1768 5836 rc.

292 5847 654 5919 (t9)Synodus
676 5847 1217 5917 Lugdunicelebrata
1267 5867 1358 5907 an.
1416 5847 1565 5908 Chr;
1604 5852 1767 5910 1274.

515 5940 790 6000 Parnon.
829 5939 946 6001 Gn.
992 5942 1153 6002 CLll.

1863 3294 2107 3351 sanctum
2160 3299 2227 3339 ex
2288 3282 2448 3337 Patre
2507 3291 2562 3336 et
2611 3278 2749 3334 Filio
2803 3280 3073 3347 similiter,
3148 3279 3306 3336 veluti
3361 3295 3425 3336 ex

1872 3390 1977 3432 uno
2015 3374 2285 3445 principio
2337 3372 2649 3443 procedere.
2680 3370 2944 3427 Damnant
2976 3381 3174 3435 autem,
3207 3378 3262 3426 et
3297 3384 3431 3424 ana-

1862 3467 2234 3532 thematizant,
2263 3466 2355 3534 qui
2391 3474 2516 3519 tunc
2562 3478 2863 3518 convenere
2900 3477 3116 3527 omnes,
3145 3461 3236 3541 qui
3277 3462 3432 3516 dein-

1865 3568 1994 3624 ceps
2023 3553 2129 3608 duo
2157 3550 2427 3622 principia
2465 3558 2793 3605 conarentur
2820 3547 3181 3612 introducere,
3209 3555 3265 3601 et
3290 3546 3432 3600 hanc

1863 3645 2251 3702 absurditatem
2307 3641 2564 3698 Ecclesiae
2603 3640 2825 3694 auribus
2856 3638 3121 3709 ingerere.
3178 3635 3253 3691 Ea
3303 3651 3430 3692 vero

1867 3736 2163 3800 sententia,
2213 3733 2595 3790 communibus
2642 3729 2884 3785 omnium
2936 3730 3077 3785 votis
3128 3726 3430 3792 enuntiata,

1865 3827 2073 3897 digesta
2103 3827 2155 3881 in
2188 3824 2390 3881 eisdem
2421 3822 2639 3891 scriptis
2665 3832 2768 3877 est.

1939 3920 2217 3985 Nusquam
2247 3931 2376 3972 vero
2399 3917 2508 3971 illic
2537 3915 2804 3986 quispiam
2833 3912 3097 3986 additioni
3125 3911 3430 3981 indignari;

1861 4010 1984 4075 sed,
2021 4022 2146 4063 vera
2203 4006 2409 4070 omnia,
2441 4014 2497 4061 et
2546 4019 2707 4061 voces
2742 4012 2798 4060 et
2836 4004 3096 4069 actiones,
3123 4017 3242 4072 quae
3292 4002 3434 4074 Lug-

1860 4106 1985 4161 duni
2015 4113 2142 4159 tunc
2190 4113 2338 4173 gesta
2386 4111 2535 4169 sunt;
2566 4113 2640 4167 et,
2673 4101 2764 4170 qui
2812 4116 2878 4156 ex
2915 4102 3116 4156 nostris
3162 4100 3434 4158 aﬁuerunt

1860 4195 2115 4261 concilio,
2151 4196 2443 4266 legatique,
2469 4202 2524 4249 et
2579 4191 2825 4261 episcopi
2887 4192 3143 4257 confessi,
3183 4190 3432 4253 foederati
3512 4229 3515 4232 ν

1863 4287 2158 4353 redierunt,
2201 4294 2420 4355 agentes
2471 4283 2579 4337 Deo
2627 4288 2831 4350 gratias
2857 4296 2979 4335 cum
3029 4280 3300 4344 omnibus,
3338 4297 3434 4350 pro

1860 4377 2130 4434 communi
2166 4374 2288 4431 ﬁdei
2331 4373 2641 4436 concordia,
2672 4387 2778 4444 qua
2810 4373 2865 4427 in
2923 4371 3197 4443 praedictis
3260 4372 3433 4429 tribus

1865 4466 2119 4537 capitulis
2154 4463 2313 4520 simul
2344 4471 2754 4519 consenserunt.

1938 4558 2181 4626 Cumque
2239 4555 2435 4611 animis
2489 4553 2766 4624 coniuncti
2830 4559 3042 4621 essent,
3096 4552 3269 4608 coacti
3326 4566 3431 4607 non

1864 4659 1992 4706 sunt
2022 4648 2336 4721 Symbolum
2381 4662 2501 4701 cum
2552 4646 2828 4702 additione
2876 4646 3089 4717 legere;
3142 4647 3258 4713 sed,
3289 4645 3433 4700 sicut

1868 4741 2204 4813 temporibus
2243 4739 2397 4794 'beati
2457 4737 2699 4803 Maximi,
2754 4738 2833 4793 sic
2875 4745 3004 4793 tunc
3054 4751 3112 4793 se
3170 4737 3442 4791 habebant

1859 4849 1968 4889 res.
2008 4833 2295 4887 Enimvero
2348 4830 2602 4899 quoniam
2661 4827 2966 4883 communis
3014 4826 3299 4895 utriusque
3338 4826 3441 4879 Ec-

1868 4923 2051 4979 clesiae
2109 4921 2398 4987 sententia,
2454 4917 2716 4987 Spiritum
2774 4924 3020 4973 sanctum
3066 4931 3095 4989 a
3140 4914 3332 4980 Patre,
3384 4924 3438 4970 et

1866 5014 2003 5070 Filio
2066 5013 2391 5083 procedere,
2445 5022 2633 5065 verum
2683 5022 2804 5064 esse
2860 5008 3262 5077 promulgatum
3329 5014 3433 5067 est,

1866 5108 2134 5176 aliterque
2199 5103 2520 5167 sentientes,
2568 5100 2928 5156 maledictioul
2997 5099 3196 5155 addicti
3262 5105 3434 5152 sunt:

1867 5203 2079 5253 constat
2108 5194 2373 5267 profecto,
2397 5194 2548 5263 quia,
2582 5192 2674 5263 qui
2714 5190 2874 5246 modo
2905 5190 3046 5245 istud
3078 5190 3427 5249 conﬁtentur,

1867 5289 2014 5359 digni
2070 5295 2214 5353 sunt,
2247 5290 2341 5356 qtti
2395 5294 2800 5353 asseverentur,
2845 5292 2900 5337 et
2954 5290 3169 5337 nostras
3211 5279 3435 5343 diligere

1871 5377 2174 5441 Ecclesias,
2222 5376 2543 5443 illarumque
2621 5372 2982 5435 sententiam,
3032 5369 3209 5439 'quasi
3277 5368 3439 5422 unius

1939 5642 2053 5714 (50)
2080 5643 2385 5715 Secundum
2410 5644 2747 5715 Onuphrium
2787 5653 2871 5715 est
2908 5646 2953 5700 is
3011 5643 3309 5715 Gregorius
3362 5644 3434 5700 x.

1875 5712 2129 5787 interluit
2172 5713 2311 5787 huic
2336 5712 2567 5787 concilio
2599 5718 2764 5773 etiam
2814 5714 3042 5773 Michael
3103 5713 3435 5787 Palaeulogus

1878 5785 2009 5854 itnp.
2039 5784 2690 5857 ConstantinOpolitanus.

2899 5946 2933 6001 7
