3920 6544
450 390 557 449 90'}

1714 372 2120 434 MANUELIS
2153 368 2461 432 CALECB

3605 370 3706 437 ΞΜ

450 503 849 561 confessionem
893 495 1201 566 complecti,
1243 501 1403 560 atque
1430 490 1747 555 continere;
1786 488 1878 558 qui
1910 502 2036 541 vero
2067 490 2109 545 Δ
2138 487 2227 557 qui
2289 482 2564 557 synodieis
2614 482 3297 555 sentcntiis,deeretisque
3346 483 3704 544 interessent:

454 600 599 652 illam
622 592 943 650 sententiam
989 591 1480 655 ncgaut,ncutram
1519 580 1768 634 venerari
1817 579 2028 649 persp]-

451 702 615 742 cuum
685 693 790 747 est;
857 689 1071 733 tertiam
1140 684 1347 735 autem,
1399 673 1582 726 nescio
1643 686 1802 740 quant
1871 671 2031 725 aliam

454 776 748 832 Ecclesium
804 772 1032 832 habere,
1081 764 1152 821 ab
1198 774 1429 835 utraque
1481 772 1804 833 separatam,
1849 764 2034 819 amba-

452 872 663 937 busque
692 863 891 918 bellum
924 860 1278 914 indicentem.
1814 912 1817 917 ν

520 956 755 1026 Liquido
792 968 928 1023 ergo
983 952 1395 1019 comprobatur,
1444 958 1498 1001 et
1546 963 1707 1017 quam
1762 944 2041 1015 inquirant

446 1040 879 1122 'synodnm,~jam
913 1044 1113 1100 factam
1161 1058 1302 1107 esse,
1334 1042 1521 1111 eisque
1555 1055 1659 1093 non
1709 1054 1814 1092 una
1846 1037 2038 1092 decer-

454 1140 710 1196 nentibus
736 1136 1101 1207 adjectioncm
1148 1132 1371 1197 factam,
1406 1130 1548 1201 quod
1584 1139 1854 1198 quaerunt,
1883 1129 2039 1182 aliter

455 1246 515 1285 se
580 1230 800 1283 habere.
859 1225 964 1280 Eos
1022 1235 1201 1280 tamen
1251 1233 1310 1277 ut
1359 1222 1720 1278 concedamus
1774 1221 2042 1289 neglectos

458 1323 655 1385 fuisse,
705 1334 885 1374 nonne
915 1330 1172 1372 extrema:
1203 1314 1590 1379 contentionis,
1622 1323 1784 1381 atque
1820 1313 2043 1365 demen-

452 1413 543 1466 tiae
570 1419 672 1472 est,
706 1425 810 1463 non
860 1408 1152 1468 discutere,
1185 1421 1249 1458 an
1300 1418 1423 1457 vera
1450 1403 1520 1457 sit
1570 1401 1813 1455 additiu:
1842 1399 2045 1455 solum-

456 1519 583 1572 que,
622 1500 747 1570 quia
803 1498 1011 1553 evocati
1047 1513 1150 1550 non
1203 1502 1348 1560 sunt,
1398 1492 1696 1564 indignari,
1730 1501 1784 1546 et
1824 1491 2047 1545 moleste

456 1593 647 1647 ferre?
676 1601 733 1648 et
766 1591 890 1659 quia
924 1604 987 1642 ea
1025 1585 1411 1641 convncatione
1442 1585 1690 1639 honorati
1738 1599 1842 1637 non
1900 1593 2046 1645 sunt,

455 1685 623 1739 Deum
657 1678 1299 1748 inhonorare;quodque
1343 1678 1548 1731 vocatis
1596 1691 1717 1731 esse
1750 1677 1924 1729 visum
1966 1685 2051 1733 est

456 1778 535 1838 id,
561 1775 687 1845 quia
712 1771 942 1839 neglecti
974 1780 1123 1834 sunt,
1155 1769 1348 1823 falsum
1376 1767 1714 1832 existimare,
1738 1766 2050 1834 morbisque

2136 587 2362 646 postque
2382 577 2632 630 emissam
2652 575 2715 628 de
2737 575 2966 629 veritate
2994 578 3342 641 sententiam,
3366 589 3578 645 semper
3603 577 3709 631 iue-

2136 671 2244 724 rint
2270 669 2433 734 aiiqui
2460 668 2889 722 contradicentes
2918 667 3155 722 veritati.

2207 758 2428 823 Deinde,
2461 759 2604 812 nulla
2639 773 2873 827 unquam
2916 758 3014 812 fuit
3047 758 3305 828 synodus,
3336 766 3621 826 prasente,
3663 770 3710 814 et

2140 852 2533 919 comprobante
2570 848 2819 904 Romano
2844 847 3125 912 Pontifice,
3154 830 3237 904 v—el
3272 849 3400 911 alio,
3431 850 3523 918 qui
3544 850 3711 904 locum

2139 941 2281 997 illius
2304 943 2551 1011 impleret
2584 952 2930 1012 congregata,
2966 941 3122 1010 cujus
3159 958 3264 996 non
3299 942 3499 996 fuerint
3536 957 3712 997 nunties

2142 1043 2273 1088 rata:
2321 1034 2619 1087 sententize.
2660 1033 2859 1087 COItlra
2905 1047 3032 1087 vero
3064 1034 3116 1086 in
3152 1035 3255 1097 his,
3289 1048 3411 1102 quas
3459 1033 3578 1087 sine
3608 1034 3709 1096 illo,

2144 1142 2207 1179 ac
2248 1136 2442 1196 prmter
2471 1128 2592 1195 ejus
2638 1136 2823 1179 nutum
2853 1138 3053 1180 coacta:
3082 1136 3230 1190 sunt,
3261 1127 3547 1195 plerasque
3584 1126 3713 1179 latas

2147 1216 2446 1273 sententias
2486 1220 2766 1287 reprobas,
2798 1230 2853 1272 et
2885 1218 3079 1272 merito
3122 1217 3373 1287 explosus
3416 1217 3637 1282 scimus,
3664 1229 3713 1271 et

2144 1306 2304 1363 facile
2369 1310 2655 1364 ostendere
2709 1324 3014 1378 possumus.
3066 1310 3206 1363 Hinc
3258 1323 3408 1378 ergo,
3458 1317 3715 1378 prasente

2146 1398 2237 1452 illo
2272 1413 2337 1471 ac
2368 1398 2709 1467 praesidente,
2739 1401 3038 1455 sententias
3066 1400 3137 1453 ibi
3187 1401 3585 1467 pronuntiatus.
3614 1416 3716 1472 quo

2147 1500 2305 1560 pacto
2336 1488 2519 1543 irritas
2543 1505 2665 1546 esse
2704 1491 2891 1555 velint,
2921 1506 3026 1545 non
3060 1491 3236 1545 video.

2219 1579 2332 1635 Nisi
2386 1580 2524 1635 forte
2579 1580 2836 1636 Nicenum
2890 1596 3108 1650 quoque
3153 1584 3443 1638 concilium
3495 1584 3715 1641 dicimus

2152 1675 2318 1731 fuisse
2364 1676 2682 1739 violentum,
2707 1675 2927 1742 partim,
2963 1676 3087 1743 quia
3130 1675 3520 1751 Constantinus
3576 1676 3715 1745 Μιδε-
3808 1706 3809 1709 η

2156 1784 2257 1824 nus
2285 1766 2547 1829 interfuit,
2575 1766 3013 1821 contradicentes
3040 1769 3294 1821 omnibus
3318 1768 3529 1825 viribus
3577 1784 3718 1824 coer-

456 1866 593 1927 suis,
632 1874 794 1931 atque
844 1860 1190 1930 passiouibus
1231 1858 1533 1913 divinarum
1573 1872 1753 1913 rerum
1793 1855 2041 1923 judicare
2077 1851 2307 1915 Decus:
2355 1858 2548 1928 partim
2597 1858 2722 1927 quia
2784 1858 3001 1927 plurimi
3057 1859 3546 1914 contradiwntium
3605 1870 3719 1928 post

460 1952 778 2009 veritatem?
806 1950 1213 2020 Aspernatiouis
1248 1948 1391 2004 enim
1436 1949 1637 2016 potius.
1668 1958 1721 2001 et
1756 1958 2038 2000 contume-

461 2045 565 2111 liae,
595 2058 688 2096 seu
736 2042 1023 2110 cujuslibet
1068 2040 1317 2093 humana:
1350 2038 1619 2106 passionis
1665 2037 2039 2092 Occidentales

462 2136 809 2190 insimulamli
852 2134 1089 2195 fuerant,
1132 2134 1178 2185 si
1231 2131 1531 2185 insimulari
1586 2141 1896 2194 merentur;
1933 2147 2037 2185 non

458 2227 829 2295 bIaSphcmite,
882 2235 937 2279 et
991 2222 1312 2290 impietatis,
1366 2236 1666 2291 eorumque
1722 2222 2035 2287 criminum,

454 2320 655 2387 quibus
686 2316 818 2370 nihil
852 2315 1039 2369 tetrius
1066 2314 1355 2380 excogitari
1393 2323 1591 2382 potest.
1627 2312 1811 2382 Neque
1851 2323 2029 2365 tamen

458 2418 802 2476 contemptus
831 2409 1044 2461 illorum
1083 2421 1266 2469 causa,
1302 2406 1543 2471 gladium
1576 2407 1627 2459 iu
1655 2420 1712 2459 se
1762 2403 2041 2473 impellere

460 2504 780 2566 debuerant,
805 2515 863 2555 se
892 2501 1037 2569 ipsos
1069 2514 1098 2552 a
1127 2499 1558 2553 Christianorum
1620 2498 1823 2551 unitate
1848 2498 2041 2567 praci-

461 2595 661 2659 dendo,
693 2608 880 2663 seque,
907 2591 1235 2661 perniciose,
1264 2591 1641 2660 lethaliterque
1671 2590 2042 2655 vulnerando;

459 2695 515 2737 et
540 2700 603 2737 ex
636 2684 719 2737 his
757 2698 876 2751 quae
900 2692 1088 2737 contra
1111 2689 1422 2735 sanctorum
1461 2682 1763 2734 doctrinam
1800 2682 2043 2749 culpant,

462 2786 518 2829 et
552 2790 673 2843 qua:
711 2771 816 2840 ipsi
843 2780 1029 2825 contra
1065 2771 1365 2826 sentientes
1395 2772 1618 2826 addunt.

530 2865 798 2932 Quoniam
828 2865 991 2932 igitur
1012 2874 1066 2918 et
1093 2866 1403 2927 convenire,
1428 2874 1481 2917 et
1507 2863 1829 2933 quaastiones
1850 2866 1915 2919 de
1944 2865 2046 2921 fide

465 2956 593 3010 solis
634 2953 1073 3007 Uccidentalibus
1126 2968 1372 3007 seorsum
1444 2968 1549 3007 non
1622 2954 1747 3008 licet
1798 2955 2045 3021 delinire,

465 3058 627 3114 atque
658 3044 725 3097 de
760 3045 1011 3096 ontnibus
1058 3044 1368 3107 decernere,
1402 3043 1567 3098 aliter
1610 3060 1771 3115 quam
1821 3048 2048 3116 putaba-

466 3145 572 3198 tur,
610 3150 667 3187 se
698 3133 859 3188 habet
887 3134 1045 3185 ratio.
1074 3133 1141 3187 Et
1188 3134 1329 3187 enim
1358 3150 1420 3187 ca
1452 3135 1635 3204 opinio
1680 3136 2044 3189 obedientiam

466 3222 845 3291 refugientium
881 3219 1074 3284 fastus,
1099 3231 1151 3274 et
1178 3222 1429 3276 elationis
1456 3237 1640 3289 causa,
1669 3232 1891 3293 propter
1918 3224 2046 3279 civi-

466 3314 593 3369 tatis
644 3312 1071 3383 amplitudinem,
1108 3311 1427 3381 intperiiqne
1488 3313 1829 3383 dignitatem,
1885 3330 2043 3368 occa-

467 3409 751 3476 sionesque
804 3404 1180 3475 quaerentium,
1212 3420 1273 3459 ac
1323 3406 1613 3474 primatum
1663 3408 2044 3474 ambientium,

467 3499 589 3571 quia
634 3509 812 3552 tamen
854 3494 1029 3549 vocati
1062 3505 1339 3560 venerant,
1373 3505 1431 3548 ut
1460 3496 1665 3571 dictum
1715 3507 1835 3562 est;
1884 3511 2048 3560 opor-

469 3600 645 3657 tuerat
670 3604 798 3643 sane
826 3589 1073 3641 unionem
1109 3601 1278 3655 usque
1307 3586 1360 3640 in
1394 3586 1554 3640 tinent
1603 3600 1823 3641 servare
1857 3588 2047 3657 positis

466 3682 927 3736 contentionibus.

537 3772 692 3828 Nunc
728 3784 908 3826 autem
942 3780 1354 3840 permanserunt
1381 3771 1599 3839 quidem
1631 3772 1685 3825 in
1718 3771 1835 3842 ipsa
1866 3770 2048 3825 Eccle-

466 3868 565 3921 siae
599 3867 796 3919 unione
828 3874 1038 3931 tempus
1065 3878 1171 3916 non
1200 3862 1501 3917 modicum:
1533 3872 1715 3929 postea
1745 3877 1932 3917 rursus
1954 3862 2046 3931 qui

464 3954 663 4022 justam
696 3952 1082 4018 subiectionem
1112 3951 1384 4006 servitutis
1408 3950 1596 4023 jugurn
1620 3952 2043 4018 arbitrabantur,

470 4062 648 4115 regem
683 4060 884 4097 novum
932 4045 1101 4106 nacti,
1142 4044 1252 4111 (5|)
1292 4058 1574 4114 Ipsumque
1626 4046 1814 4111 libere,
1841 4053 1895 4098 et
1940 4059 2046 4115 qua

467 4136 639 4189 ferret
670 4139 924 4204 impetus,
953 4144 1139 4201 suapte
1173 4144 1370 4188 natura
1401 4135 1467 4189 ad
1502 4150 1589 4190 res
1616 4150 1785 4191 novas
1818 4150 2046 4205 pronum

467 4237 875 4296 persuaserunt,
910 4237 967 4279 ut
1016 4226 1252 4296 imperii,
1280 4228 1421 4295 quod
1455 4228 1559 4280 illis
1606 4227 2045 4296 cooperantibus,

468 4318 713 4387 neglecto
732 4318 921 4383 fratre,
951 4318 1124 4371 fuerat
1147 4318 1396 4384 adeptus,
1416 4318 1714 4370 mercedem
1732 4318 1811 4371 eis
1835 4318 2048 4370 unionis

469 4412 875 4483 pervcrsionem
911 4411 1085 4463 daret.
1142 4407 1341 4477 Sicque
1378 4410 1645 4478 perversis
1675 4410 1949 4473 omnibus,
1980 4407 2048 4462 ad

469 4506 706 4574 priorem
741 4504 949 4555 rediere
979 4501 1397 4554 contumaciam.

532 4592 805 4645 Praeterea
842 4605 948 4659 qua
977 4591 1185 4643 ratione
1242 4589 1329 4641 hic
1370 4589 1623 4642 unionem
1673 4589 1756 4643 vel
1804 4597 2058 4645 servaret

466 4682 915 4749 praesentem,vel
972 4682 1249 4734 absentem
1297 4681 1600 4757 tequireret
1650 4690 1703 4733 et
1753 4691 2057 4747 revocaret,

465 4777 556 4847 qui
614 4777 822 4843 imperii
850 4845 857 4847 _
890 4771 972 4827 sui
1030 4785 1268 4838 tempore
1307 4782 1538 4838 quatuor
1586 4773 1921 4837 patriarchas
1944 4770 2053 4839 (52)

464 4845 765 4935 abrogavit,
812 4845 955 4917 hunc
1004 4861 1317 4925 instituens,
1353 4860 1955 4929 illuutejiciens;quod
2006 4862 2056 4916 ei

466 4973 573 5012 non
606 4954 896 5020 licebat,'si
937 4953 1183 5006 Romano
1236 4951 1481 5020 porrtilici
1511 4952 1597 5018 jus
1647 4966 1805 5005 suum
1856 4952 2056 5006 redde-

466 5061 568 5112 ret,
628 5047 773 5116 quod
832 5045 1053 5100 uuiouis
1103 5043 1308 5098 hedera
1356 5043 1769 5112 compellerent.
1814 5042 1891 5097 Ex
1940 5058 2046 5114 qua

466 5156 571 5194 una
608 5153 689 5202 re,
724 5140 790 5191 de
826 5137 1052 5205 reliquis
1085 5134 1246 5189 etiam
1278 5136 1406 5189 licet
1436 5134 1725 5203 conjicere.

535 5232 707 5284 Porro
738 5230 784 5281 si
809 5228 931 5297 quis
962 5242 1080 5280 eam
1123 5228 1388 5295 synodum
1420 5236 1627 5281 asserat
1652 5226 1817 5281 fuisse
1846 5226 2049 5283 violen-

464 5334 598 5387 tam,
636 5322 824 5376 eadem
868 5320 1081 5374 ratione
1109 5319 1346 5387 synodos
1375 5318 1503 5371 item
1536 5320 1772 5389 reliquas
1800 5331 2048 5375 evertere

465 5429 739 5483 cogemur,
768 5426 889 5481 qua:
914 5411 965 5464 in
1001 5411 1081 5462 eis
1107 5422 1363 5462 concessa
1390 5417 1535 5473 sunt,
1564 5410 1812 5476 ambigua
1846 5424 2050 5477 ponen-

462 5515 547 5559 tes
578 5504 777 5568 omnia,
805 5518 870 5557 eo
893 5501 1033 5573 quod
1064 5515 1161 5569 per
1189 5499 1430 5567 singulas
1455 5498 1599 5566 leges
1625 5500 1789 5567 aliqui
1831 5499 2050 5565 fuerint,

536 5642 649 5713 l5!)
686 5642 845 5697 Estis
876 5641 1215 5713 Andronicus
1240 5640 1421 5713 senior
1456 5639 1787 5711 [’alrcOIOgus
1817 5646 1905 5711 qui
1941 5644 2042 5697 im—

460 5711 819 5789 periumiuiit
850 5714 1142 5789 secundum
1173 5711 1505 5789 Quuphrium
1530 5725 1616 5789 an.
1651 5714 1851 5789 Christi
1882 5715 2034 5769 1285.

534 5786 646 5855 (52)
679 5786 935 5839 \identur
964 5797 1081 5838 esse
1113 5785 1197 5838 isti
1228 5792 1481 5851 quatuor,
1544 5780 1770 5849 Beccus,
1815 5783 2036 5855 Joseph,

2147 1952 2407 2021 prolatam
2456 1952 2776 2004 sententiain
2820 1950 3008 2011 relicti,
3062 1950 3410 2005 nihilominus
3451 1953 3716 2007 contradi-

2150 2041 2556 2095 xeruntzsicut
2578 2048 2633 2095 et
2656 2041 2710 2094 in
2766 2040 2996 2108 singulis
3062 2042 3467 2117 universalibus
3542 2046 3717 2097 conci.

2147 2131 2236 2187 liis
2257 2131 2546 2201 contigisse
2572 2131 2873 2194 cernimus.
2906 2145 3015 2186 non
3061 2139 3235 2185 tamen
3260 2131 3383 2186 ideo
3428 2134 3720 2187 sententias

2149 2224 2289 2289 illas,
2327 2226 2409 2279 vel
2461 2226 2721 2281 violenter
2768 2228 3025 2296 prolatas,
3079 2226 3162 2281 vel
3224 2227 3429 2291 irritas,
3464 2226 3719 2281 audemus

2149 2316 2350 2371 dicere.
2383 2316 2493 2370 Cur
2520 2316 2610 2371 id?
2639 2316 2761 2385 quia
2801 2330 2963 2385 caput
2990 2317 3242 2373 Ecclesia:
3293 2318 3579 2381 intererat,
3610 2319 3717 2371 sine

2151 2420 2260 2476 quo
2295 2407 2509 2475 negotia
2546 2406 2918 2461 ecclesiastica
2950 2408 3134 2476 dirigi,
3152 2408 3427 2475 statuique
3464 2422 3574 2461 non
3609 2422 3719 2475 poso

2150 2509 2297 2559 sunt,
2330 2509 2385 2551 et
2417 2498 2532 2563 qui,
2579 2498 2622 2551 si
2655 2498 2800 2553 adsit
2825 2500 3031 2568 synodo
3061 2515 3181 2554 cum
3213 2500 3478 2569 quolibet,
3505 2513 3714 2553 omnem

2151 2590 2218 2645 de
2252 2590 2354 2645 fide
2388 2592 2711 2646 sententiam
2742 2592 2866 2646 inde
2899 2602 3206 2647 manantem
3238 2593 3429 2648 falsam
3457 2606 3581 2648 esse
3616 2609 3715 2647 non

2154 2697 2335 2751 passe,
2367 2692 2421 2737 et
2468 2698 2589 2736 esse
2644 2683 2982 2738 verissimam
3019 2685 3310 2739 credimus.
3367 2684 3543 2737 Aliter
3581 2683 3718 2738 enim

2154 2776 2331 2828 Omnia
2385 2774 2754 2830 ecclesiastica
2801 2786 2960 2831 erunt
3013 2766 3308 2845 atubigua';
3340 2790 3530 2843 neque
3572 2789 3722 2829 nosse

2151 2865 2351 2919 certius
2392 2864 2690 2929 poterimus
2736 2879 2855 2932 quae
2910 2880 3032 2918 vera
3090 2874 3237 2930 sunt,
3266 2880 3581 2933 quanquam
3632 2878 3722 2917 cur

2160 2971 2267 3011 non
2305 2956 2483 3023 potius
2516 2957 2665 3024 pacis
2704 2955 2847 3010 illius
2905 2958 3242 3011 eversionem
3280 2956 3722 3011 violentissimas:

2156 3048 2421 3115 dicamus,
2452 3066 2573 3121 qua
2598 3062 2650 3105 et
2693 3052 3013 3106 universalis
3066 3052 3283 3107 concilii
3334 3052 3561 3106 decreta
3608 3065 3721 3120 per-

2070 3180 2114 3243 c
2150 3141 2330 3204 vertit,
2358 3142 2502 3210 quod
2530 3149 2583 3194 et
2616 3141 2888 3196 Romanus
2911 3143 3194 3212 episcopus
3221 3136 3460 3212 praesens
3478 3156 3720 3211 cottipro-

2147 3233 2313 3287 bavit.

2216 3322 2281 3377 Et
2311 3333 2459 3379 certe
2487 3325 2540 3379 in
2568 3324 2964 3380 universalibus
2993 3327 3213 3395 synodis
3239 3327 3419 3388 nulla,
3454 3325 3547 3380 illo
3594 3339 3721 3395 pra:-

2146 3426 2320 3478 sente,
2350 3416 2468 3469 lata:
2514 3417 2793 3471 sentcntiae
2834 3418 3196 3484 reprehensa,
3232 3417 3338 3473 ulla
3381 3433 3619 3486 unquam
3644 3418 3719 3472 vel

2148 3505 2301 3560 locali
2334 3507 2558 3576 synodo,
2594 3509 2674 3562 vel
2701 3508 2991 3574 cujuslibet
3038 3511 3263 3562 audacia
3316 3508 3535 3579 rejectze
3581 3520 3718 3563 sunt.

2149 3596 2374 3650 Plurimi
2430 3614 2557 3653 vero
2603 3601 2989 3654 venerabilium
3040 3602 3433 3670 episcoporum,
3464 3616 3589 3669 quae
3631 3602 3720 3654 lie-

2148 3686 2297 3750 bant,
2340 3690 2720 3757 increpabant;
2750 3691 2946 3759 quibus
2987 3691 3169 3757 facile,
3199 3707 3299 3761 pro
3342 3695 3647 3758 honestate,
3669 3704 3719 3748 et

2147 3778 2431 3847 sapientia,
2464 3780 2922 3849 dignitatibusque
2944 3784 3260 3837 throuormn
3292 3784 3716 3841 concedebatur:

2148 3884 2375 3937 quorum
2413 3871 2575 3927 etiam
2621 3871 2866 3925 nonnulli
2917 3875 3402 3929 contradictionem
3436 3874 3719 3929 adversum

2148 3961 2271 4017 illos
2320 3962 2656 4031 reliquerunt
2681 3964 2733 4016 in
2788 3966 3215 4031 commentariis,
3244 3966 3356 4029 alii,
3404 3967 3724 4036 publicatio-

2146 4066 2263 4113 nes,
2295 4060 2349 4105 et
2373 4066 2637 4115 carceres,
2669 4061 2723 4107 et
2750 4052 2941 4107 exsilia
2966 4067 3064 4120 pro
3088 4068 3211 4107 vera
3240 4055 3515 4123 Opinione,
3541 4065 3597 4109 et
3625 4052 3724 4109 ﬁde

2146 4139 2481 4207 pertulerunt
2513 4158 2526 4193 :
2553 4155 2647 4209 per
2697 4156 2882 4210 quam,
2917 4140 3275 4197 Ecclesiarum
3318 4156 3423 4213 pax
3482 4146 3721 4213 subjecta

2149 4229 2365 4283 Patrum
2399 4232 2665 4301 theologia
2696 4235 2834 4288 facta
2856 4245 2963 4292 est.

2218 4321 2450 4377 Prorsus
2493 4338 2644 4385 vero,
2681 4335 2739 4380 et
2767 4343 2829 4379 ex
2865 4328 3067 4381 nostris
3106 4342 3389 4397 nunquam
3424 4328 3725 4381 defuerunt

2149 4427 2215 4467 es
2245 4413 2351 4475 his,
2392 4414 2482 4482 qui
2526 4413 2731 4483 aliquid
2762 4433 2875 4471 esse
2921 4418 3259 4485 ridebantur,
3288 4419 3420 4489 quin
3469 4417 3722 4471 [tertianae

2082 4504 2412 4567 DEcclesire
2466 4508 2720 4570 foverint,
2773 4524 2997 4564 suorum
3052 4511 3270 4579 quidem
3321 4512 3719 4577 separationem

2156 4598 2606 4663 irrationabilem,
2642 4608 2695 4653 et
2742 4610 2937 4667 praeter
2980 4601 3387 4656 ecclesiasticas
3418 4602 3586 4670 leges,
3623 4600 3721 4653 Pa-

2153 4696 2403 4756 trumque
2433 4690 2753 4753 theologiam
2796 4704 2917 4743 esse
2950 4692 3311 4756 arbitrantes;
3346 4704 3409 4742 se
3444 4702 3625 4743 autem
3656 4688 3719 4741 ad

2154 4776 2278 4833 illos
2331 4778 2675 4834 conferentes
2730 4780 3041 4847 ignominiis
3078 4781 3296 4849 quidem
3349 4778 3552 4845 affecti,
3610 4783 3721 4835 sive

2157 4869 2320 4921 etiam
2363 4868 2531 4936 fugati
2560 4868 2630 4921 ob
2657 4870 2770 4923 veri
2800 4868 3219 4933 confessionem,
3248 4881 3417 4939 atque
3448 4871 3720 4925 cenfiden-

2153 4961 2281 5013 tiam
2318 4978 2331 5013 :
2379 4961 2576 5028 quibus
2605 4972 2662 5015 et
2687 4962 2778 5030 qui
2835 4962 2950 5016 haec
3000 4964 3239 5031 scripsit,
3288 4965 3577 5041 adjunctus
3618 4976 3718 5027 est,

2151 5056 2465 5124 gratiasque
2506 5054 2635 5118 Deo,
2667 5055 2809 5123 quod
2859 5055 2944 5109 bis
2974 5057 3166 5125 dignus
3205 5057 3419 5109 habitus
3449 5068 3554 5111 est.
3586 5057 3719 5111 For-

2156 5146 2281 5200 titer
2311 5158 2490 5199 autem
2534 5145 2772 5199 ferentes
2796 5148 3003 5212 omnia,
3059 5156 3256 5215 prarter
3287 5147 3593 5217 hujusmodi
3642 5164 3721 5202 re-

2148 5239 2377 5304 positam
2437 5240 2767 5303 mercedem,
2821 5242 3277 5307 quemadmodum
3337 5251 3393 5295 et
3450 5244 3720 5310 prioribus

2152 5328 2479 5396 temporibus
2535 5329 2784 5398 plurimis
2847 5332 3097 5401 contigit,
3163 5347 3284 5386 cum
3345 5350 3444 5403 pro
3491 5337 3717 5389 veritate

2155 5418 2275 5470 lidei
2310 5418 2479 5472 libere
2504 5430 2750 5488 agerent,
2779 5423 3327 5492 contradicentesque
3356 5424 3714 5479 revincercnt.

2113 5507 2257 5577 _Pro
2285 5525 2389 5577 quo
2440 5526 2573 5565 sane
2604 5512 2949 5566 admirationi
2998 5523 3052 5565 et
3095 5517 3428 5569 venerationi
3488 5520 3716 5585 posteris
3795 5570 3799 5576 .

2151 5649 2447 5724 gregorius
2473 5650 2587 5724 sive
2613 5652 2887 5722 Georgius
2917 5653 3171 5723 Cyprius,
3205 5654 3552 5709 Athanasius.
3582 5653 3719 5724 Lego

2144 5719 2504 5791 Nicephorum
2531 5719 2823 5792 Gregorain
2851 5724 2944 5778 hb.
2962 5719 3031 5779 ’δτι
3056 5734 3111 5778 et
3136 5740 3205 5780 vu
3234 5723 3508 5781 Historiae.
