3920 6562
1334 402 1739 471 ADVERSUS
1779 408 2095 471 GRAECOS
2132 409 2281 471 LIB.
2315 412 2417 471 Ν.

3378 407 3481 471 206

270 532 484 586 fuertmt.
522 521 627 577 Cur
656 518 821 591 igitur
858 517 1077 573 unionis
1117 516 1457 572 eversionem
1490 531 1597 571 non
1636 514 1807 570 maxi-
1836 520 1880 577 Α
1912 515 2150 569 maxima
2188 515 2543 571 Orientalium
2580 514 2955 585 episcoporum
2982 527 3109 585 pars
3137 529 3166 571 a
3204 512 3398 568 Photio
3422 527 3481 568 se

266 635 344 675 me
372 614 642 671 violentam
687 609 855 665 fuisse
885 609 1130 665 dicamus
1166 622 1277 662 non
1313 606 1472 663 video
1506 623 1523 661 :
1551 607 1799 676 quando-

1903 605 2317 671 subtrahebant,
2353 607 2763 664 schismaticum
2795 607 2944 663 illum
2980 606 3343 676 appellantes;
3379 619 3472 659 ne-

268 709 482 780 quidem,
512 703 600 775 qui
627 700 1073 769 eiuseversionis
1099 707 1350 754 auctores
1378 695 1616 762 fuerunt,
1652 695 1800 751 lucra
1904 712 2016 766 que
2058 712 2179 752 cum
2238 698 2341 755 illo
2375 700 2645 756 sacrificia
2678 698 2873 755 offerre
2924 700 3217 763 volebant;
3254 706 3479 766 eratque

271 801 378 856 inde
408 806 461 853 et
505 797 757 859 honores,
799 802 857 848 et
902 791 1128 861 gloriam
1183 788 1288 845 sibi
1341 788 1800 856 cotnparaverint.

1910 791 2169 846 tumultus
2197 793 2411 862 ingens,
2448 794 2855 859 insinuantium,
2877 793 3022 863 quod
3058 792 3158 848 sub
3188 789 3280 844 illo
3313 788 3482 862 piuri-

262 896 444 949 Com-3
492 904 620 944 vero
672 887 764 957 qui
802 885 1022 941 ultionis
1062 881 1310 943 studiosi
1373 891 1520 946 sunt,
1590 879 1805 950 injuriis
1906 898 1992 937 ma
2043 895 2231 941 contra
2284 888 2576 943 canonicas
2632 890 2945 945 sanctiones
2981 891 3380 958 provenissent,
3425 898 3484 941 ut

262 961 512 1047 omnibus,
556 980 774 1051 probris
810 988 975 1049 atque
1025 974 1372 1032 contumeliis
1401 981 1653 1044 aguntur,
1688 985 1804 1027 om-
1906 988 1973 1029 ex
2006 974 2091 1030 his
2138 987 2323 1045 aperte
2366 979 2527 1033 datur
2557 978 2807 1049 intelligi,
2845 994 2967 1046 quae
3004 983 3067 1035 de
3110 983 3211 1034 hac
3246 993 3304 1034 re
3350 986 3482 1034 tunc

266 1079 502 1143 cibosque
532 1072 842 1128 adiciuntur
873 1068 1253 1125 incommodis.

325 1168 599 1231 Praeterea,
643 1171 705 1218 ut
734 1163 933 1218 dictum
972 1168 1077 1224 est,
1126 1160 1311 1215 licebit
1350 1156 1581 1214 concilia
1624 1156 1805 1212 omnia

265 1259 506 1324 evertere,
560 1255 608 1309 si
657 1255 723 1310 de
767 1255 870 1309 fide
924 1252 1233 1322 ambigendi
1290 1249 1562 1319 pandetur
1605 1248 1804 1313 aditus,

265 1355 639 1419 derogeturtu
670 1346 893 1413 synodis
933 1346 1084 1399 fides.
1119 1344 1281 1414 Atqui
1324 1342 1556 1397 Phniius
1593 1354 1809 1410 quoque

264 1440 580 1498 occasionem
635 1438 798 1493 aliam
841 1451 999 1503 esse,
1051 1450 1215 1506 quam
1268 1432 1619 1498 additiouem,
1673 1432 1810 1487 satis

265 1520 431 1602 aperte
460 1528 860 1587 demonstravit
893 1548 905 1583 :
938 1528 1029 1597 qui
1061 1526 1268 1594 primus
1298 1525 1511 1580 illectus
1540 1523 1809 1579 desiderio

262 1625 617 1697 patriarchaiis
674 1623 881 1686 throni,
911 1621 1205 1689 sapientior
1259 1618 1344 1673 his
1407 1618 1501 1687 qui
1565 1626 1692 1672 ante
1750 1630 1810 1671 se

264 1718 471 1781 fuerant,
499 1717 850 1783 existimatus
879 1724 981 1770 est.
1013 1714 1189 1782 Atque
1219 1712 1341 1766 ideo
1361 1712 1543 1766 omnia
1571 1711 1809 1780 quidem,

261 1823 364 1879 qua
395 1807 491 1861 iste
525 1806 683 1870 fecit,
721 1815 775 1860 et
799 1806 1074 1876 quomodo
1098 1804 1507 1860 sanctissimum
1545 1802 1807 1875 lgnatium

263 1900 412 1954 variis
456 1899 635 1952 medis
674 1899 804 1953 sede
844 1898 1150 1953 deturbavit
1173 1897 1309 1967 (55),
1338 1911 1569 1967 quaeque
1600 1895 1806 1950 machi-

262 2003 398 2045 natus
437 1998 540 2052 est,
571 1999 631 2044 et
658 2005 780 2060 quas
822 1991 887 2045 de
924 1989 1017 2044 illo
1048 2000 1278 2044 narrant
1324 1988 1589 2053 historici,
1638 1988 1810 2044 satius

258 2084 484 2138 emittere
528 2081 862 2135 existimavi.
896 2080 1001 2136 Sed
1039 2088 1245 2143 tamen,
1289 2080 1546 2149 quoniam
1584 2077 1810 2136 calcatis

256 2172 445 2243 juribus
494 2174 756 2227 omnibus
794 2185 891 2241 per
938 2169 1094 2226 neias
1125 2171 1546 2242 patriarchaiem
1589 2171 1811 2242 diripuit

259 2266 521 2329 thronum;
558 2280 726 2334 quem
754 2263 982 2333 adipisci
1033 2278 1138 2318 non
1178 2270 1413 2333 poterat,
1451 2263 1554 2320 nisi
1589 2266 1811 2335 permit-

259 2365 389 2435 tente
432 2353 688 2411 Romano
720 2354 1009 2425 pontifice;
1066 2369 1292 2411 necesse
1348 2355 1497 2410 enim
1543 2365 1684 2420 erat,
1742 2370 1806 2410 ex

258 2462 440 2514 more,
496 2447 569 2503 ab
643 2462 715 2502 eo
780 2448 1163 2503 auctoritatem
1235 2447 1811 2516 confirmationemque

255 2541 443 2594 venire.
494 2540 551 2593 id
602 2549 784 2595 autem
819 2540 896 2596 illi
929 2549 1048 2596 erat
1082 2541 1380 2597 ambitione
1429 2556 1525 2596 sua
1582 2545 1810 2612 turpiter

253 2623 501 2701 excidere,
555 2637 909 2707 imperatoris
955 2636 1325 2692 familiaritate
1385 2636 1576 2702 fretus,
1628 2638 1812 2705 quiet

256 2729 355 2795 ipse
382 2729 579 2782 addere
613 2728 867 2797 potestati
900 2743 1012 2783 sua:
1050 2729 1303 2798 cupiebat
1341 2744 1354 2782 :
1389 2728 1516 2797 quia
1551 2728 1807 2783 throiium

254 2817 387 2871 illum
419 2818 554 2873 alias
597 2819 855 2889 consequi
887 2833 947 2873 se
986 2833 1144 2887 posse
1171 2818 1516 2888 desperabat,
1546 2818 1611 2871 ad
1654 2816 1813 2889 Sym-

253 2911 347 2964 hoii
376 2911 745 2980 adjectionem
797 2910 1067 2982 confugit,
1102 2921 1157 2965 et
1190 2925 1355 2981 quam
1398 2922 1525 2966 ante
1551 2925 1673 2965 cum
1702 2926 1809 2965 cte-

149 3010 157 3019 ’
254 3004 389 3067 teris,
421 3012 477 3055 ut
498 3003 761 3072 plurimis
785 3011 910 3058 ante
943 3003 1280 3073 temporibus
1309 3004 1384 3057 ita
1414 3017 1474 3058 se
1516 3002 1808 3059 habentem

253 3094 667 3160 venerabantur,
700 3092 917 3148 induxit
954 3093 1329 3149 seditiosiores
1356 3108 1602 3163 quosque
1643 3094 1813 3150 eccle-

248 3186 722 3249 siasticiordinis,
775 3186 917 3242 hanc
968 3185 1187 3255 impiam
1222 3184 1559 3249 existimare,
1605 3201 1669 3240 ac
1716 3202 1811 3256 per

250 3278 536 3345 epistolam,
570 3294 733 3347 quam
769 3275 1085 3332 circularem
1126 3276 1243 3346 (54)
1287 3276 1595 3346 appellavit,
1624 3287 1812 3333 contra

253 3372 535 3426 Romanam
578 3370 882 3425 Eeclesiam
921 3369 1290 3424 multitudinis
1316 3370 1439 3425 odia
1461 3372 1724 3436 concitat,
1748 3384 1815 3424 ne

250 3464 507 3521 videretur
549 3464 856 3534 transgredi
911 3462 1262 3533 subjectiouis
1305 3463 1597 3531 terminos,
1655 3465 1700 3519 si
1756 3479 1813 3518 se

246 3555 352 3625 ipse
393 3558 659 3626 erigeret,
711 3554 1104 3625 dignitatisque
1152 3554 1295 3608 illius
1331 3556 1434 3609 sibi
1472 3556 1572 3625 ipsi
1626 3562 1815 3609 auctor

252 3658 403 3703 esset.
471 3648 616 3703 llinc
667 3649 777 3718 jam
839 3651 893 3703 in
945 3648 1142 3704 throno
1190 3648 1407 3716 sedens,
1447 3648 1811 3704 ecclesiastica

247 3745 681 3801 administrabat.
1530 3786 1544 3800 ς

309 3836 361 3890 id
391 3838 678 3891 Romanus
707 3834 947 3906 pontifex
973 3848 1115 3904 aegre
1148 3832 1290 3896 tulit,
1316 3832 1616 3901 iratusque,
1636 3832 1814 3899 ipsum

247 3941 334 3996 per
362 3926 624 3997 epistolas
668 3926 979 3981 invasorem
1029 3923 1663 4000 promulgavitpnovum
1715 3922 1816 3976 Ju-

246 4020 391 4083 dam,
440 4020 881 4083 schismaticum,
935 4031 999 4072 ac
1052 4018 1360 4071 seditiosum
1426 4012 1541 4084 (55)
1591 4029 1814 4079 vocans,

247 4120 397 4180 atque
454 4110 867 4166 maledictionis
925 4108 1259 4163 anathemati
1314 4108 1573 4169 subdens,
1637 4122 1816 4176 neque

244 4201 605 4258 Christianum
638 4218 759 4256 esse
790 4210 1113 4256 contestans
1151 4217 1166 4255 :
1196 4215 1305 4254 non
1343 4198 1539 4264 solum,
1568 4201 1695 4270 quia
1723 4215 1818 4269 per

248 4295 388 4349 nefas
426 4294 635 4349 invasit
680 4293 888 4358 sedem,
923 4293 1017 4347 sed
1049 4292 1177 4362 quia
1206 4291 1453 4360 plurimis
1480 4292 1598 4346 aliis
1631 4293 1819 4347 crimi-

246 4388 393 4443 nibus
429 4396 554 4443 erat
584 4387 876 4441 obnoxius.
906 4386 1100 4441 Adhuc
1128 4386 1273 4440 etaim
1310 4386 1523 4440 vivebat
1556 4385 1815 4456 ignatius,

251 4481 334 4547 qui
379 4481 519 4549 apud
567 4479 748 4543 illttm,
781 4494 943 4550 quam
978 4479 1086 4533 vim
1122 4488 1422 4549 pateretur,
1452 4487 1815 4548 exposuerat;

1835 1863 1885 1923 B

1909 1067 2106 1125 litteris
2136 1070 2386 1125 mandata
2418 1082 2563 1126 sunt.

1984 1157 2252 1215 Defuncto
2284 1168 2462 1215 autem
2496 1162 2745 1216 Romano
2773 1161 3029 1230 pontifice
3059 1160 3211 1231 (56);
3263 1175 3484 1216 succes-

1909 1260 2004 1300 sor
2047 1248 2168 1315 ejus
2198 1248 2312 1319 (57)
2355 1250 2421 1305 ad
2482 1250 2729 1305 Photium
2779 1250 3062 1323 aequaliter
3118 1251 3313 1317 iratus,
3360 1267 3484 1305 eum

1911 1338 2110 1396 litteris
2145 1342 2332 1396 itidem
2360 1343 2693 1409 exagitabat.
2732 1342 2925 1398 Postea
2971 1356 3101 1396 vero
3132 1356 3289 1411 quam
3331 1337 3489 1409 igna-

1912 1431 2021 1486 tius
2068 1441 2315 1487 mortuus
2368 1442 2479 1497 est,
2531 1433 2790 1488 Romana:
2838 1447 3055 1502 quoque
3108 1432 3223 1486 sedi
3274 1431 3490 1500 prmfuit

1912 1523 2073 1579 alius.
2105 1524 2158 1579 is
2191 1525 2306 1597 (58)
2344 1526 2717 1594 indignatione
2759 1536 2950 1581 contra
2994 1523 3267 1590 Photium,
3300 1538 3363 1578 ac
3408 1521 3486 1576 si-

1912 1617 2147 1671 multate
2176 1616 2443 1685 deposita.
2478 1617 2848 1687 patriarcham
2898 1616 3216 1685 appellavit,
3246 1629 3353 1684 quo
3389 1627 3487 1668 no-

1915 1709 2061 1763 mine
2116 1710 2265 1763 illum
2322 1709 2754 1778 praedecessores
2806 1707 2889 1763 sui
2948 1708 3153 1777 dignati
3206 1719 3486 1775 nunquam

1917 1803 2131 1857 fuerant
2155 1820 2169 1857 :
2202 1803 2455 1874 misitque
2482 1805 2685 1872 omnia,
2716 1818 2836 1873 quae
2860 1818 2890 1858 a
2917 1802 3162 1857 Romano
3208 1802 3485 1870 episcopo,

1916 1898 2000 1952 his
2050 1897 2141 1967 qui
2188 1913 2364 1968 nuper
2408 1898 2858 1960 instituebantur,
2897 1895 3039 1950 mitti
3090 1904 3247 1949 erant
3302 1894 3485 1958 solita,

1914 1989 2138 2058 pallium
2189 1989 2424 2055 scilicet,
2452 1988 2659 2057 virgam
2707 1995 2868 2057 atque
2914 1986 3180 2041 sandalia.
3240 1983 3393 2038 Tunc
3436 1993 3491 2038 et

1917 2084 2031 2152 ipse
2070 2083 2180 2137 voti
2233 2096 2458 2150 compos
2515 2082 2742 2136 effectus
2802 2078 2940 2151 (59),
2995 2094 3176 2151 pugna
3224 2079 3488 2133 adversus

1919 2174 2220 2230 Romanum
2252 2168 2560 2243 pontificem
2584 2174 2778 2245 posita,
2807 2174 3025 2229 Patrem
3058 2172 3230 2237 illum,
3261 2186 3323 2225 ac
3354 2186 3484 2225 san-

1916 2275 2061 2319 ctum
2098 2266 2402 2336 appellabat
2452 2282 2467 2319 :
2517 2264 3000 2331 Quemadmodum,
3053 2262 3326 2332 inquiens,
3366 2262 3513 2328 υηὶσ,

1915 2371 2189 2410 cersorum
2244 2356 2504 2410 Dominus
2554 2355 2820 2409 inclinans
2866 2355 3025 2409 caios
3077 2353 3305 2407 uisitauit
3358 2368 3491 2416 nos,

1918 2461 2019 2500 non
2060 2455 2330 2501 contentus
2376 2446 2567 2517 gloria,
2606 2462 2765 2516 quam
2813 2446 2867 2499 in
2916 2445 3057 2498 ralis
3089 2443 3231 2512 apud
3280 2447 3491 2512 angelos

1916 2537 2159 2603 habebat,
2196 2538 2299 2593 nisi
2323 2541 2609 2592 humanam
2639 2554 2841 2608 quoque
2868 2545 3196 2604 assumptum
3245 2543 3491 2588 naturam

1918 2633 1986 2683 ad
2028 2646 2081 2685 se
2133 2633 2422 2685 attrahere!
2460 2648 2479 2686 :
2525 2632 2600 2685 ita
2652 2641 2701 2685 et
2748 2630 3257 2684 communis~Pater
3316 2638 3490 2682 noster

1917 2725 2283 2779 sanctissimus
2330 2740 2490 2794 papa,
2530 2740 2623 2778 nos
2670 2724 2759 2792 qui
2814 2721 2963 2792 longe
3009 2738 3246 2787 eramus,
3302 2721 3493 2790 aﬂecm

1915 2825 2136 2885 paterno
2165 2819 2417 2873 uisitauit.
3271 2818 3277 2823 ’

1988 2908 2144 2964 Nulla
2190 2918 2319 2964 tunc
2352 2908 2419 2964 de
2451 2908 2753 2979 adjectione
2782 2908 3026 2980 Symboli
3062 2908 3269 2963 mentio
3306 2906 3492 2960 fiebat.

1918 3000 2274 3057 Orientalium
2311 3013 2488 3058 tamen
2537 3004 2918 3075 episcoporum
2960 3020 3086 3073 pars
3134 3008 3371 3058 maxima
3420 3000 3495 3056 illi

1921 3096 2257 3150 reconciliati
2308 3113 2412 3151 non
2446 3105 2605 3163 sunt;
2650 3098 2765 3159 sed,
2819 3112 2879 3153 se
2920 3099 2988 3152 ab
3020 3112 3084 3151 eo
3114 3098 3493 3159 observantes.

1919 3187 2285 3253 patriarcham
2319 3190 2594 3259 appellare
2642 3190 2919 3245 nolebant.
2976 3188 3165 3244 Oravit
3215 3204 3346 3261 ergo
3380 3190 3492 3244 fit).

1920 3291 2138 3331 manum
2172 3281 2503 3347 pontificem.
2537 3291 2595 3336 ut
2631 3279 2717 3337 cui
2752 3280 3112 3337 Ecclesiarum
3158 3298 3287 3337 cura
3320 3284 3493 3336 maxi-

1919 3385 2003 3426 me
2037 3372 2397 3440 incumberet,
2440 3374 2657 3429 mittere
2693 3374 2845 3443 juxta
2894 3375 3343 3430 consuetudinem
3398 3374 3501 3431 fio-

1917 3479 2092 3518 mana:
2126 3464 2274 3520 sedis
2320 3466 2523 3535 legatos
2560 3468 2625 3522 ad
2659 3470 2846 3521 urbem
2885 3452 3111 3537 regiam,
3142 3469 3229 3537 qui
3267 3477 3323 3522 et
3347 3466 3495 3521 illum

1918 3557 2212 3611 visitarent
2244 3567 2299 3612 et
2330 3556 2397 3613 de
2427 3558 2676 3613 omnibus
2710 3573 2814 3612 uua
2854 3558 3245 3619 decernerent;
3288 3560 3499 3613 dissen-

1920 3648 2230 3718 tientesque
2260 3650 2546 3720 episcopos
2577 3661 2631 3705 et
2673 3650 2776 3706 sibi
2811 3650 3062 3715 invicem,
3096 3661 3149 3705 et
3173 3650 3499 3719 patriarcha:

1918 3742 2142 3796 unirent
2169 3740 2306 3811 (60).
2352 3740 2637 3796 Mittuntur
2671 3741 2801 3807 duo,
2845 3743 3193 3813 synodusque
3221 3738 3335 3811 (6i)
3368 3751 3498 3793 tune

1918 3832 2062 3887 facta
2097 3842 2179 3888 est
2208 3833 2349 3888 infra
2383 3841 2531 3903 septa
2560 3834 2741 3903 templi
2776 3832 3125 3888 famosissimi
3163 3833 3360 3887 divinze
3398 3832 3500 3887 Sa-

1920 3928 2138 3995 pientize
2190 3926 2434 3996 insigniti
2468 3926 2691 3980 nomine
2724 3941 2822 3995 pro
2852 3926 3228 3997 componenda
3263 3926 3405 3979 inter
3439 3941 3499 3979 se

1921 4020 2278 4075 Orientalium
2336 4021 2703 4075 contentione.
2778 4020 2949 4086 Quam
3014 4020 3178 4079 etiam
3235 4019 3499 4088 synodum

1921 4114 2141 4182 quidam
2173 4123 2422 4167 octavam
2462 4112 2574 4181 (62)
2618 4111 2911 4182 appellant.
2944 4112 3195 4165 Photium
3236 4120 3363 4165 tunc
3402 4128 3501 4182 pa-

1923 4204 2214 4259 triarcham
2240 4203 2721 4273 declarantes,.qui
2748 4201 2977 4257 Romani
3015 4203 3286 4273 pontificis
3321 4205 3499 4257 locum

1925 4295 2201 4359 tenebant,
2254 4310 2388 4365 pace
2455 4294 2688 4360 reddita,
2726 4304 2948 4349 monent
2992 4296 3059 4349 de
3094 4303 3291 4349 caetero
3327 4295 3499 4351 absti-

1920 4402 2053 4443 nere
2104 4389 2397 4456 scandulis,
2454 4388 2687 4457 huicque
2737 4390 2900 4443 veluti
2953 4388 3275 4459 patriarchae
3309 4403 3500 4445 omnes

1925 4480 2233 4547 intendere,
2262 4480 2558 4536 fmderatos
2604 4481 2870 4535 charitate
2905 4480 3293 4539 indissolubili.
3340 4480 3494 4537 Nulla

251 4574 383 4629 sicut
407 4583 573 4629 antea
606 4572 815 4627 fecerat
862 4570 1195 4625 Athanasius
1228 4586 1479 4639 magnus,
1510 4568 1819 4641 Paulusque
1846 4576 1898 4635 D
1928 4584 2056 4629 tunc
2100 4574 2308 4629 mentio
2341 4576 2406 4628 de
2438 4573 2743 4643 adjectione
2775 4573 2914 4628 facta
2945 4584 3051 4628 est.
3102 4572 3155 4628 Si
3190 4575 3312 4645 quis
3356 4573 3497 4627 enim

248 4667 526 4722 confessor
552 4677 608 4719 et
634 4664 1065 4734 Chrysostomus
1096 4662 1161 4715 ad
1184 4660 1485 4715 Romanum
1515 4660 1822 4731 pontificem
1924 4667 1978 4720 in
2036 4676 2285 4722 extremo
2348 4675 2624 4738 gestorum
2684 4668 2875 4737 synodi
2928 4668 3099 4736 ipsius
3152 4668 3382 4733 ordine,
3435 4669 3501 4725 de

250 4759 569 4819 scribentes.
593 4771 716 4811 cum
744 4753 987 4809 Beciesia
1016 4754 1217 4824 injuste
1242 4753 1608 4823 pellerentur;
1636 4767 1826 4809 omnes
1920 4759 2196 4813 additione
2242 4758 2355 4829 (65)
2426 4760 2632 4813 dictum
2700 4768 2875 4829 putat,
2918 4761 3060 4830 quod
3120 4760 3329 4815 scilicet
3391 4778 3500 4819 non

252 4850 473 4921 denique
508 4850 695 4905 affecti
738 4848 977 4919 injuriis,
1011 4857 1063 4903 et
1097 4863 1194 4917 per
1226 4848 1335 4901 vim
1363 4845 1589 4901 sedibus
1617 4846 1822 4901 detrusi
1920 4859 2171 4918 oporteat
2208 4849 2448 4915 auferre,
2488 4856 2573 4904 vel
2621 4852 2860 4917 addere;
2896 4850 3041 4921 quod
3074 4852 3241 4905 etiam
3278 4853 3498 4921 quidam

252 4942 311 4996 ad
341 4941 640 5000 Ecclesiatn
683 4942 983 4995 Remanent
1022 4938 1407 4994 recurrebant.
1440 4936 1518 4991 Ex
1569 4951 1655 5003 eo,
1704 4936 1820 5008 jam
1924 4943 1992 4997 ad
2032 4943 2376 4999 seducendos
2416 4943 2780 5016 simpliciores
2829 4945 3125 5001 obtendunt
3158 4962 3174 5005 :
3217 4946 3497 5001 sciendum

1076 5054 1107 5081 ν

316 5170 425 5239 (55)
457 5168 773 5240 Yideconc.
813 5184 931 5233 vni,
988 5184 1160 5240 nuper
1210 5186 1241 5223 a
1296 5168 1550 5224 Matthch
1607 5167 1822 5240 [indere
1997 5170 2107 5238 (58)
2139 5170 2376 5227 Joannes
2404 5172 2537 5228 Vill.

251 5236 426 5315 Graeco
456 5239 648 5315 Latine
671 5242 901 5315 editum,
930 5250 1001 5315 ut
1019 5236 1170 5315 plene
1191 5240 1478 5315 intelligas,
1510 5237 1687 5315 qualis
1711 5237 1825 5315 vui:
1996 5236 2109 5311 (59)
2157 5244 2316 5298 Aliud
2350 5243 2647 5315 loquuntur
2697 5244 2937 5300 Annales
2990 5243 3209 5298 Baronii
3258 5257 3351 5297 an.
3394 5242 3498 5298 879

254 5325 341 5376 pes
367 5309 533 5365 fuerit
558 5310 810 5380 Photius,
836 5320 895 5363 ut
932 5306 1065 5380 nihil
1088 5312 1263 5364 dicam
1294 5306 1576 5364 de'Anna'i.
1599 5306 1821 5380 Baronii
1922 5319 1973 5365 et
2002 5306 2155 5380 seqq.

253 5384 336 5447 qui
366 5396 608 5458 re_rum_a
635 5379 833 5458 Photio
855 5379 1061 5434 nefarie
1106 5391 1378 5458 gestarum
1437 5394 1603 5433 cornu
1653 5377 1823 5458 copim
1995 5377 2400 5458 (iiii)'§imuiate
2424 5384 2580 5458 luce
2609 5385 2791 5458 omnia
2821 5386 2934 5458 agit
2963 5384 3210 5458 Photius.

254 5450 672 5528 est._§r_a_pliice
718 5450 1079 5528 depinguntur
1113 5450 1293 5528 Photii
1340 5461 1517 5528 artes,
1569 5450 1817 5528 ambitio.
1927 5450 2104 5528 ⁸ξςϐί)
2140 5453 2213 5509 De
2258 5454 2358 5509 hac
2415 5455 2833 5528 pscudosyuodo
2857 5450 3015 5510 'vide
3064 5455 3358 5509 Baronium
3406 5472 3494 5512 an.

325 5521 434 5589 (54)
474 5518 669 5576 Totius
715 5518 1022 5575 sebistnatis
1070 5522 1397 5590 principium
1448 5520 1543 5572 fuit
1587 5518 1814 5585 epistula
1920 5522 2045 5579 879.

257 5592 694 5665 ltzcctjircnlaris.
725 5593 912 5665 Exstat
941 5589 1080 5665 apud
1106 5589 1397 5665 Baroniutn
1429 5606 1517 5665 an.
1546 5590 1671 5665 8§5.
1762 5658 1774 5665 _
1994 5592 2107 5663 (62)
2128 5592 2266 5647 Male
2298 5605 2526 5649 vocatur
2547 5605 2761 5651 octava.
2782 5595 2915 5650 ‘v'ide
2948 5595 3249 5657 “aderunt,
3281 5596 3419 5665 prol.
3447 5598 3498 5651 in

322 5662 439 5749 (3'35).
461 5664 651 5715 Untnia
678 5662 795 5717 haec
821 5658 993 5734 elogia
1022 5662 1198 5717 Photii
1216 5663 1455 5716 invenies
1487 5662 1541 5715 in
1580 5658 1812 5716 Barouio
1923 5658 2106 5749 verat-ti
2136 5675 2224 5749 “et
2265 5666 2562 5749 legitintam
2593 5668 3001 5749 synodanvnt.

255 5744 304 5786 et
332 5734 559 5806 [lauet-0.
583 5803 595 5806 Α
697 5802 712 5806 _
1997 5734 2107 5806 (ὓὸ)
2136 5734 2326 5788 Parum
2355 5735 2523 5792 refert
2544 5734 2671 5806 quid
2731 5737 2811 5792 vel
2845 5738 2911 5791 de
2964 5737 3211 5792 addendo
3271 5739 3350 5794 vel
3411 5741 3499 5792 tie-

450 5800 669 5882 ψςξομειο
696 5802 735 5860 1,
763 5873 801 5882 η
1923 5800 2193 5882 mendoin
2337 5812 2543 5882 synodo
2561 5800 3063 5882 Tfuerit_tiecretnm,
3098 5812 3222 5879 quia
3256 5811 3494 5882 legitima

325 5874 434 5944 (57)
470 5873 733 5930 Adrianus
762 5873 824 5930 ΙΙ.
1925 5893 2027 5934 non
2062 5875 2182 5931 fuit.
2219 5873 2667 5933 VideBatonium
2700 5879 2804 5933 879
2826 5888 2877 5931 et
2908 5881 3012 5933 881)
