3920 6540
250 449 344 512 909

1317 450 1717 513 ADVERSUS
1755 452 2069 513 GR.‘ECOS
2110 452 2257 513 LIB.
2304 455 2405 515 ιν.

3367 468 3490 531 ‘210?

253 562 470 635 pellavit,
510 560 648 627 quod
680 566 809 615 ante
850 560 1165 618 schismatis
1192 568 1438 633 tempora
1470 573 1791 619 consuetum
1827 566 1865 618 Α
1896 578 2102 627 sumus,
2162 566 2487 636 virtutisque
2545 565 2683 621 viam
2730 568 2796 623 ad
2852 570 3020 627 Deum
3084 575 3472 643 perduccntent

252 671 341 711 nou
360 663 469 709 erat
489 651 620 723 (69).
634 650 784 708 Alius
801 668 860 708 se
880 654 1053 724 ipsum
1072 655 1467 729 orbisjudicem
1487 658 1789 713 constituit.

254 749 389 802 Alius
421 747 607 800 tertius
649 747 888 802 decimus
933 751 1204 819 apostolus
1244 753 1426 807 vocari
1457 753 1791 822 concupivit.

252 842 307 896 Et
349 848 491 896 certe
543 840 784 910 antiquis
828 842 1132 899 sutliciebat
1176 846 1467 917 episcopos
1528 862 1590 903 se
1649 850 1795 918 ipsos

247 930 566 987 solummodo
616 945 811 987 vocare
847 950 862 987 :
893 949 1026 1003 quos
1071 936 1125 990 hi
1173 941 1361 1002 etlam,
1394 938 1485 1009 qui
1520 942 1621 994 sub
1661 940 1795 1009 ipsis

247 1034 406 1101 erant,
438 1024 731 1085 imitantes,
760 1040 866 1079 non
916 1028 1272 1095 perstiterunt
1304 1029 1359 1084 in
1411 1030 1625 1085 traditis
1654 1031 1796 1085 anti-

242 1118 405 1187 quitus
447 1116 517 1171 ab
569 1116 809 1172 Ecclesia
858 1119 1193 1186 nominibus,
1242 1123 1640 1192 quamdamque
1687 1122 1793 1177 sibi

241 1209 509 1278 superbam
540 1208 862 1279 dignitatem
912 1211 1111 1282 singuli
1142 1214 1519 1285 excogitantes
1554 1216 1796 1271 subscri-

241 1301 495 1372 ptiouibus
539 1300 744 1356 addunt
800 1320 813 1356 :
861 1303 989 1357 dum
1033 1305 1124 1359 alii
1170 1321 1230 1360 se
1266 1323 1605 1374 prasessores
1655 1308 1791 1378 (70),

238 1393 316 1447 alii
365 1392 541 1453 duces.
590 1402 938 1463 praeceptores
984 1397 1098 1463 alii,
1147 1399 1236 1453 alii
1287 1400 1572 1469 primarius
1624 1402 1795 1456 ascri-

241 1488 357 1539 bunt
403 1485 542 1553 (7l),
572 1486 958 1541 documentum
1007 1489 1250 1558 proiecto
1298 1492 1549 1561 ingenita:
1592 1493 1692 1547 sibi
1730 1509 1793 1549 ac

240 1576 438 1647 penitus
468 1577 645 1631 insita:
670 1579 931 1633 vanitatis
957 1594 1066 1648 pra:
1097 1596 1153 1634 se
1184 1581 1423 1637 ferentes
1459 1600 1473 1637 :
1512 1599 1607 1652 per
1634 1601 1791 1654 quam

237 1690 329 1730 non
378 1673 553 1728 solum
607 1674 866 1731 Romana:
910 1677 1025 1731 sedi
1080 1677 1342 1731 honorem
1397 1679 1638 1734 debitum
1688 1695 1791 1735 non

240 1768 464 1830 reddere,
500 1768 600 1823 sed
654 1768 758 1837 ipsi
797 1780 1012 1838 quoque
1065 1785 1125 1825 se
1170 1770 1427 1839 praeferre
1482 1772 1791 1841 cupiebant,

236 1872 545 1928 prorsusque
598 1858 852 1914 omnibus
897 1860 1273 1930 praeesse..Ut
1306 1863 1450 1916 enim
1501 1864 1605 1939 sibi
1659 1864 1792 1935 ipsis

234 1950 577 2019 indulgentes.
619 1950 859 2020 reliquos
896 1951 1007 2020 jam
1037 1953 1186 2008 licite
1225 1955 1510 2024 increpare
1543 1957 1791 2013 videreu-

242 2053 345 2109 tur,
370 2057 470 2097 nou
502 2042 870 2113 adiectionem
902 2044 1098 2120 solam,
1136 2046 1229 2101 sed
1258 2046 1395 2104 alias
1423 2063 1641 2119 quoque
1669 2049 1793 2120 plu-

238 2138 381 2189 rimas
409 2150 609 2191 causas
633 2137 979 2191 invenerunt.

294 2224 440 2290 Nam,
491 2241 623 2282 cum
656 2228 823 2283 semel
860 2229 1121 2285 adversus
1151 2230 1445 2287 Occiduam
1491 2232 1789 2292 Ecclesiam

234 2320 290 2373 de
312 2318 539 2388 primatu
580 2316 915 2372 contendere
943 2319 1284 2386 statuissent,
1322 2320 1544 2391 ipsaque
1569 2333 1794 2379 conten-

235 2414 298 2465 tio
340 2408 536 2465 sensim
590 2408 646 2464 in
687 2409 925 2477 ipsorum
973 2409 1262 2464 animabus
1299 2410 1484 2465 odium
1521 2413 1789 2481 gigneret,

233 2504 432 2570 suisque
458 2500 767 2572 gratiﬁcari
799 2500 1059 2564 volentes,
1098 2510 1157 2556 ut
1188 2503 1280 2571 qui
1332 2514 1554 2573 possent
1584 2506 1793 2574 gratia-

235 2595 460 2651 cantibus
486 2594 873 2662 regratillcari,
901 2597 1057 2663 proni
1097 2605 1151 2650 et
1190 2595 1379 2651 faciles
1408 2596 1474 2651 ad
1505 2598 1790 2654 maledicta

233 2698 282 2743 et
305 2688 526 2742 crimina
564 2685 824 2750 fuerunt;
873 2695 927 2739 et
971 2686 1060 2740 ille
1109 2687 1352 2755 sapiens.
1396 2687 1484 2742 ille
1528 2689 1789 2756 optimus,

232 2782 312 2837 ille
351 2779 568 2835 cunctis
602 2786 860 2847 praestare
893 2777 1200 2843 videbatur,
1251 2780 1344 2847 qui
1396 2790 1587 2835 contra
1632 2780 1792 2835 Occio

233 2876 374 2928 duam
418 2871 725 2927 Ecclesiam
761 2879 945 2939 posset
988 2870 1190 2939 aliquid
1240 2871 1599 2927 convitiorum
1644 2872 1794 2939 jacu-

232 2962 476 3033 .ari(72).
505 2961 649 3018 Cum
696 2962 843 3017 enim
896 2962 1073 3017 nullus
1114 2972 1279 3027 esset,
1327 2966 1419 3034 qui
1444 2966 1788 3041 .corriperet.

229 3056 352 3109 alius
389 3054 612 3123 quidem
658 3054 860 3116 selum.
890 3054 985 3109 sed
1022 3068 1131 3107 non
1160 3056 1461 3109 secundum
1502 3056 1789 3111 scientiam

233 3145 447 3210 habens;
504 3144 654 3198 alius
706 3158 834 3197 vero
893 3146 1316 3214 praesumptione
1374 3148 1790 3203 consuetudinis

1897 661 2109 725 edocti;
2166 678 2227 715 ac
2284 678 2381 731 per
2434 665 2765 719 voluntatem
2812 669 2901 721 Dei
2956 669 3177 734 bonam,
3228 685 3279 727 et
3333 675 3474 731 bene

1896 753 2223 819 placentem,
2250 753 2452 808 inimici
2490 772 2610 809 cum
2634 774 2877 813 essemus
2911 760 3105 826 Patris,
3138 768 3471 819 reconciliati

1895 844 1944 896 ei
1973 859 2194 907 sumus;
2231 847 2331 901 huc
2371 847 2631 915 denique,
2665 850 2714 902 id
2750 855 2890 918 quod
2936 855 3206 922 sequitur,
3248 856 3473 927 intelligi

1896 934 2009 987 vult
2040 934 2277 988 :Perme
2295 938 2474 1007 siquis
2510 930 2792 1005 introierit,
2815 942 3110 1015 saluabitur
3126 956 3172 998 et
3207 948 3472 1016 ingredie-

1894 1035 1998 1085 tur,
2034 1036 2079 1079 et
2108 1027 2423 1095 egredietur,
2453 1038 2500 1081 et
2526 1046 2723 1096 pascua
2755 1032 2975 1086 inueniet
3001 1035 3066 1095 ¹¹.
3106 1037 3197 1089 Dei
3227 1048 3475 1090 content-

1893 1113 2211 1181 plationem,
2259 1116 2634 1187 ctelorumque
2696 1135 2942 1189 regnum,
2992 1123 3058 1175 ad
3117 1128 3258 1192 quod
3315 1128 3473 1182 aliter

1896 1203 2100 1273 ingredi
2138 1222 2245 1261 non
2269 1222 2559 1275 possumus
2585 1211 2689 1265 nisi
2714 1227 2808 1280 per
2827 1213 3178 1283 Evangelium
3200 1228 3253 1271 et
3272 1217 3473 1275 Christi

1897 1296 2176 1365 mysteria.

1966 1386 2309 1459 Metropolita
2352 1407 2479 1448 vero
2520 1393 2893 1451 Methonensis
2923 1398 3036 1465 (7i)
3086 1415 3319 1469 arguens
3353 1417 3367 1455 :
3415 1402 3472 1455 Si

1896 1475 2155 1546 Spiritus,
2188 1482 2383 1550 inquit,
2416 1495 2632 1538 sanctus
2673 1496 2808 1541 esset
2848 1504 2913 1540 ea:
2956 1487 3123 1553 Filio,
3174 1506 3277 1543 non
3320 1508 3477 1558 super

1892 1588 2009 1625 eum
2057 1574 2382 1638 baptizatum
2418 1594 2448 1630 a
2500 1578 2629 1632 cie/0
2656 1580 2837 1648 lapsus
2888 1593 3019 1635 esset
3053 1598 3071 1634 :
3130 1584 3387 1651 ignorans
3420 1594 3477 1638 et

1895 1662 2027 1729 ipse,
2096 1665 2240 1733 quod
2313 1684 2539 1739 magnus
2606 1672 2683 1725 ait
2743 1673 3103 1740 Athanasius,
3176 1678 3304 1745 quia
3370 1679 3478 1743 ipse

1894 1755 2062 1824 ipsum
2110 1759 2352 1828 desuper,
2408 1772 2464 1814 ut
2520 1761 2696 1829 Deus,
2752 1767 2913 1819 mittit
2968 1781 2988 1819 :
3048 1776 3097 1820 et
3149 1768 3256 1834 ipse
3305 1769 3477 1830 ipsum

1895 1849 2038 1919 infra
2100 1860 2157 1904 ut
2204 1852 2379 1906 homo.
2417 1852 2493 1907 Ex
2546 1856 2864 1925 ipsaigitur
2914 1858 2966 1913 in
3021 1860 3195 1929 ipsum
3250 1862 3478 1916 descen-

1825 1909 1867 1965 B
1896 1944 1976 1996 dit
2006 1958 2021 1996 :
2065 1958 2127 1999 ex
2162 1943 2375 2000 Deitate
2410 1946 2529 2015 ejus
2584 1948 2791 2005 scilicet
2850 1951 2907 2007 in
2958 1909 3131 2022 ipsius
3166 1954 3478 2009 humanitao

1896 2037 2027 2089 tem.
2062 2062 2065 2065 ν
2652 2086 2657 2089 χ

1963 2129 2069 2183 Alii
2111 2145 2255 2197 vero,
2285 2133 2376 2201 qui
2424 2134 2744 2192 subtiliores
2772 2152 2894 2193 esse
2926 2138 3232 2203 voluerunt,
3275 2142 3429 2195 aiunt
3459 2160 3473 2196 :

1895 2220 2147 2285 Spiritum
2201 2237 2445 2280 sanctum
2504 2244 2608 2282 non
2668 2230 2721 2283 in
2782 2231 3040 2286 columba:
3097 2236 3266 2298 specie
3318 2252 3477 2303 super

1892 2312 2075 2367 Jesum
2107 2314 2433 2393 baptizatum
2466 2319 2820 2385 descendisse,
2854 2323 2947 2375 sed
2995 2324 3167 2391 ipsum
3217 2326 3349 2379 illud
3387 2344 3477 2380 vo-

1893 2406 2058 2470 latile,
2103 2409 2362 2464 columba:
2402 2411 2629 2481 speciem
2655 2414 2824 2467 uisam
2863 2417 3197 2472 sensibilibus
3225 2420 3391 2473 oculis
3423 2424 3475 2473 in

1894 2500 2061 2566 specie
2090 2500 2347 2562 sensibili,
2374 2502 2514 2570 quod
2542 2504 2613 2556 ad
2644 2505 3024 2560 insinuandam
3058 2509 3477 2578 dispensationis

1892 2590 2159 2644 ueritatem
2198 2592 2454 2645 indicium
2504 2596 2677 2648 sancti
2730 2594 2964 2665 Spiritus
3012 2600 3155 2666 fuit;
3214 2600 3475 2671 Spiritum

1894 2695 2138 2739 sanctum
2173 2700 2275 2739 non
2312 2685 2484 2753 ipsius
2520 2686 2755 2755 Spiritus
2790 2690 3219 2758 significativum
3252 2708 3477 2747 asseve-

1896 2784 2039 2829 rant.
2064 2774 2199 2840 Quia
2229 2776 2375 2829 enim
2406 2778 2646 2832 sensibili
2684 2781 2865 2849 specie
2896 2784 3212 2851 apparuerit
3242 2784 3477 2854 Spiritus

1898 2877 2126 2922 sanctus
2175 2876 2231 2923 et
2284 2866 2708 2937 Chrysostomus
2755 2886 2920 2941 super
2947 2870 3210 2929 Joannem
3255 2884 3476 2932 attesta-

1893 2969 2000 3013 ῑυ1·.

1971 3050 2125 3105 Alius
2161 3064 2290 3105 vero
2340 3051 2649 3121 patriarcha
2684 3070 2699 3108 :
2748 3052 2902 3110 Nihil
2936 3058 3017 3112 ait
3050 3075 3161 3113 esse
3211 3062 3477 3123 mirabile,

1892 3143 1939 3197 si
1972 3144 2115 3213 apud
2156 3160 2337 3199 sacras
2366 3144 2614 3211 Litteras,
2660 3150 3001 3221 doctoresque
3050 3170 3232 3209 sacros
3265 3157 3478 3209 dicatur

231 3238 498 3302 inductus;
558 3236 698 3289 alius
734 3236 995 3305 magister
1040 3236 1108 3290 ab
1137 3236 1259 3293 aliis
1315 3238 1493 3292 vocari
1535 3239 1785 3307 cupiens,

1906 3233 2068 3289 Filius
2108 3235 2298 3291 habere
2330 3236 2590 3302 Spiritum
2620 3250 2882 3309 sanctum,
2924 3247 3051 3310 quia
3097 3247 3234 3299 hunc
3288 3260 3338 3302 et
3375 3249 3468 3303 Dei

232 3339 279 3383 et
304 3330 569 3397 superbiae
600 3327 732 3381 vitio
763 3336 1035 3393 czecatus;
1092 3327 1250 3392 alius,
1288 3339 1346 3382 ut
1375 3330 1469 3387 ,vcl
1503 3333 1789 3399 prmsenlis

231 3421 483 3490 dignitatis
518 3421 760 3489 ,praemia
813 3428 1231 3490 compensaret,
1299 3422 1379 3475 vcl
1434 3439 1626 3477 novam
1682 3426 1788 3480 sibi

230 3521 514 3581 quareret;
554 3512 719 3573 alius,
750 3527 932 3566 veram
968 3512 1187 3581 quidem
1212 3513 1521 3582 Opinionem
1559 3516 1787 3584 habens,

230 3606 310 3659 sed
356 3604 585 3674 tempori
640 3602 975 3672 indulgens,
1010 3614 1309 3675 contraque
1372 3622 1435 3662 ac
1492 3608 1787 3675 sentiebat,

229 3695 511 3764 proferens,
544 3710 665 3749 cum
698 3694 834 3748 alias
874 3693 979 3748 sibi
1028 3702 1145 3749 tuto
1178 3699 1360 3751 vivere
1397 3699 1619 3753 minime
1653 3702 1789 3755 lice-

230 3797 314 3851 ret,
347 3803 405 3841 ac
451 3802 523 3839 ne
581 3784 829 3855 plurimis
888 3785 1088 3853 probro
1124 3788 1303 3851 _ess‘et,
1356 3797 1408 3841 et
1440 3791 1787 3847 contumeliis

229 3889 374 3948 atque
420 3878 648 3949 injuriis
682 3877 1006 3942 adiceretur,
1063 3878 1329 3949 bonisque
1377 3882 1490 3935 suis
1526 3883 1629 3936 frui
1682 3900 1785 3939 non

231 3973 510 4041 permissus
562 3980 716 4026 extra
780 3969 1115 4041 Synagogam
1174 3971 1348 4036 lieret,
1410 3989 1506 4043 per
1562 3976 1785 4032 multam

227 4064 481 4120 licentiam
537 4081 601 4120 ac
639 4064 979 4127 facilitatem,
1011 4065 1203 4135 singuli
1254 4066 1671 4135 irrationabilia,
1704 4073 1787 4128 vel

228 4158 391 4226 iniqua
426 4166 478 4211 et
518 4156 788 4223 scribunt,
816 4164 872 4210 et
907 4156 1110 4209 dicunt.
1430 4230 1431 4233 η

285 4250 451 4317 Atque
481 4248 723 4304 Nicenns
746 4248 966 4319 quidem
996 4248 1306 4304 Eustratius
1333 4250 1445 4321 (73)
1472 4267 1564 4315 per
1590 4250 1785 4309 Filium

226 4343 504 4410 procedere
562 4330 965 4411 quod'dicitur
1018 4355 1343 4410 exponens:
1408 4344 1556 4413 Sicut
1610 4348 1785 4414 prodit

226 4434 361 4486 homo
389 4451 479 4499 per
498 4432 749 4502 januam,
772 4432 929 4497 dixit,
956 4430 1353 4502 Dominumque
1380 4436 1567 4490 citavit
1593 4447 1784 4494 testem

228 4526 475 4580 dicentem
516 4542 529 4580 :
564 4523 675 4594 Ego
711 4542 828 4577 sum
877 4524 1050 4593 janua
1086 4540 1106 4579 :
1160 4524 1419 4594 ignorans
1464 4527 1586 4597 quia
1616 4528 1781 4599 ianua

227 4617 504 4670 secundum
557 4616 851 4679 hominem,
886 4614 1147 4669 Dominus
1178 4616 1339 4670 etiam
1364 4618 1660 4672 secundum
1689 4636 1785 4675 nos

227 4707 383 4762 dictus
416 4718 504 4763 est
539 4726 553 4760 :
594 4705 744 4761 Unus
801 4708 941 4761 enim
974 4710 1234 4762 mediator
1278 4708 1373 4763 Dei
1414 4719 1462 4763 et
1516 4710 1783 4765 hominum

228 4810 312 4865 est,
340 4808 393 4853 ut
430 4801 510 4853 ait
552 4799 845 4868 Apostolus
884 4799 958 4863 ";
1012 4808 1067 4853 et
1101 4816 1114 4853 :
1156 4798 1257 4852 Per
1289 4801 1462 4866 ipsum
1514 4810 1785 4854 accessum

231 4892 457 4947 habemus
486 4894 569 4957 ”;
599 4892 723 4960 quia
772 4906 868 4959 per
898 4893 1068 4959 ipsius
1095 4890 1438 4945 divinitatem
1485 4902 1539 4947 et
1585 4892 1787 4947 burna-

232 4985 456 5050 nitatem,
500 5000 608 5039 uno
642 4984 749 5039 Deo
774 4984 981 5053 agnito,
1012 4998 1200 5038 errore
1247 4984 1517 5039 idolorum
1569 4984 1786 5041 liberati

294 5215 335 5251 "t
365 5216 385 5270 l
416 5217 561 5271 Tim.
583 5232 643 5280 tt,
673 5216 729 5270 5.
805 5217 851 5249 '°
886 5215 1086 5285 Ephes.
1118 5232 1181 5283 tt,
1212 5216 1299 5272 t8.

299 5404 674 5480 (69)_lmojam
705 5416 947 5476 tempore
993 5408 1242 5478 Gregorii
1274 5408 1451 5480 Magni
1484 5414 1629 5466 hunc
1658 5411 1785 5466 titu-

237 5476 329 5548 lum
362 5478 458 5548 sibi
475 5493 733 5548 arrogare
754 5489 1054 5548 cmperunt.

296 5546 408 5625 (7u)_
449 5546 1105 5625 Hunc'titulum'_us_urpat
1139 5549 1527 5625 schismaticus
1554 5554 1785 5625 patriar-

237 5618 320 5672 cha
352 5619 740 5674 Alexandrinus
772 5618 1039 5675 Meletins.
1094 5638 1099 5645 ‘
1356 5624 1364 5631 ’

298 5687 400 5765 (7l_)
441 5690 847 5765 Devanitatcin
884 5691 1055 5765 _t_itulis
1088 5694 1457 5765 recentiorum
1497 5695 1785 5765 episcopo-

241 5772 339 5828 rum
360 5760 595 5820 Graeciaa.
632 5762 851 5814 consule
876 5760 1259 5828 Curopalatam
1317 5765 1390 5820 De
1419 5760 1611 5820 oﬂic'iis
1653 5760 1787 5820 aula:

241 5827 508 5906 Cpolitaua:
534 5833 599 5885 ad
632 5831 792 5906 cujus
816 5827 1317 5906 calcetuintegrnm
1343 5837 1648 5906 catalogum
1706 5837 1789 5892 in-

243 5899 427 5967 venies,
451 5916 555 5972 quo
584 5900 815 5972 quisque
836 5901 988 5957 titulo
1018 5899 1332 5962 adiciendus
1360 5908 1451 5961 sit.

1380 5219 1421 5249 "
1467 5219 1628 5277 Joan.
1684 5238 1741 5287 ι,
1777 5220 1832 5273 9.

1895 3324 2135 3381 Cenitrix
2175 3326 2380 3391 habuit,
2432 3338 2482 3383 et
2528 3340 2834 3386 sanctorum
2883 3335 3082 3406 singuli
3124 3355 3142 3391 :
3191 3340 3304 3393 vult
3352 3342 3475 3404 iste,

1894 3423 2355 3491 quemadmodum
2414 3424 2587 3478 sancti
2645 3425 2977 3495 habuerunt,
3028 3432 3206 3486 itaet
3266 3432 3467 3505 Filium

1894 3513 1990 3568 Dei
2063 3513 2262 3568 habere
2338 3514 2605 3584 Spiritum
2677 3528 2951 3576 sanctum.
3026 3522 3101 3576 Ita
3174 3526 3474 3579 secundum

1892 3605 2368 3676 participationem
2422 3606 2569 3661 illum
2634 3608 2835 3666 habere
2887 3609 3147 3681 Spiritum
3213 3614 3472 3685 blasphe-

1894 3711 1978 3750 ma
1990 3710 2030 3750 ι.
3168 3744 3175 3751 ,

1965 3789 2018 3842 In
2066 3790 2525 3860 disputationibus
2551 3806 2681 3849 vero
2717 3802 2770 3849 et
2820 3795 2921 3859 hoc
2951 3798 3194 3853 nonnulli
3222 3801 3473 3871 blaspheo

1892 3895 2104 3941 mantes
2141 3886 2358 3941 dicunt:
2401 3888 2541 3953 Quia
2577 3889 2899 3957 impossibile
2928 3902 3028 3953 est,
3073 3908 3137 3944 ea:
3180 3892 3314 3948 Filio
3364 3912 3474 3949 esse

1892 3975 2148 4045 Spiritum
2175 3985 2441 4039 sanctum,
2469 3993 2572 4046 quo
2616 3975 2792 4032 Filius
2846 3982 3111 4044 posterior
3165 3991 3263 4037 est.
3342 3982 3473 4037 Erat

1889 4069 2051 4131 enim,
2087 4069 2297 4136 quando
2329 4084 2428 4121 non
2453 4077 2566 4122 erat
2628 4086 2693 4123 ea:
2747 4069 2904 4125 beata
2974 4072 3187 4142 Virgine
3242 4078 3470 4144 genitus.

1834 4202 1839 4209 .
1890 4160 1995 4213 Aut
2026 4159 2170 4212 enim
2202 4168 2257 4211 ut
2283 4169 2468 4229 aperte
2498 4159 2811 4227 conjicitur,
2849 4171 3109 4216 aeternam
3164 4164 3289 4219 Filii
3342 4168 3474 4221 nati-

1889 4250 2111 4306 vitatem
2132 4262 2347 4321 negant,
2383 4252 2736 4319 temporalem
2762 4253 2836 4306 illi
2865 4254 3032 4308 solatn
3065 4256 3424 4313 attribuentes
3458 4278 3470 4312 :

1890 4352 1986 4397 aut
2024 4351 2359 4411 assumptam
2419 4342 2781 4397 conditionem
2820 4346 3172 4400 humanitatis
3204 4348 3257 4401 in
3292 4348 3472 4401 Deita-

1890 4445 1995 4489 tem
2031 4434 2348 4491 translatam
2378 4435 2754 4491 arbitrantur:
2800 4446 3010 4492 auteos
3048 4440 3139 4507 qui
3209 4455 3273 4494 es
3335 4429 3474 4494 Filio

1890 4525 2152 4595 Spiritum
2181 4535 2425 4581 sanctum
2489 4528 2781 4597 procedere
2836 4528 3184 4596 conﬁtentur,
3256 4542 3519 4601 putant,.

1892 4634 1958 4673 es
1991 4619 2195 4673 Christi
2236 4619 2571 4675 humanitate
2608 4621 2921 4689 procedere,
2949 4636 3215 4680 asserere.

1963 4708 2195 4775 Quidam
2225 4724 2372 4775 vero,
2400 4710 2494 4780 qui
2539 4726 2767 4779 magnus
2813 4712 2865 4765 in
2920 4715 3203 4779 sapientia:
3256 4715 3473 4770 nomine

1894 4803 2111 4856 habitus
2141 4810 2245 4865 est,
2274 4818 2359 4868 nc,
2394 4804 2438 4857 si
2470 4805 2745 4873 apostolus
2782 4807 3002 4874 quidem
3035 4807 3221 4862 Petrus
3248 4810 3468 4869 «liceret,

1893 4896 2057 4949 etiam
2088 4908 2152 4948 ex
2192 4893 2327 4947 Filio
2377 4909 2499 4950 esse
2533 4896 2795 4966 Spiritum
2824 4908 3095 4963 sanctum,
3153 4916 3212 4955 se
3238 4902 3476 4955 creditu-

1896 5001 2013 5040 rutn
2063 4986 2412 5042 asseveravit.

1967 5410 2081 5479 (72)
2105 5407 2283 5461 llalies
2303 5406 2390 5463 hic
2424 5421 2607 5461 veram
2642 5406 2932 5477 imaginem
2956 5422 3147 5463 eorum
3200 5408 3290 5479 qui
3323 5425 3465 5465 nunc

1893 5480 2196 5537 Ecclesiam
2223 5488 2564 5547 oppugnant.

1964 5553 2075 5621 (73)
2109 5548 2706 5621 EustratinsNiaeuus
2751 5548 3122 5615 metropolita.
3149 5547 3307 5621 cuius
3368 5566 3465 5601 cx-

1894 5619 2040 5678 stant
2057 5620 2437 5675 commentarii
2467 5621 2516 5673 in
2551 5635 2587 5673 ll
2618 5619 2809 5673 Itbrum
2832 5621 3196 5689 posteriorum
3228 5620 3470 5689 Analyti-

1891 5709 2079 5747 eorum
2111 5690 2439 5744 Arietatelis.

1967 5763 2079 5833 (7b)
2118 5761 2367 5814 Nicolaus
2392 5760 2844 5833 MDliIODCIISiSin
2900 5760 3257 5833 Pelopoucso,
3308 5762 3466 5827 cujus

1890 5830 2211 5903 argumenta
2232 5842 2421 5905 contra
2456 5830 2678 5905 Latinos
2706 5832 2863 5885 solvit
2912 5830 3064 5905 [lugu
3113 5832 3465 5889 Aﬂtltcriunus

1898 5901 2078 5961 insue
2120 5917 2287 5974 opere
2321 5902 2585 5957 adversus
2621 5901 2856 5957 Graecos.
