3882 6548
326 411 422 480 2H

1597 419 1996 483 MANUEUS
2025 423 2334 488 ῦΑιΕΟΑῑ

3483 430 3590 498 212

397 531 571 596 Alius,
608 526 985 585 Occidentales
1015 530 1268 602 eulpans,
1300 534 1423 605 quia
1458 550 1523 591 ex
1583 537 1718 591 Filio
1774 538 1898 608 Spi-
1930 547 1975 603 Δ
2006 546 2136 600 ﬁdes
2164 546 2499 615 reprobanda
2523 555 2629 614 est,
2685 555 2745 604 et
2770 546 2903 604 falsa
2940 548 3304 605 existimanda
3334 566 3350 606 :
3382 550 3593 621 alioqui

327 626 490 679 ritum
572 630 821 679 sanctum
881 626 1175 694 procedere
1236 626 1508 681 fatentur:
1588 629 1901 699 Augustinis

329 717 643 786 quibusdam
698 716 1020 785 infelicibus,
1066 718 1406 788 profanisque
1448 719 1814 793 Hieronymis,
1842 743 1905 780 ac

325 811 605 865 tenebrosis
635 810 927 864 Ambrosiis
955 811 1296 883 nitiait(75).
1325 813 1537 885 Ignorat
1566 816 1753 882 miser,
1777 819 1903 875 dum

234 894 237 897 “
329 906 427 959 ista
469 903 731 974 l0quitur,
764 913 980 959 nostros
1042 919 1258 975 quoque
1304 904 1597 963 Orientalis
1650 907 1905 967 Ecclesia

330 995 617 1065 magistros
645 995 850 1050 eisdem
880 1009 939 1051 se
964 994 1283 1051 criminibus
1316 996 1568 1052 subdere.

398 1110 500 1179 Qui
533 1127 663 1169 vero
690 1113 935 1184 iuniores
963 1123 1111 1181 sunt,
1144 1114 1307 1168 etiam
1338 1129 1403 1170 ex
1429 1116 1655 1171 mortuis
1684 1117 1735 1173 id
1758 1133 1904 1174 asse—

330 1219 457 1259 rere
482 1212 772 1263 conantur.
792 1205 869 1259 Ac
896 1216 1093 1273 praeter
1112 1205 1478 1269 mendacium,
1498 1218 1606 1271 quo
1628 1218 1903 1277 asserunt,

333 1294 681 1366 Lugdunense
746 1296 1025 1352 concilium
1095 1297 1429 1366 tyrannicum
1497 1298 1677 1366 fuisse,
1739 1300 1903 1368 ipsius

328 1403 554 1456 quoque,
594 1387 682 1456 qui
714 1388 865 1440 "illud
887 1388 1156 1457 conﬂavit,
1190 1388 1322 1455 regis
1356 1387 1468 1458 (76)
1499 1390 1744 1457 cadaver,
1771 1391 1904 1445 inte-

329 1493 504 1548 grum,
536 1490 595 1534 ut
638 1482 810 1544 aiunt,
862 1481 1178 1548 perdurans,
1230 1480 1375 1533 illius
1420 1481 1610 1535 anima:
1650 1483 1906 1552 iniquita-

242 1588 245 1591 λ
332 1582 437 1626 tem
466 1573 808 1636 annuntiare,
869 1573 992 1641 quia
1043 1571 1343 1640 hujusmodi
1381 1574 1661 1627 concilium
1714 1577 1902 1645 coegit,

333 1674 635 1718 autumant.
660 1662 923 1719 Sensibus
963 1663 1162 1733 quippe
1191 1663 1259 1719 de
1288 1662 1391 1718 ﬁde
1429 1664 1695 1734 iudicant.
1752 1664 1903 1731 Quod

335 1757 388 1807 in
421 1755 634 1811 caeteris
669 1758 971 1813 sanctitatis
1003 1757 1217 1824 signum
1274 1758 1630 1823 arbitrantur,
1694 1757 1796 1813 hoc
1849 1759 1904 1812 in

333 1848 533 1916 quibus
564 1847 665 1917 ipsi
697 1849 903 1914 volunt,
925 1849 1183 1904 iudicium
1228 1849 1589 1906 damnat'ouis
1611 1850 1904 1919 accipiunt,

336 1937 493 2003 quasi
525 1936 634 1991 Deo
665 1952 762 2007 pro
789 1936 1003 1992 illorum
1034 1934 1313 1993 Voluntate
1341 1939 1691 1994 decernente.
1729 1940 1912 2006 Quan-

336 2043 498 2096 quam
558 2030 602 2083 si
644 2028 1018 2083 defunctorum
1079 2032 1342 2085 cadavera
1379 2030 1598 2085 minime
1660 2031 1906 2097 dissolvi,

339 2119 596 2174 indicium
653 2121 964 2176 sanctitatis
1028 2122 1386 2193 arbitrantur,
1443 2124 1573 2195 quid
1628 2126 1697 2181 de
1758 2125 1906 2182 Petri

338 2208 598 2284 Paulique
654 2216 980 2285 corporibus
1026 2216 1225 2271 dicturi
1281 2228 1426 2285 sunt,
1486 2231 1910 2293 sanctonimque

341 2306 721 2373 plurimorum,
748 2322 870 2376 quae
898 2309 1159 2365 dissoluta
1193 2312 1244 2364 in
1290 2311 1465 2367 frusta
1510 2324 1569 2368 et
1626 2314 1680 2367 iu
1734 2315 1913 2384 pulve-

342 2414 451 2453 rem
512 2401 679 2453 sunt?
725 2400 781 2454 Si
840 2411 1025 2456 autem
1086 2403 1347 2459 dissoluta
1407 2405 1638 2473 plurima
1680 2422 1907 2478 corpora

339 2500 650 2544 sanctorum
682 2491 889 2559 vident,
923 2494 1063 2549 unde
1093 2510 1155 2548 ea
1192 2510 1315 2563 qum
1345 2497 1397 2550 id
1435 2512 1596 2567 passa
1628 2514 1737 2554 non
1757 2509 1907 2567 sunt,

338 2590 527 2635 sancta
561 2583 790 2651 probare
823 2587 1106 2653 poterunt?
1136 2586 1273 2652 Quid
1307 2598 1485 2643 autem
1510 2592 1575 2644 de
1604 2591 1910 2648 inﬁdelibus

340 2673 534 2727 dicturi
564 2682 712 2740 sunt,
739 2682 793 2730 et
818 2690 953 2745 quos
982 2676 1080 2745 ipsi
1126 2677 1358 2746 publicis
1413 2680 1716 2760 maledictis
1781 2684 1935 2745 sub-_

340 2760 506 2827 dunt;
569 2777 799 2831 quorum
862 2765 1176 2834 incorrupta
1262 2770 1524 2822 cadavera
1576 2770 1914 2838 perdurant?

339 2851 510 2909 Porro
537 2855 581 2909 si
618 2855 733 2911 haec
763 2857 1128 2913 damnationis
1161 2857 1500 2914 arbitrantur
1527 2861 1704 2932 signa,
1774 2878 1911 2931 quo-

338 2944 501 3001 modo
534 2956 839 3001 sanctorum
874 2954 1100 3017 corpora
1155 2950 1457 3005 honorant?

408 3058 515 3113 Sed
542 3058 645 3113 ista
678 3059 896 3127 quidem
929 3060 1205 3114 hominum
1246 3074 1432 3115 eorum
1460 3070 1610 3129 sunt,
1673 3062 1786 3132 qui,
1850 3072 1931 3117 ut,

338 3150 566 3220 intelligi
594 3151 776 3217 datur,
808 3167 973 3209 sensu
1004 3153 1209 3220 vivunt,
1247 3165 1301 3210 et
1357 3156 1514 3212 [idem
1580 3157 1910 3219 tactu.colo—

338 3241 601 3311 ribusque
628 3243 970 3312 dignoscunt.
1016 3243 1071 3299 Si
1103 3219 1281 3300 autem
1313 3262 1379 3300 ea:
1418 3248 1678 3316 fructibus
1727 3266 1910 3304 eorum
1936 3219 1979 3277 ο

336 3332 736 3401 dignoscendos,
776 3334 848 3386 ait
880 3331 1141 3389 Dominus
1162 3335 1229 3401 ²²,
1252 3334 1461 3391 frumus
1494 3345 1674 3392 autem
1703 3338 1912 3406 primus
1944 3378 1947 3379 ν

339 3425 540 3493 cuique
572 3438 719 3489 vera,
760 3438 923 3494 quam
959 3427 1026 3480 de
1050 3425 1162 3479 Deo
1209 3426 1394 3493 habet,
1454 3427 1639 3496 opinio
1699 3436 1804 3494 est,
1856 3435 1913 3483 et
1966 3450 1973 3455 ·

339 3530 523 3584 opera,
559 3531 675 3586 qua:
710 3515 831 3572 ﬁdei
887 3517 1425 3586 supertedillcantur:
1489 3518 1741 3573 desinant
1799 3528 1915 3573 tan-

340 3611 462 3669 dem
495 3615 707 3662 tentare
734 3607 1020 3663 Dominum
1077 3609 1267 3673 Deum,
1302 3619 1466 3675 atque
1528 3624 1591 3663 ex
1620 3596 1733 3664 'his
1793 3624 1917 3679 qua

339 3708 468 3755 sunt
499 3700 817 3765 materialia,
851 3710 905 3756 et
929 3703 1064 3756 alias
1118 3702 1275 3756 aliter
1312 3702 1609 3757 secundum
1648 3711 1913 3773 tempora,

341 3806 652 3862 corporum,
685 3800 741 3846 et
766 3792 1035 3858 locorum,
1069 3801 1123 3848 et
1144 3808 1335 3847 rerum
1359 3791 1745 3864 dispositiones
1778 3808 1912 3849 con-

340 3884 572 3956 tingunt,
597 3886 785 3938 earum
816 3898 1021 3951 rerum,
1049 3900 1171 3955 quae
1200 3893 1326 3939 sunt
1376 3898 1405 3937 a
1440 3883 1669 3938 materia
1694 3892 1916 3938 remotae

340 3974 665 4027 documenta
709 3988 922 4043 capere.

416 4087 620 4141 Deinde
650 4102 752 4142 non
781 4087 960 4143 omnis
989 4087 1081 4157 qui
1109 4101 1241 4142 sana
1273 4086 1379 4142 ﬁde
1424 4097 1527 4154 est,
1581 4090 1693 4159 jam
1755 4090 1916 4144 etiam

340 4184 585 4241 sanctus,
635 4186 690 4230 et
726 4180 917 4231 beatus
949 4187 1071 4231 est:
1109 4175 1235 4230 Non
1272 4178 1409 4230 enim
1472 4180 1663 4243 onmis,
1721 4179 1917 4247 inquit,

339 4267 431 4335 qui
458 4266 590 4321 dicit
621 4268 790 4321 mihi:
818 4267 1063 4332 Domine,
1095 4266 1334 4332 Domine,
1368 4269 1589 4322 intrabit
1623 4272 1674 4323 in
1708 4287 1920 4340 regnum

343 4360 673 4427 ccelprum".
698 4359 765 4413 Et
797 4378 811 4414 :
836 4358 888 4412 Μ
896 4360 991 4412 ulti
1018 4359 1192 4413 dicent
1215 4361 1338 4412 mihi
1360 4361 1412 4411 in
1435 4359 1518 4411 die
1541 4360 1656 4421 illa.
1683 4360 1920 4421 Domine.

343 4468 515 4506 nonne
540 4454 595 4506 in
631 4455 839 4506 nomine
904 4461 993 4504 tuo
1047 4452 1492 4519 prophetavimus,
1562 4464 1608 4506 et
1660 4454 1922 4507 dcemonia

2010 638 2170 694 ﬁdem
2208 639 2376 695 solam
2396 640 2463 694 ad
2518 640 2748 696 salutem
2776 640 3024 697 sufﬁcere
3059 641 3323 697 dicemus.
3384 642 3590 697 Verum

2014 732 2171 787 {idem
2201 733 2320 789 sine
2370 732 2627 803 operibus
2671 746 2794 790 esse
2826 745 3099 789 mortuam
3134 735 3468 790 audivimus.
3520 735 3596 789 At

2011 838 2162 889 vero,
2192 838 2365 893 neque
2404 839 2497 878 rex
2538 824 2653 887 ille,
2694 825 2795 880 sub
2823 840 2931 894 quo
2960 826 3201 896 synodus
3258 835 3593 896 congregata

2011 922 2115 979 est,
2149 914 2319 984 ipsius
2346 916 2568 971 omnino
2595 925 2784 972 auctor
2818 916 2939 971 fuit.
3004 917 3167 982 Nam,
3229 918 3333 973 sub
3380 932 3448 972 eo
3494 917 3593 986 qui

2013 1017 2139 1063 ante
2212 1007 2361 1062 illum
2427 1018 2769 1077 regnaverat,
2831 1011 3056 1066 collecta
3108 1021 3218 1076 est,
3266 1027 3429 1082 quam
3486 1012 3598 1067 iste

2012 1112 2232 1167 compos
2274 1112 2456 1154 rerum
2490 1098 2688 1163 factus,
2722 1101 2950 1169 peregit.
2978 1100 3179 1165 Iudicio
3212 1102 3377 1156 etiam
3428 1102 3597 1157 nobis

2013 1199 2140 1243 sunt
2166 1187 2454 1259 Nicepbori
2504 1190 2828 1262 Btenimyda
2864 1193 3140 1254 monachi,
3163 1201 3219 1247 et
3260 1192 3598 1261 presbyteri,

2012 1278 2167 1347 cujus
2198 1280 2251 1335 in
2282 1281 2428 1335 omni
2463 1282 2659 1337 virtute
2686 1290 2743 1337 et
2794 1282 3062 1351 sapientia
3120 1296 3319 1337 nomen
3380 1284 3602 1350 insigne

2011 1375 2150 1442 apud
2199 1388 2389 1428 omnes
2447 1384 2568 1438 est,
2621 1374 2727 1428 duo
2793 1375 2861 1428 ad
2908 1373 3252 1429 Theodorum
3306 1373 3598 1430 Lascarim

2013 1479 2192 1532 regem
2221 1464 2334 1534 (77)
2358 1464 2478 1518 libri
2509 1465 2575 1519 de
2595 1464 2803 1534 Spiritu
2828 1475 3017 1520 sancto
3045 1466 3361 1535 conscripti,
3396 1464 3602 1535 quibus

2014 1554 2302 1620 indicatur,
2370 1570 2435 1609 ex
2486 1555 2641 1619 Filio,
2676 1569 2729 1610 et
2783 1571 2877 1626 per
2938 1555 3137 1611 Filiqu
3212 1558 3596 1613 substantiam

2014 1645 2239 1712 habere,
2270 1660 2300 1699 a
2332 1646 2539 1702 sanctis
2584 1646 2839 1703 Patribus
2883 1648 3161 1703 traditum.

2082 1756 2301 1811 Addunt
2332 1766 2618 1826 praeterea,
2648 1757 2736 1826 qui
2779 1758 2853 1811 ita
2878 1758 3140 1822 sentiunt,
3192 1759 3417 1813 Nullum
3446 1758 3599 1828 apud

2016 1846 2252 1911 Latinos,
2273 1857 2388 1912 post
2418 1848 2646 1902 schisma
2673 1849 2881 1919 signum
2910 1851 3076 1919 fuisse
3098 1848 3247 1920 (78);
3274 1842 3425 1921 quod
3446 1851 3600 1906 enim

2013 1955 2118 1993 non
2152 1939 2382 2006 videtur,
2421 1953 2596 2009 neque
2628 1954 2751 1994 esse
2800 1951 3022 2012 putant.
3068 1940 3270 1997 Volunt
3324 1943 3473 1997 enim
3527 1956 3601 1997 ex

2010 2030 2261 2096 Thracia,
2285 2046 2403 2100 quae
2461 2030 2516 2085 in
2571 2030 2741 2096 Italia,
2768 2042 2825 2086 et
2928 2031 3245 2099 Germania,
3296 2031 3597 2103 Hispania,

2007 2112 2063 2177 et
2107 2122 2159 2176 in
2184 2122 2393 2187 Galliis,
2419 2136 2483 2177 ac
2509 2121 2837 2179 Britannicis
2889 2121 3084 2178 insulis
3119 2134 3251 2178 sunt
3295 2125 3598 2193 inspicere,

2009 2214 2100 2267 ubi
2121 2221 2243 2282 post
2274 2212 2513 2268 schisma
2542 2213 2759 2281 plurimi
2795 2214 3107 2278 virtutibus,
3137 2222 3301 2283 atque
3326 2212 3600 2283 prodigiis

2006 2304 2247 2374 insignes
2287 2304 2637 2360 Occidentem
2701 2304 3042 2359 illustrarunt
3076 2315 3272 2368 totum,
3317 2320 3426 2359 non
3460 2321 3585 2358 am-

2008 2396 2181 2465 biguis
2217 2396 2562 2466 quibusdam,
2588 2403 2643 2450 et
2674 2396 2944 2461 obscuris,
2966 2397 3061 2451 sed
3093 2396 3277 2466 qualia
3307 2398 3377 2452 ab
3430 2412 3605 2465 apos-

2009 2490 2157 2555 tolis,
2182 2503 2476 2559 eorumque
2497 2480 2905 2545 successoribus
2933 2490 3071 2544 facta
3101 2490 3352 2558 legimus.
3406 2488 3607 2555 Quan-

2009 2598 2170 2653 quam
2203 2582 2304 2637 ista
2352 2582 2569 2652 quidem
2623 2582 2783 2637 modo
2845 2580 3169 2650 inquirenda
3217 2596 3330 2635 non
3388 2590 3600 2651 erant;

2012 2689 2186 2741 neque
2224 2675 2530 2730 sanctitatis
2553 2674 2751 2729 indicto
2777 2674 3081 2731 sumenda:
3139 2673 3311 2744 Signa
3376 2673 3600 2743 quidem

2014 2781 2115 2821 non
2151 2766 2415 2835 ﬁdelibus,
2451 2768 2540 2820 sed
2561 2766 2863 2832 inﬁdelibus
2885 2768 2965 2832 ";
3000 2776 3093 2821 et:
3134 2765 3317 2821 Nolite
3342 2770 3603 2836 gaudere,

2009 2858 2135 2925 quia
2158 2857 2419 2911 daemonia
2450 2858 2594 2911 vobis
2632 2859 2844 2911 subdita
2870 2867 3033 2912 sunt:
3074 2859 3164 2912 sed
3194 2859 3443 2928 gaudete,
3466 2857 3603 2927 quia

2010 2948 2226 3001 nomina
2254 2958 2426 3004 uestra
2458 2950 2656 3020 scripta
2698 2958 2821 3004 sunt
2877 2951 2931 3003 in
2956 2950 3100 3003 aclis
3118 2951 3195 3015 ’°;
3226 2958 3301 3011 et.
3374 2963 3498 3020 quae
3547 2949 3607 3004 in

2013 3038 2153 3095 hanc
2205 3054 2317 3095 rem
2344 3056 2372 3093 a
2406 3041 2690 3096 Salvatore
2716 3044 2875 3097 dicta:
2906 3049 3032 3096 sunt
3061 3042 3371 3097 sententias.

2575 3156 2650 3210 De
2709 3154 3076 3211 Eucharistia.

2083 3268 2312 3335 Quidam
2347 3262 2508 3323 etiam
2561 3268 2829 3323 Dominici
2889 3271 3137 3338 corporis
3201 3280 3257 3324 et
3317 3269 3610 3339 sanguinis

2016 3362 2326 3432 mysterium
2351 3376 2414 3415 ex
2449 3362 2556 3426 his,
2597 3376 2718 3427 qua:
2742 3362 2952 3425 dicunt,
2987 3363 3220 3417 tollunt:
3258 3349 3383 3416 Non
3429 3364 3601 3417 etiam

2014 3455 2154 3523 apud
2191 3452 2557 3508 Occidentales
2624 3452 2948 3507 benedictum
2988 3471 3184 3524 aquam
3226 3454 3606 3523 incorruptam

2013 3546 2210 3600 durare
2264 3548 2512 3611 dicentes,
2569 3545 2722 3616 idque
2773 3546 2987 3599 illorum
3038 3547 3293 3602 hazreseos
3344 3549 3607 3602 indicium

1952 3696 1953 3699 η
2016 3646 2284 3692 asserunt.
2334 3637 2588 3708 Ignorant
2637 3637 2780 3691 enim
2843 3636 2969 3706 quia
3020 3639 3339 3708 mysterium
3375 3639 3606 3708 quidem

2018 3728 2145 3784 illud
2178 3728 2434 3783 omnibus
2477 3729 2529 3782 in
2575 3725 2780 3785 Christi
2817 3727 3055 3783 Ecclesia
3091 3728 3371 3799 mysteriis
3429 3730 3610 3784 mira-

2016 3820 2177 3875 bilius
2207 3835 2269 3872 ac
2302 3819 2563 3885 sanctius,
2606 3818 2657 3872 in
2692 3833 2799 3889 quo
2824 3832 2944 3872 cum
2977 3820 3287 3874 accidentia
3362 3821 3415 3874 in
3468 3825 3608 3873 sub-

2013 3913 2157 3982 jecta
2197 3910 2351 3980 panis
2384 3909 2687 3965 substantia
2742 3909 3139 3980 maneaut(79),
3174 3926 3241 3964 eo
3272 3911 3417 3979 quod
3442 3910 3609 3979 quasi

2018 4002 2120 4057 sub
2162 4000 2509 4056 sensibilibus
2541 4000 2859 4054 velamentis
2900 4000 3187 4053 traduntur
3244 3999 3401 4052 nobis
3441 4014 3611 4053 vene-

2021 4093 2190 4146 randa
2224 4089 2501 4160 mysteria,
2556 4089 2857 4157 subjectum
2896 4090 3054 4159 panis
3112 4090 3165 4143 in
3232 4104 3437 4159 corpus
3503 4090 3613 4144 Do-

2021 4188 2151 4242 mini
2202 4195 2462 4241 mutatur.
2512 4184 2624 4239 Hoc
2704 4195 2905 4252 autem,
2953 4186 3055 4241 nisi
3138 4186 3260 4255 quis
3329 4186 3603 4240 adhibeat

2022 4291 2310 4347 congruam
2351 4275 2706 4347 diligentiam,
2738 4292 2959 4332 necesse
2980 4285 3084 4340 est,
3117 4292 3236 4345 quia:
3259 4276 3499 4331 subsunt
3551 4277 3607 4330 in
3692 4277 3703 4289 ‘

2024 4369 2117 4424 illo
2146 4367 2465 4428 accidentia,
2509 4367 2651 4437 quod
2676 4383 2835 4422 suum
2862 4376 2967 4429 est,
3008 4365 3231 4421 faciant.
3281 4364 3421 4419 Num
3471 4380 3613 4436 ergo

2025 4460 2166 4515 istud
2194 4474 2299 4512 non
2329 4458 2714 4524 arbitrabimur
2740 4458 2947 4513 Domini
2982 4474 3105 4513 esse
3162 4474 3399 4527 corpus,
3458 4459 3610 4528 quod

343 4546 607 4616 eiecimus,
635 4555 681 4599 et
716 4538 933 4599 uirtutes
964 4546 1153 4597 multas
1200 4544 1463 4613 fecimus?
1509 4543 1574 4597 Et
1610 4544 1924 4613 respondebo
1955 4566 2001 4622 ι)
2029 4549 2146 4619 ipse
2226 4563 2338 4603 suae
2402 4549 2664 4605 Ecclesiae
2737 4549 2999 4604 tradidit?
3085 4549 3130 4603 si
3191 4558 3374 4602 autem
3461 4548 3610 4601 istud

343 4639 441 4702 eis,
472 4635 596 4691 Non
630 4637 745 4690 novi
774 4652 897 4691 vos:
931 4636 1183 4690 discedite
1204 4653 1236 4688 a
1265 4652 1373 4698 me,
1408 4637 1642 4704 operarii
1671 4637 1928 4706 iniquita-
2024 4641 2366 4705 conﬁtemur,
2416 4649 2476 4694 ut
2534 4639 2862 4709 accipimus:
2894 4637 3015 4691 etsi
3068 4636 3395 4701 accidentia,
3461 4635 3610 4705 quod

346 4729 504 4784 tis“.
560 4728 698 4794 Quid
758 4742 891 4799 ergo
946 4727 1164 4793 mirum,
1223 4729 1267 4780 si
1317 4729 1439 4796 quis
1518 4740 1721 4783 rectam
1770 4733 1927 4785 tidem
2024 4747 2179 4787 suum
2216 4742 2319 4796 est,
2372 4732 2424 4786 in
2459 4730 2590 4800 ipsis
2643 4733 2934 4784 ostendere
2966 4740 3214 4798 possunt,
3247 4744 3346 4782 cur
3378 4742 3492 4781 non
3554 4738 3612 4782 et

348 4821 575 4884 habens,
605 4829 659 4874 et
688 4820 809 4875 aliis
836 4835 1051 4890 quoque
1088 4820 1257 4889 ipsius
1281 4820 1387 4873 dux
1459 4820 1721 4887 effetus,
1779 4823 1925 4877 circa
2026 4823 2078 4875 in
2146 4822 2381 4885 caeteris,
2438 4822 2483 4874 si
2544 4820 2686 4874 istud
2753 4820 3033 4890 contingat
3089 4829 3311 4888 propter
3359 4818 3612 4872 materiae

346 4927 475 4968 vero
503 4912 707 4981 reliqua
742 4922 1049 4982 corruptus,
1103 4926 1166 4965 ac
1207 4914 1467 4978 perditus,
1512 4913 1801 4969 damnatus
1839 4922 1924 4969 est
2023 4911 2287 4981 subjecta,
2322 4910 2374 4965 in
2403 4911 2597 4979 quibus
2632 4911 2888 4981 mysteria
2933 4909 3238 4973 traduntur,
3299 4924 3407 4963 non
3460 4907 3609 4963 idem

344 5012 399 5059 et
437 5013 642 5059 aeterno
673 5005 940 5073 supplicio
973 5004 1233 5059 ελσεωυεῖ
1272 5004 1384 5059 Νοη
1412 5005 1533 5059 ideo
1558 5014 1735 5059 tamen
1778 5005 1921 5061 illius

2028 5000 2442 5058 conﬁtebimur?

416 5210 461 5241 “
486 5206 676 5261 Matth.
714 5222 808 5268 vn,
838 5205 923 5258 16.
998 5204 1312 5258 "ibid:2l.
1391 5203 1436 5235 “
1475 5202 1630 5267 ibid.,
1673 5202 1763 5265 22,
1802 5202 1895 5257 25.

2036 5200 2199 5255 lCor‘.
2221 5200 2449 5264 xsv;22.
2526 5200 2734 5283 "’Luc.
2776 5216 2828 5266 ι,
2858 5199 2949 5254 20.

420 5417 532 5488 (75)
578 5417 690 5473 Hoc
720 5418 1035 5488 graphicum
1067 5421 1149 5479 est
1180 5424 1227 5465 et
1255 5412 1547 5482 genuinum
1579 5413 1915 5469 scltismatici

351 5486 703 5557 ltuircticique
743 5486 1110 5557 superi-ilium.

421 5560 536 5627 (76)
582 5552 860 5612 Michaelis
894 5552 1197 5627 Palmulogi.

420 5624 533 5700 (77)
573 5628 845 5700 imperare
876 5626 1039 5700 cccpit
1066 5639 1152 5700 an.
1188 5625 1389 5700 Christi
1416 5624 1575 5700 1255.

423 5694 535 5769 (78)
576 5694 689 5754 Hoc
732 5700 874 5767 quod
903 5699 969 5751 de
1010 5696 1289 5769 miraculis
1331 5694 1919 5769 Grrccihobjectabant,

354 5765 705 5826 falsissimum
739 5765 858 5823 csse
894 5768 1221 5819 convincunt
1247 5768 1340 5842 vel
1362 5769 1460 5821 soli
1494 5766 1567 5819 illi
1600 5768 1706 5819 duo
1738 5765 1921 5842 mira.-

351 5844 595 5897 culurum
635 5841 936 5911 ingentium
964 5845 1271 5893 patratores
1302 5836 1624 5891 Franciscus
1656 5844 1709 5890 ct
1738 5834 1923 5889 Domi-

2034 5409 2716 5483 uicusalmoinAGnecos
2784 5413 2897 5483 lucc
2949 5413 3182 5483 abies-tio
3233 5412 3444 5483 Optime
3476 5431 3611 5469 aua-

2028 5485 2173 5536 drat.
2206 5481 2345 5552 Lege
2360 5479 2758 5552 _Bellarminum
2786 5482 2881 5537 lib.
2905 5498 2941 5538 tt
2974 5479 3048 5538 De
3087 5479 3324 5552 Christo,
3366 5499 3415 5539 c.
3442 5486 3536 5550 50,
3561 5494 3613 5540 et

2028 5551 2122 5607 lib.
2161 5566 2213 5603 ιν
2244 5550 2319 5604 De
2358 5548 2609 5613 Ecclesia,
2647 5566 2696 5605 c.
2729 5552 2783 5606 4.

2099 5621 2210 5695 (79)
2252 5621 2363 5695 Hoc
2416 5631 2501 5675 est
2555 5622 2848 5677 accidentia
2905 5621 3226 5695 substantiae
3280 5626 3466 5695 panis,
3523 5627 3609 5681 vel

2024 5692 2322 5748 seeidentia
2385 5705 2504 5761 qua:
2568 5700 2726 5746 antea
2789 5702 2943 5747 erant
3007 5693 3061 5747 in
3125 5692 3293 5762 panis
3344 5698 3609 5753 substan-
