3920 6544
236 423 332 490 213

1286 416 1684 482 ADVERSUS
1719 411 2036 474 GRECOS
2077 417 2219 476 LIB.
2264 416 2356 478 iV.

3351 415 3456 474 iiii.

293 542 435 606 Nam,
455 539 502 595 si
531 537 694 610 .quod
721 539 929 604 dicunt,
961 537 1166 611 Aquam
1194 540 1390 596 durare
1435 539 1647 593 minime
1698 535 1782 589 iu-
1812 530 1860 590 Δ
1889 535 2010 590 nius
2064 549 2161 589 nos
2224 517 2637 600 componendo,
2689 532 3070 587 mediocritate
3126 529 3337 586 scilicet
3400 532 3453 582 in

231 642 531 702 corruptam,
567 647 674 686 rem
697 629 1185 700 tacitambiguam,
1223 633 1438 686 videant
1469 630 1599 700 quid
1651 629 1773 682 inde

230 731 486 788 sequatur.
549 718 697 775 Unde
759 722 903 775 enim
980 732 1238 792 poterunt
1309 718 1522 775 Domini
1580 734 1776 788 corpus

231 807 436 860 ﬁrmiter
489 807 732 872 credere,
777 818 997 876 propter
1053 822 1243 864 eorum
1300 810 1623 873 accidentia,
1657 822 1775 878 qua!

231 897 324 952 illic
358 897 699 951 subsistunt?
728 895 844 951 Non
877 900 1058 968 itaque
1089 897 1351 963 eciuut,
1376 901 1520 970 quod
1564 899 1776 968 volunt,

228 990 720 1044 sedsacramentum
760 988 1116 1044 Eueltaristia:
1173 990 1486 1059 ambiguum
1548 989 1771 1044 iaciunt.

229 1081 454 1149 Ignorant
485 1087 666 1132 autem
698 1080 824 1148 quia
870 1091 989 1149 qua
1043 1081 1093 1135 in
1146 1078 1460 1136 Occidentis
1511 1079 1774 1135 Ecclesiis

225 1184 346 1240 aqua
376 1168 730 1233 benedicitur‘,
783 1170 916 1225 nihil
984 1183 1236 1238 magnum
1293 1171 1599 1242 pollicetur,
1644 1173 1774 1227 sim—

224 1262 418 1332 pliciter
463 1270 646 1316 autem
683 1269 770 1317 est
811 1276 948 1330 aqua
999 1262 1307 1329 benedicta,
1370 1264 1598 1335 singulis
1640 1263 1774 1319 lteb-

224 1349 446 1405 domadis
483 1365 512 1404 a
551 1352 834 1406 sacerdote
865 1368 960 1419 pro
1017 1357 1411 1409 transeuntium
1464 1353 1770 1420 devotione,

224 1456 278 1496 ac
302 1441 416 1504 dde,
444 1447 506 1495 ut
555 1441 680 1496 inde
730 1456 792 1497 se
852 1453 1162 1514 aspergant,
1211 1444 1454 1515 profusa.
1518 1441 1612 1501 Ea
1645 1459 1774 1501 vero

220 1547 363 1602 quam
394 1531 445 1584 in
492 1532 581 1586 die
623 1534 801 1602 magni
836 1534 1056 1588 Sabbati
1123 1535 1466 1601 benedicunt,
1529 1545 1581 1590 et
1642 1552 1772 1591 eon-

223 1632 452 1686 sterant,
501 1638 640 1694 aqua
688 1626 1000 1694 pretiosior,
1067 1642 1226 1683 sacro
1281 1636 1348 1687 et,
1387 1638 1499 1686 tuto
1549 1629 1602 1683 lu
1658 1630 1774 1684 loco

223 1715 396 1786 posita,
421 1731 586 1785 quam
615 1731 773 1772 nemo
798 1719 998 1787 passim
1033 1719 1270 1790 attingit,
1303 1736 1550 1793 magnam
1581 1723 1769 1778 Eccle-

223 1809 307 1865 tiis
325 1808 765 1864 commoditatem
796 1818 1050 1880 prastat:
1080 1825 1256 1882 neque
1284 1813 1458 1868 solum
1493 1829 1589 1884 per
1647 1815 1771 1870 anni

223 1900 462 1954 circulum
492 1899 810 1972 incorrupta
845 1904 1027 1965 durat,
1063 1904 1157 1957 sed
1195 1904 1314 1973 plus
1361 1905 1522 1960 etiam
1576 1907 1773 1963 durare

225 1998 405 2060 posset,
455 1992 606 2058 quod
689 1993 1064 2062 experimento
1135 1994 1445 2050 didicimus.
1525 1997 1776 2067 Ignorant

213 2092 403 2161 _autem.
451 2091 510 2137 et
537 2083 688 2152 quod
713 2099 897 2149 omne,
951 2094 1004 2141 et
1037 2085 1312 2162 quodlibet
1363 2101 1426 2142 ex
1461 2104 1598 2158 aqua
1624 2105 1776 2143 seor-

226 2175 310 2228 sim
344 2184 656 2244 acceptum,
684 2183 739 2231 et
803 2175 922 2231 sine
971 2177 1114 2231 omni
1175 2177 1381 2232 macula
1432 2187 1774 2235 commutans

225 2266 364 2319 etiam
391 2265 822 2334 quomodolibet,
861 2267 1008 2336 prius
1049 2268 1102 2322 in
1131 2268 1338 2338 seipse,
1368 2269 1587 2335 deinde,
1619 2271 1774 2339 quasi

225 2363 504 2427 purgatura,
551 2367 612 2412 et
666 2357 924 2424 colatum,
967 2359 1019 2413 in
1045 2369 1304 2430 quantum
1328 2361 1561 2431 quisque
1591 2363 1776 2416 volue-

226 2450 301 2512 rit,
362 2458 662 2513 servatum,
742 2450 1113 2520 incorruptum
1197 2451 1378 2516 durat,
1459 2467 1778 2524 semperque

226 2541 473 2610 limpidins
527 2542 626 2606 tit;
661 2541 804 2610 quod
852 2552 905 2597 et
951 2544 1124 2612 ipsum
1175 2545 1505 2614 experientia
1571 2546 1775 2604 docuit.

226 2632 527 2702 Argumento
606 2642 784 2686 autem
836 2634 992 2689 nobis
1048 2645 1151 2698 est,
1206 2645 1259 2689 et
1308 2635 1450 2706 quod
1518 2636 1572 2690 in
1630 2639 1774 2704 vino,

225 2723 449 2793 quamvis
481 2723 779 2778 crassioris
829 2725 1071 2779 materia:
1100 2728 1192 2792 sit,
1253 2728 1436 2782 itidem
1491 2730 1774 2800 contingit.

749 2817 821 2872 De
855 2828 1073 2872 tonsura
1106 2820 1354 2874 crinium.

282 2907 496 2974 Quidam
528 2926 667 2966 vero
712 2912 874 2964 etiam
935 2911 1166 2964 crinium
1222 2921 1520 2977 tonsuram,
1556 2927 1682 2966 non-
1711 2912 1778 2967 ad

224 3001 650 3058 Consuetudinem
685 3003 952 3058 referunt:
1002 3011 1377 3074 ornatumque,
1435 3012 1490 3059 et
1543 3006 1780 3075 turpitu-

224 3089 382 3144 dinem
408 3106 514 3147 non
548 3107 616 3146 ex
673 3093 1062 3148 consuetudine
1102 3095 1366 3162 iudicant.
1421 3094 1574 3161 Quod
1634 3096 1778 3150 enim

225 3182 329 3237 aliis
347 3183 667 3249 honestum,
696 3185 819 3253 quia
853 3193 1191 3252 consuetum,
1246 3183 1350 3240 hoc
1376 3185 1496 3241 aliis
1525 3187 1776 3265 quoniam

226 3275 472 3328 insolitum
514 3283 628 3337 est,
689 3283 844 3342 turpe
897 3274 1197 3344 jndicatur‘:
1264 3275 1463 3330 Verum
1531 3285 1585 3330 et
1640 3278 1776 3332 hanc

179 3417 181 3420 .
225 3365 346 3418 inter
376 3363 617 3420 haereses
684 3363 980 3429 ascribunt,
1033 3366 1294 3433 aiuutqne
1346 3364 1492 3431 illos,
1539 3368 1629 3435 qni
1677 3366 1782 3421 hoc

225 3453 425 3517 iaciunt,
456 3453 688 3522 {orntum
717 3453 812 3508 Dei
839 3455 1054 3519 violare,
1092 3469 1214 3510 cum
1249 3466 1394 3513 certe
1445 3471 1548 3510 non
1589 3470 1782 3510 omnes

224 3545 309 3599 ista
362 3538 755 3602 consuetudine
819 3557 1072 3608 utantur,
1136 3546 1332 3617 Deique
1390 3548 1671 3618 imaginem
1730 3556 1780 3601 et

222 3639 604 3693 similitudinem
634 3649 842 3694 mutare
873 3633 903 3695 ἐ
941 3640 1095 3709 quasi
1135 3640 1218 3693 vel
1255 3640 1488 3696 hominis
1518 3639 1777 3709 dignitas,

221 3743 326 3784 esse
360 3730 574 3785 cilicet
601 3731 945 3795 rationalem,
992 3740 1044 3786 et
1090 3732 1154 3785 ad
1189 3715 1476 3802 imaginem
1508 3746 1570 3787 ac
1625 3733 1780 3786 simi.

225 3821 486 3878 litudinem
521 3823 640 3884 Dei.
673 3833 893 3894 propter
925 3825 1148 3895 capillos
1208 3825 1282 3878 illi
1313 3824 1489 3879 adsit:
1529 3825 1610 3879 vel
1643 3825 1782 3881 Deus

225 3917 455 3970 humana:
489 3916 702 3984 aliquid
735 3917 945 3983 forma»,
993 3916 1074 3972 vel
1131 3917 1510 3972 crassitudinis
1560 3917 1778 3980 habeat,

222 4005 278 4058 ad
309 4008 780 4078 cujusimagincm
827 4009 992 4064 homo
1021 4024 1146 4063 cum
1196 4009 1284 4074 sit,
1349 4009 1512 4064 etiam
1572 4008 1782 4078 capillis

223 4098 286 4151 illi
323 4115 438 4154 esse
466 4101 670 4156 similis
695 4103 907 4156 debeat.
943 4099 1144 4169 Nempe
1172 4110 1226 4156 et
1252 4104 1394 4170 apud
1448 4116 1546 4156 nos
1604 4102 1782 4156 oratio

222 4194 278 4246 ad
308 4203 588 4249 tonsuram
659 4194 843 4250 barbae
892 4195 1214 4266 invenitnra
1271 4196 1647 4252 sacerdotibus
1695 4196 1782 4250 di-

221 4285 374 4339 cenda
406 4286 563 4356 (80):
595 4301 663 4340 ne
701 4287 907 4342 scilicet
955 4287 1019 4342 ad
1053 4294 1364 4340 sanctorum
1401 4289 1780 4357 mysteriorum

221 4378 647 4430 communionem
717 4377 1099 4431 accedentibus
1160 4377 1460 4431 Salvatoris
1519 4378 1783 4444 sanguine

222 4467 384 4536 capilli
417 4468 818 4531 intinguantur,
859 4467 971 4520 sive
1004 4465 1335 4530 inllciantur,
1389 4478 1553 4537 atque
1617 4468 1778 4523 iidem

1881 628 2136 682 omnibus
2179 635 2412 681 servata.

1949 737 2027 793 De
2055 737 2221 792 sacris
2283 736 2618 808 imaginibus,
2684 746 2731 789 et
2792 735 3054 805 reliquiis,
3088 741 3139 790 et
3203 735 3459 790 memoria

2504 807 2894 875 defunctorum.

1948 898 2072 952 Inde
2109 898 2269 952 etiam
2315 898 2766 956 Occidentalibus
2833 898 3165 952 calumniam
3212 905 3456 959 struunt,

1875 989 2137 1061 imagines
2175 988 2296 1043 illos
2337 1004 2444 1043 non
2500 989 2750 1043 venerari
2807 977 3114 1042 asserentes
3140 987 3252 1060 (8l)
3291 1005 3304 1042 :
3364 987 3459 1054 qui

1874 1089 2020 1134 certe
2057 1078 2229 1135 sacris
2276 1079 2601 1147 imaginibus
2654 1078 2840 1145 plenas
2901 1078 3157 1133 ecclesias
3213 1078 3458 1132 habent:

1877 1168 2307 1239 Sanctornmque
2367 1171 2623 1240 reliquias
2685 1169 2950 1239 abiectius
2988 1179 3262 1224 tractare:
3322 1183 3460 1238 quas

1875 1260 1949 1316 ita
1977 1272 2324 1325 venerantur,
2360 1270 2418 1316 ut
2454 1263 2633 1316 nullus
2664 1260 2826 1325 alius,
2870 1261 3231 1329 pretiosisqne
3260 1260 3457 1328 lapidi-

1875 1351 1974 1406 bus
1998 1362 2216 1419 ornant,
2252 1366 2497 1420 auroque
2531 1362 2583 1406 et
2620 1359 2851 1422 argento
2890 1359 3093 1418 tegunt.

1945 1441 2156 1499 Nullam
2190 1445 2317 1500 item
2352 1445 2724 1499 defunctorum
2776 1444 2954 1498 facere
3007 1444 3324 1497 memoriam
3374 1441 3462 1495 di-

1875 1541 2001 1589 cunt
2022 1551 2042 1589 :
2070 1551 2167 1604 pro
2200 1537 2399 1606 quibus
2423 1536 2562 1604 apud
2595 1550 2690 1589 eos
2725 1543 2801 1588 tot
2853 1535 3150 1598 orationes,
3215 1542 3268 1588 et
3315 1532 3456 1586 elee-

1875 1640 2110 1696 mosyme
2132 1627 2285 1692 tlunt,
2319 1636 2379 1680 ut
2409 1625 2554 1682 dictu
2606 1625 2820 1681 difﬁcile
2859 1626 2950 1688 sit,
3002 1627 3136 1680 adeo
3169 1634 3228 1680 ut
3275 1621 3459 1678 inlini-

1876 1715 1944 1770 tis
1975 1731 2109 1784 pene
2161 1717 2577 1780 monachorum,
2657 1732 2718 1771 ac
2779 1730 3079 1788 pauperum
3141 1713 3462 1784 agminibus

1876 1805 2163 1861 suliiciant.
2197 1806 2382 1874 Neque
2436 1823 2563 1860 vero
2619 1809 2793 1864 solum
2858 1809 3075 1875 corpori
3139 1806 3449 1862 necessaria

1882 1900 2209 1964 ministrant,
2265 1915 2449 1954 verum
2481 1911 2532 1956 et
2580 1901 2904 1956 monasteria
2961 1899 3255 1963 aediﬁcant,
3325 1911 3460 1966 quo-

1883 1994 2001 2046 r'um
2041 2000 2312 2047 structura
2355 1993 2556 2062 regiam
2613 1992 2944 2062 opulentiam
2984 1993 3175 2046 vincit.

1952 2083 2054 2137 Alii
2085 2097 2212 2138 vero
2246 2083 2605 2153 quorumdam
2678 2085 2841 2139 etiam
2893 2085 3138 2139 deiectus
3198 2083 3460 2138 Occiden-

1883 2176 1973 2229 tali
2003 2173 2261 2230 Ecclesia:
2292 2175 2599 2245 applicant;
2642 2177 2861 2246 quippe,
2893 2178 2960 2230 ab
3012 2179 3194 2246 aliquo
3243 2175 3458 2229 illorunt
3495 2157 3510 2176 ’

1883 2265 2112 2336 injurias
2137 2267 2366 2334 accepit,
2419 2283 2540 2321 eum
2606 2269 2696 2337 qui
2757 2283 2817 2323 se
2881 2269 3038 2333 l:esit,
3114 2268 3255 2321 circa
3300 2266 3459 2320 ﬁdem

1884 2361 2029 2414 ultus
2058 2365 2161 2414 est.
2213 2357 2377 2412 Ethic
2396 2359 2542 2413 enim
2577 2361 2775 2424 omnis,
2809 2359 2898 2429 qui
2946 2361 3254 2419 contristat.
3307 2359 3461 2412 mala:

1885 2452 2130 2523 protinus
2162 2448 2435 2519 Opinionis
2481 2449 2738 2504 efﬁcitur.
2782 2451 2837 2505 Si
2887 2451 2978 2520 qui
3013 2467 3141 2505 vero
3195 2451 3461 2506 Christia-

1886 2560 2075 2600 norum
2116 2543 2539 2612 praevaricantur
2569 2544 2745 2612 leges:
2783 2558 2889 2598 non
2917 2559 3010 2598 eos
3048 2544 3244 2608 solum,
3276 2538 3460 2598 verum

1885 2639 2096 2692 illorum
2129 2650 2343 2707 quoque
2367 2635 2666 2690 Ecclesium
2729 2636 3038 2690 lrzereticam
3093 2647 3146 2691 et
3193 2638 3461 2692 infidelem

1885 2737 2092 2800 putant.
2127 2726 2318 2783 Nantis
2351 2729 2493 2782 enim
2534 2738 2588 2784 et
2619 2727 2816 2784 vilibus
2857 2729 3203 2798 quibusdam,
3253 2747 3314 2784 ac
3349 2731 3465 2785 vul-

1885 2820 2103 2889 garihus
2129 2818 2438 2876 hominibus
2487 2815 2922 2888 congredientes,
2980 2822 3047 2875 de
3073 2823 3345 2885 omnibus,
3408 2833 3464 2877 nt

1887 2910 1988 2966 sibi
2061 2896 2353 2976 similibus,
2411 2913 2733 2968 sententiam
2817 2912 3016 2967 lerunt.
3071 2913 3314 2990 Cumque
3369 2929 3464 2970 eos

1885 3015 2274 3078 prmsnmptum
2320 3008 2504 3062 odium
2555 3008 2791 3062 inimicis
2824 3009 3022 3064 animis
3066 3023 3186 3063 esse
3227 2998 3456 3069 iecerit,

1887 3098 2029 3166 quod
2069 3099 2276 3165 volunt,
2315 3099 2366 3153 id
2400 3107 2594 3168 putant
2629 3113 2772 3154 esse.
2817 3102 3054 3158 Prorsus
3130 3115 3258 3155 vero
3317 3103 3466 3184 quml'

1809 3219 1855 3282 α
1888 3202 2002 3264 non.
2025 3189 2228 3252 vident,
2261 3190 2344 3245 vel
2377 3191 2621 3246 videntes
2653 3198 2873 3260 propter
2905 3190 3100 3260 lingua:
3144 3192 3473 3246 varietatem”

1887 3289 1990 3330 non
2037 3277 2369 3349 intelligunt,
2433 3294 2606 3349 neque
2661 3293 2782 3336 esse
2837 3282 3058 3336 omnino
3100 3283 3460 3337 arbitrantur.

1884 3366 1978 3422 Sic
2002 3368 2158 3422 malis
2189 3368 2405 3438 quidem
2439 3370 2759 3426 intendunt:
2790 3386 2911 3441 qua:
2937 3383 3064 3430 ante
3088 3393 3116 3426 ιι
3153 3385 3275 3429 sunt
3301 3376 3463 3438 bona,

1883 3471 1935 3518 et
1996 3463 2249 3530 honesta,
2328 3465 2569 3521 scientes
2644 3468 3042 3540 prudentesque
3113 3480 3461 3538 prretereunt,

1881 3556 2036 3625 quasi
2066 3553 2151 3608 vel
2187 3555 2287 3624 ipsi
2345 3557 2636 3611 humanam
2693 3561 3032 3616 excesserint
3068 3561 3463 3626 infirmitatem,

1882 3640 1978 3702 aut
2005 3661 2110 3702 non
2148 3648 2363 3718 plurimi
2394 3649 2534 3718 apud
2561 3665 2655 3705 eos
2684 3652 2792 3705 sint
2839 3653 3002 3707 etiam
3056 3667 3124 3708 ex
3185 3656 3463 3708 honestio-

1883 3755 2002 3794 rum
2044 3755 2298 3804 numero,
2351 3741 2440 3810 qui
2521 3742 2760 3812 legitima
2845 3747 3284 3814 praevaricentur.
3353 3746 3464 3801 lloe

1884 3831 2026 3886 enim
2076 3831 2251 3887 solum
2291 3833 2528 3902 tetigisse
2575 3836 2706 3890 satis
2736 3840 2829 3892 sit.
2905 3835 3017 3891 lmo
3075 3853 3198 3892 cum
3254 3839 3304 3892 in
3360 3840 3463 3892 vita

1884 3923 1988 3978 hac
2019 3923 2174 3978 bonis
2218 3924 2345 3978 mali
2404 3926 2648 3993 permisti
2686 3929 2815 3991 sint,
2871 3942 2934 3983 ac
2961 3929 3201 3984 debitum
3257 3930 3322 3984 sit
3381 3946 3468 3984 er—

1886 4022 2066 4064 rantes
2109 4011 2174 4065 ad
2223 4011 2381 4067 tidem
2450 4012 2860 4085 Ecclesiamque
2920 4017 3181 4072 reducere
3237 4035 3252 4073 :
3311 4017 3468 4073 Occi-

1884 4099 2131 4155 dentales
2171 4113 2266 4168 per
2307 4101 2492 4156 omnia
2525 4103 2714 4157 volunt
2765 4120 2884 4160 esse
2942 4107 3254 4174 perfectos;
3309 4119 3363 4162 et
3419 4112 3462 4162 si

1883 4191 2025 4261 quod
2045 4190 2095 4246 in
2117 4191 2197 4246 eis
2225 4193 2645 4262 reprehensibile
2667 4196 2849 4260 fuerit,
2869 4214 2986 4251 mox
3010 4198 3247 4253 haeretici
3273 4210 3463 4265 erunt;

1885 4293 1938 4339 et
1972 4284 2017 4338 si
2052 4282 2176 4352 quis
2229 4285 2557 4352 peccaverit,
2597 4285 2836 4342 Ecclesia
2870 4298 2979 4343 tota
3017 4291 3069 4343 in
3123 4290 3282 4361 culpa
3337 4293 3461 4346 erit.

1889 4373 2001 4431 liae
2037 4375 2271 4443 denique
2309 4376 2542 4440 ratione,
2591 4379 2634 4432 si
2683 4381 2806 4450 quis
2863 4390 3059 4450 praeter
3110 4381 3462 4450 Evangelium

1886 4467 2160 4538 quidpiam
2189 4467 2494 4532 admiserit,
2546 4468 2897 4537 Evangelium
2963 4473 3148 4528 itidem
3186 4475 3469 4529 insimula-

224 4571 394 4612 rnrsus
427 4560 480 4613 in
525 4557 790 4613 sumendo
816 4557 938 4613 cibo
968 4561 1276 4613 necessario
1320 4560 1598 4629 quodlibet
1677 4561 1781 4614 im-
1816 4577 1862 4632 ι)
1893 4561 2060 4618 bitur.
2116 4557 2206 4611 llla
2241 4558 2408 4620 enim.
2446 4575 2565 4629 qua:
2620 4574 2765 4619 recte
2806 4565 3012 4632 agenda
3065 4577 3213 4632 sunt,
3263 4585 3465 4636 prame—

225 4647 392 4702 bibattt
420 4650 722 4719 liquamen‘,
753 4649 867 4704 sive
905 4649 1038 4703 alias
1070 4649 1474 4718 quomodolibet
1526 4649 1784 4719 defluant,

223 4749 370 4810 atque
401 4743 474 4796 ita
507 4757 608 4796 non
658 4756 859 4812 parvus
895 4757 1050 4797 error
1101 4743 1193 4798 sit.
1229 4742 1528 4811 Simulque,
1599 4759 1789 4814 quem-

227 4833 502 4893 admodum
533 4849 744 4903 ungues
773 4847 1102 4900 resecamus,
1130 4848 1197 4888 ue
1225 4834 1379 4889 nobis
1404 4834 1788 4905 impedimento

223 4937 332 4979 esse
353 4928 596 4995 possint:
619 4926 753 4982 nihil
781 4927 1030 4996 prohibet
1067 4927 1258 4982 eadem
1299 4928 1530 4992 ratione,
1564 4928 1608 4982 si
1657 4929 1786 4998 quid

227 5016 493 5090 impediat,
533 5019 714 5076 crines
751 5034 1019 5085 resecare,
1075 5019 1346 5086 ornatius,
1399 5029 1560 5090 atque
1591 5022 1784 5076 huma-

294 5222 399 5292 (80)
440 5223 582 5292 Lege
608 5222 899 5276 Baroninm
930 5236 1062 5276 tom.
1087 5223 1130 5288 i,
1151 5235 1239 5275 an.
1261 5221 1463 5292 Christi
1495 5221 1586 5283 57,
1612 5238 1668 5275 ιι.
1695 5221 1787 5288 95,

231 5300 276 5344 et
296 5291 489 5358 an.’58,
517 5291 569 5347 it.
594 5293 698 5346 136
721 5303 904 5357 etseq.
929 5294 1065 5360 Lege
1083 5293 1360 5361 epistolam
1388 5291 1528 5345 Petri
1559 5295 1794 5360 patriar-

232 5363 334 5416 cha
360 5364 680 5418 Antiocheni
731 5365 795 5416 ad
839 5362 1152 5419 Michaelem
1179 5363 1536 5426 Cet‘ularittttt,
1565 5373 1694 5418 tom.
1728 5362 1794 5418 XI

234 5429 430 5487 Baronii
463 5451 550 5488 an.
585 5433 739 5488 l054.

295 5501 420 5574 (8i),
442 5503 561 5557 Fuit
596 5504 708 5558 lucc
748 5504 969 5574 antiqua
1001 5503 1311 5558 Grrecorum
1346 5502 1610 5557 adversus
1643 5501 1785 5556 Lati-

236 5588 322 5626 nos
347 5573 632 5634 calumnia,
664 5584 722 5627 ut
749 5573 891 5641 patet
919 5592 982 5630 ex
1019 5576 1132 5629 Nic.
1156 5574 1450 5629 Cltoniate:
1486 5575 1576 5626 sed
1611 5584 1785 5626 tamen

239 5644 594 5712 iniquissima;
637 5660 743 5712 qua
790 5645 952 5698 etiam
1008 5645 1227 5698 Latinos
1275 5646 1520 5696 oneravit
1561 5643 1789 5712 Michael

242 5711 536 5767 Cerularius
573 5711 735 5782 epist.
761 5717 826 5767 ad
856 5713 1071 5769 Petrum
1105 5713 1356 5768 Antioch.
1387 5712 1509 5767 Bar.
1538 5724 1665 5764 tum.
1695 5711 1784 5776 XI,

242 5795 367 5836 anno
402 5782 553 5844 1054.
597 5799 654 5838 n.
691 5784 781 5838 54.
833 5784 937 5838 Sed
983 5803 1010 5838 a
1046 5785 1355 5838 Graecorum
1407 5782 1788 5836 criminatione

246 5852 418 5909 liberat
462 5853 681 5910 Latinos
727 5856 944 5911 Cra-cus
981 5857 1261 5922 episcopus
1303 5851 1537 5908 Joannes
1563 5853 1786 5915 Gitrins,

1887 4654 2002 4726 pit:
2042 4653 2130 4706 hic
2173 4659 2374 4715 autem,
2439 4654 2528 4708 illa
2565 4655 2860 4722 inhibente,
2891 4656 3219 4727 voluptatem
3246 4661 3468 4729 justititc

1889 4746 2143 4815 praetulit.
2223 4742 2432 4815 Nempe
2488 4746 2632 4801 enim
2683 4748 2808 4802 mali
2867 4745 3126 4804 Ecclesite
3191 4767 3466 4820 nunquam

1885 4838 2214 4904 defuerunt;
2265 4853 2444 4907 neque
2485 4850 2661 4892 Iauten
2686 4837 2802 4901 illa,
2829 4839 3032 4905 minor,
3081 4851 3175 4895 aut
3231 4842 3471 4896 deterior

1886 4928 2028 4996 fuit;
2085 4947 2262 5000 neque
2316 4931 2580 4984 malorum
2644 4931 3000 5002 perversitas,
3049 4934 3206 4990 bonis
3280 4936 3468 4989 obesse

1887 5023 2102 5091 potuit;
2139 5038 2318 5093 neque
2350 5023 2508 5077 tidem
2537 5023 2898 5093 quorumdam
2948 5025 3154 5080 malitia
3190 5026 3465 5080 obtundit.

1902 5226 1990 5292 qui
2025 5227 2081 5279 in
2130 5226 2425 5290 llesponsis
2460 5226 2573 5281 suis
2616 5236 2748 5281 tom.
2791 5226 2808 5280 l
2839 5226 2989 5281 luris
3024 5225 3467 5282 amco-Romani

1903 5297 1999 5356 ait,
2035 5298 2414 5350 venerationem
2447 5298 2688 5366 pretiosa:
2719 5300 2887 5354 crucis
2931 5308 3334 5367 sanctorumque
3371 5300 3468 5352 La;

1908 5367 2035 5420 linis
2066 5382 2186 5419 cum
2215 5367 2416 5421 Graecis
2447 5383 2568 5421 esse
2596 5385 2957 5419 communem.
2993 5369 3124 5420 ltum
3157 5367 3464 5421 Demetrius

1903 5434 2270 5490 Cliomatcnns
2314 5439 2364 5488 in
2401 5437 2694 5502 lies-pansis
2725 5438 2789 5489 ad
2841 5438 3257 5491 Constantinum
3288 5438 3467 5492 Caba-

1901 5507 2054 5561 silaln
2097 5507 2563 5578 arcltiepiscmmnt
2613 5509 2892 5578 Dyrrachii
2929 5525 2942 5560 :
2986 5508 3300 5561 Sanctorum
3332 5509 3467 5560 itur.-

1899 5580 2076 5644 ginum
2108 5589 2226 5630 sunt
2255 5588 2300 5628 et
2340 5575 2514 5631 Latini
2555 5575 2801 5639 cuit—ores,
2826 5587 2874 5630 et
2912 5580 2964 5630 in
2993 5579 3103 5630 suis
3128 5579 3335 5647 templis
3374 5597 3462 5632 eat

1898 5651 2126 5720 erigunt.
2179 5648 2340 5720 Vocat
2403 5654 2540 5702 idem
2602 5650 2902 5720 l)emetrius
2946 5663 3009 5702 ex
3061 5649 3465 5720 TlIcOplrylat-to
3520 5680 3527 5686 -

1900 5718 2158 5789 Bulgaria:
2184 5719 2588 5785 archiepiscopo
2625 5717 2927 5771 Strtonicum
2959 5717 3378 5788 sycophantiam,
3418 5723 3460 5774 si

1896 5791 2017 5858 quis
2049 5790 2210 5853 dicat,
2244 5789 2465 5844 Latinos
2498 5804 2605 5844 non
2645 5789 2823 5846 colere
2857 5789 3143 5860 imagines.
