3882 6542
396 366 503 435 225

1620 381 1781 442 MAN
1789 380 2017 444 UELIS
2054 383 2363 445 αΑιΕοιΕ

3539 376 3651 441 ξω

398 487 488 545 Illa
528 491 670 548 enim
706 491 823 546 sine
862 489 1086 545 crimine
1137 498 1259 546 est:
1330 489 1456 544 mali
1528 498 1706 546 autem
1760 491 1967 546 debitas
1992 495 2039 559 Α
2067 496 2187 565 quis
2219 495 2438 551 enimid
2473 509 2579 550 non
2609 494 2813 559 laudet,
2860 492 3002 565 quod
3055 508 3085 549 a
3130 493 3337 550 sanctis
3384 493 3649 552 Patribus

400 584 685 640 exsolvcnt
714 596 923 652 poenas.
962 579 1039 635 ita
1083 595 1258 651 neque
1299 582 1389 651 qui
1438 580 1576 638 duce
1634 581 1739 637 fide
1782 582 1967 639 Eccle-

397 675 491 729 siae
520 675 788 746 graditur,
818 674 1049 744 proximi
1105 673 1318 729 delictis
1372 674 1475 751 erit
1536 673 1829 740 obnoxius,
1869 678 1965 732 sed

396 766 769 839 unusquisque
793 767 1054 823 rationem
1087 782 1184 836 pro
1212 781 1272 824 se
1303 766 1514 833 reddet,
1561 763 1711 835 juxta
1741 781 1963 837 operum

397 861 609 915 merita.

465 948 559 1005 Est
601 951 763 1021 igitur
808 949 1164 1021 quorumdam
1200 949 1435 1021 nequitia
1491 949 1791 1005 communis
1846 950 1964 1023 qui-

393 1038 513 1096 dem
542 1041 797 1096 Ecclesia:
832 1040 995 1097 cmtui
1033 1041 1342 1097 scandalum
1370 1056 1390 1095 :
1443 1057 1552 1097 non
1610 1050 1787 1096 tamen
1842 1042 1966 1097 inde

394 1127 511 1201 ejus
541 1132 775 1186 violatur
813 1131 946 1187 fides
973 1147 993 1185 :
1024 1131 1107 1186 vel
1137 1133 1233 1203 qui
1268 1133 1367 1187 sibi
1427 1132 1564 1187 uniti
1640 1140 1787 1197 sunt,
1841 1133 1966 1189 inde

394 1216 690 1277 laeduntur.
737 1220 906 1277 Porro
934 1224 978 1278 si
1036 1223 1159 1293 quis
1217 1222 1479 1278 maiorum
1538 1238 1728 1289 causa,
1781 1223 1966 1278 Ecclev

392 1313 552 1379 siam,
578 1324 640 1369 ut
661 1315 980 1370 inhonoram
1012 1314 1238 1383 respuit,
1272 1328 1489 1369 omnem
1534 1328 1644 1369 una
1671 1314 1963 1371 Ecclesiam

392 1405 603 1477 abjicit,
637 1419 704 1460 eo
726 1404 948 1477 quodin
1004 1405 1252 1459 carnalis
1305 1419 1520 1474 semper
1576 1404 1728 1461 locus
1779 1404 1961 1462 fuerit.

392 1498 486 1555 Sic
510 1505 692 1554 autem
723 1498 887 1554 etiam
917 1496 1215 1554 Ecclesiam
1247 1511 1400 1552 suam
1440 1496 1676 1564 abjiciet,
1717 1500 1964 1554 tandem-

392 1603 500 1659 que
553 1602 729 1658 neque
754 1586 1211 1643 Christianumse
1266 1584 1439 1655 ipsum
1490 1586 1798 1656 appellabit,
1843 1589 1963 1642 nul-

394 1680 501 1735 iam
556 1681 674 1736 sine
737 1679 969 1735 crimine
1018 1677 1315 1734 Ecclesiam
1377 1679 1616 1734 habens:
1654 1679 1700 1732 si
1746 1679 1963 1750 quidem

394 1771 755 1843 quorumdam
819 1770 1059 1840 perditos
1116 1783 1297 1824 mores
1344 1769 1467 1825 fidei
1513 1770 1770 1843 applicat,
1826 1786 1965 1843 quos

2068 596 2125 641 ut
2149 587 2336 643 activa:
2398 586 2615 643 virtutis
2696 586 2907 655 species
2966 598 3073 641 non
3124 580 3367 654 minima,
3429 602 3650 641 summa

2065 677 2365 748 diligentia,
2402 686 2456 733 et
2484 691 2611 733 cura
2660 676 3059 747 apprehensum
3124 677 3252 732 est?
3289 677 3359 731 Et
3410 676 3653 735 fortasse

2067 770 2263 824 dixerit
2305 770 2571 841 quispiam
2603 770 2980 837 Occidentales
3012 770 3129 839 plus
3196 784 3360 839 quam
3413 780 3651 826 nostros

2060 860 2330 932 jejunare,
2362 860 2408 915 si
2449 862 2809 917 communiter
2857 861 3107 916 omnibus
3153 874 3343 914 omnes
3417 874 3651 929 compa-

2071 960 2285 1005 rentur.
2316 950 2605 1020 Utcunque
2630 958 2809 1007 tamen
2840 965 2899 1006 se
2937 965 3045 1006 .res
3089 950 3303 1015 habeat,
3347 949 3649 1019 jejunium,

2065 1039 2112 1097 si
2141 1056 2262 1097 cum
2294 1041 2523 1111 proximi
2566 1041 2880 1108 dilectione,
2941 1052 2995 1098 et
3054 1042 3172 1097 sine
3218 1042 3649 1111 disceptatione.

2065 1141 2120 1188 et
2146 1132 2592 1188 condemnatione
2634 1148 2745 1190 non
2788 1132 3151 1202 jejunantium
3182 1133 3296 1199 fiat,
3332 1134 3651 1188 mercedem

2069 1224 2251 1279 habet.
2286 1222 2457 1278 Aliter
2509 1225 2652 1279 enim
2698 1223 3029 1279 Pharisaicas
3088 1223 3315 1279 elationi
3361 1238 3657 1293 compara-

2068 1325 2201 1379 tum,
2258 1323 2581 1381 nocet:et,,
2611 1316 2658 1372 si
2710 1332 2870 1386 quem
2918 1314 3151 1372 fructum
3196 1315 3365 1371 alium
3424 1317 3651 1381 habeat,

2066 1408 2299 1462 amittit:
2352 1406 2411 1462 Si
2441 1408 2579 1463 enim
2606 1408 2946 1474 distribuero,
2972 1407 3169 1476 inquit,
3251 1423 3460 1462 omnem
3517 1408 3654 1462 sub-

2066 1497 2314 1551 stantiam
2342 1513 2510 1551 meam
2562 1498 2616 1552 in
2650 1498 2794 1552 cibos
2837 1513 3151 1565 pauperum,
3193 1504 3243 1551 et
3274 1498 3321 1551 si
3372 1496 3653 1552 tradidero

2066 1603 2252 1657 corpus
2282 1604 2452 1641 meum
2520 1589 2598 1641 ita
2662 1596 2721 1642 ut
2786 1596 3024 1652 ardeam,
3094 1587 3407 1642 charitatem
3469 1596 3655 1641 autem

2068 1692 2172 1732 non
2224 1677 2484 1743 habuero,
2518 1678 2651 1733 nihil
2706 1678 2835 1732 mihi
2882 1677 3187 1749 prodest".
3247 1677 3409 1732 Addit
3478 1680 3652 1732 etiam

2069 1771 2359 1840 Apostolus
2387 1789 2403 1827 :
2438 1770 2576 1827 Esca
2599 1788 2691 1827 nos
2720 1786 2826 1847 non
2842 1771 3169 1826 commendat
3204 1770 3400 1826 Deo“.
3427 1769 3517 1838 Et,
3545 1770 3655 1837 Qui

394 1842 725 1921 multitudini
771 1863 1030 1920 admistos
1086 1876 1205 1918 esse
1258 1876 1481 1919 necesse
1545 1842 1649 1920 est.
1711 1864 1818 1920 Sed
1846 1842 1966 1921 ista
1999 1842 2042 1899 Β
2073 1878 2176 1917 non
2207 1864 2447 1929 comedit,
2492 1842 2895 1917 manducantem
2952 1879 3056 1917 non
3098 1863 3403 1931 spernat".

397 1956 696 2013 crudelium
772 1953 1013 2026 judicum
1073 1961 1218 2020 sunt,
1279 1962 1334 2008 et
1367 1969 1397 2010 a
1425 1955 1656 2026 proximi
1688 1955 1972 2023 dilectione

396 2060 620 2116 prorsus
653 2045 974 2114 alienorum,
1027 2052 1081 2100 et
1128 2059 1306 2113 neque
1338 2059 1492 2101 suam
1521 2061 1697 2115 neque
1722 2062 1970 2102 commu-

398 2156 520 2196 nem
572 2139 947 2196 infirmitatem
1018 2137 1388 2204 sentientium,
1472 2153 1645 2207 neque
1706 2138 1857 2194 utilia
1904 2153 1973 2193 ex

396 2235 648 2290 omnibus
676 2232 929 2302 colligere
973 2231 1261 2286 volentium
1293 2269 1308 2296 ,
1343 2245 1410 2285 ex
1447 2230 1608 2286 malis
1638 2244 1793 2297 vero,
1853 2244 1973 2301 qua:

397 2325 573 2395 magis
651 2323 882 2380 fortasse
950 2322 1293 2378 delectantur
1370 2322 1577 2389 audire,
1658 2324 1971 2378 scandalum

395 2414 723 2488 capientium
775 2432 793 2469 :
829 2428 948 2483 quas
1000 2414 1178 2469 omnia
1215 2414 1443 2468 infirmae
1493 2422 1549 2468 et
1602 2414 1802 2470 vitiatae
1845 2430 1974 2471 con-

397 2508 642 2565 scientiae
671 2505 871 2562 indicia
902 2514 1051 2561 sunt.
1178 2568 1181 2573 ⁴

997 2595 1074 2652 De
1113 2598 1337 2668 jejunio.

469 2689 699 2748 Plurimi
730 2692 859 2748 item
883 2697 1030 2755 sunt,
1089 2691 1177 2760 qui
1221 2690 1613 2757 Occidentales,
1668 2691 1812 2760 quod
1868 2706 1971 2747 non

402 2795 462 2840 ut
493 2786 593 2856 ipsi
619 2785 889 2855 jejunant,
928 2782 1278 2848 insimulant;
1316 2782 1418 2838 hoc
1453 2793 1633 2838 autem
1666 2783 1973 2839 Pharisaeo-

399 2893 521 2932 rum
567 2876 888 2934 criminibus
926 2875 1262 2930 simillimum
1313 2884 1418 2931 est.
1466 2874 1535 2931 Et
1588 2884 1738 2932 certe
1784 2877 1975 2932 Arme-

327 2997 334 3005 -
404 2970 525 3025 nios
582 2969 636 3024 in
675 2968 922 3039 jejuniis,
977 2978 1033 3023 et
1098 2966 1403 3036 hujusmodi
1484 2965 1971 3033 observationibus,

399 3070 638 3127 nostros,
688 3062 808 3117 sine
843 3060 949 3116 ulla
977 3062 1385 3132 comparatione
1440 3073 1699 3130 superare
1759 3074 1975 3129 compe-

398 3157 521 3209 riet.
544 3153 622 3209 ita
655 3153 802 3209 enim
849 3152 923 3208 illi
960 3152 1121 3227 cibis,
1173 3155 1391 3223 quando
1426 3153 1677 3223 jejunant
1709 3150 1973 3222 (jejunaut
2000 3180 2045 3242 ρ

398 3253 580 3300 autem
620 3243 740 3315 plus
769 3242 1024 3313 exteris),
1053 3243 1362 3299 abstinent:
1394 3252 1450 3298 ut
1479 3245 1522 3298 si
1569 3243 1693 3313 quis
1745 3257 1813 3296 ex
1868 3257 1967 3297 no-
2012 3276 2017 3281 -

401 3336 529 3393 stris
554 3351 678 3391 cum
708 3336 812 3391 illis
851 3334 1060 3406 jejunio
1086 3335 1445 3402 contenderit,
1474 3334 1734 3389 ridiculus
1754 3333 1971 3388 futurus

402 3426 507 3493 sit;
537 3439 645 3480 non
694 3434 873 3480 tamen
927 3424 1052 3481 illos
1107 3425 1309 3481 idcirco
1369 3440 1431 3482 se
1480 3426 1733 3482 meliores
1777 3424 1972 3480 dicturi

401 3525 547 3572 sunt.
582 3511 814 3573 Omnino
836 3526 1016 3572 autem
1050 3517 1118 3572 de
1151 3516 1307 3577 cibis.
1336 3524 1391 3571 et
1416 3517 1654 3586 potibus,
1709 3527 1768 3571 et
1817 3515 1976 3571 indu-

401 3608 619 3676 mentis,
648 3624 875 3681 qumque
909 3610 1006 3679 ipsi
1038 3610 1281 3665 faciunt:
1314 3607 1558 3674 Latinos,
1590 3609 1718 3678 quia
1743 3622 1975 3664 consue-

402 3700 682 3757 tudinibus
739 3702 875 3766 suis,
914 3717 1050 3772 quas
1076 3703 1145 3756 ab
1168 3684 1319 3756 initio
1364 3708 1709 3770 acceperunt,
1737 3708 1974 3766 utentes,

400 3807 511 3849 non
541 3793 767 3859 faciunt,
799 3794 1083 3849 hzereticos
1112 3800 1315 3848 notant.
1365 3791 1566 3847 Volunt
1593 3791 1765 3859 enim,
1797 3793 1843 3847 si
1896 3792 1979 3848 fas

402 3880 494 3943 sit,
546 3896 737 3936 omnes
769 3881 934 3935 tctius
970 3880 1118 3935 orbis
1170 3889 1382 3948 gentes,
1441 3880 1542 3936 sub
1600 3895 1761 3935 unam
1814 3881 1971 3936 indu-

402 3981 527 4024 cere
571 3969 1043 4035 consuetudinem,
1068 3979 1121 4026 et
1145 3971 1343 4041 quibus
1369 3972 1469 4041 ipsi
1501 3981 1755 4038 utuntur,
1781 3988 1975 4029 omnes

403 4059 657 4115 similiter
681 4065 756 4115 uti
784 4078 796 4114 :
837 4064 1164 4126 nescientes,
1195 4076 1256 4117 se
1286 4063 1429 4129 ipsos
1457 4064 1618 4118 etiam
1663 4080 1693 4119 a
1730 4065 1979 4134 plurimis

329 4132 346 4151 ’
404 4150 458 4206 in
487 4150 797 4222 hujusmodi
852 4165 1010 4221 posse
1060 4151 1423 4221 reprehendi:
1490 4168 1665 4222 neque
1728 4132 1981 4223 possibile

401 4249 485 4296 est
511 4243 753 4299 eamdem
784 4245 924 4313 apud
950 4259 1142 4301 omnes
1175 4258 1384 4301 morum
1427 4260 1671 4299 normam
1713 4245 1979 4301 obtinere.

471 4333 616 4390 Nihil
640 4345 817 4391 tamen
845 4346 938 4391 aut
976 4350 1213 4411 nostros,
1247 4344 1339 4405 aut
1370 4336 1511 4403 illos,
1547 4336 1629 4391 vel
1679 4336 1981 4407 linguarum

401 4424 731 4493 differentia,
784 4427 867 4482 vel
917 4442 1149 4492 morum,
1195 4430 1278 4482 vel
1327 4429 1631 4497 hujusmodi
1666 4431 1981 4501 quidquam,

2141 1952 2198 2008 Si
2218 1954 2339 2024 quis
2364 1963 2542 2009 autem
2563 1954 2892 2010 manducans
2916 1968 3020 2008 non
3048 1954 3461 2008 manducantem
3486 1938 3661 2008 scan;

2072 2042 2313 2099 dalizat:
2346 2044 2469 2110 hoc,
2529 2042 2603 2097 illi
2632 2043 2849 2112 quidem
2893 2041 3026 2097 nihil
3049 2051 3232 2108 nocet,
3287 2042 3548 2106 maxime,
3603 2042 3652 2097 si

2072 2148 2177 2204 qua
2204 2142 2395 2205 urgeat
2458 2132 2781 2198 necessitas,
2837 2132 2919 2188 vel
2962 2132 3229 2197 locorum,
3282 2146 3657 2201 corporumve

2074 2226 2373 2296 dispositio.
2404 2224 2639 2281 infirmis
2666 2224 2808 2281 enim
2838 2224 3009 2294 legem
3034 2238 3139 2279 non
3169 2237 3316 2289 esse,
3357 2224 3658 2294 Apostolus

2073 2315 2183 2381 ait;
2219 2326 2319 2371 et:
2356 2316 2460 2383 Qui
2518 2316 2758 2385 inﬁrmus
2813 2325 2911 2380 est,
2942 2315 3058 2369 olus
3091 2315 3373 2369 manducet
3429 2314 3497 2369 ⁸⁸.
3562 2314 3655 2379 Ει,

2073 2407 2292 2463 mundis
2325 2408 2522 2462 munda
2556 2416 2683 2463 sunt
2717 2407 2880 2462 etiam
2912 2406 3208 2461 immunda.
3231 2405 3531 2462 immundis
3563 2420 3659 2460 ve-

2076 2514 2138 2553 ro
2165 2498 2343 2553 omnia
2370 2498 2641 2552 immunda
2659 2505 2799 2551 sunt.
2834 2495 3128 2565 Inquinata
3158 2496 3297 2552 enim
3323 2507 3396 2551 est
3426 2495 3654 2550 illorum

2074 2609 2239 2658 mens,
2296 2600 2343 2646 et
2400 2592 2720 2645 conscientia
2775 2590 2844 2644 ³⁸.
2882 2590 3013 2661 Ejus
3077 2604 3208 2645 vero
3260 2588 3657 2643 conscientiam

2074 2683 2349 2739 infirmam
2376 2681 2682 2738 claudicare
2699 2681 2875 2752 arguit
2904 2698 2917 2734 :
2960 2680 3103 2749 quod
3136 2680 3362 2750 puerilis
3394 2688 3479 2734 est
3510 2694 3651 2734 sen-

2074 2789 2191 2841 sus,
2220 2782 2274 2831 et
2307 2774 2444 2844 ejus,
2502 2773 2594 2843 qui
2660 2774 2887 2827 necdum
2936 2772 3304 2841 evangelicam
3360 2770 3658 2842 perfectio-

2075 2883 2198 2929 nem
2255 2866 2714 2936 apprehenderit:
2770 2864 2823 2918 in
2848 2878 2952 2933 qua
2988 2873 3172 2919 mutua
3230 2863 3544 2928 dilectione,
3602 2871 3665 2918 et

2076 2958 2342 3026 spirituali
2367 2957 2544 3011 littera
2570 2954 2828 3025 subjectis
2859 2953 3057 3021 legales
3080 2953 3496 3008 observationes
3522 2965 3661 3020 pro-

2076 3049 2342 3103 bibentur.
2380 3045 2490 3103 Et:
2528 3044 2651 3099 Non
2689 3060 2806 3115 qua:
2835 3044 3034 3098 intrant
3064 3059 3158 3113 per
3186 3059 3269 3108 os,
3301 3043 3657 3111 coinquinant

2075 3139 2357 3205 hominem,
2389 3138 2477 3193 sed
2511 3153 2627 3200 qua:
2656 3138 2999 3207 egrediuntur
3017 3151 3082 3189 ea:
3122 3134 3280 3189 corde
3312 3136 3395 3200 ³¹;
3464 3136 3658 3189 odium

2075 3230 2307 3294 scilicet,
2337 3228 2653 3293 inimicitiae,
2688 3238 2743 3283 et
2763 3243 2881 3299 quae
2904 3228 3065 3293 talia;
3097 3242 3164 3281 ne
3183 3226 3437 3296 sepulcra
3491 3223 3649 3279 deai~

2075 3326 2198 3378 bata
2249 3322 2529 3378 videamur
2588 3319 2744 3390 plena
2819 3318 3131 3388 putredine,
3196 3324 3252 3371 et
3309 3302 3661 3387 paropsidem

2075 3412 2415 3470 extrinsecus
2455 3410 2799 3483 inundantes,
2831 3409 3145 3465 interiorem
3177 3406 3519 3479 negligamus
3547 3408 3663 3460 im-

2079 3507 2417 3571 munditiam,
2445 3505 2814 3572 excitatisque
2840 3501 3045 3557 crimen
3071 3500 3388 3563 subeamus,
3452 3498 3498 3554 si
3523 3512 3665 3553 ocu-

2078 3598 2113 3653 li
2148 3598 2317 3654 nostri
2350 3596 2551 3653 trabem
2585 3611 2689 3651 non
2728 3596 2990 3659 videntes,
3044 3592 3097 3647 in
3125 3590 3311 3647 fratris
3338 3589 3496 3647 oculo
3548 3589 3668 3645 fes-

2079 3698 2258 3745 tucam
2292 3670 2560 3744 studiose
2606 3685 2983 3756 inquiramus;
3042 3682 3319 3753 quomodo
3373 3695 3502 3752 ergo
3550 3696 3665 3737 non

2083 3781 2319 3836 maxime
2397 3778 2629 3843 laeditur,
2708 3778 2798 3847 qui
2878 3776 3097 3831 amissis
3157 3773 3445 3831 charitatis
3500 3772 3669 3829 bonis

2080 3872 2393 3944 hujusmodi
2423 3872 2657 3926 festucas
2681 3866 3015 3924 insectatur?

2152 3964 2441 4029 Praeterea,
2466 3960 2520 4017 in
2560 3958 2763 4015 Christi
2796 3957 3045 4011 doctrina
3078 3955 3277 4025 partim
3328 3962 3461 4012 sunt
3512 3970 3665 4025 pra:-

2081 4064 2257 4127 cepta,
2319 4053 2400 4109 vel
2458 4050 2731 4116 mandata,
2788 4050 2983 4118 partim
3040 4048 3478 4113 admonitiones,
3542 4050 3669 4104 sive

2081 4148 2331 4204 COIISilia.
2392 4147 2665 4213 Praecepta
2733 4143 2896 4213 igitur
2976 4140 3353 4210 unusquisque
3417 4138 3668 4195 fidelium

2082 4255 2321 4308 servare,
2353 4255 2417 4295 ex
2458 4220 2809 4293 necessitate
2859 4234 3176 4304 requiritur.
3230 4232 3426 4288 Aliter.
3463 4234 3673 4302 quippe

2084 4333 2398 4387 mortalibus
2426 4328 2664 4400 peccatis
2721 4342 2841 4382 sese
2896 4324 3191 4381 conlodiet.
3244 4326 3483 4380 Consilia
3534 4341 3673 4380 vero

2084 4424 2127 4481 si
2157 4428 2281 4494 quis
2308 4422 2460 4493 sequi
2486 4422 2672 4490 eligat,
2711 4419 3096 4490 perfectionem
3133 4417 3500 4487 apprehendit
3552 4433 3568 4474 :
3604 4414 3670 4471 Si

404 4518 549 4589 quod
606 4533 712 4593 non
763 4518 835 4573 sit
888 4533 1179 4576 commune
1230 4521 1503 4585 omnibus,
1550 4522 1820 4589 prohibet,
1879 4524 1981 4579 sub
2014 4517 2056 4573 D
2085 4518 2160 4571 vis
2180 4516 2341 4577 enim,
2371 4513 2563 4581 inquit,
2600 4511 2863 4581 perfectus
2905 4525 3034 4575 esse,
3065 4511 3217 4574 vade,
3251 4518 3299 4563 et
3355 4508 3515 4562 vende
3552 4524 3674 4561 om-

404 4625 568 4664 unam
599 4609 790 4665 adduci
823 4609 1006 4665 ﬁdem.
1039 4610 1173 4666 Nam
1208 4620 1265 4666 et
1322 4614 1576 4683 apostoli,
1622 4630 1745 4670 cum
1804 4624 1976 4671 totum

405 4703 689 4759 lustrarint
712 4702 925 4769 orbem,
967 4717 1157 4760 omnes
1187 4702 1239 4757 in
1268 4704 1429 4759 rebus
1456 4704 1710 4762 omnibus
1742 4722 1975 4763 consue-

406 4797 624 4852 tudines
680 4811 809 4851 suas
837 4796 1057 4851 minime
1087 4797 1377 4852 immutare
1425 4798 1823 4869 compulerunt.
1869 4800 1976 4856 Sed

403 4902 583 4959 neque
620 4890 665 4944 si
701 4889 1025 4955 voluissent,
1056 4903 1150 4944 eas
1189 4900 1381 4961 gentes
1432 4891 1719 4946 immutare
1772 4893 2001 4967 potuis-g

403 4991 557 5049 sent;
623 4998 808 5037 verum
887 4983 1161 5054 praecipua
1235 4984 1499 5052 quaedam,
1582 4984 1981 5055 pradicationis

405 5073 1002 5145 Evangeiicmcapitula
1040 5078 1225 5130 decem
1288 5074 1478 5143 ferme,
1541 5077 1625 5131 vel
1694 5077 1979 5132 duodecim

406 5178 613 5233 tenere,
646 5176 807 5238 atque
867 5168 1115 5226 confiteri
1198 5168 1573 5236 adhortantes,
1650 5168 1858 5224 nullum
1911 5170 1979 5224 de

404 5259 620 5313 caeteris
650 5257 876 5312 verbum
906 5258 1103 5325 fecere,
1134 5260 1234 5316 nisi
1281 5260 1496 5320 traditis
1522 5259 1774 5331 capitulis
1799 5269 1986 5331 aperte

407 5360 795 5421 repugnarent.
1458 5390 1465 5393 τ
1564 5418 1569 5421 1

474 5441 807 5497 Praeclarum
864 5443 1167 5513 estquidem
1196 5444 1263 5499 ab
1294 5442 1544 5500 omnibus
1572 5459 1788 5514 semper
1813 5441 1981 5499 absti-

407 5550 536 5590 nere
555 5534 870 5603 jejunando,
904 5543 1063 5605 atque
1085 5537 1351 5592 sarcinam
1400 5535 1581 5593 carnis
1620 5535 1927 5606 abjicicndo
1962 5552 1976 5589 :

2086 4610 2174 4662 nia
2198 4624 2315 4676 qua:
2346 4608 2525 4668 habes,
2553 4616 2601 4659 et
2648 4606 2717 4657 da
2755 4602 3097 4672 pauperibus,
3138 4610 3186 4655 et
3240 4601 3377 4665 ueni,
3441 4616 3669 4670 sequere

2088 4718 2167 4755 me
2195 4701 2273 4768 '3;
2307 4701 2406 4754 hoc
2439 4708 2640 4763 tamen,
2668 4697 2710 4750 si
2742 4696 2862 4765 quis
2888 4709 3050 4765 agere
3096 4678 3357 4761 noluerit,
3413 4708 3512 4763 spe
3544 4693 3673 4747 fidei

2086 4795 2311 4850 minime
2336 4790 2644 4846 excluditur
2672 4805 2685 4842 :
2712 4788 2759 4842 si
2787 4794 2986 4851 servet,
3022 4800 3143 4855 quae
3176 4795 3303 4841 sunt
3344 4785 3508 4839 saluti
3571 4799 3671 4839 ne-

2084 4880 2691 4949 cessaria.ﬂujusmodi
2748 4893 2872 4932 vero
2896 4876 3160 4947 jejunium
3226 4891 3333 4930 non
3394 4883 3503 4938 est,
3559 4875 3669 4929 nisi

2082 4976 2299 5033 statutis
2327 4973 2649 5043 quibusdam
2688 4970 2899 5035 diebus,
2962 4968 3045 5025 vel
3071 4969 3242 5024 sextis
3288 4967 3443 5023 feriis
3488 4969 3673 5021 omni-

2084 5071 2205 5131 bus,
2229 5076 2283 5123 et
2315 5063 2740 5136 quadragesima:
2764 5062 2995 5132 jejunio,
3025 5060 3170 5131 quod
3237 5076 3267 5114 a
3291 5060 3505 5117 sanctis
3558 5057 3668 5112 Pa-

2086 5161 2257 5216 tribus
2284 5158 2609 5222 institutum,
2647 5156 2738 5225 qui
2777 5169 2871 5221 per
2899 5161 3273 5223 contemptum
3342 5151 3664 5217 violaverit,

2082 5260 2271 5324 peccat
2301 5250 2546 5319 quidem,
2578 5232 2686 5304 non
2746 5258 2926 5303 tamen
2959 5246 3078 5302 ideo
3143 5232 3267 5300 fidei
3312 5243 3667 5314 naufragium

2080 5342 2319 5415 pertulit.
2356 5340 2551 5396 Verum
2584 5341 2636 5395 iu
2672 5340 2723 5395 id
2765 5349 3048 5409 peccatum
3079 5338 3296 5401 incidit,
3357 5338 3503 5407 quod
3564 5352 3666 5407 per

2082 5434 2477 5509 paenitentiam,
2506 5441 2561 5488 et
2619 5432 3035 5499 confessionem,
3077 5430 3283 5488 Christi
3330 5440 3668 5500 coOperante
3746 5462 3761 5467 ν

2081 5531 2297 5593 virtute,
2331 5525 2647 5581 remissione
2674 5526 2928 5594 potietur.

480 5739 522 5769 "
550 5739 567 5793 l
596 5735 721 5792 Cor.
755 5752 869 5803 xut,
909 5737 964 5791 '5.
1040 5739 1084 5771 ⁸⁸
1109 5739 1271 5797 lCor.
1317 5756 1433 5807 Vttt,
1474 5738 1529 5796 8.
1604 5740 1649 5775 ”
1682 5737 1837 5794 Rom.
1862 5749 1977 5803 xtv,
2006 5734 2061 5790 ὅ.
2142 5734 2186 5766 ³⁵
2217 5732 2374 5788 Rom.
2401 5746 2511 5796 xtv,
2681 5726 2723 5759 "
2749 5725 2855 5781 Tit.
2884 5739 2925 5792 ι,
2989 5724 3077 5780 15.
3158 5724 3203 5757 ⁸²
3230 5722 3420 5781 Matth.
3448 5736 3544 5788 xv,
3572 5720 3660 5781 Η.

414 5810 458 5841 ³³
488 5807 675 5864 Matth.
696 5824 810 5865 xtx.
851 5807 945 5864 2i.
