3882 6552
187 415 275 480 117

570 535 645 591 De
662 538 869 607 jejunio
894 538 1116 597 Sabbali
1173 542 1313 615 (8|).

243 627 336 683 Sed
354 637 407 683 et
430 628 654 699 judaiza
665 648 719 687 re
742 620 1051 689 Occidentis
1079 635 1383 693 Ecclesium
1405 651 1726 700 causantur.

184 737 383 793 quorum
406 723 628 794 plurimi
650 741 746 794 per
775 741 937 785 omne
988 720 1283 786 Sabbatum
1326 733 1583 791 carnibus
1632 736 1731 791 ab-

186 820 377 879 stinent,
412 817 528 871 sive
561 832 660 885 pro
688 819 961 889 sepultura
991 832 1047 878 et
1091 833 1268 881 morte
1317 825 1553 894 Domini,
1611 830 1728 886 sive

184 924 262 980 pro
288 910 501 964 tristitia
555 920 613 965 et
679 911 1049 982 tribulatione,
1103 930 1265 985 quam
1309 927 1500 973 saneta
1556 931 1729 976 mater

182 1009 277 1074 ejus
314 1013 419 1059 tota
470 1004 666 1060 dieilla
704 996 927 1071 habuit,
984 1023 1089 1077 qua
1136 1008 1394 1068 Dominus
1445 1012 1500 1068 in
1544 1014 1728 1082 sepul-

183 1112 260 1153 cro
285 1106 524 1152 mortuus
556 1100 855 1153 secundum
886 1100 1158 1155 hominem
1180 1104 1406 1171 quievit.
1468 1103 1612 1161 Istud
1645 1104 1727 1160 fa-

184 1193 380 1253 cientes,
439 1189 588 1245 sicut
642 1191 789 1246 omni
835 1192 1117 1248 Dominico
1143 1194 1230 1249 die
1290 1194 1726 1253 Resurrectiouis

181 1280 294 1349 ejus,
358 1289 413 1333 et
470 1282 622 1335 omni
697 1290 850 1338 sexta
882 1282 1017 1338 feria
1054 1284 1231 1340 crucis
1263 1301 1328 1341 ac
1363 1288 1555 1344 mortis
1583 1287 1729 1345 illius

178 1371 463 1427 memoriam
540 1370 794 1441 agimus.
866 1371 1091 1445 Nempe,
1158 1390 1225 1431 ex
1301 1375 1562 1448 cujusque
1638 1378 1722 1434 rei

176 1451 451 1519 intentione
523 1463 761 1533 quisque
817 1465 906 1520 vel
957 1467 1314 1536 vituperatur,
1380 1470 1465 1524 vel
1536 1469 1726 1526 lauda-

177 1563 268 1608 tur.
318 1552 486 1608 Porro
537 1553 776 1611 intentio
836 1557 1093 1626 praedicta
1133 1557 1280 1622 ﬁdei,
1339 1560 1727 1631 religionisque

174 1659 279 1698 cum
312 1643 401 1709 sit,
423 1644 635 1714 culpari
668 1648 862 1703 merito
910 1638 1015 1703 non
1071 1657 1271 1719 potest.
1344 1650 1529 1721 Neque
1578 1655 1725 1709 enim

169 1736 451 1807 judaizandi
482 1752 653 1794 causa
704 1741 809 1796 hoc
835 1738 1005 1808 facit;
1055 1745 1185 1813 imo,
1220 1757 1291 1798 ne
1332 1743 1448 1814 ipsa
1510 1745 1726 1814 quidem

174 1831 418 1886 resultant
446 1832 616 1889 habet
660 1831 903 1891 Judaicae
963 1834 1364 1893 observationis
1418 1837 1727 1893 similitudi-

175 1942 297 1983 nem.
316 1924 484 1983 τιυᾶεὶ
517 1928 745 1999 quippe,
774 1930 829 1986 in
856 1940 1117 2000 quantum
1140 1939 1386 2000 possunt,
1410 1932 1723 2001 praeparati,

173 2019 420 2089 otiumque
446 2021 518 2075 ab
539 2023 689 2076 omni
715 2037 879 2091 opere
917 2034 1162 2092 agentes,
1205 2033 1317 2080 tota
1345 2024 1436 2079 illa
1463 2023 1552 2079 die
1581 2025 1722 2080 Sab-

174 2111 262 2165 bati
289 2120 338 2165 et
373 2114 693 2179 comedunt,
714 2121 771 2170 et
789 2113 985 2170 bibunt
1018 2133 1033 2171 :
1090 2118 1144 2172 hi
1178 2123 1357 2173 autem
1386 2116 1721 2173 abstinentes

173 2201 418 2267 carnibus,
461 2204 795 2275 castigatius
844 2209 900 2262 in
953 2221 1016 2263 ea
1071 2210 1290 2280 degunt,
1342 2211 1723 2281 contrariaque

172 2292 259 2348 illis
286 2291 459 2348 facere
507 2294 1015 2364 deprehenduntur.
1039 2297 1154 2353 Non
1178 2300 1360 2371 itaque
1382 2302 1472 2371 qui
1492 2301 1724 2371 jejunat,

173 2385 248 2439 sed
273 2385 355 2453 qui
384 2384 611 2440 illorum
640 2388 836 2455 otium,
868 2390 1303 2460 edacitatemque
1356 2392 1623 2453 imitatur,
1666 2402 1723 2447 et

170 2475 494 2541 sabbatizare,
533 2487 590 2533 et
605 2479 900 2547 judaizare
928 2480 1191 2537 dicendus
1216 2491 1321 2537 est.
1356 2481 1489 2536 Nam
1522 2482 1715 2536 sabba-

170 2565 309 2617 tisore
333 2566 682 2635 prodeliciis,
705 2577 759 2621 et
790 2570 923 2635 otio,
970 2578 1025 2624 et
1075 2572 1263 2641 requie
1309 2574 1622 2641 accipitur;
1671 2573 1718 2627 si

169 2655 355 2724 quidem
380 2671 506 2712 vera
540 2660 687 2713 canit
716 2659 808 2714 ille
846 2660 942 2730 qui
965 2660 1143 2715 dixit:
1179 2658 1246 2715 In
1284 2663 1454 2731 primo
1486 2661 1721 2731 jejunio-

169 2761 265 2796 για
299 2744 552 2811 Sabbato,
584 2749 1000 2820 sabbatizemus,
1041 2754 1192 2818 socii,
1223 2752 1476 2806 hesternis
1516 2734 1579 2807 ite
1636 2754 1716 2807 ια·

167 2833 349 2890 boribus
371 2839 781 2909 requiescentes.

224 2928 442 2987 Proinde
459 2934 507 2987 si
536 2935 658 3003 quis
677 2933 838 2988 etiam
858 2940 1186 3005 praeceptum
1212 2933 1280 2988 de
1296 2949 1401 2990 non
1422 2933 1717 3004 jejunaudo

171 3018 218 3073 iu
244 3018 475 3077 Sabbato
505 3036 539 3075 a
564 3021 770 3077 Judzeis
810 3038 1062 3079 manasse
1115 3033 1291 3094 putat,
1318 3025 1368 3079 id
1399 3026 1452 3080 in
1481 3023 1719 3080 Orientis

168 3113 402 3178 partibus,
432 3111 531 3166 ubi
569 3110 883 3166 Judaeorum
916 3123 1032 3168 erat
1074 3128 1231 3181 gens.
1260 3121 1317 3167 et
1376 3115 1573 3184 patria,
1607 3129 1720 3169 me-

167 3202 252 3256 rito
280 3202 677 3274 promulgatum
697 3203 1115 3270 crediderimus,
1147 3220 1283 3274 quos
1306 3206 1556 3274 apostoli,
1592 3194 1717 3262 cum
1749 3224 1793 3284 α

167 3295 220 3348 ad
245 3294 592 3367 Erangeliam
613 3296 923 3351 doctrinam
983 3311 1181 3353 vocare
1226 3307 1488 3366 cuperent
1517 3334 1534 3362 ,
1587 3299 1717 3369 quia

167 3383 361 3442 Judaica
382 3388 538 3443 natio
558 3386 802 3443 Sabbato
832 3388 1067 3445 maxime
1084 3390 1441 3459 gloriabatur,
1469 3405 1538 3446 ne
1560 3406 1721 3446 scan-

170 3481 321 3534 dalum
335 3482 385 3536 in
401 3481 515 3536 ﬁde
532 3491 872 3551 pateremur,
896 3482 1149 3551 apostoli,
1168 3492 1228 3538 ut
1241 3483 1545 3537 animorum
1562 3497 1721 3537 cura-

172 3579 315 3638 tores,
332 3574 520 3629 omnia
537 3564 719 3630 cifecti
737 3584 796 3628 ut
811 3589 1000 3630 omnes
1023 3588 1119 3630 seu
1138 3576 1318 3644 plures
1346 3574 1717 3639 lucrarentur,

168 3665 511 3733 penniserunt
536 3665 609 3719 ita
626 3679 768 3730 esse,
794 3673 852 3719 ut
869 3674 1048 3731 antea,
1064 3665 1378 3736 etjejunare
1394 3674 1717 3723 vetuerunt:

167 3757 287 3824 quod
316 3756 598 3827 religionis
634 3758 847 3813 ratione
894 3758 1032 3814 nihil
1057 3773 1151 3814 eos
1183 3758 1438 3825 laedebat,
1472 3759 1563 3828 qui
1589 3758 1716 3813 illud

168 3846 512 3903 observarent.
540 3844 727 3917 Neque
777 3848 921 3903 enim
982 3849 1238 3919 apostoli,
1268 3848 1368 3905 hos
1426 3850 1646 3918 quidem
1687 3863 1719 3903 a

169 3938 284 4008 lege,
306 3939 423 3997 illos
453 3948 643 3996 autem
671 3942 740 3998 ab
793 3942 1060 3999 idolorum
1078 3944 1228 3999 cultu
1274 3955 1645 4009 revocassent,
1669 3943 1716 3998 si

170 4031 261 4085 suis
286 4020 403 4087 iilos
426 4034 922 4091 consuetudinibus
948 4037 1224 4103 omnibus,
1256 4052 1377 4106 quae
1440 4035 1718 4105 evangeli-

170 4136 231 4176 cae
245 4126 606 4191 pmdicationi
631 4141 738 4183 non
759 4125 1107 4190 obsisterent,
1126 4142 1381 4182 revocare
1397 4126 1716 4183 voluissent.

170 4212 301 4283 Nam,
329 4218 371 4274 si
399 4218 875 4275 circumcisionem
904 4217 1226 4287 quandoque
1260 4219 1326 4273 ad
1360 4227 1573 4288 tempus
1594 4233 1722 4287 per-

173 4307 421 4375 miserunt,
454 4308 648 4363 virtuti
674 4308 1074 4378 prtedicationis
1096 4308 1397 4377 oppositam
1428 4327 1442 4364 :
1469 4309 1530 4363 Si
1557 4310 1716 4372 enim,
1760 4360 1769 4367 .

172 4397 339 4467 inquit,
357 4403 836 4463 circumcidamini,
859 4400 1098 4457 Christus
1116 4402 1255 4456 vobis
1272 4401 1401 4455 nihil
1413 4403 1617 4468 prodest
1632 4401 1678 4435 ³⁸
1698 4418 1714 4469 ;

174 4490 540 4562 istudqueideo
572 4495 845 4559 iecerunt,
890 4503 949 4546 ιιι
974 4494 1159 4564 plures
1187 4509 1253 4549 ex
1291 4492 1492 4548 Judzeis
1527 4494 1714 4562 acqui-

1241 434 1647 500 ADVERSUS
1676 435 1996 501 GRAECOS
2035 439 2186 505 LIB.
2241 444 2341 508 IV.

3298 450 3404 511 218

1759 549 1801 605 Δ
1832 561 2004 613 more,
2039 548 2338 606 Ecclesium
2359 566 2580 623 quoque
2609 560 2803 624 putare
2825 567 3117 624 possumus
3148 570 3410 614 necessa-
3510 606 3519 614 .

1829 639 1913 694 rio
1938 657 2037 709 pro
2062 652 2363 711 temporum
2394 646 2658 715 qualitate
2711 661 2891 712 usam,
2946 663 3045 717 pro
3095 651 3404 705 animarum

1828 733 2092 803 singulari
2114 750 2266 790 cura.
2325 736 2474 793 Alias
2529 738 2734 809 quippe
2810 753 3160 811 nequaquam
3210 734 3402 799 ‘virtus

1828 820 2027 878 Christi
2060 839 2157 894 per
2198 825 2475 894 apostolos
2503 825 2761 883 Ecclesiae
2812 837 3265 897 conservaretur;
3316 846 3409 885 ne-

1828 926 1935 982 que
1956 921 2158 981 posset,
2182 914 2336 982 juxta
2365 927 2706 988 emergentes
2723 933 2909 986 casus,
2932 935 3071 975 nova
3093 922 3406 991 disponere.

1899 1003 2015 1059 Non
2045 1005 2228 1074 itaque
2255 1007 2299 1061 si
2327 1008 2453 1077 quis
2476 1010 2789 1078 passionem
2846 1011 3062 1073 Domini
3131 1014 3407 1067 honorare

1827 1094 2078 1164 cupiens.
2102 1095 2356 1166 illiusque
2384 1107 2639 1164 mortem,
2667 1108 2932 1168 quantum
2967 1103 3080 1155 ﬁeri
3112 1110 3314 1171 potest,
3350 1102 3406 1156 in
3472 1094 3479 1101 ί

1827 1198 1889 1239 se
1914 1184 2030 1254 ipso
2047 1187 2353 1254 complecti,
2382 1203 2445 1243 ac
2472 1196 2758 1258 propterea
2807 1189 3065 1245 carnibus
3093 1191 3403 1256 abstinens,

1827 1278 2086 1346 omnique
2108 1277 2257 1347 cibo,
2287 1279 2484 1335 fuisset
2506 1281 2573 1335 ab
2601 1280 2867 1350 apostolis
2891 1282 3166 1352 culpatus,
3199 1283 3309 1337 imo
3338 1284 3409 1338 ad

1828 1368 2156 1424 destinatum
2184 1370 2513 1440 evangelica:
2542 1372 2949 1440 praedicationis
2984 1375 3229 1428 brevium
3283 1388 3409 1444 gra-

1826 1459 2001 1524 diens,
2028 1462 2302 1526 mercede,
2356 1472 2410 1517 et
2432 1462 2678 1518 laudibus
2724 1464 2927 1535 dignus
2987 1465 3219 1520 habitus
3238 1474 3404 1522 esset.

1828 1551 1929 1620 Ipsi
1955 1551 2121 1606 etiam
2148 1562 2297 1616 sunt,
2332 1553 2423 1624 qui
2456 1555 2644 1610 dicunt
2671 1571 2686 1609 :
2722 1552 2921 1619 Littera
2945 1555 3157 1623 occidit,
3187 1558 3406 1627 spiritus

1826 1649 2002 1695 autem
2035 1641 2265 1710 niviﬁcat
2283 1643 2355 1696 ³⁸.

1899 1732 2128 1788 Prorsus
2150 1748 2302 1798 vero,
2326 1735 2372 1789 si
2395 1734 2525 1803 quid
2585 1736 2900 1793 Occidentis
2950 1735 3211 1794 Ecclesiis
3259 1737 3408 1794 circa

1826 1823 1945 1880 haec
1978 1824 2092 1877 ﬁeri
2110 1824 2270 1879 aliter
2296 1825 2532 1894 videtur,
2560 1827 2664 1882 hoc
2692 1830 2760 1883 ab
2798 1830 2980 1894 initio,
3011 1843 3041 1884 a
3068 1831 3407 1886 successorio

1830 1915 1931 1966 bus
1953 1914 2320 1981 apostolorum
2347 1927 2696 1987 acceperunt,
2728 1919 2959 1989 Linique
2980 1928 3035 1973 et
3056 1922 3328 1985 Anacleti,
3352 1931 3409 1977 et

1832 2004 1987 2076 Xysti
2029 2007 2097 2061 de
2119 2007 2219 2061 hoc
2241 2007 2459 2062 decreta
2492 2009 2797 2077 proferunt,
2828 2026 2950 2079 quas
2979 2012 3305 2069 rationabile
3328 2014 3406 2069 si-

1832 2099 1941 2151 mul
1966 2107 2018 2153 et
2042 2097 2244 2166 justum
2286 2114 2405 2155 esse
2440 2101 2728 2167 deﬁniunt,
2771 2101 2993 2158 Sabhati
3028 2103 3141 2171 die,
3192 2105 3297 2159 ista
3322 2105 3408 2160 vel

1828 2187 1933 2243 ista
1964 2204 2128 2245 causa
2190 2192 2421 2260 expiari,
2478 2207 2585 2247 non
2634 2193 2685 2248 id
2755 2202 2934 2250 tamen
2980 2208 3047 2250 ex
3084 2198 3409 2252 necessitate

1828 2280 2219 2351 praecipientis.

1899 2373 2230 2442 Augustinus
2254 2388 2491 2444 quoque,
2523 2376 2783 2446 antiquus
2840 2385 2895 2433 et
2921 2379 3249 2435 venerabilis
3297 2378 3406 2433 Pa-

1825 2470 1928 2529 ter,
1971 2462 2025 2517 in
2061 2465 2293 2533 quadam
2316 2466 2544 2534 epistola
2571 2468 2685 2539 (82)
2725 2470 2791 2523 de
2820 2469 3064 2526 Sabbato
3097 2472 3174 2525 ait
3206 2490 3219 2525 :
3249 2470 3405 2535 Quod

1826 2555 2038 2623 quando
2057 2557 2266 2623 quidem
2291 2558 2349 2610 in
2366 2555 2650 2614 Occidente
2674 2568 2917 2615 moratur
2931 2600 2945 2623 .
2957 2562 3121 2631 juxta
3147 2561 3410 2617 Occiden-

1823 2647 2013 2700 talium
2043 2650 2499 2715 consustudinem,
2524 2660 2570 2703 et
2599 2651 2710 2717 ipse
2730 2652 2964 2719 jejunat.
2989 2652 3051 2707 In
3086 2652 3297 2707 Oriente
3319 2668 3407 2705 ve-

1822 2754 1882 2791 ro
1919 2738 1967 2790 si
1995 2747 2312 2801 versaretur,
2345 2739 2464 2792 illos
2496 2740 2611 2806 ipsa
2644 2742 2730 2795 die
2757 2759 2859 2796 non
2875 2742 3185 2811 jejunantes
3211 2758 3276 2797 ea:
3300 2759 3403 2795 an-

1822 2830 1969 2897 tiqua
2001 2830 2397 2895 consuetudine,
2433 2841 2485 2885 et
2520 2833 2633 2900 ipse
2654 2846 2980 2903 sequeretur.
3018 2835 3093 2889 Ex
3120 2850 3227 2904 quo
3282 2850 3407 2903 per~-

1821 2921 2069 2989 spicuum
2099 2931 2202 2985 est,
2234 2923 2513 2992 antiquam
2549 2923 2925 2981 Ecclesiarum
2954 2924 3121 2981 fuisse
3170 2939 3407 2981 consue-

1826 3011 2088 3075 tudinem,
2122 3022 2184 3067 ut
2216 3014 2308 3068 alii
2341 3017 2441 3079 sic,
2483 3017 2574 3071 alii
2602 3033 2736 3073 vero
2768 3018 2860 3079 sic,
2890 3019 3135 3075 facerent
3166 3035 3183 3074 :
3239 3018 3408 3072 istud-

1826 3118 1932 3173 que
1964 3121 2066 3159 non
2096 3121 2159 3159 ex
2190 3108 2543 3169 necessitate.
2578 3112 2671 3164 sed
2700 3126 2766 3165 ex
2794 3112 3018 3181 antiqua
3042 3110 3401 3165 consuetudi-

1827 3211 1894 3250 ne
1918 3236 1934 3261 ,
1962 3206 2016 3251 et
2047 3205 2104 3250 ut
2134 3196 2378 3267 singulos
2410 3186 2679 3254 ‘voluntas
2713 3202 2922 3267 tulerit,
2982 3216 3211 3269 mosque
3260 3199 3407 3255 obti-

1824 3287 2027 3340 nuerit.
2051 3285 2156 3343 Sed
2186 3295 2241 3342 et
2270 3288 2576 3357 Gregorius
2602 3289 2883 3345 Romanus
2910 3288 3177 3360 pontifex,
3245 3288 3408 3355 cujus

1777 3433 1779 3436 ,
1818 3378 1963 3443 apud
1986 3392 2175 3432 omnes
2203 3377 2519 3447 praeclarum
2547 3395 2743 3435 nomen
2769 3389 2875 3446 est,
2912 3380 3085 3434 oliicia
3114 3390 3279 3447 atque
3331 3378 3410 3446 je-

1815 3468 1986 3538 junia,
2019 3480 2077 3522 ut
2098 3471 2258 3525 modo
2286 3481 2593 3534 servantur,
2624 3470 2933 3527 Occidentis
2958 3471 3217 3527 Eeclesiis
3232 3469 3407 3524 tradi-

1820 3563 1916 3617 dit:
1947 3561 2101 3617 Hunc
2122 3562 2266 3617 enim
2300 3576 2488 3616 omnes
2519 3563 2572 3616 in
2597 3562 2745 3617 omni
2776 3561 3403 3631 traditionesequuntur.

2426 3671 2501 3727 De
2532 3680 2816 3728 vetustate.

1887 3762 1989 3829 Qui
2021 3778 2148 3817 vero
2178 3777 2244 3817 ex
2287 3763 2498 3817 nostris
2570 3762 2828 3820 fortiores
2873 3773 3005 3819 sunt
3046 3762 3405 3824 schismatici,

1819 3862 2143 3909 vetustatem
2195 3869 2411 3924 quoque
2471 3853 2913 3912 Occidentalibus
2972 3855 3259 3925 objiciunt,
3311 3869 3409 3924 per

1820 3959 1982 4015 quam
2031 3944 2360 4001 concludere
2419 3961 2522 4016 pro
2552 3961 2612 4001 se
2670 3948 3036 4012 arbitrantur,
3092 3946 3247 4016 quasi
3296 3961 3404 3999 non

1820 4038 2010 4093 eadem
2048 4039 2119 4093 sit
2151 4049 2204 4092 et
2250 4039 2356 4092 illis
2418 4039 2741 4109 antiquitas,
2792 4039 3061 4111 liceatque
3101 4040 3248 4093 illam
3308 4053 3410 4105 pro

1820 4145 1881 4186 se
1913 4130 2046 4197 ipsis
2082 4129 2515 4198 inferre.Neque
2537 4131 2801 4197 sentiunt,
2856 4131 2983 4185 dum
3043 4131 3145 4184 ista
3195 4130 3407 4193 dicunt,

1819 4223 2086 4279 idolorum
2115 4236 2173 4276 se
2203 4221 2603 4293 cultum,quam
2628 4222 2828 4278 Christi
2855 4224 3167 4292 religionem
3201 4223 3411 4276 llrmio-

1819 4330 1957 4381 rem,
2018 4314 2227 4369 ratione
2255 4317 2565 4379 vetustatis,
2625 4316 2942 4368 ostendere.
2993 4313 3124 4366 Nam
3155 4312 3201 4366 si
3263 4312 3406 4365 auti-

1823 4407 2013 4477 quiora
2049 4421 2277 4475 quaeque
2302 4408 2467 4459 etiam
2502 4406 2717 4460 veriora
2771 4414 2921 4468 sunt,
2950 4404 3078 4473 quid
3123 4413 3404 4471 sequatur,

1821 4497 2169 4552 manifestum
2196 4510 2301 4563 est,
2353 4496 2462 4551 Sed
2524 4506 2578 4551 et
2624 4494 2990 4551 Ecclesiarum
3040 4495 3261 4558 unione,
3298 4494 3411 4548 sive

180 4560 362 4646 rerent,
391 4601 533 4655 quos
566 4588 803 4641 maxime
826 4586 947 4641 altis
976 4560 1385 4641 arbitrabantur
1410 4588 1713 4642 excellere:
1750 4560 1795 4616 ί)
1824 4590 1984 4645 etiam
2019 4588 2246 4658 symboli
2287 4588 2561 4643 additione
2612 4587 3042 4658 praesuppositis,
3095 4594 3155 4639 ut
3204 4586 3407 4639 dictum

174 4674 278 4741 quid
330 4677 393 4732 de
417 4676 661 4733 Sabbato
708 4677 998 4731 dicendum
1031 4687 1136 4741 est,
1168 4678 1218 4731 in
1254 4692 1359 4747 quo
1395 4687 1447 4731 et
1470 4676 1719 4746 ieiunare

175 4776 220 4819 et
263 4784 357 4824 non
395 4771 645 4842 ieiunare
676 4771 937 4826 doctrinae
975 4771 1201 4840 spiritus
1226 4786 1330 4825 non
1357 4769 1718 4827 adversatur?

231 4860 332 4917 Non
364 4873 549 4919 tamen
584 4867 685 4919 hoc
731 4880 827 4933 per
854 4874 1025 4918 totum
1065 4865 1252 4918 orbem
1308 4864 1714 4933 praedicandum

180 4948 280 5016 iuit,
302 4964 505 5010 remota
549 4953 858 5010 Judacorum
882 4970 1065 5010 causa.
1096 4954 1210 5009 Non
1240 4954 1384 5009 enim
1446 4955 1511 5009 de
1537 4969 1719 5011 come-

179 5043 344 5112 dendo,
369 5049 454 5103 vel
488 5062 623 5114 non,
656 5050 915 5117 apostolis
940 5049 1013 5102 ita
1040 5048 1180 5101 ratio
1208 5058 1346 5110 erat,
1374 5048 1512 5102 sicut
1536 5046 1717 5101 omnia

182 5131 329 5191 facere
359 5140 813 5207 proincremento
857 5139 1156 5206 Evangelii,
1186 5140 1239 5192 in
1266 5138 1400 5207 ipsis
1464 5139 1721 5205 praedica-

183 5223 318 5279 tionis
346 5228 558 5294 initiis;
590 5243 824 5297 quorum
855 5228 1007 5297 plura
1040 5237 1171 5282 tunc
1196 5229 1485 5297 permissa,
1528 5238 1716 5297 postea

183 5317 412 5381 permissa
460 5334 570 5374 non
612 5328 771 5385 sunt,
804 5330 980 5375 amota
1046 5334 1231 5386 causa,
1289 5329 1507 5391 prapter
1555 5335 1716 5390 quam

186 5408 414 5472 penuissa
467 5411 621 5481 prius
653 5409 865 5466 fuerant
899 5430 913 5466 :
948 5411 1090 5467 sicut
1109 5420 1163 5466 et
1184 5412 1447 5477 medicus,
1491 5411 1581 5482 qui
1613 5410 1720 5465 alia

188 5498 418 5570 pmcipit,
448 5502 633 5557 causis
688 5501 1074 5571 apparentibus
1129 5500 1556 5557 convenientia:
1616 5512 1725 5570 quo

244 5630 282 5662 “
306 5632 472 5691 Galat.
504 5636 637 5705 νβ.
710 5636 756 5669 ⁸⁵
784 5635 828 5693 Il
850 5634 974 5693 Cor.
1008 5654 1087 5706 ut,
1121 5637 1175 5693 6.
1251 5636 1297 5669 ⁸⁸
1320 5635 1465 5692 Psal.
1500 5642 1617 5699 sui,
1660 5634 1715 5690 2.

248 5748 346 5825 (8t)
377 5752 446 5810 De
466 5752 680 5824 jejunio
723 5754 946 5811 Sahbati
982 5754 1098 5825 iege
1132 5753 1517 5825 Bellarmipum
1547 5751 1645 5805 lib.
1678 5765 1720 5806 ιι

195 5816 255 5871 De
293 5816 424 5876 bonis
458 5816 726 5891 operibus,
780 5841 828 5880 c.
866 5825 952 5880 18.
984 5816 1120 5879 Vide
1156 5826 1319 5880 etiam
1364 5822 1719 5876 Humbertum

195 5898 352 5981 contra
395 5893 709 5951 Michaeleut
753 5896 1172 5953 Constantinoo.
1231 5895 1601 5967 patriarcbaut
1668 5902 1725 5948 ct

1823 4691 1929 4748 est,
1954 4696 2051 4735 cur
2089 4695 2195 4735 non
2238 4680 2340 4735 ista
2373 4682 2547 4750 magis
2586 4681 2852 4735 honorata
2885 4678 3216 4734 servantur?
3238 4691 3411 4748 quan-

1823 4787 2007 4841 quam,
2039 4771 2162 4841 quis
2194 4771 2421 4833 nesciat,
2447 4787 2570 4827 cum
2613 4777 2822 4824 tantum
2856 4770 2961 4824 illis
3002 4769 3186 4824 odium
3219 4777 3409 4821 contra

1822 4862 2225 4918 Occidentalem
2244 4863 2539 4918 Ecclesium
2564 4862 2815 4927 creverit,
2841 4870 2898 4914 ut
2922 4861 3101 4915 nullus
3123 4862 3187 4915 de
3211 4860 3410 4912 unione

1827 4954 1911 5010 vel
1964 4969 2063 5023 per
2128 4955 2396 5010 somnium
2452 4956 2673 5024 cogitet,
2731 4952 3073 5022 amentiaque
3107 4952 3213 5006 late
3250 4951 3410 5005 ditiu-

1823 5065 1882 5106 sa
1923 5050 2020 5115 sit,
2091 5051 2227 5104 adeo
2261 5056 2321 5103 ut
2352 5048 2618 5103 rationem
2652 5046 2902 5101 amisisse
2934 5046 3241 5106 videantur,
3292 5056 3413 5111 pes-

1821 5144 2072 5211 simeque
2132 5140 2414 5213 dispositio
2450 5142 2675 5195 omnino
2741 5136 3055 5199 invaluerit,
3080 5136 3258 5189 omnia
3289 5134 3411 5187 illos

1819 5234 2099 5290 voluntate
2119 5249 2297 5305 agere,
2322 5234 2454 5289 nihil
2475 5232 2709 5288 rationis
2728 5234 2977 5286 examine
3002 5228 3097 5283 iSi
3124 5228 3266 5282 enim
3287 5241 3409 5280 cum

1814 5324 2025 5396 judicio
2064 5329 2441 5397 procederent,
2498 5325 2603 5380 alia
2632 5324 2823 5379 fuisset
2850 5323 2991 5376 ratio
3019 5333 3199 5387 ;nunc
3230 5328 3409 5372 autem

1821 5416 2004 5473 nullus
2050 5429 2135 5475 est
2162 5417 2474 5489 intelligens,
2496 5433 2586 5471 seu
2614 5416 2881 5484 requirens
2906 5412 3070 5465 Deum
3094 5410 3163 5465 ³⁸.

1902 5508 2036 5565 Nam
2069 5512 2287 5582 quando
2307 5518 2483 5575 erant,
2520 5509 2615 5576 qui
2644 5506 2865 5563 uniouis
2896 5518 3082 5561 curam
3119 5501 3407 5568 haberent,

1829 5754 2076 5812 Nicetam
2113 5754 2483 5813 Pectoratum.

1901 5826 2016 5899 t8?)
2062 5826 2236 5899 Epist.
2270 5827 2391 5895 118,
2427 5828 2492 5881 ad
2521 5820 2868 5880 Januanum.
