3882 6618
315 434 321 442 ’
386 458 495 525 sto

1610 462 2026 529 .MANUELIS
2057 464 2364 528 CALECB

3540 470 3675 535 920

388 584 606 631 constat
631 573 898 645 profecto,
932 574 1058 645 quia
1093 578 1280 631 aberat
1307 574 1609 640 contentio,
1632 585 1797 645 atque
1823 576 1877 631 in
1904 576 1957 630 id
1994 580 2042 636 Α
2070 580 2354 634 veritatem
2399 579 2643 634 studiose
2667 581 3020 646 sectantium,
3059 593 3163 634 non
3207 591 3267 634 ut
3293 582 3496 653 aliquid
3560 564 3665 640 di-

391 668 569 738 ipsum
606 669 887 734 distantia,
940 685 1004 723 ac
1058 668 1337 739 disjuncta
1400 669 1740 725 remeabant.
1776 669 1961 725 Enim-

391 776 544 823 vero,
568 772 760 830 putare
806 760 1093 830 plurimos.
1156 760 1248 831 qui
1309 762 1525 831 prolixo
1600 772 1845 831 tempore
1895 774 1962 814 ex

391 852 597 908 nostris
636 851 875 916 fuerunt,
907 852 1146 909 schisma
1196 854 1335 909 satis
1366 855 1651 918 robnrare,
1705 856 1965 924 ignoran-

391 944 523 997 tium
550 954 656 1009 est,
692 946 839 1014 quod
867 944 1246 1002 Occidentales
1281 945 1547 1017 plurimos
1570 957 1627 1001 et
1682 948 1783 1018 ipsi
1835 964 1966 1017 pro-

390 1034 533 1090 ferre
563 1046 807 1106 possent,
842 1052 947 1094 non
974 1037 1222 1102 ridenda,
1284 1047 1337 1092 et
1365 1039 1581 1108 indigna
1617 1039 1925 1110 ingerentes
1948 1080 1966 1108 ,

390 1141 580 1183 verum
615 1128 979 1186 validissimas
1011 1129 1535 1199 probatissimasque
1566 1131 1803 1186 rationes
1836 1146 1968 1200 proa

392 1220 693 1285 ducentes,
757 1229 816 1275 et
876 1235 1107 1290 quorum
1154 1221 1423 1291 sapientia
1487 1223 1747 1275 mundum
1811 1237 1970 1292 pera-

393 1312 608 1378 gravit:
635 1327 949 1383 quanquam
971 1321 1025 1369 et
1062 1314 1140 1379 id,
1175 1315 1316 1383 quod
1346 1312 1528 1368 nullus
1556 1328 1796 1383 unquam
1828 1313 1970 1383 apud

395 1405 762 1461 eosinventus
775 1414 883 1472 est;
903 1405 994 1477 qui
1010 1414 1323 1461 nostrorum
1344 1408 1687 1462 antecederet
1702 1406 1968 1474 opinioni,

394 1496 620 1565 suisque
648 1497 1087 1553 reluctareturin
1141 1512 1204 1553 ea
1263 1498 1658 1563 controversia,
1717 1512 1816 1569 pro
1862 1513 1973 1567 qua

394 1586 641 1642 Orientis
655 1598 711 1645 et
731 1585 1040 1644 Occidentis
1062 1588 1325 1644 Ecclesia:
1359 1590 1568 1645 interse
1585 1589 1971 1660 digladiantur,

399 1676 633 1730 validum
656 1691 789 1732 sane
813 1678 1057 1732 veritatis
1076 1677 1289 1732 illorum
1317 1689 1696 1748 argumentum
1728 1687 1831 1734 est.

469 1767 626 1832 Quod
655 1768 704 1822 si
746 1768 868 1838 quis
895 1770 1214 1835 arbitratur,
1270 1769 1484 1824 illorum
1542 1784 1836 1839 quemque,
1891 1771 1973 1829 vel

399 1859 539 1928 suis,
563 1867 623 1915 ut
649 1860 883 1930 propriis
909 1870 964 1915 et
986 1862 1333 1918 charioribus
1353 1863 1571 1928 favisse,
1607 1863 1701 1921 .vel
1730 1877 1885 1932 poena
1911 1878 1975 1918 ac

2066 673 2211 727 uisse
2241 673 2556 736 videantur,
2584 672 2786 728 frustra
2823 682 2878 728 et
2926 672 3379 728 irrationabiliter
3412 674 3675 745 loquen-

2064 764 2224 818 tium.

2137 855 2268 909 Cum
2304 855 2472 921 igitur
2496 870 2559 911 ex
2590 853 2790 910 nostris
2814 870 2920 909 non
2951 854 3107 924 pauci
3132 852 3392 910 Romana:
3427 871 3665 927 semper

2067 947 2324 1003 Ecclesiae
2340 947 2539 1018 adjecti
2562 949 2691 1016 sint,
2718 948 2998 1018 siquidem
3021 947 3215 1018 aliquis
3241 962 3307 1002 ex
3344 947 3475 1017 ipsis
3499 949 3667 1003 veri-

2066 1047 2177 1095 tate
2206 1040 2498 1110 dogmatis.
2531 1041 2597 1096 ab
2635 1055 2703 1095 eo
2733 1040 2823 1109 qui
2863 1054 3039 1095 οπεος
3074 1039 3372 1103 illuminat,
3414 1040 3672 1094 irradia-

2069 1137 2177 1194 tus,
2245 1140 2557 1186 sancuirum
2617 1133 2864 1188 doctrina
2920 1133 3082 1199 duce,
3152 1148 3218 1190 ac
3280 1135 3669 1204 prtecedente,

2068 1224 2501 1279 calumniatores
2522 1239 2617 1295 per
2643 1225 3043 1295 philosophiam
3066 1234 3119 1280 et
3139 1226 3469 1280 rhetoricam
3493 1226 3669 1279 obti-

2070 1331 2201 1371 nere
2228 1326 2281 1371 et
2303 1317 2560 1372 cohibere
2582 1333 2688 1373 non
2732 1319 2926 1389 possit,
2984 1314 3134 1373 hunc
3160 1319 3373 1373 fatuum
3403 1333 3469 1372 ac
3513 1318 3670 1372 sim-

2071 1409 2264 1475 plicem
2296 1408 2506 1470 dicunt,
2535 1418 2590 1463 et
2616 1418 2673 1463 ut
2704 1410 3007 1473 seductum,
3044 1424 3107 1464 ac
3133 1410 3418 1479 deceptum
3461 1407 3678 1477 objur-

2072 1507 2236 1567 gant:
2266 1499 2425 1553 veluti
2452 1498 2518 1561 si,
2551 1513 2673 1551 cum
2712 1514 2739 1553 a
2786 1498 3031 1554 fidelibus
3080 1498 3336 1553 omnibus
3382 1498 3673 1566 exigatur,

2074 1596 2132 1641 ut
2156 1589 2330 1643 idonei
2362 1590 2473 1643 sint
2495 1588 2559 1642 ad
2592 1588 2856 1643 rationem
2911 1588 3033 1642 fidei
3054 1587 3411 1649 reddendam,
3444 1585 3672 1657 parati-

2073 1691 2178 1746 que
2210 1679 2275 1730 ad
2303 1676 2745 1756 satisfaciendum
2772 1678 3023 1734 omnibus
3054 1676 3450 1745 quaerentibus.
3522 1683 3676 1731 tunc

2076 1769 2236 1822 etiam
2278 1768 2454 1834 Plato.
2478 1777 2531 1824 et
2565 1770 2912 1834 Aristoteles,
2941 1779 2994 1823 et
3018 1768 3228 1824 Cicero
3265 1770 3318 1821 in
3351 1768 3535 1838 lingua
3585 1771 3681 1824 eis

2077 1875 2197 1916 esse
2225 1860 2478 1917 debeant.
2503 1861 2611 1916 Sed
2634 1863 2777 1915 enim
2802 1862 3159 1931 quorumdam
3191 1860 3279 1916 isti
3302 1862 3680 1929 sapientiam,

401 1950 669 2018 supplicio
688 1951 1060 2020 perterritum,
1101 1952 1234 2006 nihil
1261 1961 1451 2007 contra
1479 1952 1717 2007 locutum
1754 1952 1925 2007 fuisse
1956 1971 1973 2007 :
2006 1935 2049 1991 Β
2078 1953 2201 2022 quia
2233 1953 2360 2017 ipsis
2380 1954 2693 2008 incumbunt
2713 1954 2864 2017 solis,
2888 1944 3157 2009 summam
3187 1966 3307 2007 esse
3325 1951 3518 2005 dicunt
3548 1971 3563 2005 :
3593 1953 3673 2007 ad

402 2041 638 2106 primum
672 2042 915 2109 quidem,
941 2050 997 2096 et
1038 2052 1255 2098 nostros
1302 2056 1415 2098 aute
1434 2043 1672 2097 maxime
1702 2044 1978 2113 Opinionis

407 2141 626 2188 tenaces
652 2134 850 2193 dixerit
872 2134 1142 2202 quispiam
1164 2144 1523 2197 convertens;
1574 2148 1752 2201 neque
1796 2144 1977 2190 tamen

418 2237 658 2291 unquam
691 2222 954 2287 defuisse,
1018 2224 1110 2293 qui
1139 2223 1457 2279 Latinorum
1499 2222 1761 2280 Ecclesiae
1824 2239 1984 2279 acce-

408 2314 621 2368 derent.
657 2312 885 2378 Deinde,
952 2314 1210 2381 possibile
1231 2300 1337 2369 non
1369 2325 1473 2380 est,
1510 2324 1661 2371 tanto
1721 2317 1984 2387 temporis

410 2415 605 2468 tractu,
642 2404 808 2460 fuisse
832 2404 1068 2473 aliquos,
1093 2404 1185 2473 qui
1207 2404 1489 2459 veritatem
1514 2418 1614 2473 pro
1637 2405 1907 2461 charitate
1926 2406 1983 2460 in

412 2494 603 2561 Deum,
638 2508 702 2548 ac
727 2494 852 2560 fide,
884 2493 1191 2563 futurisque
1222 2494 1460 2562 praemiis
1518 2495 1773 2549 omnibus
1840 2512 1987 2566 prte-

412 2585 618 2644 ferrent
647 2602 664 2639 ε
692 2585 1011 2655 atqueideo.
1029 2591 1352 2640 constanter
1373 2594 1617 2653 agerent,
1644 2587 1805 2641 sicuti
1830 2587 1989 2643 initio

412 2678 538 2733 aiiis
563 2678 697 2733 alias
719 2677 899 2733 causis
918 2678 1163 2747 plerique
1184 2686 1376 2732 contra
1409 2686 1672 2748 tyrannos
1691 2678 1989 2732 maximam

415 2770 707 2827 ostendere
740 2768 1019 2833 ﬁduciam,
1052 2781 1283 2837 quorum
1315 2777 1371 2822 et
1427 2770 1671 2831 nomina,
1698 2776 1752 2822 et
1783 2770 1987 2838 scripta

416 2870 658 2926 exstant,
693 2863 1150 2931 quemadmodum
1184 2868 1239 2915 et
1259 2860 1394 2916 alias
1426 2861 1666 2917 haereses
1691 2863 1835 2931 apud
1886 2862 1994 2916 La-

416 2956 563 3011 tinos
591 2957 953 3027 reprehensas
984 2954 1411 3025 profligatasque
1449 2954 1721 3009 novimus.
1751 2952 1993 3023 Namque

415 3060 478 3106 et
502 3050 643 3119 apud
673 3063 771 3103 nos
800 3047 1033 3118 plurima
1064 3048 1132 3100 ab
1159 3045 1265 3099 illis
1317 3044 1625 3115 conscripta
1679 3054 1992 3099 servantur.

422 3126 677 3196 Stultitia:
709 3154 847 3207 ergo
870 3135 1245 3208 plenissimum
1287 3145 1388 3198 est.
1422 3136 1499 3190 sic
1557 3137 1878 3206 accepimus,
1913 3137 1997 3188 di-

418 3246 571 3298 cere,
605 3230 852 3298 nihilque
883 3228 1110 3283 ulterius
1135 3227 1417 3296 inquirere
1440 3244 1454 3293 ;
1477 3227 1631 3296 quasi
1658 3235 1780 3296 post
1850 3240 1989 3279 mor-

420 3324 553 3378 bum
584 3320 700 3375 sani
728 3320 844 3374 fieri
877 3318 1290 3381 erubescamus,
1322 3330 1500 3384 neque
1528 3315 1716 3369 saltem
1746 3313 1997 3382 antiquos

424 3413 730 3479 imitemur,
762 3412 879 3481 qui,
912 3406 1288 3479 saepenumero
1313 3409 1468 3463 falsis
1488 3407 1833 3475 opinionibus
1863 3419 2001 3474 prat-

427 3507 604 3573 veuti,
656 3516 842 3577 postea
887 3505 1287 3572 pmuitueruut,
1318 3515 1440 3555 cum
1466 3500 1545 3553 eis
1572 3497 1836 3552 illuxisset
1859 3494 2004 3549 veri-

426 3610 535 3668 tas,
560 3600 786 3655 minime
821 3598 1230 3658 erubescentes,
1270 3594 1366 3647 sed
1399 3593 1699 3647 referentes
1728 3588 1838 3642 Deo
1869 3599 2000 3657 gra-

428 3692 557 3745 tias.
586 3688 718 3743 Nam
742 3688 895 3755 juxta
959 3685 1266 3754 theologum
1304 3680 1624 3748 Gregorium
1663 3694 1678 3731 :
1719 3675 1843 3730 Non
1873 3676 2002 3730 mnii

431 3782 833 3842 transmutatio,
891 3776 982 3832 sed
1013 3776 1143 3830 mali
1172 3773 1399 3829 servatio
1435 3771 1566 3838 facit
1595 3768 2001 3839 turpitudinem.

504 3874 605 3928 Est
623 3880 804 3926 autem
831 3869 882 3923 id
915 3868 1077 3922 etiam
1120 3863 1448 3929 dementius,
1472 3861 1628 3930 quasi
1657 3874 2005 3917 communem

432 3964 750 4041 dignitatem
778 3958 1163 4029 prteponendo,
1186 3954 1429 4021 singulos
1451 3952 1589 4007 velle
1617 3951 1852 4019 majores
1875 3967 2009 4007 suos

430 4059 578 4112 circa
597 4052 755 4107 iidem
774 4048 998 4103 imitari.
1022 4045 1391 4115 lgnorantium
1410 4045 1555 4099 enim
1573 4051 1657 4098 est
1674 4060 1689 4108 ;
1713 4044 1837 4112 quia
1853 4042 2011 4099 Chri-

435 4145 598 4202 stiani
625 4155 839 4209 omnes,
879 4154 1158 4208 nunquam
1188 4139 1289 4192 hoc
1313 4138 1489 4205 ipsum
1523 4144 1727 4200 essent,
1756 4149 2011 4205 magnum

437 4248 492 4291 et
518 4224 964 4289 honestissimum
1012 4243 1234 4293 nomen,
1275 4234 1330 4282 et
1375 4242 1483 4292 res,
1519 4227 1563 4280 si
1593 4225 1877 4295 dignitatis
1921 4242 2014 4281 sa-

433 4328 694 4398 pientiam
718 4325 972 4380 scissent;
986 4318 1121 4374 iiuic
1134 4320 1276 4375 enim
1301 4319 1684 4387 obsequentes,
1703 4318 1867 4387 liquet
1885 4320 2015 4386 quia

436 4434 715 4490 nunquam
747 4432 844 4485 pro
883 4415 1149 4481 majorum
1187 4411 1293 4465 fide
1330 4410 1715 4474 idololatriam,
1754 4411 1836 4465 vel
1859 4411 2014 4476 alias,

432 4510 848 4583 quomodolibet
876 4515 1099 4560 obortas
1136 4504 1394 4569 hrereses,
1431 4516 1531 4569 pro
1560 4503 1790 4555 veritate
1858 4516 2014 4556 com-

2081 2060 2216 2114 quos
2249 2045 2630 2113 imperitosire
2657 2045 2976 2113 admonent,
3040 2050 3397 2117 mittuntque,
3445 2045 3680 2100 tumida

2083 2134 2206 2200 ista,
2234 2145 2288 2190 et
2314 2136 2499 2191 inflata
2526 2136 2846 2192 discituros.
3666 2132 3677 2135 ⁷

2152 2225 2444 2292 Getarum,
2478 2230 2531 2286 si
2568 2230 2689 2297 quis
2708 2220 2920 2294 eorum,
2951 2227 3023 2283 de
3054 2229 3253 2299 quibus
3273 2229 3547 2298 culpatur,
3577 2242 3679 2281 ra-

2087 2320 2289 2377 tionem
2318 2320 2518 2385 reddit,
2588 2328 3009 2390 sanctorumque
3063 2321 3325 2393 doctrina:
3368 2322 3663 2385 admonet,

2086 2424 2140 2466 et
2170 2428 2288 2481 quae
2316 2412 2674 2483 objiciuntur,
2708 2414 2842 2467 nihil
2879 2413 3079 2467 habere
3126 2413 3325 2467 virium
3400 2413 3680 2476 ostendit,

2088 2506 2201 2559 sive
2224 2504 2620 2560 absurditatum
2655 2505 2920 2561 lubricum
2946 2506 3222 2574 insinuat;
3252 2515 3311 2560 ut
3352 2508 3679 2566 curiosum,

2089 2608 2144 2652 et
2173 2598 2483 2664 verbosum,
2519 2599 2904 2669 conflictusque
2937 2606 3234 2664 amantem,
3268 2596 3521 2666 nihilque
3569 2596 3689 2649 uti-

2090 2690 2194 2746 lem
2237 2690 2550 2745 existimant
2577 2708 2591 2743 :
2621 2691 2851 2759 fideique
2868 2689 3276 2759 simplicitatem
3304 2689 3551 2754 laudant,
3622 2696 3687 2741 et

2092 2780 2393 2851 piscatores
2421 2782 2698 2850 ingerunt,
2744 2779 2897 2849 quasi
2922 2779 3023 2848 ipsi
3054 2779 3121 2832 ad
3172 2778 3511 2846 piscatorum
3540 2790 3684 2845 gra-

2094 2874 2218 2927 dum
2249 2874 2615 2942 pervenerint,
2642 2872 2964 2942 illorumqne
3005 2872 3354 2939 sapientiam,
3396 2879 3451 2923 et
3511 2871 3681 2936 signa

2067 2961 2214 3016 -illos
2233 2962 2512 3030 sequentia
2562 2961 2671 3015 sint
2722 2961 3024 3016 consecuti.
3076 2959 3195 3043 Non
3242 2960 3386 3013 enim
3455 2959 3675 3022 sciunt,

2096 3052 2399 3119 piscatores
2428 3052 2645 3120 quidem
2678 3051 2820 3117 illos,
2857 3051 3170 3120 priusquam
3203 3059 3630 3103 arcesserentur
3651 3065 3681 3100 a

2100 3142 2348 3209 Domino,
2374 3144 2573 3206 fuisse;
2605 3152 2789 3211 postea
2815 3156 2947 3196 vero
3003 3158 3165 3212 quam
3208 3140 3355 3197 illius
3414 3139 3683 3206 discipuli

2022 3262 2066 3321 ο
2099 3232 2275 3287 effecti
2311 3242 2457 3298 sunt,
2517 3233 2638 3288 illos
2696 3235 2845 3302 ipsos
2885 3234 3184 3303 piscatores
3233 3231 3689 3300 sapientissimos

2102 3324 2308 3391 ahipso
2345 3323 2512 3379 fuisse
2555 3322 2855 3377 declaratos
2887 3341 2900 3377 :
2928 3321 3247 3375 Benedictus
3301 3321 3440 3374 enim
3507 3319 3687 3383 Deus,

2103 3410 2296 3478 inquit,
2318 3413 2411 3482 qui
2449 3413 2742 3483 piscatores
2775 3412 3203 3481 sapientissimos
3237 3410 3492 3464 ostendit.

2176 3502 2240 3556 Et
2275 3503 2388 3556 haec
2410 3503 2617 3566 dicunt,
2636 3520 2742 3558 non
2770 3504 2816 3558 si
2841 3505 2965 3574 quis
2989 3504 3042 3557 in
3068 3503 3267 3556 divinis
3294 3500 3457 3556 rebus
3511 3500 3700 3571 syllo-

2105 3593 2295 3661 g‘smis
2317 3602 2520 3658 utatur,
2545 3594 2896 3664 Platonisque
2922 3604 2978 3648 et
3016 3594 3330 3648 Aristotelis
3379 3593 3703 3647 admisceat

2107 3683 2539 3755 philosophiam;
2567 3686 2825 3754 prteclare
2862 3685 3007 3739 enim
3034 3694 3308 3754 ageretur.
3365 3686 3410 3740 si
3461 3696 3705 3755 propter

2109 3777 2230 3836 ﬁdei
2258 3778 2613 3832 reverentiam
2663 3779 2765 3832 ista
2796 3778 2861 3831 de
2888 3777 3300 3847 Scripturarum
3354 3781 3701 3833 auctoritate

2110 3870 2455 3923 docerentur.
2483 3868 2636 3923 Nune
2663 3878 2847 3923 autem
2867 3881 2919 3922 et
2947 3871 3013 3923 ad
3047 3870 3194 3937 ipsos
3234 3869 3359 3924 fidei
3399 3871 3703 3929 terminos.

2112 3958 2510 4029 Scripturaeque
2534 3974 2597 4012 ac
2630 3968 2937 4012 sanctorum
2963 3959 3337 4029 magisterium
3398 3958 3705 4038 impuden-

2114 4058 2193 4103 tes
2227 4048 2381 4115 fiunt,
2411 4065 2536 4103 cum
2575 4050 2783 4104 scilicet
2805 4050 2872 4103 ab
2924 4049 3033 4103 illis
3104 4060 3455 4118 urgeantur:
3519 4064 3709 4119 neque

2114 4140 2382 4213 principio
2420 4139 2743 4207 intelligant,
2790 4141 2919 4209 quid
2952 4140 3154 4205 velint,
3228 4141 3544 4212 bujusmodi
3598 4159 3710 4196 θοι

2118 4240 2223 4285 tem
2245 4231 2678 4286 cavillationibus
2702 4247 2803 4301 pro
2833 4231 3088 4301 suffugio,
3115 4242 3171 4286 et
3192 4230 3520 4287 diverticulo
3538 4243 3709 4286 utan-

2118 4331 2205 4375 tur
2240 4321 2403 4392 sepire
2427 4324 2478 4377 in
2503 4337 2708 4376 morem
2744 4339 2883 4392 qttzc,
2916 4334 2971 4376 ut
3005 4324 3305 4393 piscatores
3354 4323 3586 4391 effugiat
3655 4335 3713 4380 et

2118 4412 2303 4479 lateat,
2332 4420 2695 4469 atramentum
2724 4426 2850 4469 ante
2872 4429 2934 4469 se
2964 4416 3156 4469 vomit.
3188 4414 3294 4483 Ipsi
3335 4424 3522 4470 tamen
3574 4431 3708 4469 eum

2120 4504 2319 4575 aliquid
2362 4508 2544 4562 dicere
2584 4506 2753 4560 videri
2796 4508 3006 4568 volunt,
3041 4507 3096 4560 in
3152 4507 3355 4576 angulo
3374 4489 3510 4561 suos.
3568 4508 3712 4559 alio-

436 4608 763 4665 tnutasseat,
790 4614 926 4668 quas
940 4597 1132 4650 Patres
1158 4595 1371 4647 illorum
1390 4594 1563 4647 secuti
1591 4602 1794 4648 essent.
1814 4591 2012 4648 Verum
2044 4592 2095 4651 ι)
2122 4598 2780 4665 quentes,obliviscuntur
2809 4598 3027 4667 quidem
3090 4599 3329 4667 re’gulas,
3393 4613 3532 4666 quas
3580 4600 3710 4653 aliis

440 4701 550 4765 bis,
578 4698 654 4753 illi
682 4694 1085 4755 valefacientes,
1109 4690 1332 4745 Christo
1372 4688 1613 4758 adjuncti
1642 4696 1789 4742 sunt.
1814 4687 2020 4756 Nempe

436 4792 586 4848 enim
613 4799 669 4844 et
696 4788 916 4843 beatum
948 4783 1244 4853 culpabant
1278 4780 1529 4845 Paulum,
1562 4780 1710 4848 quod
1751 4794 1858 4833 non
1896 4795 2021 4833 nut-

442 4884 553 4938 brze
582 4880 716 4951 legis
741 4877 1013 4939 assidens,
1047 4872 1325 4941 Evangelii
1357 4881 1678 4941 persecutor
1742 4884 1864 4924 esse
1897 4885 2021 4937 per-

440 4976 669 5034 stiterit.
692 4975 755 5027 Et
780 4971 908 5027 illud
930 4969 1091 5025 simul
1116 4973 1394 5030 asserunt,
1428 4979 1537 5019 non
1561 4973 1815 5034 Oportere
1868 4964 2026 5018 Occi-

446 5066 712 5129 dentales,
737 5063 967 5129 omisso,
993 5059 1138 5131 quod
1185 5058 1396 5122 dicunt,
1421 5056 1490 5112 de
1540 5065 1731 5112 sancto
1791 5055 2023 5122 Spiritu,
2052 5128 2055 5131 ν

447 5163 534 5215 his
559 5154 812 5213 assentiri
842 5155 1071 5215 debere,
1103 5166 1223 5220 quas
1246 5151 1504 5204 dicuntur
1533 5149 1602 5203 ab
1647 5148 1803 5217 ipsis.
1866 5146 2023 5201 Unde

446 5250 595 5308 enim
621 5248 742 5304 istis
772 5244 1103 5315 persuadere
1129 5250 1386 5313 poterunt
1439 5241 1628 5294 eadem
1691 5254 1801 5307 prae
1835 5254 1894 5293 se
1951 5239 2031 5292 fe-

453 5342 743 5406 rentibus;
789 5338 1062 5409 Quomodo
1090 5344 1147 5391 et
1215 5334 1526 5389 infidelibus
1549 5334 1615 5387 de
1660 5332 1865 5388 Christi
1926 5330 2031 5384 fide

453 5434 772 5501 loquentur,
808 5428 904 5498 qui
947 5427 1324 5481 infidelitatem
1353 5441 1379 5479 a
1418 5424 1716 5488 majoribus
1741 5424 1856 5477 suis
1878 5435 2034 5474 acce—

454 5530 654 5595 perunt
680 5524 703 5576 ?
745 5522 801 5576 Si
840 5519 1001 5588 igitur
1028 5518 1150 5571 talia
1174 5528 1402 5588 possunt
1426 5518 1491 5571 ad
1519 5516 1750 5570 invicem
1776 5514 2034 5582 utrinque

456 5614 727 5680 conversi,
751 5613 876 5683 quid
903 5612 1114 5665 roboris
1137 5612 1354 5666 habebit
1374 5612 1614 5680 ipsorum
1643 5608 1821 5663 ratio?
1843 5607 2036 5661 Nonne

455 5721 587 5775 ergo
619 5705 791 5773 magis
815 5707 1118 5774 proprium,
1144 5714 1197 5759 et
1222 5704 1353 5757 utile
1380 5712 1483 5767 est,
1519 5703 1741 5757 omissis
1764 5698 2035 5767 anticipa-

460 5798 701 5851 tionibus
731 5792 1006 5863 omnibus,
1032 5797 1315 5850 veritatem
1372 5795 1570 5862 ipsam,
1596 5808 1695 5862 per
1757 5806 1816 5846 se
1866 5792 2034 5858 ipsam

460 5894 604 5947 omni
634 5890 816 5946 studio
857 5898 911 5946 et
938 5906 1068 5947 cura
1095 5889 1391 5958 indagare?
1423 5888 1475 5943 id
1502 5902 1636 5945 sane
1669 5887 1909 5941 virorum
1930 5894 2026 5952 est,

2122 4690 2223 4758 ipsi
2275 4697 2595 4759 posuerunt,
2629 4705 2728 4744 ceu
2780 4690 3079 4757 sapientiae,
3119 4690 3393 4759 jac-tantes
3443 4691 3611 4745 fanda
3653 4703 3713 4747 et

2123 4779 2364 4845 infanda,
2385 4789 2439 4835 et
2461 4796 2579 4850 qute
2605 4797 2768 4851 supra
2789 4782 3126 4847 diximus,‘et
3146 4784 3391 4839 scribunt
3415 4795 3469 4837 et
3493 4785 3709 4838 dicunt.

2195 4872 2457 4939 Atqui,‘si
2497 4871 2712 4940 quidem
2767 4887 2982 4926 omnem
3039 4874 3308 4927 rationein
3340 4874 3711 4945 rejiciendam

2124 4962 2481 5030 arbitrantur,
2523 4963 2782 5033 quodque
2818 4974 3020 5035 praeter
3073 4966 3347 5020 rationem
3380 4979 3486 5031 est,
3532 4968 3715 5021 SttSt-j-

2128 5055 2303 5125 piunt,
2326 5056 2454 5124 quid
2483 5055 2694 5110 tandem
2725 5071 2857 5111 suos
2882 5056 3019 5111 istos
3039 5057 3203 5113 etiam
3234 5068 3446 5127 septem
3476 5056 3717 5126 Sapien-

2130 5148 2275 5200 tibus
2306 5147 2618 5215 prmfertmt,
2637 5147 2834 5215 quibus
2857 5148 3203 5205 conferentes
3231 5160 3485 5213 caeteros,
3522 5149 3714 5204 ludum

2130 5254 2253 5294 esse
2301 5243 2591 5307 puerorum
2638 5241 2847 5306 dicunt,
2909 5241 3215 5311 quibusque
3271 5256 3467 5295 omnes
3516 5243 3717 5295 cedere

2133 5330 2358 5384 volunt?
2416 5330 2471 5383 Si
2533 5330 2678 5384 enim
2734 5346 2799 5384 ex
2832 5330 3049 5385 illorum
3107 5332 3379 5401 sapientia
3437 5330 3713 5391 nituntur,

2136 5424 2337 5492 plures,
2391 5432 2553 5491 atque
2609 5423 2990 5493 sapientiores,
3039 5425 3131 5492 qui
3186 5424 3268 5477 eis
3324 5425 3714 5484 adversantur,

2134 5515 2304 5583 fuisse
2362 5516 2721 5583 comperient.
2772 5516 3026 5571 Profecto
3077 5517 3221 5570 enim
3274 5515 3715 5575 Occidentalium

2137 5609 2400 5676 Sapientia
2432 5609 2659 5663 excellet
2690 5625 2707 5661 ε
2749 5609 2792 5662 si
2826 5620 3006 5661 autem
3040 5610 3184 5676 quod
3219 5609 3441 5677 sapiens
3491 5616 3546 5659 et
3598 5621 3716 5661 cum

2142 5701 2347 5753 ratione
2379 5708 2486 5760 est,
2517 5708 2570 5752 et
2600 5697 2701 5766 ipsi
2736 5698 3060 5767 suscipiunt,
3092 5707 3256 5768 atque
3300 5696 3422 5751 ideo
3454 5696 3523 5749 de
3568 5694 3717 5749 Scri-

2140 5791 2319 5859 pturis
2367 5792 2693 5859 prrsuadcrc
2726 5800 2997 5844 conantur
3034 5805 3049 5843 ε
3095 5806 3437 5859 nequaquam
3486 5803 3582 5842 eos
3630 5785 3717 5855 qui

2094 5916 2103 5923 κ
2144 5900 2328 5942 secum
2372 5885 2667 5947 disserunt,
2705 5881 2942 5953 abjiccre
2972 5883 3263 5939 debebunt.
3301 5898 3438 5949 quos
3469 5881 3546 5945 id,
3576 5880 3714 5949 quod
