  <div class='ocr_page' id='page_1' title='image "/cluster/home/n/w/nwhite01/storage/ocr_20150623/152/hvd.32044019208404/121.png"; bbox 0 0 3920 6608; ppageno 0'>
   <div class='ocr_carea' id='block_1_1' title="bbox 402 455 3660 529">
    <p class='ocr_par' dir='ltr' id='par_1_1' title="bbox 402 455 3660 529">
     <span class='ocr_line' id='line_1_1' title="bbox 402 455 3660 529; baseline -0.002 -5"><span class='ocrx_word' id='word_1_1' title='bbox 402 461 512 527; x_wconf 69' lang='lat'><strong>223</strong></span> <span class='ocrx_word' id='word_1_2' title='bbox 1660 464 2062 529; x_wconf 82' lang='lat' dir='ltr'><strong>MANUELIS</strong></span> <span class='ocrx_word' id='word_1_3' title='bbox 2085 465 2388 527; x_wconf 70' lang='lat' dir='ltr'><strong>CALECAI</strong></span> <span class='ocrx_word' id='word_1_4' title='bbox 3556 455 3660 518; x_wconf 64' lang='lat'><strong>9.34</strong></span> 
     </span>
    </p>
   </div>
   <div class='ocr_carea' id='block_1_2' title="bbox 415 574 3661 653">
    <p class='ocr_par' dir='ltr' id='par_1_2' title="bbox 415 574 3661 653">
     <span class='ocr_line' id='line_1_2' title="bbox 415 574 3661 653; baseline -0.001 -19"><span class='ocrx_word' id='word_1_5' title='bbox 415 587 637 639; x_wconf 81' lang='lat' dir='ltr'><strong>trahunt</strong></span> <span class='ocrx_word' id='word_1_6' title='bbox 684 582 849 653; x_wconf 33' lang='lat'><strong>(85),.</strong></span> <span class='ocrx_word' id='word_1_7' title='bbox 876 581 944 637; x_wconf 91' lang='lat' dir='ltr'><strong>de</strong></span> <span class='ocrx_word' id='word_1_8' title='bbox 979 580 1179 651; x_wconf 85' lang='lat' dir='ltr'><strong>quibus</strong></span> <span class='ocrx_word' id='word_1_9' title='bbox 1210 578 1277 637; x_wconf 86' lang='lat' dir='ltr'><strong>ne</strong></span> <span class='ocrx_word' id='word_1_10' title='bbox 1316 580 1464 651; x_wconf 86' lang='lat' dir='ltr'><strong>loqui</strong></span> <span class='ocrx_word' id='word_1_11' title='bbox 1513 582 1728 652; x_wconf 85' lang='lat' dir='ltr'><strong>quidem</strong></span> <span class='ocrx_word' id='word_1_12' title='bbox 1760 583 1984 653; x_wconf 89' lang='lat' dir='ltr'><strong>dignum</strong></span> <span class='ocrx_word' id='word_1_13' title='bbox 2016 574 2061 644; x_wconf 70' lang='grc' dir='ltr'><strong>Ᾰ</strong></span> <span class='ocrx_word' id='word_1_14' title='bbox 2087 596 2211 639; x_wconf 87' lang='lat' dir='ltr'><strong>cum</strong></span> <span class='ocrx_word' id='word_1_15' title='bbox 2242 592 2389 639; x_wconf 90' lang='lat' dir='ltr'><strong>esset</strong></span> <span class='ocrx_word' id='word_1_16' title='bbox 2419 582 2749 652; x_wconf 89' lang='lat' dir='ltr'><strong>prohibitum</strong></span> <span class='ocrx_word' id='word_1_17' title='bbox 2779 578 3003 646; x_wconf 68' lang='lat' dir='ltr'><strong>Iudaeis,</strong></span> <span class='ocrx_word' id='word_1_18' title='bbox 3029 586 3181 634; x_wconf 79' lang='lat' dir='ltr'><strong>extra</strong></span> <span class='ocrx_word' id='word_1_19' title='bbox 3209 577 3484 633; x_wconf 86' lang='lat' dir='ltr'><strong>civitatem</strong></span> <span class='ocrx_word' id='word_1_20' title='bbox 3509 590 3661 631; x_wconf 86' lang='lat' dir='ltr'><strong>suam</strong></span> 
     </span>
    </p>
   </div>
   <div class='ocr_carea' id='block_1_3' title="bbox 412 668 3667 743">
    <p class='ocr_par' dir='ltr' id='par_1_3' title="bbox 412 668 3667 743">
     <span class='ocr_line' id='line_1_3' title="bbox 412 668 3667 743; baseline -0.001 -18"><span class='ocrx_word' id='word_1_21' title='bbox 412 683 517 740; x_wconf 83' lang='lat' dir='ltr'><strong>est,</strong></span> <span class='ocrx_word' id='word_1_22' title='bbox 554 675 621 730; x_wconf 91' lang='lat' dir='ltr'><strong>ad</strong></span> <span class='ocrx_word' id='word_1_23' title='bbox 657 689 751 730; x_wconf 89' lang='lat' dir='ltr'><strong>eos</strong></span> <span class='ocrx_word' id='word_1_24' title='bbox 808 673 1107 742; x_wconf 75' lang='lat' dir='ltr'><strong>praesertim</strong></span> <span class='ocrx_word' id='word_1_25' title='bbox 1143 672 1240 741; x_wconf 88' lang='lat' dir='ltr'><strong>qui</strong></span> <span class='ocrx_word' id='word_1_26' title='bbox 1292 672 1546 743; x_wconf 88' lang='lat' dir='ltr'><strong>ignorant</strong></span> <span class='ocrx_word' id='word_1_27' title='bbox 1598 668 1872 729; x_wconf 77' lang='lat' dir='ltr'><strong>Ecclesiae</strong></span> <span class='ocrx_word' id='word_1_28' title='bbox 1917 673 1983 726; x_wconf 88' lang='lat' dir='ltr'><strong>ab</strong></span> <span class='ocrx_word' id='word_1_29' title='bbox 2087 674 2294 729; x_wconf 82' lang='lat' dir='ltr'><strong>Pascha</strong></span> <span class='ocrx_word' id='word_1_30' title='bbox 2330 674 2531 737; x_wconf 86' lang='lat' dir='ltr'><strong>facere,</strong></span> <span class='ocrx_word' id='word_1_31' title='bbox 2581 674 2626 729; x_wconf 92' lang='lat' dir='ltr'><strong>si</strong></span> <span class='ocrx_word' id='word_1_32' title='bbox 2659 672 2752 743; x_wconf 90' lang='lat' dir='ltr'><strong>qui</strong></span> <span class='ocrx_word' id='word_1_33' title='bbox 2800 671 3139 727; x_wconf 88' lang='lat' dir='ltr'><strong>solemnitati</strong></span> <span class='ocrx_word' id='word_1_34' title='bbox 3184 669 3517 731; x_wconf 84' lang='lat' dir='ltr'><strong>defuissent,</strong></span> <span class='ocrx_word' id='word_1_35' title='bbox 3545 671 3667 735; x_wconf 69' lang='lat' dir='ltr'><strong>ptm</strong></span> 
     </span>
    </p>
   </div>
   <div class='ocr_carea' id='block_1_4' title="bbox 410 758 3664 832">
    <p class='ocr_par' dir='ltr' id='par_1_4' title="bbox 410 758 3664 832">
     <span class='ocr_line' id='line_1_4' title="bbox 410 758 3664 832; baseline -0.002 -17"><span class='ocrx_word' id='word_1_36' title='bbox 410 765 563 819; x_wconf 87' lang='lat' dir='ltr'><strong>initio</strong></span> <span class='ocrx_word' id='word_1_37' title='bbox 593 778 809 832; x_wconf 80' lang='lat' dir='ltr'><strong>semper</strong></span> <span class='ocrx_word' id='word_1_38' title='bbox 838 778 897 817; x_wconf 92' lang='lat' dir='ltr'><strong>se</strong></span> <span class='ocrx_word' id='word_1_39' title='bbox 935 763 1009 817; x_wconf 91' lang='lat' dir='ltr'><strong>ita</strong></span> <span class='ocrx_word' id='word_1_40' title='bbox 1060 763 1342 828; x_wconf 86' lang='lat' dir='ltr'><strong>habuisse,</strong></span> <span class='ocrx_word' id='word_1_41' title='bbox 1382 775 1440 818; x_wconf 92' lang='lat' dir='ltr'><strong>ut</strong></span> <span class='ocrx_word' id='word_1_42' title='bbox 1486 762 1729 821; x_wconf 72' lang='lat' dir='ltr'><strong>Orientis</strong></span> <span class='ocrx_word' id='word_1_43' title='bbox 1774 764 1989 819; x_wconf 88' lang='lat' dir='ltr'><strong>scilicet</strong></span> <span class='ocrx_word' id='word_1_44' title='bbox 2087 765 2227 818; x_wconf 88' lang='lat' dir='ltr'><strong>hanc</strong></span> <span class='ocrx_word' id='word_1_45' title='bbox 2282 764 2334 817; x_wconf 91' lang='lat' dir='ltr'><strong>in</strong></span> <span class='ocrx_word' id='word_1_46' title='bbox 2384 761 2608 818; x_wconf 89' lang='lat' dir='ltr'><strong>civitate</strong></span> <span class='ocrx_word' id='word_1_47' title='bbox 2643 762 2996 816; x_wconf 81' lang='lat' dir='ltr'><strong>celebrabant</strong></span> <span class='ocrx_word' id='word_1_48' title='bbox 3044 777 3060 814; x_wconf 89' lang='lat'><strong>:</strong></span> <span class='ocrx_word' id='word_1_49' title='bbox 3114 761 3185 814; x_wconf 93' lang='lat' dir='ltr'><strong>ita</strong></span> <span class='ocrx_word' id='word_1_50' title='bbox 3236 770 3291 813; x_wconf 93' lang='lat' dir='ltr'><strong>et</strong></span> <span class='ocrx_word' id='word_1_51' title='bbox 3343 759 3428 815; x_wconf 90' lang='lat' dir='ltr'><strong>his</strong></span> <span class='ocrx_word' id='word_1_52' title='bbox 3466 758 3557 827; x_wconf 88' lang='lat' dir='ltr'><strong>qui</strong></span> <span class='ocrx_word' id='word_1_53' title='bbox 3608 758 3664 811; x_wconf 88' lang='lat' dir='ltr'><strong>in</strong></span> 
     </span>
    </p>
   </div>
   <div class='ocr_carea' id='block_1_5' title="bbox 411 849 3666 933">
    <p class='ocr_par' dir='ltr' id='par_1_5' title="bbox 411 849 3666 933">
     <span class='ocr_line' id='line_1_5' title="bbox 411 849 3666 933; baseline -0.002 -23"><span class='ocrx_word' id='word_1_54' title='bbox 411 854 653 911; x_wconf 84' lang='lat' dir='ltr'><strong>Ecclesia</strong></span> <span class='ocrx_word' id='word_1_55' title='bbox 716 856 1101 920; x_wconf 82' lang='lat' dir='ltr'><strong>fermentatis,</strong></span> <span class='ocrx_word' id='word_1_56' title='bbox 1156 855 1469 933; x_wconf 55' lang='lat' dir='ltr'><strong>Occidentis</strong></span> <span class='ocrx_word' id='word_1_57' title='bbox 1529 866 1713 910; x_wconf 88' lang='lat' dir='ltr'><strong>autem</strong></span> <span class='ocrx_word' id='word_1_58' title='bbox 1777 856 1988 928; x_wconf 81' lang='lat' dir='ltr'><strong>azymis</strong></span> <span class='ocrx_word' id='word_1_59' title='bbox 2086 854 2313 909; x_wconf 84' lang='lat' dir='ltr'><strong>civitate</strong></span> <span class='ocrx_word' id='word_1_60' title='bbox 2343 862 2503 907; x_wconf 90' lang='lat' dir='ltr'><strong>erant</strong></span> <span class='ocrx_word' id='word_1_61' title='bbox 2547 853 2766 908; x_wconf 82' lang='lat' dir='ltr'><strong>casibus</strong></span> <span class='ocrx_word' id='word_1_62' title='bbox 2793 850 3124 921; x_wconf 89' lang='lat' dir='ltr'><strong>quibusdam</strong></span> <span class='ocrx_word' id='word_1_63' title='bbox 3174 849 3395 904; x_wconf 82' lang='lat' dir='ltr'><strong>differre</strong></span> <span class='ocrx_word' id='word_1_64' title='bbox 3441 849 3666 913; x_wconf 89' lang='lat' dir='ltr'><strong>licebat,</strong></span> 
     </span>
    </p>
   </div>
   <div class='ocr_carea' id='block_1_6' title="bbox 412 940 3666 1026">
    <p class='ocr_par' dir='ltr' id='par_1_6' title="bbox 412 940 3666 1026">
     <span class='ocr_line' id='line_1_6' title="bbox 412 940 3666 1026; baseline -0.002 -28"><span class='ocrx_word' id='word_1_65' title='bbox 412 945 752 1000; x_wconf 87' lang='lat' dir='ltr'><strong>sacrificaret</strong></span> <span class='ocrx_word' id='word_1_66' title='bbox 783 961 799 999; x_wconf 88' lang='lat'><strong>:</strong></span> <span class='ocrx_word' id='word_1_67' title='bbox 833 947 1089 1014; x_wconf 89' lang='lat' dir='ltr'><strong>quodque</strong></span> <span class='ocrx_word' id='word_1_68' title='bbox 1125 946 1192 999; x_wconf 89' lang='lat' dir='ltr'><strong>ad</strong></span> <span class='ocrx_word' id='word_1_69' title='bbox 1226 944 1470 1015; x_wconf 89' lang='lat' dir='ltr'><strong>mysterii</strong></span> <span class='ocrx_word' id='word_1_70' title='bbox 1499 944 1753 1000; x_wconf 82' lang='lat' dir='ltr'><strong>virtutem</strong></span> <span class='ocrx_word' id='word_1_71' title='bbox 1781 957 1992 1001; x_wconf 89' lang='lat' dir='ltr'><strong>utrum—</strong></span> <span class='ocrx_word' id='word_1_72' title='bbox 2090 945 2252 1000; x_wconf 85' lang='lat' dir='ltr'><strong>sicuti</strong></span> <span class='ocrx_word' id='word_1_73' title='bbox 2284 944 2503 1013; x_wconf 87' lang='lat' dir='ltr'><strong>quidam</strong></span> <span class='ocrx_word' id='word_1_74' title='bbox 2540 952 2669 999; x_wconf 91' lang='lat' dir='ltr'><strong>tunc</strong></span> <span class='ocrx_word' id='word_1_75' title='bbox 2711 942 2875 998; x_wconf 89' lang='lat' dir='ltr'><strong>etiam</strong></span> <span class='ocrx_word' id='word_1_76' title='bbox 2920 941 3171 1026; x_wconf 71' lang='lat' dir='ltr'><strong>fecerunt</strong></span> <span class='ocrx_word' id='word_1_77' title='bbox 3203 959 3217 996; x_wconf 88' lang='lat'><strong>:</strong></span> <span class='ocrx_word' id='word_1_78' title='bbox 3258 941 3512 1011; x_wconf 85' lang='lat' dir='ltr'><strong>nequiter</strong></span> <span class='ocrx_word' id='word_1_79' title='bbox 3543 940 3666 1008; x_wconf 84' lang='lat' dir='ltr'><strong>qui-</strong></span> 
     </span>
    </p>
   </div>
   <div class='ocr_carea' id='block_1_7' title="bbox 413 1031 3672 1106">
    <p class='ocr_par' dir='ltr' id='par_1_7' title="bbox 413 1031 3672 1106">
     <span class='ocr_line' id='line_1_7' title="bbox 413 1031 3672 1106; baseline -0.001 -17"><span class='ocrx_word' id='word_1_80' title='bbox 413 1050 520 1104; x_wconf 87' lang='lat' dir='ltr'><strong>que</strong></span> <span class='ocrx_word' id='word_1_81' title='bbox 558 1035 705 1091; x_wconf 89' lang='lat' dir='ltr'><strong>idem</strong></span> <span class='ocrx_word' id='word_1_82' title='bbox 733 1035 899 1092; x_wconf 87' lang='lat' dir='ltr'><strong>valet.</strong></span> <span class='ocrx_word' id='word_1_83' title='bbox 924 1035 1154 1091; x_wconf 84' lang='lat' dir='ltr'><strong>Constat</strong></span> <span class='ocrx_word' id='word_1_84' title='bbox 1194 1036 1340 1090; x_wconf 90' lang='lat' dir='ltr'><strong>enim</strong></span> <span class='ocrx_word' id='word_1_85' title='bbox 1368 1051 1433 1090; x_wconf 81' lang='lat' dir='ltr'><strong>ex</strong></span> <span class='ocrx_word' id='word_1_86' title='bbox 1468 1036 1635 1090; x_wconf 90' lang='lat' dir='ltr'><strong>tritici</strong></span> <span class='ocrx_word' id='word_1_87' title='bbox 1663 1036 1987 1099; x_wconf 88' lang='lat' dir='ltr'><strong>substantia,</strong></span> <span class='ocrx_word' id='word_1_88' title='bbox 2092 1037 2237 1099; x_wconf 88' lang='lat' dir='ltr'><strong>dem.</strong></span> <span class='ocrx_word' id='word_1_89' title='bbox 2270 1037 2397 1106; x_wconf 83' lang='lat' dir='ltr'><strong>quia</strong></span> <span class='ocrx_word' id='word_1_90' title='bbox 2437 1036 2598 1091; x_wconf 86' lang='lat' dir='ltr'><strong>morti</strong></span> <span class='ocrx_word' id='word_1_91' title='bbox 2627 1036 2832 1105; x_wconf 78' lang='lat' dir='ltr'><strong>justum</strong></span> <span class='ocrx_word' id='word_1_92' title='bbox 2862 1034 3063 1105; x_wconf 85' lang='lat' dir='ltr'><strong>injuste</strong></span> <span class='ocrx_word' id='word_1_93' title='bbox 3102 1035 3398 1097; x_wconf 81' lang='lat' dir='ltr'><strong>tradentes,</strong></span> <span class='ocrx_word' id='word_1_94' title='bbox 3432 1031 3672 1086; x_wconf 57' lang='lat' dir='ltr'><strong>arbitra;</strong></span> 
     </span>
    </p>
   </div>
   <div class='ocr_carea' id='block_1_8' title="bbox 413 1123 3713 1199">
    <p class='ocr_par' dir='ltr' id='par_1_8' title="bbox 413 1123 3713 1199">
     <span class='ocr_line' id='line_1_8' title="bbox 413 1123 3713 1199; baseline -0.002 -18"><span class='ocrx_word' id='word_1_95' title='bbox 413 1142 483 1181; x_wconf 73' lang='lat' dir='ltr'><strong>ex</strong></span> <span class='ocrx_word' id='word_1_96' title='bbox 528 1143 638 1197; x_wconf 90' lang='lat' dir='ltr'><strong>quo</strong></span> <span class='ocrx_word' id='word_1_97' title='bbox 686 1128 828 1196; x_wconf 90' lang='lat' dir='ltr'><strong>solo,</strong></span> <span class='ocrx_word' id='word_1_98' title='bbox 864 1128 1170 1196; x_wconf 85' lang='lat' dir='ltr'><strong>subjectum</strong></span> <span class='ocrx_word' id='word_1_99' title='bbox 1205 1128 1339 1185; x_wconf 91' lang='lat' dir='ltr'><strong>illud</strong></span> <span class='ocrx_word' id='word_1_100' title='bbox 1371 1129 1544 1199; x_wconf 86' lang='lat' dir='ltr'><strong>accipi</strong></span> <span class='ocrx_word' id='word_1_101' title='bbox 1596 1143 1819 1184; x_wconf 86' lang='lat' dir='ltr'><strong>necesse</strong></span> <span class='ocrx_word' id='word_1_102' title='bbox 1860 1138 1943 1183; x_wconf 87' lang='lat' dir='ltr'><strong>est</strong></span> <span class='ocrx_word' id='word_1_103' title='bbox 1975 1144 1989 1181; x_wconf 93' lang='lat'><strong>:</strong></span> <span class='ocrx_word' id='word_1_104' title='bbox 2092 1125 2292 1182; x_wconf 81' lang='lat' dir='ltr'><strong>bantur</strong></span> <span class='ocrx_word' id='word_1_105' title='bbox 2320 1126 2558 1181; x_wconf 89' lang='lat' dir='ltr'><strong>mundos</strong></span> <span class='ocrx_word' id='word_1_106' title='bbox 2580 1139 2642 1180; x_wconf 89' lang='lat' dir='ltr'><strong>se</strong></span> <span class='ocrx_word' id='word_1_107' title='bbox 2666 1124 2871 1180; x_wconf 81' lang='lat' dir='ltr'><strong>Pascha</strong></span> <span class='ocrx_word' id='word_1_108' title='bbox 2903 1123 3201 1180; x_wconf 88' lang='lat' dir='ltr'><strong>secundum</strong></span> <span class='ocrx_word' id='word_1_109' title='bbox 3234 1124 3404 1194; x_wconf 90' lang='lat' dir='ltr'><strong>legem</strong></span> <span class='ocrx_word' id='word_1_110' title='bbox 3437 1124 3677 1175; x_wconf 82' lang='lat' dir='ltr'><strong>mandu-</strong></span> <span class='ocrx_word' id='word_1_111' title='bbox 3710 1140 3713 1155; x_wconf 78' lang='grc' dir='ltr'><strong>ι</strong></span> 
     </span>
    </p>
   </div>
   <div class='ocr_carea' id='block_1_9' title="bbox 417 1211 3676 1295">
    <p class='ocr_par' dir='ltr' id='par_1_9' title="bbox 417 1211 3676 1295">
     <span class='ocr_line' id='line_1_9' title="bbox 417 1211 3676 1295; baseline -0.004 -20"><span class='ocrx_word' id='word_1_112' title='bbox 417 1220 785 1292; x_wconf 68' lang='lat' dir='ltr'><strong>Salvatorque</strong></span> <span class='ocrx_word' id='word_1_113' title='bbox 806 1233 996 1277; x_wconf 90' lang='lat' dir='ltr'><strong>noster</strong></span> <span class='ocrx_word' id='word_1_114' title='bbox 1018 1224 1314 1277; x_wconf 87' lang='lat' dir='ltr'><strong>secundum</strong></span> <span class='ocrx_word' id='word_1_115' title='bbox 1345 1222 1517 1295; x_wconf 89' lang='lat' dir='ltr'><strong>legem</strong></span> <span class='ocrx_word' id='word_1_116' title='bbox 1545 1223 1726 1277; x_wconf 83' lang='lat' dir='ltr'><strong>omnia</strong></span> <span class='ocrx_word' id='word_1_117' title='bbox 1754 1222 1990 1278; x_wconf 79' lang='lat' dir='ltr'><strong>faciens:</strong></span> <span class='ocrx_word' id='word_1_118' title='bbox 2093 1229 2243 1272; x_wconf 82' lang='lat' dir='ltr'><strong>care.</strong></span> <span class='ocrx_word' id='word_1_119' title='bbox 2284 1214 2640 1270; x_wconf 85' lang='lat' dir='ltr'><strong>Distulerunt.</strong></span> <span class='ocrx_word' id='word_1_120' title='bbox 2661 1223 2867 1279; x_wconf 91' lang='lat' dir='ltr'><strong>tamen,</strong></span> <span class='ocrx_word' id='word_1_121' title='bbox 2898 1211 3001 1268; x_wconf 88' lang='lat' dir='ltr'><strong>etsi</strong></span> <span class='ocrx_word' id='word_1_122' title='bbox 3035 1212 3417 1267; x_wconf 85' lang='lat' dir='ltr'><strong>rationabilem</strong></span> <span class='ocrx_word' id='word_1_123' title='bbox 3450 1221 3676 1264; x_wconf 86' lang='lat' dir='ltr'><strong>causam</strong></span> 
     </span>
    </p>
   </div>
   <div class='ocr_carea' id='block_1_10' title="bbox 420 1312 1994 1383">
    <p class='ocr_par' dir='ltr' id='par_1_10' title="bbox 420 1312 1994 1383">
     <span class='ocr_line' id='line_1_10' title="bbox 420 1312 1994 1383; baseline 0.002 -16"><span class='ocrx_word' id='word_1_124' title='bbox 420 1312 546 1368; x_wconf 83' lang='lat' dir='ltr'><strong>Non</strong></span> <span class='ocrx_word' id='word_1_125' title='bbox 596 1315 738 1377; x_wconf 84' lang='lat' dir='ltr'><strong>veni,</strong></span> <span class='ocrx_word' id='word_1_126' title='bbox 785 1313 981 1383; x_wconf 86' lang='lat' dir='ltr'><strong>inquit,</strong></span> <span class='ocrx_word' id='word_1_127' title='bbox 1024 1314 1188 1382; x_wconf 81' lang='lat' dir='ltr'><strong>legem</strong></span> <span class='ocrx_word' id='word_1_128' title='bbox 1224 1315 1442 1376; x_wconf 83' lang='lat' dir='ltr'><strong>solvere,</strong></span> <span class='ocrx_word' id='word_1_129' title='bbox 1476 1314 1566 1367; x_wconf 85' lang='lat' dir='ltr'><strong>sed</strong></span> <span class='ocrx_word' id='word_1_130' title='bbox 1603 1314 1888 1382; x_wconf 74' lang='lat' dir='ltr'><strong>adimplere</strong></span> <span class='ocrx_word' id='word_1_131' title='bbox 1916 1315 1994 1379; x_wconf 68' lang='lat'><strong>&#39;7;</strong></span> 
     </span>
    </p>
   </div>
   <div class='ocr_carea' id='block_1_11' title="bbox 418 1404 1997 1475">
    <p class='ocr_par' dir='ltr' id='par_1_11' title="bbox 418 1404 1997 1475">
     <span class='ocr_line' id='line_1_11' title="bbox 418 1404 1997 1475; baseline -0.009 -12"><span class='ocrx_word' id='word_1_132' title='bbox 418 1418 477 1463; x_wconf 87' lang='lat' dir='ltr'><strong>et</strong></span> <span class='ocrx_word' id='word_1_133' title='bbox 509 1422 525 1461; x_wconf 86' lang='lat'><strong>:</strong></span> <span class='ocrx_word' id='word_1_134' title='bbox 558 1405 718 1461; x_wconf 86' lang='lat' dir='ltr'><strong>Decet</strong></span> <span class='ocrx_word' id='word_1_135' title='bbox 745 1422 838 1460; x_wconf 83' lang='lat' dir='ltr'><strong>nos</strong></span> <span class='ocrx_word' id='word_1_136' title='bbox 872 1404 1087 1472; x_wconf 84' lang='lat' dir='ltr'><strong>implere</strong></span> <span class='ocrx_word' id='word_1_137' title='bbox 1120 1421 1327 1459; x_wconf 87' lang='lat' dir='ltr'><strong>omnem</strong></span> <span class='ocrx_word' id='word_1_138' title='bbox 1363 1406 1639 1475; x_wconf 79' lang='lat' dir='ltr'><strong>justitiam</strong></span> <span class='ocrx_word' id='word_1_139' title='bbox 1666 1406 1745 1468; x_wconf 61' lang='lat'><strong>&#39;3;</strong></span> <span class='ocrx_word' id='word_1_140' title='bbox 1778 1414 1997 1475; x_wconf 77' lang='lat' dir='ltr'><strong>operte.</strong></span> 
     </span>
    </p>
   </div>
   <div class='ocr_carea' id='block_1_12' title="bbox 423 1495 1995 1568">
    <p class='ocr_par' dir='ltr' id='par_1_12' title="bbox 423 1495 1995 1568">
     <span class='ocr_line' id='line_1_12' title="bbox 423 1495 1995 1568; baseline 0.003 -19"><span class='ocrx_word' id='word_1_141' title='bbox 423 1496 516 1549; x_wconf 89' lang='lat' dir='ltr'><strong>bat</strong></span> <span class='ocrx_word' id='word_1_142' title='bbox 552 1504 615 1549; x_wconf 90' lang='lat' dir='ltr'><strong>ut</strong></span> <span class='ocrx_word' id='word_1_143' title='bbox 655 1495 863 1551; x_wconf 89' lang='lat' dir='ltr'><strong>eisdem</strong></span> <span class='ocrx_word' id='word_1_144' title='bbox 916 1496 967 1549; x_wconf 90' lang='lat' dir='ltr'><strong>in</strong></span> <span class='ocrx_word' id='word_1_145' title='bbox 1004 1496 1164 1565; x_wconf 81' lang='lat' dir='ltr'><strong>legali</strong></span> <span class='ocrx_word' id='word_1_146' title='bbox 1213 1495 1422 1550; x_wconf 87' lang='lat' dir='ltr'><strong>Pascha</strong></span> <span class='ocrx_word' id='word_1_147' title='bbox 1467 1504 1720 1552; x_wconf 87' lang='lat' dir='ltr'><strong>uteretur</strong></span> <span class='ocrx_word' id='word_1_148' title='bbox 1767 1498 1995 1568; x_wconf 83' lang='lat' dir='ltr'><strong>azymis,</strong></span> 
     </span>
    </p>
   </div>
   <div class='ocr_carea' id='block_1_13' title="bbox 423 1587 1997 1657">
    <p class='ocr_par' dir='ltr' id='par_1_13' title="bbox 423 1587 1997 1657">
     <span class='ocr_line' id='line_1_13' title="bbox 423 1587 1997 1657; baseline 0.003 -16"><span class='ocrx_word' id='word_1_149' title='bbox 423 1587 635 1642; x_wconf 91' lang='lat' dir='ltr'><strong>scilicet</strong></span> <span class='ocrx_word' id='word_1_150' title='bbox 664 1587 822 1655; x_wconf 82' lang='lat' dir='ltr'><strong>juxta</strong></span> <span class='ocrx_word' id='word_1_151' title='bbox 868 1587 1212 1643; x_wconf 88' lang='lat' dir='ltr'><strong>traditionem</strong></span> <span class='ocrx_word' id='word_1_152' title='bbox 1256 1588 1417 1657; x_wconf 88' lang='lat' dir='ltr'><strong>legis,</strong></span> <span class='ocrx_word' id='word_1_153' title='bbox 1460 1602 1581 1656; x_wconf 68' lang='lat' dir='ltr'><strong>quae.</strong></span> <span class='ocrx_word' id='word_1_154' title='bbox 1613 1588 1847 1645; x_wconf 86' lang='lat' dir='ltr'><strong>sublatis</strong></span> <span class='ocrx_word' id='word_1_155' title='bbox 1885 1589 1997 1645; x_wconf 87' lang='lat' dir='ltr'><strong>fer-</strong></span> 
     </span>
    </p>
   </div>
   <div class='ocr_carea' id='block_1_14' title="bbox 425 1679 1999 1751">
    <p class='ocr_par' dir='ltr' id='par_1_14' title="bbox 425 1679 1999 1751">
     <span class='ocr_line' id='line_1_14' title="bbox 425 1679 1999 1751; baseline 0.003 -20"><span class='ocrx_word' id='word_1_156' title='bbox 425 1679 701 1742; x_wconf 88' lang='lat' dir='ltr'><strong>mentatis,</strong></span> <span class='ocrx_word' id='word_1_157' title='bbox 722 1693 912 1751; x_wconf 81' lang='lat' dir='ltr'><strong>azyma</strong></span> <span class='ocrx_word' id='word_1_158' title='bbox 936 1692 1046 1735; x_wconf 89' lang='lat' dir='ltr'><strong>tum</strong></span> <span class='ocrx_word' id='word_1_159' title='bbox 1072 1679 1401 1749; x_wconf 89' lang='lat' dir='ltr'><strong>apponebat.</strong></span> <span class='ocrx_word' id='word_1_160' title='bbox 1429 1679 1503 1733; x_wconf 83' lang='lat' dir='ltr'><strong>Ex</strong></span> <span class='ocrx_word' id='word_1_161' title='bbox 1532 1681 1729 1749; x_wconf 91' lang='lat' dir='ltr'><strong>quibus</strong></span> <span class='ocrx_word' id='word_1_162' title='bbox 1753 1680 1999 1749; x_wconf 88' lang='lat' dir='ltr'><strong>profecto</strong></span> 
     </span>
    </p>
   </div>
   <div class='ocr_carea' id='block_1_15' title="bbox 425 1768 2002 1842">
    <p class='ocr_par' dir='ltr' id='par_1_15' title="bbox 425 1768 2002 1842">
     <span class='ocr_line' id='line_1_15' title="bbox 425 1768 2002 1842; baseline 0.004 -20"><span class='ocrx_word' id='word_1_163' title='bbox 425 1768 480 1822; x_wconf 92' lang='lat' dir='ltr'><strong>in</strong></span> <span class='ocrx_word' id='word_1_164' title='bbox 512 1769 701 1823; x_wconf 88' lang='lat' dir='ltr'><strong>eadem</strong></span> <span class='ocrx_word' id='word_1_165' title='bbox 753 1784 966 1833; x_wconf 89' lang='lat' dir='ltr'><strong>mensa,</strong></span> <span class='ocrx_word' id='word_1_166' title='bbox 1004 1769 1325 1841; x_wconf 87' lang='lat' dir='ltr'><strong>mysterium</strong></span> <span class='ocrx_word' id='word_1_167' title='bbox 1368 1784 1585 1840; x_wconf 89' lang='lat' dir='ltr'><strong>quoque</strong></span> <span class='ocrx_word' id='word_1_168' title='bbox 1627 1772 1709 1827; x_wconf 91' lang='lat' dir='ltr'><strong>sui</strong></span> <span class='ocrx_word' id='word_1_169' title='bbox 1759 1773 2002 1842; x_wconf 84' lang='lat' dir='ltr'><strong>corporis</strong></span> 
     </span>
    </p>
   </div>
   <div class='ocr_carea' id='block_1_16' title="bbox 425 1856 1625 1933">
    <p class='ocr_par' dir='ltr' id='par_1_16' title="bbox 425 1856 1625 1933">
     <span class='ocr_line' id='line_1_16' title="bbox 425 1856 1625 1933; baseline 0.002 -18"><span class='ocrx_word' id='word_1_170' title='bbox 425 1858 725 1915; x_wconf 74' lang='lat' dir='ltr'><strong>conficiens</strong></span> <span class='ocrx_word' id='word_1_171' title='bbox 761 1860 1049 1916; x_wconf 82' lang='lat' dir='ltr'><strong>tradidisse</strong></span> <span class='ocrx_word' id='word_1_172' title='bbox 1082 1861 1449 1933; x_wconf 75' lang='lat' dir='ltr'><strong>cognoscitur.</strong></span> <span class='ocrx_word' id='word_1_173' title='bbox 1620 1856 1625 1861; x_wconf 82' lang='grc'><em>’</em></span> 
     </span>
    </p>
   </div>
   <div class='ocr_carea' id='block_1_17' title="bbox 2095 1307 2641 1362">
    <p class='ocr_par' dir='ltr' id='par_1_17' title="bbox 2095 1307 2641 1362">
     <span class='ocr_line' id='line_1_17' title="bbox 2095 1307 2641 1362; baseline -0.002 0"><span class='ocrx_word' id='word_1_174' title='bbox 2095 1307 2323 1362; x_wconf 89' lang='lat' dir='ltr'><strong>minime</strong></span> <span class='ocrx_word' id='word_1_175' title='bbox 2354 1307 2641 1361; x_wconf 86' lang='lat' dir='ltr'><strong>haberent.</strong></span> 
     </span>
    </p>
   </div>
   <div class='ocr_carea' id='block_1_18' title="bbox 2165 1393 3682 1473">
    <p class='ocr_par' dir='ltr' id='par_1_18' title="bbox 2165 1393 3682 1473">
     <span class='ocr_line' id='line_1_18' title="bbox 2165 1393 3682 1473; baseline -0.006 -21"><span class='ocrx_word' id='word_1_176' title='bbox 2165 1397 2475 1453; x_wconf 77' lang='lat' dir='ltr'><strong>Ridiculum</strong></span> <span class='ocrx_word' id='word_1_177' title='bbox 2521 1402 2667 1453; x_wconf 86' lang='lat' dir='ltr'><strong>vero&#39;</strong></span> <span class='ocrx_word' id='word_1_178' title='bbox 2703 1404 2758 1451; x_wconf 92' lang='lat' dir='ltr'><strong>et</strong></span> <span class='ocrx_word' id='word_1_179' title='bbox 2795 1393 2928 1450; x_wconf 80' lang='lat' dir='ltr'><strong>illud</strong></span> <span class='ocrx_word' id='word_1_180' title='bbox 2962 1404 3081 1460; x_wconf 91' lang='lat' dir='ltr'><strong>est,</strong></span> <span class='ocrx_word' id='word_1_181' title='bbox 3117 1396 3259 1473; x_wconf 86' lang='lat' dir='ltr'><strong>quod</strong></span> <span class='ocrx_word' id='word_1_182' title='bbox 3302 1394 3546 1464; x_wconf 82' lang='lat' dir='ltr'><strong>quidam,</strong></span> <span class='ocrx_word' id='word_1_183' title='bbox 3580 1407 3682 1461; x_wconf 87' lang='lat' dir='ltr'><strong>pa-</strong></span> 
     </span>
    </p>
   </div>
   <div class='ocr_carea' id='block_1_19' title="bbox 2100 1484 3684 1559">
    <p class='ocr_par' dir='ltr' id='par_1_19' title="bbox 2100 1484 3684 1559">
     <span class='ocr_line' id='line_1_19' title="bbox 2100 1484 3684 1559; baseline -0.007 -12"><span class='ocrx_word' id='word_1_184' title='bbox 2100 1492 2185 1547; x_wconf 90' lang='lat' dir='ltr'><strong>nis</strong></span> <span class='ocrx_word' id='word_1_185' title='bbox 2249 1507 2466 1554; x_wconf 90' lang='lat' dir='ltr'><strong>nomen,</strong></span> <span class='ocrx_word' id='word_1_186' title='bbox 2516 1491 2607 1559; x_wconf 89' lang='lat' dir='ltr'><strong>qui</strong></span> <span class='ocrx_word' id='word_1_187' title='bbox 2665 1490 2853 1546; x_wconf 78' lang='lat' dir='ltr'><strong>Graece</strong></span> <span class='ocrx_word' id='word_1_188' title='bbox 2913 1489 3075 1558; x_wconf 80' lang='grc' dir='ltr'><strong>ἄρτος</strong></span> <span class='ocrx_word' id='word_1_189' title='bbox 3125 1488 3343 1554; x_wconf 79' lang='lat' dir='ltr'><strong>dieitur,</strong></span> <span class='ocrx_word' id='word_1_190' title='bbox 3412 1486 3522 1541; x_wconf 81' lang='grc' dir='ltr'><strong>ἀπὸ</strong></span> <span class='ocrx_word' id='word_1_191' title='bbox 3584 1484 3684 1537; x_wconf 75' lang='grc' dir='ltr'><strong>τοῦ</strong></span> 
     </span>
    </p>
   </div>
   <div class='ocr_carea' id='block_1_20' title="bbox 2098 1579 3686 1651">
    <p class='ocr_par' dir='ltr' id='par_1_20' title="bbox 2098 1579 3686 1651">
     <span class='ocr_line' id='line_1_20' title="bbox 2098 1579 3686 1651; baseline -0.005 -14"><span class='ocrx_word' id='word_1_192' title='bbox 2098 1582 2370 1651; x_wconf 76' lang='grc' dir='ltr'><strong>αἰρεσθαι,</strong></span> <span class='ocrx_word' id='word_1_193' title='bbox 2400 1583 2450 1636; x_wconf 88' lang='lat' dir='ltr'><strong>id</strong></span> <span class='ocrx_word' id='word_1_194' title='bbox 2481 1589 2565 1637; x_wconf 88' lang='lat' dir='ltr'><strong>est</strong></span> <span class='ocrx_word' id='word_1_195' title='bbox 2590 1581 2658 1635; x_wconf 86' lang='lat' dir='ltr'><strong>ab</strong></span> <span class='ocrx_word' id='word_1_196' title='bbox 2678 1596 2744 1636; x_wconf 79' lang='lat' dir='ltr'><strong>eo</strong></span> <span class='ocrx_word' id='word_1_197' title='bbox 2774 1580 2916 1648; x_wconf 91' lang='lat' dir='ltr'><strong>quod</strong></span> <span class='ocrx_word' id='word_1_198' title='bbox 2946 1587 3030 1635; x_wconf 89' lang='lat' dir='ltr'><strong>est</strong></span> <span class='ocrx_word' id='word_1_199' title='bbox 3056 1579 3235 1632; x_wconf 79' lang='lat' dir='ltr'><strong>attolli</strong></span> <span class='ocrx_word' id='word_1_200' title='bbox 3258 1620 3273 1643; x_wconf 93' lang='lat'><strong>,</strong></span> <span class='ocrx_word' id='word_1_201' title='bbox 3308 1579 3432 1649; x_wconf 88' lang='lat' dir='ltr'><strong>quia</strong></span> <span class='ocrx_word' id='word_1_202' title='bbox 3457 1586 3686 1647; x_wconf 88' lang='lat' dir='ltr'><strong>propter</strong></span> 
     </span>
    </p>
   </div>
   <div class='ocr_carea' id='block_1_21' title="bbox 2102 1671 3685 1740">
    <p class='ocr_par' dir='ltr' id='par_1_21' title="bbox 2102 1671 3685 1740">
     <span class='ocr_line' id='line_1_21' title="bbox 2102 1671 3685 1740; baseline -0.006 -12"><span class='ocrx_word' id='word_1_203' title='bbox 2102 1672 2429 1729; x_wconf 78' lang='lat' dir='ltr'><strong>fermentum</strong></span> <span class='ocrx_word' id='word_1_204' title='bbox 2482 1671 2765 1740; x_wconf 87' lang='lat' dir='ltr'><strong>turgescit,</strong></span> <span class='ocrx_word' id='word_1_205' title='bbox 2820 1671 3027 1724; x_wconf 88' lang='lat' dir='ltr'><strong>dictum</strong></span> <span class='ocrx_word' id='word_1_206' title='bbox 3066 1678 3345 1739; x_wconf 85' lang='lat' dir='ltr'><strong>putantes,</strong></span> <span class='ocrx_word' id='word_1_207' title='bbox 3429 1681 3685 1737; x_wconf 89' lang='lat' dir='ltr'><strong>azymum</strong></span> 
     </span>
    </p>
   </div>
   <div class='ocr_carea' id='block_1_22' title="bbox 2102 1758 3694 1837">
    <p class='ocr_par' dir='ltr' id='par_1_22' title="bbox 2102 1758 3694 1837">
     <span class='ocr_line' id='line_1_22' title="bbox 2102 1758 3694 1837; baseline -0.006 -16"><span class='ocrx_word' id='word_1_208' title='bbox 2102 1781 2320 1837; x_wconf 89' lang='lat' dir='ltr'><strong>panem,</strong></span> <span class='ocrx_word' id='word_1_209' title='bbox 2352 1765 2476 1835; x_wconf 89' lang='lat' dir='ltr'><strong>quia</strong></span> <span class='ocrx_word' id='word_1_210' title='bbox 2513 1764 2785 1818; x_wconf 87' lang='lat' dir='ltr'><strong>fermento</strong></span> <span class='ocrx_word' id='word_1_211' title='bbox 2814 1771 3023 1825; x_wconf 79' lang='lat' dir='ltr'><strong>careat,</strong></span> <span class='ocrx_word' id='word_1_212' title='bbox 3075 1775 3251 1829; x_wconf 89' lang='lat' dir='ltr'><strong>neque</strong></span> <span class='ocrx_word' id='word_1_213' title='bbox 3277 1775 3473 1830; x_wconf 89' lang='lat' dir='ltr'><strong>panem</strong></span> <span class='ocrx_word' id='word_1_214' title='bbox 3503 1758 3694 1827; x_wconf 84' lang='lat' dir='ltr'><strong>appel-</strong></span> 
     </span>
    </p>
   </div>
   <div class='ocr_carea' id='block_1_23' title="bbox 2104 1851 3689 1921">
    <p class='ocr_par' dir='ltr' id='par_1_23' title="bbox 2104 1851 3689 1921">
     <span class='ocr_line' id='line_1_23' title="bbox 2104 1851 3689 1921; baseline -0.005 -8"><span class='ocrx_word' id='word_1_215' title='bbox 2104 1859 2206 1913; x_wconf 93' lang='lat' dir='ltr'><strong>lari</strong></span> <span class='ocrx_word' id='word_1_216' title='bbox 2247 1857 2452 1912; x_wconf 88' lang='lat' dir='ltr'><strong>volunt.</strong></span> <span class='ocrx_word' id='word_1_217' title='bbox 2485 1856 2654 1921; x_wconf 76' lang='lat' dir='ltr'><strong>Quasi</strong></span> <span class='ocrx_word' id='word_1_218' title='bbox 2692 1868 2823 1909; x_wconf 90' lang='lat' dir='ltr'><strong>vero</strong></span> <span class='ocrx_word' id='word_1_219' title='bbox 2854 1865 3077 1907; x_wconf 86' lang='lat' dir='ltr'><strong>necesse</strong></span> <span class='ocrx_word' id='word_1_220' title='bbox 3112 1852 3185 1906; x_wconf 88' lang='lat' dir='ltr'><strong>sit</strong></span> <span class='ocrx_word' id='word_1_221' title='bbox 3232 1851 3443 1921; x_wconf 87' lang='lat' dir='ltr'><strong>linguas</strong></span> <span class='ocrx_word' id='word_1_222' title='bbox 3472 1864 3689 1915; x_wconf 74' lang='lat' dir='ltr'><strong>omnes,</strong></span> 
     </span>
    </p>
   </div>
   <div class='ocr_carea' id='block_1_24' title="bbox 498 1943 3154 2023">
    <p class='ocr_par' dir='ltr' id='par_1_24' title="bbox 498 1943 3154 2023">
     <span class='ocr_line' id='line_1_24' title="bbox 498 1943 3154 2023; baseline 0.001 -18"><span class='ocrx_word' id='word_1_223' title='bbox 498 1952 653 2018; x_wconf 83' lang='lat' dir='ltr'><strong>Quod</strong></span> <span class='ocrx_word' id='word_1_224' title='bbox 702 1950 1121 2022; x_wconf 87' lang='lat' dir='ltr'><strong>Chrysostomus</strong></span> <span class='ocrx_word' id='word_1_225' title='bbox 1160 1967 1373 2021; x_wconf 87' lang='lat' dir='ltr'><strong>quoque</strong></span> <span class='ocrx_word' id='word_1_226' title='bbox 1421 1962 1729 2018; x_wconf 86' lang='lat' dir='ltr'><strong>attestatur,</strong></span> <span class='ocrx_word' id='word_1_227' title='bbox 1758 1956 1946 2012; x_wconf 86' lang='lat' dir='ltr'><strong>dicens</strong></span> <span class='ocrx_word' id='word_1_228' title='bbox 1982 1975 1998 2013; x_wconf 87' lang='lat'><strong>:</strong></span> <span class='ocrx_word' id='word_1_229' title='bbox 2034 1968 2078 2023; x_wconf 82' lang='grc' dir='ltr'><strong><em>Β</em></strong></span> <span class='ocrx_word' id='word_1_230' title='bbox 2107 1950 2178 2005; x_wconf 73' lang='lat' dir='ltr'><strong>ila</strong></span> <span class='ocrx_word' id='word_1_231' title='bbox 2214 1963 2432 2018; x_wconf 81' lang='lat' dir='ltr'><strong>quoque</strong></span> <span class='ocrx_word' id='word_1_232' title='bbox 2467 1947 2622 2017; x_wconf 72' lang='lat' dir='ltr'><strong>Panis</strong></span> <span class='ocrx_word' id='word_1_233' title='bbox 2654 1960 2851 2001; x_wconf 74' lang='lat' dir='ltr'><strong>nomen</strong></span> <span class='ocrx_word' id='word_1_234' title='bbox 2881 1943 3154 1998; x_wconf 61' lang='lat' dir='ltr'><strong>derivare-</strong></span> 
     </span>
    </p>
   </div>
   <div class='ocr_carea' id='block_1_25' title="bbox 428 2040 2001 2115">
    <p class='ocr_par' dir='ltr' id='par_1_25' title="bbox 428 2040 2001 2115">
     <span class='ocr_line' id='line_1_25' title="bbox 428 2040 2001 2115; baseline 0.008 -22"><span class='ocrx_word' id='word_1_235' title='bbox 428 2040 497 2096; x_wconf 79' lang='grc' dir='ltr'><strong>[η</strong></span> <span class='ocrx_word' id='word_1_236' title='bbox 526 2042 620 2096; x_wconf 88' lang='lat' dir='ltr'><strong>illa</strong></span> <span class='ocrx_word' id='word_1_237' title='bbox 651 2059 795 2098; x_wconf 66' lang='lat' dir='ltr'><strong>caua</strong></span> <span class='ocrx_word' id='word_1_238' title='bbox 824 2044 1000 2096; x_wconf 82' lang='lat' dir='ltr'><strong>omnia</strong></span> <span class='ocrx_word' id='word_1_239' title='bbox 1027 2058 1143 2097; x_wconf 88' lang='lat' dir='ltr'><strong>eum</strong></span> <span class='ocrx_word' id='word_1_240' title='bbox 1168 2043 1456 2098; x_wconf 84' lang='lat' dir='ltr'><strong>secundum</strong></span> <span class='ocrx_word' id='word_1_241' title='bbox 1488 2046 1649 2115; x_wconf 76' lang='lat' dir='ltr'><strong>legem</strong></span> <span class='ocrx_word' id='word_1_242' title='bbox 1684 2050 2001 2115; x_wconf 78' lang='lat' dir='ltr'><strong>patravisse.</strong></span> 
     </span>
    </p>
   </div>
   <div class='ocr_carea' id='block_1_26' title="bbox 432 2132 2005 2206">
    <p class='ocr_par' dir='ltr' id='par_1_26' title="bbox 432 2132 2005 2206">
     <span class='ocr_line' id='line_1_26' title="bbox 432 2132 2005 2206; baseline 0.007 -20"><span class='ocrx_word' id='word_1_243' title='bbox 432 2132 545 2188; x_wconf 78' lang='lat' dir='ltr'><strong>Nisi</strong></span> <span class='ocrx_word' id='word_1_244' title='bbox 572 2134 716 2188; x_wconf 90' lang='lat' dir='ltr'><strong>enim</strong></span> <span class='ocrx_word' id='word_1_245' title='bbox 745 2132 1042 2189; x_wconf 85' lang='lat' dir='ltr'><strong>secundum</strong></span> <span class='ocrx_word' id='word_1_246' title='bbox 1068 2134 1239 2204; x_wconf 84' lang='lat' dir='ltr'><strong>legem</strong></span> <span class='ocrx_word' id='word_1_247' title='bbox 1266 2138 1474 2206; x_wconf 82' lang='lat' dir='ltr'><strong>azymis</strong></span> <span class='ocrx_word' id='word_1_248' title='bbox 1500 2138 1552 2193; x_wconf 93' lang='lat' dir='ltr'><strong>in</strong></span> <span class='ocrx_word' id='word_1_249' title='bbox 1577 2152 1734 2193; x_wconf 70' lang='lat' dir='ltr'><strong>omna</strong></span> <span class='ocrx_word' id='word_1_250' title='bbox 1763 2142 1852 2195; x_wconf 87' lang='lat' dir='ltr'><strong>illa</strong></span> <span class='ocrx_word' id='word_1_251' title='bbox 1873 2156 2005 2198; x_wconf 83' lang='lat' dir='ltr'><strong>usus</strong></span> 
     </span>
    </p>
   </div>
   <div class='ocr_carea' id='block_1_27' title="bbox 431 2220 2003 2303">
    <p class='ocr_par' dir='ltr' id='par_1_27' title="bbox 431 2220 2003 2303">
     <span class='ocr_line' id='line_1_27' title="bbox 431 2220 2003 2303; baseline 0.008 -27"><span class='ocrx_word' id='word_1_252' title='bbox 431 2231 603 2290; x_wconf 88' lang='lat' dir='ltr'><strong>esset,</strong></span> <span class='ocrx_word' id='word_1_253' title='bbox 660 2236 691 2276; x_wconf 89' lang='lat' dir='ltr'><strong>a</strong></span> <span class='ocrx_word' id='word_1_254' title='bbox 745 2220 949 2281; x_wconf 62' lang='lat' dir='ltr'><strong>Iudaeis</strong></span> <span class='ocrx_word' id='word_1_255' title='bbox 1002 2227 1244 2292; x_wconf 90' lang='lat' dir='ltr'><strong>omnino,</strong></span> <span class='ocrx_word' id='word_1_256' title='bbox 1303 2237 1362 2282; x_wconf 90' lang='lat' dir='ltr'><strong>ut</strong></span> <span class='ocrx_word' id='word_1_257' title='bbox 1416 2232 1806 2299; x_wconf 89' lang='lat' dir='ltr'><strong>praevaricator</strong></span> <span class='ocrx_word' id='word_1_258' title='bbox 1846 2233 2003 2303; x_wconf 85' lang='lat' dir='ltr'><strong>legis,</strong></span> 
     </span>
    </p>
   </div>
   <div class='ocr_carea' id='block_1_28' title="bbox 432 2312 2008 2391">
    <p class='ocr_par' dir='ltr' id='par_1_28' title="bbox 432 2312 2008 2391">
     <span class='ocr_line' id='line_1_28' title="bbox 432 2312 2008 2391; baseline 0.007 -23"><span class='ocrx_word' id='word_1_259' title='bbox 432 2312 779 2371; x_wconf 85' lang='lat' dir='ltr'><strong>insimulatus</strong></span> <span class='ocrx_word' id='word_1_260' title='bbox 807 2325 953 2370; x_wconf 87' lang='lat' dir='ltr'><strong>esset</strong></span> <span class='ocrx_word' id='word_1_261' title='bbox 986 2334 1000 2372; x_wconf 90' lang='lat'><strong>:</strong></span> <span class='ocrx_word' id='word_1_262' title='bbox 1047 2315 1189 2370; x_wconf 86' lang='lat' dir='ltr'><strong>Nam</strong></span> <span class='ocrx_word' id='word_1_263' title='bbox 1223 2333 1340 2372; x_wconf 89' lang='lat' dir='ltr'><strong>cum</strong></span> <span class='ocrx_word' id='word_1_264' title='bbox 1368 2322 1519 2374; x_wconf 79' lang='lat' dir='ltr'><strong>multi</strong></span> <span class='ocrx_word' id='word_1_265' title='bbox 1547 2322 1673 2391; x_wconf 79' lang='lat' dir='ltr'><strong>falsi</strong></span> <span class='ocrx_word' id='word_1_266' title='bbox 1706 2333 1882 2391; x_wconf 85' lang='lat' dir='ltr'><strong>testes,</strong></span> <span class='ocrx_word' id='word_1_267' title='bbox 1919 2326 2008 2379; x_wconf 87' lang='lat' dir='ltr'><strong>in-</strong></span> 
     </span>
    </p>
   </div>
   <div class='ocr_carea' id='block_1_29' title="bbox 431 2404 2010 2474">
    <p class='ocr_par' dir='ltr' id='par_1_29' title="bbox 431 2404 2010 2474">
     <span class='ocr_line' id='line_1_29' title="bbox 431 2404 2010 2474; baseline 0.008 -17"><span class='ocrx_word' id='word_1_268' title='bbox 431 2404 572 2474; x_wconf 85' lang='lat' dir='ltr'><strong>quit,</strong></span> <span class='ocrx_word' id='word_1_269' title='bbox 601 2406 970 2470; x_wconf 69' lang='lat' dir='ltr'><strong>surrexissent,</strong></span> <span class='ocrx_word' id='word_1_270' title='bbox 998 2424 1216 2461; x_wconf 88' lang='lat' dir='ltr'><strong>causam</strong></span> <span class='ocrx_word' id='word_1_271' title='bbox 1252 2425 1355 2463; x_wconf 86' lang='lat' dir='ltr'><strong>non</strong></span> <span class='ocrx_word' id='word_1_272' title='bbox 1392 2411 1695 2468; x_wconf 84' lang='lat' dir='ltr'><strong>invenerunt</strong></span> <span class='ocrx_word' id='word_1_273' title='bbox 1717 2414 1759 2448; x_wconf 86' lang='grc'><strong><em>³⁸</em></strong></span> <span class='ocrx_word' id='word_1_274' title='bbox 1782 2432 1797 2469; x_wconf 87' lang='lat'><strong>:</strong></span> <span class='ocrx_word' id='word_1_275' title='bbox 1823 2416 2010 2469; x_wconf 78' lang='lat' dir='ltr'><strong>maxi-</strong></span> 
     </span>
    </p>
   </div>
   <div class='ocr_carea' id='block_1_30' title="bbox 433 2496 2009 2574">
    <p class='ocr_par' dir='ltr' id='par_1_30' title="bbox 433 2496 2009 2574">
     <span class='ocr_line' id='line_1_30' title="bbox 433 2496 2009 2574; baseline 0.009 -27"><span class='ocrx_word' id='word_1_276' title='bbox 433 2508 522 2548; x_wconf 88' lang='lat' dir='ltr'><strong>me</strong></span> <span class='ocrx_word' id='word_1_277' title='bbox 544 2508 667 2548; x_wconf 89' lang='lat' dir='ltr'><strong>cum</strong></span> <span class='ocrx_word' id='word_1_278' title='bbox 695 2504 749 2550; x_wconf 92' lang='lat' dir='ltr'><strong>et</strong></span> <span class='ocrx_word' id='word_1_279' title='bbox 774 2496 1014 2565; x_wconf 89' lang='lat' dir='ltr'><strong>proditor</strong></span> <span class='ocrx_word' id='word_1_280' title='bbox 1040 2510 1209 2551; x_wconf 70' lang='lat' dir='ltr'><strong>creua:</strong></span> <span class='ocrx_word' id='word_1_281' title='bbox 1234 2497 1308 2551; x_wconf 93' lang='lat' dir='ltr'><strong>illi</strong></span> <span class='ocrx_word' id='word_1_282' title='bbox 1336 2498 1645 2565; x_wconf 87' lang='lat' dir='ltr'><strong>interesset,</strong></span> <span class='ocrx_word' id='word_1_283' title='bbox 1675 2504 1769 2571; x_wconf 91' lang='lat' dir='ltr'><strong>qui</strong></span> <span class='ocrx_word' id='word_1_284' title='bbox 1811 2504 1855 2558; x_wconf 89' lang='lat' dir='ltr'><strong>si</strong></span> <span class='ocrx_word' id='word_1_285' title='bbox 1879 2507 2009 2574; x_wconf 91' lang='lat' dir='ltr'><strong>quid</strong></span> 
     </span>
    </p>
   </div>
   <div class='ocr_carea' id='block_1_31' title="bbox 437 2583 2003 2652">
    <p class='ocr_par' dir='ltr' id='par_1_31' title="bbox 437 2583 2003 2652">
     <span class='ocr_line' id='line_1_31' title="bbox 437 2583 2003 2652; baseline 0.01 -16"><span class='ocrx_word' id='word_1_286' title='bbox 437 2584 547 2640; x_wconf 83' lang='lat' dir='ltr'><strong>tale</strong></span> <span class='ocrx_word' id='word_1_287' title='bbox 583 2583 776 2642; x_wconf 88' lang='lat' dir='ltr'><strong>fuisset</strong></span> <span class='ocrx_word' id='word_1_288' title='bbox 809 2587 1127 2652; x_wconf 89' lang='lat' dir='ltr'><strong>admissum,</strong></span> <span class='ocrx_word' id='word_1_289' title='bbox 1166 2586 1364 2644; x_wconf 66' lang='lat' dir='ltr'><strong>Iudaeis</strong></span> <span class='ocrx_word' id='word_1_290' title='bbox 1419 2591 1558 2645; x_wconf 88' lang='lat' dir='ltr'><strong>clam</strong></span> <span class='ocrx_word' id='word_1_291' title='bbox 1615 2596 2003 2652; x_wconf 88' lang='lat' dir='ltr'><strong>renuntiasset.</strong></span> 
     </span>
    </p>
   </div>
   <div class='ocr_carea' id='block_1_32' title="bbox 437 2674 2011 2746">
    <p class='ocr_par' dir='ltr' id='par_1_32' title="bbox 437 2674 2011 2746">
     <span class='ocr_line' id='line_1_32' title="bbox 437 2674 2011 2746; baseline 0.009 -17"><span class='ocrx_word' id='word_1_292' title='bbox 437 2674 757 2746; x_wconf 80' lang='lat' dir='ltr'><strong>Quanquam</strong></span> <span class='ocrx_word' id='word_1_293' title='bbox 806 2684 861 2732; x_wconf 90' lang='lat' dir='ltr'><strong>et</strong></span> <span class='ocrx_word' id='word_1_294' title='bbox 894 2676 1156 2734; x_wconf 88' lang='lat' dir='ltr'><strong>Dominus</strong></span> <span class='ocrx_word' id='word_1_295' title='bbox 1195 2680 1270 2734; x_wconf 87' lang='lat' dir='ltr'><strong>ait</strong></span> <span class='ocrx_word' id='word_1_296' title='bbox 1319 2697 1334 2733; x_wconf 90' lang='lat'><strong>:</strong></span> <span class='ocrx_word' id='word_1_297' title='bbox 1391 2681 1666 2738; x_wconf 84' lang='lat' dir='ltr'><strong>Desiderio</strong></span> <span class='ocrx_word' id='word_1_298' title='bbox 1709 2686 2011 2743; x_wconf 79' lang='lat' dir='ltr'><strong>desideravi</strong></span> 
     </span>
    </p>
   </div>
   <div class='ocr_carea' id='block_1_33' title="bbox 437 2761 2010 2844">
    <p class='ocr_par' dir='ltr' id='par_1_33' title="bbox 437 2761 2010 2844">
     <span class='ocr_line' id='line_1_33' title="bbox 437 2761 2010 2844; baseline 0.009 -23"><span class='ocrx_word' id='word_1_299' title='bbox 437 2768 533 2822; x_wconf 79' lang='lat' dir='ltr'><strong>hoc</strong></span> <span class='ocrx_word' id='word_1_300' title='bbox 559 2761 755 2837; x_wconf 77' lang='lat' dir='ltr'><strong>pascha</strong></span> <span class='ocrx_word' id='word_1_301' title='bbox 789 2771 1107 2823; x_wconf 82' lang='lat' dir='ltr'><strong>manducare</strong></span> <span class='ocrx_word' id='word_1_302' title='bbox 1139 2768 1404 2826; x_wconf 80' lang='lat' dir='ltr'><strong>vobiscum</strong></span> <span class='ocrx_word' id='word_1_303' title='bbox 1433 2773 1517 2840; x_wconf 73' lang='grc' dir='ltr'><strong>⁸ος</strong></span> <span class='ocrx_word' id='word_1_304' title='bbox 1556 2776 1606 2827; x_wconf 93' lang='lat' dir='ltr'><strong>in</strong></span> <span class='ocrx_word' id='word_1_305' title='bbox 1648 2791 1756 2844; x_wconf 89' lang='lat' dir='ltr'><strong>quo</strong></span> <span class='ocrx_word' id='word_1_306' title='bbox 1797 2777 2010 2836; x_wconf 88' lang='lat' dir='ltr'><strong>scilicet</strong></span> 
     </span>
    </p>
   </div>
   <div class='ocr_carea' id='block_1_34' title="bbox 439 2858 2010 2938">
    <p class='ocr_par' dir='ltr' id='par_1_34' title="bbox 439 2858 2010 2938">
     <span class='ocr_line' id='line_1_34' title="bbox 439 2858 2010 2938; baseline 0.008 -26"><span class='ocrx_word' id='word_1_307' title='bbox 439 2858 602 2912; x_wconf 88' lang='lat' dir='ltr'><strong>etiam</strong></span> <span class='ocrx_word' id='word_1_308' title='bbox 671 2859 988 2929; x_wconf 86' lang='lat' dir='ltr'><strong>mysterium</strong></span> <span class='ocrx_word' id='word_1_309' title='bbox 1044 2861 1289 2930; x_wconf 89' lang='lat' dir='ltr'><strong>corporis</strong></span> <span class='ocrx_word' id='word_1_310' title='bbox 1343 2863 1423 2917; x_wconf 90' lang='lat' dir='ltr'><strong>sui</strong></span> <span class='ocrx_word' id='word_1_311' title='bbox 1486 2866 1809 2922; x_wconf 90' lang='lat' dir='ltr'><strong>tradendum</strong></span> <span class='ocrx_word' id='word_1_312' title='bbox 1869 2880 2010 2938; x_wconf 89' lang='lat' dir='ltr'><strong>erat,</strong></span> 
     </span>
    </p>
   </div>
   <div class='ocr_carea' id='block_1_35' title="bbox 441 2948 2011 3025">
    <p class='ocr_par' dir='ltr' id='par_1_35' title="bbox 441 2948 2011 3025">
     <span class='ocr_line' id='line_1_35' title="bbox 441 2948 2011 3025; baseline 0.01 -24"><span class='ocrx_word' id='word_1_313' title='bbox 441 2948 805 3020; x_wconf 78' lang='lat' dir='ltr'><strong>praedixftque</strong></span> <span class='ocrx_word' id='word_1_314' title='bbox 835 2950 1056 3005; x_wconf 91' lang='lat' dir='ltr'><strong>ubinam</strong></span> <span class='ocrx_word' id='word_1_315' title='bbox 1097 2966 1220 3006; x_wconf 90' lang='lat' dir='ltr'><strong>cum</strong></span> <span class='ocrx_word' id='word_1_316' title='bbox 1253 2953 1533 3023; x_wconf 88' lang='lat' dir='ltr'><strong>discipulis</strong></span> <span class='ocrx_word' id='word_1_317' title='bbox 1570 2966 1853 3025; x_wconf 89' lang='lat' dir='ltr'><strong>oporteret</strong></span> <span class='ocrx_word' id='word_1_318' title='bbox 1884 2974 2011 3017; x_wconf 86' lang='lat' dir='ltr'><strong>eum</strong></span> 
     </span>
    </p>
   </div>
   <div class='ocr_carea' id='block_1_36' title="bbox 441 3038 1040 3097">
    <p class='ocr_par' dir='ltr' id='par_1_36' title="bbox 441 3038 1040 3097">
     <span class='ocr_line' id='line_1_36' title="bbox 441 3038 1040 3097; baseline 0.003 -4"><span class='ocrx_word' id='word_1_319' title='bbox 441 3038 649 3095; x_wconf 81' lang='lat' dir='ltr'><strong>Pascha</strong></span> <span class='ocrx_word' id='word_1_320' title='bbox 693 3041 1040 3097; x_wconf 85' lang='lat' dir='ltr'><strong>manducare.</strong></span> 
     </span>
    </p>
   </div>
   <div class='ocr_carea' id='block_1_37' title="bbox 516 3130 2014 3206">
    <p class='ocr_par' dir='ltr' id='par_1_37' title="bbox 516 3130 2014 3206">
     <span class='ocr_line' id='line_1_37' title="bbox 516 3130 2014 3206; baseline 0.008 -21"><span class='ocrx_word' id='word_1_321' title='bbox 516 3130 573 3186; x_wconf 93' lang='lat' dir='ltr'><strong>Si</strong></span> <span class='ocrx_word' id='word_1_322' title='bbox 605 3142 784 3186; x_wconf 89' lang='lat' dir='ltr'><strong>autem</strong></span> <span class='ocrx_word' id='word_1_323' title='bbox 821 3135 1019 3204; x_wconf 89' lang='lat' dir='ltr'><strong>pascha</strong></span> <span class='ocrx_word' id='word_1_324' title='bbox 1065 3134 1364 3206; x_wconf 89' lang='lat' dir='ltr'><strong>legitimum</strong></span> <span class='ocrx_word' id='word_1_325' title='bbox 1404 3137 1525 3203; x_wconf 89' lang='lat' dir='ltr'><strong>fuit,</strong></span> <span class='ocrx_word' id='word_1_326' title='bbox 1578 3141 1805 3195; x_wconf 89' lang='lat' dir='ltr'><strong>omnino</strong></span> <span class='ocrx_word' id='word_1_327' title='bbox 1850 3143 2014 3197; x_wconf 89' lang='lat' dir='ltr'><strong>etiam</strong></span> 
     </span>
    </p>
   </div>
   <div class='ocr_carea' id='block_1_38' title="bbox 440 3223 2013 3299">
    <p class='ocr_par' dir='ltr' id='par_1_38' title="bbox 440 3223 2013 3299">
     <span class='ocr_line' id='line_1_38' title="bbox 440 3223 2013 3299; baseline 0.006 -21"><span class='ocrx_word' id='word_1_328' title='bbox 440 3223 700 3293; x_wconf 87' lang='lat' dir='ltr'><strong>legitimis</strong></span> <span class='ocrx_word' id='word_1_329' title='bbox 734 3226 787 3278; x_wconf 91' lang='lat' dir='ltr'><strong>in</strong></span> <span class='ocrx_word' id='word_1_330' title='bbox 837 3224 927 3278; x_wconf 92' lang='lat' dir='ltr'><strong>illo</strong></span> <span class='ocrx_word' id='word_1_331' title='bbox 956 3225 1092 3280; x_wconf 87' lang='lat' dir='ltr'><strong>cibis</strong></span> <span class='ocrx_word' id='word_1_332' title='bbox 1141 3243 1269 3282; x_wconf 88' lang='lat' dir='ltr'><strong>usus</strong></span> <span class='ocrx_word' id='word_1_333' title='bbox 1298 3238 1399 3284; x_wconf 85' lang='lat' dir='ltr'><strong>est.</strong></span> <span class='ocrx_word' id='word_1_334' title='bbox 1449 3228 1634 3299; x_wconf 80' lang='lat' dir='ltr'><strong>Neque</strong></span> <span class='ocrx_word' id='word_1_335' title='bbox 1688 3233 1852 3296; x_wconf 85' lang='lat' dir='ltr'><strong>enim,</strong></span> <span class='ocrx_word' id='word_1_336' title='bbox 1890 3249 2013 3288; x_wconf 90' lang='lat' dir='ltr'><strong>cum</strong></span> 
     </span>
    </p>
   </div>
   <div class='ocr_carea' id='block_1_39' title="bbox 2175 2028 3689 2100">
    <p class='ocr_par' dir='ltr' id='par_1_39' title="bbox 2175 2028 3689 2100">
     <span class='ocr_line' id='line_1_39' title="bbox 2175 2028 3689 2100; baseline -0.009 -5"><span class='ocrx_word' id='word_1_337' title='bbox 2175 2041 2402 2097; x_wconf 88' lang='lat' dir='ltr'><strong>Latinus</strong></span> <span class='ocrx_word' id='word_1_338' title='bbox 2424 2038 2566 2094; x_wconf 90' lang='lat' dir='ltr'><strong>enim</strong></span> <span class='ocrx_word' id='word_1_339' title='bbox 2612 2037 2869 2100; x_wconf 82' lang='lat' dir='ltr'><strong>fortasse,</strong></span> <span class='ocrx_word' id='word_1_340' title='bbox 2896 2034 2976 2090; x_wconf 90' lang='lat' dir='ltr'><strong>vel</strong></span> <span class='ocrx_word' id='word_1_341' title='bbox 3008 2033 3203 2089; x_wconf 86' lang='lat' dir='ltr'><strong>Perses</strong></span> <span class='ocrx_word' id='word_1_342' title='bbox 3231 2047 3259 2086; x_wconf 85' lang='lat' dir='ltr'><strong>a</strong></span> <span class='ocrx_word' id='word_1_343' title='bbox 3303 2028 3689 2086; x_wconf 84' lang='lat' dir='ltr'><strong>conﬁrmando</strong></span> 
     </span>
    </p>
   </div>
   <div class='ocr_carea' id='block_1_40' title="bbox 2105 2123 3695 2207">
    <p class='ocr_par' dir='ltr' id='par_1_40' title="bbox 2105 2123 3695 2207">
     <span class='ocr_line' id='line_1_40' title="bbox 2105 2123 3695 2207; baseline -0.008 -17"><span class='ocrx_word' id='word_1_344' title='bbox 2105 2135 2263 2207; x_wconf 88' lang='lat' dir='ltr'><strong>panis</strong></span> <span class='ocrx_word' id='word_1_345' title='bbox 2293 2147 2484 2188; x_wconf 89' lang='lat' dir='ltr'><strong>nomen</strong></span> <span class='ocrx_word' id='word_1_346' title='bbox 2513 2172 2527 2196; x_wconf 93' lang='lat'><strong>,</strong></span> <span class='ocrx_word' id='word_1_347' title='bbox 2556 2131 2680 2198; x_wconf 90' lang='lat' dir='ltr'><strong>quia</strong></span> <span class='ocrx_word' id='word_1_348' title='bbox 2707 2144 2804 2185; x_wconf 90' lang='lat' dir='ltr'><strong>cor</strong></span> <span class='ocrx_word' id='word_1_349' title='bbox 2833 2128 3071 2183; x_wconf 86' lang='lat' dir='ltr'><strong>hominis</strong></span> <span class='ocrx_word' id='word_1_350' title='bbox 3104 2126 3393 2180; x_wconf 89' lang='lat' dir='ltr'><strong>confirmat</strong></span> <span class='ocrx_word' id='word_1_351' title='bbox 3430 2123 3517 2177; x_wconf 89' lang='lat' dir='ltr'><strong>vel</strong></span> <span class='ocrx_word' id='word_1_352' title='bbox 3552 2136 3695 2190; x_wconf 90' lang='lat' dir='ltr'><strong>quo-</strong></span> 
     </span>
    </p>
   </div>
   <div class='ocr_carea' id='block_1_41' title="bbox 2110 2218 3697 2291">
    <p class='ocr_par' dir='ltr' id='par_1_41' title="bbox 2110 2218 3697 2291">
     <span class='ocr_line' id='line_1_41' title="bbox 2110 2218 3697 2291; baseline -0.009 -10"><span class='ocrx_word' id='word_1_353' title='bbox 2110 2225 2401 2281; x_wconf 84' lang='lat' dir='ltr'><strong>modolihet</strong></span> <span class='ocrx_word' id='word_1_354' title='bbox 2436 2224 2618 2289; x_wconf 87' lang='lat' dir='ltr'><strong>aliter,</strong></span> <span class='ocrx_word' id='word_1_355' title='bbox 2668 2237 2697 2276; x_wconf 92' lang='lat' dir='ltr'><strong>a</strong></span> <span class='ocrx_word' id='word_1_356' title='bbox 2749 2219 3180 2291; x_wconf 86' lang='lat' dir='ltr'><strong>proprietatibus</strong></span> <span class='ocrx_word' id='word_1_357' title='bbox 3216 2218 3385 2286; x_wconf 87' lang='lat' dir='ltr'><strong>ipsam</strong></span> <span class='ocrx_word' id='word_1_358' title='bbox 3439 2231 3555 2270; x_wconf 80' lang='lat' dir='ltr'><strong>rem</strong></span> <span class='ocrx_word' id='word_1_359' title='bbox 3610 2230 3697 2269; x_wconf 80' lang='lat' dir='ltr'><strong>se-</strong></span> 
     </span>
    </p>
   </div>
   <div class='ocr_carea' id='block_1_42' title="bbox 2108 2307 3695 2387">
    <p class='ocr_par' dir='ltr' id='par_1_42' title="bbox 2108 2307 3695 2387">
     <span class='ocr_line' id='line_1_42' title="bbox 2108 2307 3695 2387; baseline -0.008 -16"><span class='ocrx_word' id='word_1_360' title='bbox 2108 2317 2402 2387; x_wconf 88' lang='lat' dir='ltr'><strong>quentibus</strong></span> <span class='ocrx_word' id='word_1_361' title='bbox 2428 2314 2669 2369; x_wconf 87' lang='lat' dir='ltr'><strong>deducit.</strong></span> <span class='ocrx_word' id='word_1_362' title='bbox 2708 2311 2765 2367; x_wconf 90' lang='lat' dir='ltr'><strong>Si</strong></span> <span class='ocrx_word' id='word_1_363' title='bbox 2799 2322 2979 2367; x_wconf 90' lang='lat' dir='ltr'><strong>autem</strong></span> <span class='ocrx_word' id='word_1_364' title='bbox 3014 2318 3069 2365; x_wconf 89' lang='lat' dir='ltr'><strong>et</strong></span> <span class='ocrx_word' id='word_1_365' title='bbox 3102 2324 3293 2380; x_wconf 89' lang='lat' dir='ltr'><strong>azyma</strong></span> <span class='ocrx_word' id='word_1_366' title='bbox 3326 2322 3419 2363; x_wconf 90' lang='lat' dir='ltr'><strong>cor</strong></span> <span class='ocrx_word' id='word_1_367' title='bbox 3450 2307 3695 2361; x_wconf 87' lang='lat' dir='ltr'><strong>hominis</strong></span> 
     </span>
    </p>
   </div>
   <div class='ocr_carea' id='block_1_43' title="bbox 2111 2398 3694 2475">
    <p class='ocr_par' dir='ltr' id='par_1_43' title="bbox 2111 2398 3694 2475">
     <span class='ocr_line' id='line_1_43' title="bbox 2111 2398 3694 2475; baseline -0.009 -9"><span class='ocrx_word' id='word_1_368' title='bbox 2111 2410 2458 2472; x_wconf 90' lang='lat' dir='ltr'><strong>confirmant,</strong></span> <span class='ocrx_word' id='word_1_369' title='bbox 2504 2416 2558 2461; x_wconf 90' lang='lat' dir='ltr'><strong>et</strong></span> <span class='ocrx_word' id='word_1_370' title='bbox 2590 2405 2707 2475; x_wconf 89' lang='lat' dir='ltr'><strong>ipsa</strong></span> <span class='ocrx_word' id='word_1_371' title='bbox 2742 2403 2965 2465; x_wconf 88' lang='lat' dir='ltr'><strong>omnino</strong></span> <span class='ocrx_word' id='word_1_372' title='bbox 2994 2402 3150 2472; x_wconf 87' lang='lat' dir='ltr'><strong>panis</strong></span> <span class='ocrx_word' id='word_1_373' title='bbox 3192 2401 3409 2456; x_wconf 87' lang='lat' dir='ltr'><strong>nomine</strong></span> <span class='ocrx_word' id='word_1_374' title='bbox 3439 2398 3694 2453; x_wconf 88' lang='lat' dir='ltr'><strong>vocanda</strong></span> 
     </span>
    </p>
   </div>
   <div class='ocr_carea' id='block_1_44' title="bbox 2111 2493 3703 2568">
    <p class='ocr_par' dir='ltr' id='par_1_44' title="bbox 2111 2493 3703 2568">
     <span class='ocr_line' id='line_1_44' title="bbox 2111 2493 3703 2568; baseline -0.008 -12"><span class='ocrx_word' id='word_1_375' title='bbox 2111 2510 2273 2568; x_wconf 90' lang='lat' dir='ltr'><strong>sunt;</strong></span> <span class='ocrx_word' id='word_1_376' title='bbox 2328 2511 2387 2555; x_wconf 89' lang='lat' dir='ltr'><strong>et</strong></span> <span class='ocrx_word' id='word_1_377' title='bbox 2434 2498 2741 2566; x_wconf 73' lang='lat' dir='ltr'><strong>Scriptura,</strong></span> <span class='ocrx_word' id='word_1_378' title='bbox 2784 2512 2910 2552; x_wconf 88' lang='lat' dir='ltr'><strong>cum</strong></span> <span class='ocrx_word' id='word_1_379' title='bbox 2952 2496 3021 2550; x_wconf 89' lang='lat' dir='ltr'><strong>de</strong></span> <span class='ocrx_word' id='word_1_380' title='bbox 3052 2494 3185 2565; x_wconf 84' lang='lat' dir='ltr'><strong>ipsis</strong></span> <span class='ocrx_word' id='word_1_381' title='bbox 3214 2493 3477 2564; x_wconf 83' lang='lat' dir='ltr'><strong>loquitur,</strong></span> <span class='ocrx_word' id='word_1_382' title='bbox 3528 2504 3703 2560; x_wconf 72' lang='lat' dir='ltr'><strong>panes</strong></span> 
     </span>
    </p>
   </div>
   <div class='ocr_carea' id='block_1_45' title="bbox 2114 2591 3211 2661">
    <p class='ocr_par' dir='ltr' id='par_1_45' title="bbox 2114 2591 3211 2661">
     <span class='ocr_line' id='line_1_45' title="bbox 2114 2591 3211 2661; baseline -0.008 -15"><span class='ocrx_word' id='word_1_383' title='bbox 2114 2602 2345 2661; x_wconf 88' lang='lat' dir='ltr'><strong>utraque</strong></span> <span class='ocrx_word' id='word_1_384' title='bbox 2368 2591 2624 2658; x_wconf 88' lang='lat' dir='ltr'><strong>appellat.</strong></span> <span class='ocrx_word' id='word_1_385' title='bbox 3200 2632 3211 2637; x_wconf 82' lang='lat'><strong>-</strong></span> 
     </span>
    </p>
   </div>
   <div class='ocr_carea' id='block_1_46' title="bbox 2183 2679 3703 2753">
    <p class='ocr_par' dir='ltr' id='par_1_46' title="bbox 2183 2679 3703 2753">
     <span class='ocr_line' id='line_1_46' title="bbox 2183 2679 3703 2753; baseline -0.004 -15"><span class='ocrx_word' id='word_1_386' title='bbox 2183 2685 2336 2752; x_wconf 86' lang='lat' dir='ltr'><strong>Quod</strong></span> <span class='ocrx_word' id='word_1_387' title='bbox 2367 2685 2573 2740; x_wconf 84' lang='lat' dir='ltr'><strong>indicat</strong></span> <span class='ocrx_word' id='word_1_388' title='bbox 2611 2687 2803 2742; x_wconf 89' lang='lat' dir='ltr'><strong>beatus</strong></span> <span class='ocrx_word' id='word_1_389' title='bbox 2832 2682 3164 2753; x_wconf 84' lang='lat' dir='ltr'><strong>evangelista</strong></span> <span class='ocrx_word' id='word_1_390' title='bbox 3204 2680 3405 2744; x_wconf 90' lang='lat' dir='ltr'><strong>Lucas,</strong></span> <span class='ocrx_word' id='word_1_391' title='bbox 3438 2679 3544 2750; x_wconf 89' lang='lat' dir='ltr'><strong>qui</strong></span> <span class='ocrx_word' id='word_1_392' title='bbox 3572 2679 3703 2735; x_wconf 83' lang='lat' dir='ltr'><strong>Sal-</strong></span> 
     </span>
    </p>
   </div>
   <div class='ocr_carea' id='block_1_47' title="bbox 2112 2772 3705 2846">
    <p class='ocr_par' dir='ltr' id='par_1_47' title="bbox 2112 2772 3705 2846">
     <span class='ocr_line' id='line_1_47' title="bbox 2112 2772 3705 2846; baseline -0.001 -19"><span class='ocrx_word' id='word_1_393' title='bbox 2112 2777 2319 2831; x_wconf 87' lang='lat' dir='ltr'><strong>vatoris</strong></span> <span class='ocrx_word' id='word_1_394' title='bbox 2344 2786 2469 2846; x_wconf 87' lang='lat' dir='ltr'><strong>post</strong></span> <span class='ocrx_word' id='word_1_395' title='bbox 2498 2778 2958 2831; x_wconf 86' lang='lat' dir='ltr'><strong>resurrectionem</strong></span> <span class='ocrx_word' id='word_1_396' title='bbox 2988 2776 3052 2827; x_wconf 90' lang='lat' dir='ltr'><strong>ad</strong></span> <span class='ocrx_word' id='word_1_397' title='bbox 3079 2772 3281 2828; x_wconf 87' lang='lat' dir='ltr'><strong>Lucam</strong></span> <span class='ocrx_word' id='word_1_398' title='bbox 3312 2782 3367 2827; x_wconf 92' lang='lat' dir='ltr'><strong>et</strong></span> <span class='ocrx_word' id='word_1_399' title='bbox 3394 2772 3705 2842; x_wconf 84' lang='lat' dir='ltr'><strong>Cleopbam</strong></span> 
     </span>
    </p>
   </div>
   <div class='ocr_carea' id='block_1_48' title="bbox 2116 2866 3707 2937">
    <p class='ocr_par' dir='ltr' id='par_1_48' title="bbox 2116 2866 3707 2937">
     <span class='ocr_line' id='line_1_48' title="bbox 2116 2866 3707 2937; baseline -0.001 -17"><span class='ocrx_word' id='word_1_400' title='bbox 2116 2867 2170 2920; x_wconf 93' lang='lat' dir='ltr'><strong>in</strong></span> <span class='ocrx_word' id='word_1_401' title='bbox 2213 2867 2465 2921; x_wconf 87' lang='lat' dir='ltr'><strong>Emmaus</strong></span> <span class='ocrx_word' id='word_1_402' title='bbox 2510 2867 2926 2937; x_wconf 78' lang='lat' dir='ltr'><strong>proficiscentes</strong></span> <span class='ocrx_word' id='word_1_403' title='bbox 2974 2866 3301 2920; x_wconf 89' lang='lat' dir='ltr'><strong>locutionem</strong></span> <span class='ocrx_word' id='word_1_404' title='bbox 3340 2879 3707 2934; x_wconf 88' lang='lat' dir='ltr'><strong>prosequens,</strong></span> 
     </span>
    </p>
   </div>
   <div class='ocr_carea' id='block_1_49' title="bbox 2113 2958 3713 3029">
    <p class='ocr_par' dir='ltr' id='par_1_49' title="bbox 2113 2958 3713 3029">
     <span class='ocr_line' id='line_1_49' title="bbox 2113 2958 3713 3029; baseline 0 -17"><span class='ocrx_word' id='word_1_405' title='bbox 2113 2967 2238 3029; x_wconf 88' lang='lat' dir='ltr'><strong>post</strong></span> <span class='ocrx_word' id='word_1_406' title='bbox 2292 2959 2539 3027; x_wconf 70' lang='lat' dir='ltr'><strong>quardam</strong></span> <span class='ocrx_word' id='word_1_407' title='bbox 2601 2960 2810 3023; x_wconf 82' lang='lat' dir='ltr'><strong>infert:</strong></span> <span class='ocrx_word' id='word_1_408' title='bbox 2844 2958 2946 3013; x_wconf 82' lang='lat' dir='ltr'><strong>Sed</strong></span> <span class='ocrx_word' id='word_1_409' title='bbox 2989 2975 3105 3011; x_wconf 88' lang='lat' dir='ltr'><strong>cum</strong></span> <span class='ocrx_word' id='word_1_410' title='bbox 3146 2958 3226 3011; x_wconf 88' lang='lat' dir='ltr'><strong>his</strong></span> <span class='ocrx_word' id='word_1_411' title='bbox 3254 2958 3495 3011; x_wconf 76' lang='lat' dir='ltr'><strong>cntiiibus</strong></span> <span class='ocrx_word' id='word_1_412' title='bbox 3550 2958 3713 3012; x_wconf 82' lang='lat' dir='ltr'><strong>hodie</strong></span> 
     </span>
    </p>
   </div>
   <div class='ocr_carea' id='block_1_50' title="bbox 2119 3033 3715 3121">
    <p class='ocr_par' dir='ltr' id='par_1_50' title="bbox 2119 3033 3715 3121">
     <span class='ocr_line' id='line_1_50' title="bbox 2119 3033 3715 3121; baseline -0.001 -18"><span class='ocrx_word' id='word_1_413' title='bbox 2119 3050 2276 3103; x_wconf 89' lang='lat' dir='ltr'><strong>tertia</strong></span> <span class='ocrx_word' id='word_1_414' title='bbox 2310 3033 2552 3113; x_wconf 26' lang='lat' dir='ltr'><strong>dies’est,</strong></span> <span class='ocrx_word' id='word_1_415' title='bbox 2601 3066 2701 3121; x_wconf 90' lang='lat' dir='ltr'><strong>quo</strong></span> <span class='ocrx_word' id='word_1_416' title='bbox 2734 3052 2851 3114; x_wconf 85' lang='lat' dir='ltr'><strong>ipsa</strong></span> <span class='ocrx_word' id='word_1_417' title='bbox 2884 3051 3029 3119; x_wconf 79' lang='lat' dir='ltr'><strong>facta</strong></span> <span class='ocrx_word' id='word_1_418' title='bbox 3058 3061 3176 3103; x_wconf 86' lang='lat' dir='ltr'><strong>sunt</strong></span> <span class='ocrx_word' id='word_1_419' title='bbox 3217 3048 3299 3112; x_wconf 72' lang='lat'><strong>“,</strong></span> <span class='ocrx_word' id='word_1_420' title='bbox 3342 3050 3408 3102; x_wconf 85' lang='lat' dir='ltr'><strong>de</strong></span> <span class='ocrx_word' id='word_1_421' title='bbox 3453 3048 3715 3118; x_wconf 88' lang='lat' dir='ltr'><strong>passione</strong></span> 
     </span>
    </p>
   </div>
   <div class='ocr_carea' id='block_1_51' title="bbox 2116 3141 3717 3211">
    <p class='ocr_par' dir='ltr' id='par_1_51' title="bbox 2116 3141 3717 3211">
     <span class='ocr_line' id='line_1_51' title="bbox 2116 3141 3717 3211; baseline -0.002 -14"><span class='ocrx_word' id='word_1_422' title='bbox 2116 3142 2322 3197; x_wconf 89' lang='lat' dir='ltr'><strong>scilicet</strong></span> <span class='ocrx_word' id='word_1_423' title='bbox 2340 3141 2676 3211; x_wconf 82' lang='lat' dir='ltr'><strong>loquens.De</strong></span> <span class='ocrx_word' id='word_1_424' title='bbox 2706 3142 2809 3195; x_wconf 90' lang='lat' dir='ltr'><strong>hac</strong></span> <span class='ocrx_word' id='word_1_425' title='bbox 2832 3141 2976 3196; x_wconf 89' lang='lat' dir='ltr'><strong>enim</strong></span> <span class='ocrx_word' id='word_1_426' title='bbox 3002 3155 3179 3195; x_wconf 90' lang='lat' dir='ltr'><strong>sermo</strong></span> <span class='ocrx_word' id='word_1_427' title='bbox 3201 3148 3352 3204; x_wconf 82' lang='lat' dir='ltr'><strong>erat;</strong></span> <span class='ocrx_word' id='word_1_428' title='bbox 3380 3147 3717 3207; x_wconf 86' lang='lat' dir='ltr'><strong>constatque</strong></span> 
     </span>
    </p>
   </div>
   <div class='ocr_carea' id='block_1_52' title="bbox 2121 3230 3715 3303">
    <p class='ocr_par' dir='ltr' id='par_1_52' title="bbox 2121 3230 3715 3303">
     <span class='ocr_line' id='line_1_52' title="bbox 2121 3230 3715 3303; baseline -0.002 -18"><span class='ocrx_word' id='word_1_429' title='bbox 2121 3234 2249 3303; x_wconf 88' lang='lat' dir='ltr'><strong>quia</strong></span> <span class='ocrx_word' id='word_1_430' title='bbox 2283 3233 2400 3288; x_wconf 84' lang='lat' dir='ltr'><strong>haec</strong></span> <span class='ocrx_word' id='word_1_431' title='bbox 2428 3237 2583 3288; x_wconf 88' lang='lat' dir='ltr'><strong>tertia</strong></span> <span class='ocrx_word' id='word_1_432' title='bbox 2614 3233 2757 3288; x_wconf 90' lang='lat' dir='ltr'><strong>inter</strong></span> <span class='ocrx_word' id='word_1_433' title='bbox 2789 3243 2996 3302; x_wconf 84' lang='lat' dir='ltr'><strong>septem</strong></span> <span class='ocrx_word' id='word_1_434' title='bbox 3034 3240 3157 3301; x_wconf 91' lang='lat' dir='ltr'><strong>post</strong></span> <span class='ocrx_word' id='word_1_435' title='bbox 3181 3230 3395 3286; x_wconf 88' lang='lat' dir='ltr'><strong>Pascha</strong></span> <span class='ocrx_word' id='word_1_436' title='bbox 3431 3230 3549 3285; x_wconf 80' lang='lat' dir='ltr'><strong>dies</strong></span> <span class='ocrx_word' id='word_1_437' title='bbox 3584 3230 3715 3292; x_wconf 90' lang='lat' dir='ltr'><strong>fuit,</strong></span> 
     </span>
    </p>
   </div>
   <div class='ocr_carea' id='block_1_53' title="bbox 443 3308 3715 3394">
    <p class='ocr_par' dir='ltr' id='par_1_53' title="bbox 443 3308 3715 3394">
     <span class='ocr_line' id='line_1_53' title="bbox 443 3308 3715 3394; baseline 0.002 -27"><span class='ocrx_word' id='word_1_438' title='bbox 443 3314 623 3367; x_wconf 88' lang='lat' dir='ltr'><strong>omnia</strong></span> <span class='ocrx_word' id='word_1_439' title='bbox 656 3313 792 3382; x_wconf 83' lang='lat' dir='ltr'><strong>legis</strong></span> <span class='ocrx_word' id='word_1_440' title='bbox 830 3314 1134 3385; x_wconf 89' lang='lat' dir='ltr'><strong>implesset,</strong></span> <span class='ocrx_word' id='word_1_441' title='bbox 1167 3333 1284 3373; x_wconf 90' lang='lat' dir='ltr'><strong>eam</strong></span> <span class='ocrx_word' id='word_1_442' title='bbox 1322 3321 1374 3374; x_wconf 91' lang='lat' dir='ltr'><strong>in</strong></span> <span class='ocrx_word' id='word_1_443' title='bbox 1417 3320 1623 3376; x_wconf 84' lang='lat' dir='ltr'><strong>Pascha</strong></span> <span class='ocrx_word' id='word_1_444' title='bbox 1672 3326 2017 3391; x_wconf 84' lang='lat' dir='ltr'><strong>praevaricari</strong></span> <span class='ocrx_word' id='word_1_445' title='bbox 2046 3308 2090 3370; x_wconf 71' lang='grc' dir='ltr'>Ο</span> <span class='ocrx_word' id='word_1_446' title='bbox 2125 3324 2177 3377; x_wconf 94' lang='lat' dir='ltr'><strong>in</strong></span> <span class='ocrx_word' id='word_1_447' title='bbox 2206 3326 2404 3394; x_wconf 90' lang='lat' dir='ltr'><strong>quibus</strong></span> <span class='ocrx_word' id='word_1_448' title='bbox 2431 3325 2729 3379; x_wconf 91' lang='lat' dir='ltr'><strong>secundum</strong></span> <span class='ocrx_word' id='word_1_449' title='bbox 2771 3323 2943 3393; x_wconf 88' lang='lat' dir='ltr'><strong>legem</strong></span> <span class='ocrx_word' id='word_1_450' title='bbox 2986 3323 3064 3378; x_wconf 89' lang='lat' dir='ltr'><strong>eis</strong></span> <span class='ocrx_word' id='word_1_451' title='bbox 3094 3324 3443 3381; x_wconf 86' lang='lat' dir='ltr'><strong>interdictum</strong></span> <span class='ocrx_word' id='word_1_452' title='bbox 3475 3329 3600 3375; x_wconf 89' lang='lat' dir='ltr'><strong>erat</strong></span> <span class='ocrx_word' id='word_1_453' title='bbox 3630 3320 3715 3373; x_wconf 88' lang='lat' dir='ltr'><strong>uti</strong></span> 
     </span>
    </p>
   </div>
   <div class='ocr_carea' id='block_1_54' title="bbox 446 3404 2016 3483">
    <p class='ocr_par' dir='ltr' id='par_1_54' title="bbox 446 3404 2016 3483">
     <span class='ocr_line' id='line_1_54' title="bbox 446 3404 2016 3483; baseline 0.013 -28"><span class='ocrx_word' id='word_1_454' title='bbox 446 3404 649 3459; x_wconf 83' lang='lat' dir='ltr'><strong>debuit.</strong></span> <span class='ocrx_word' id='word_1_455' title='bbox 674 3404 1035 3462; x_wconf 88' lang='lat' dir='ltr'><strong>Commendat</strong></span> <span class='ocrx_word' id='word_1_456' title='bbox 1068 3409 1166 3465; x_wconf 85' lang='lat' dir='ltr'><strong>hoc</strong></span> <span class='ocrx_word' id='word_1_457' title='bbox 1193 3420 1247 3465; x_wconf 92' lang='lat' dir='ltr'><strong>et</strong></span> <span class='ocrx_word' id='word_1_458' title='bbox 1269 3415 1624 3483; x_wconf 88' lang='lat' dir='ltr'><strong>evangelista,</strong></span> <span class='ocrx_word' id='word_1_459' title='bbox 1665 3430 1787 3471; x_wconf 87' lang='lat' dir='ltr'><strong>cum</strong></span> <span class='ocrx_word' id='word_1_460' title='bbox 1828 3418 1960 3474; x_wconf 89' lang='lat' dir='ltr'><strong>dicit</strong></span> <span class='ocrx_word' id='word_1_461' title='bbox 2000 3438 2016 3476; x_wconf 88' lang='lat'><strong>:</strong></span> 
     </span>
    </p>
   </div>
   <div class='ocr_carea' id='block_1_55' title="bbox 446 3494 1945 3575">
    <p class='ocr_par' dir='ltr' id='par_1_55' title="bbox 446 3494 1945 3575">
     <span class='ocr_line' id='line_1_55' title="bbox 446 3494 1945 3575; baseline 0.011 -28"><span class='ocrx_word' id='word_1_462' title='bbox 446 3494 629 3549; x_wconf 84' lang='lat' dir='ltr'><strong>Prima</strong></span> <span class='ocrx_word' id='word_1_463' title='bbox 669 3507 842 3551; x_wconf 88' lang='lat' dir='ltr'><strong>autem</strong></span> <span class='ocrx_word' id='word_1_464' title='bbox 874 3499 959 3553; x_wconf 85' lang='lat' dir='ltr'><strong>die</strong></span> <span class='ocrx_word' id='word_1_465' title='bbox 994 3500 1316 3570; x_wconf 80' lang='lat' dir='ltr'><strong>Azymorum</strong></span> <span class='ocrx_word' id='word_1_466' title='bbox 1347 3503 1415 3558; x_wconf 67' lang='grc' dir='ltr'><strong>δί.</strong></span> <span class='ocrx_word' id='word_1_467' title='bbox 1944 3570 1945 3575; x_wconf 27' lang='grc' dir='ltr'><strong>η</strong></span> 
     </span>
    </p>
   </div>
   <div class='ocr_carea' id='block_1_56' title="bbox 514 3583 2019 3670">
    <p class='ocr_par' dir='ltr' id='par_1_56' title="bbox 514 3583 2019 3670">
     <span class='ocr_line' id='line_1_56' title="bbox 514 3583 2019 3670; baseline 0.013 -32"><span class='ocrx_word' id='word_1_468' title='bbox 514 3583 696 3640; x_wconf 87' lang='lat' dir='ltr'><strong>Prima</strong></span> <span class='ocrx_word' id='word_1_469' title='bbox 731 3603 859 3644; x_wconf 90' lang='lat' dir='ltr'><strong>vero</strong></span> <span class='ocrx_word' id='word_1_470' title='bbox 884 3589 1210 3659; x_wconf 84' lang='lat' dir='ltr'><strong>Azymornm</strong></span> <span class='ocrx_word' id='word_1_471' title='bbox 1240 3593 1499 3649; x_wconf 87' lang='lat' dir='ltr'><strong>solemnis</strong></span> <span class='ocrx_word' id='word_1_472' title='bbox 1532 3604 1649 3650; x_wconf 91' lang='lat' dir='ltr'><strong>erat</strong></span> <span class='ocrx_word' id='word_1_473' title='bbox 1680 3610 1745 3653; x_wconf 91' lang='lat' dir='ltr'><strong>ac</strong></span> <span class='ocrx_word' id='word_1_474' title='bbox 1794 3598 2019 3670; x_wconf 89' lang='lat' dir='ltr'><strong>legitimi</strong></span> 
     </span>
    </p>
   </div>
   <div class='ocr_carea' id='block_1_57' title="bbox 447 3674 2023 3762">
    <p class='ocr_par' dir='ltr' id='par_1_57' title="bbox 447 3674 2023 3762">
     <span class='ocr_line' id='line_1_57' title="bbox 447 3674 2023 3762; baseline 0.011 -32"><span class='ocrx_word' id='word_1_475' title='bbox 447 3674 694 3734; x_wconf 63' lang='lat' dir='ltr'><strong>Pascha.</strong></span> <span class='ocrx_word' id='word_1_476' title='bbox 749 3678 845 3736; x_wconf 91' lang='lat' dir='ltr'><strong>Sin</strong></span> <span class='ocrx_word' id='word_1_477' title='bbox 890 3698 1019 3739; x_wconf 88' lang='lat' dir='ltr'><strong>vero</strong></span> <span class='ocrx_word' id='word_1_478' title='bbox 1068 3684 1225 3739; x_wconf 91' lang='lat' dir='ltr'><strong>divus</strong></span> <span class='ocrx_word' id='word_1_479' title='bbox 1272 3684 1696 3754; x_wconf 83' lang='lat' dir='ltr'><strong>Chrysostomus</strong></span> <span class='ocrx_word' id='word_1_480' title='bbox 1743 3705 2023 3762; x_wconf 72' lang='lat' dir='ltr'><strong>esponens</strong></span> 
     </span>
    </p>
   </div>
   <div class='ocr_carea' id='block_1_58' title="bbox 445 3771 2020 3857">
    <p class='ocr_par' dir='ltr' id='par_1_58' title="bbox 445 3771 2020 3857">
     <span class='ocr_line' id='line_1_58' title="bbox 445 3771 2020 3857; baseline 0.013 -36"><span class='ocrx_word' id='word_1_481' title='bbox 445 3771 668 3835; x_wconf 84' lang='lat' dir='ltr'><strong>primam</strong></span> <span class='ocrx_word' id='word_1_482' title='bbox 727 3772 1075 3843; x_wconf 74' lang='lat' dir='ltr'><strong>Asymorum,</strong></span> <span class='ocrx_word' id='word_1_483' title='bbox 1138 3791 1259 3831; x_wconf 89' lang='lat' dir='ltr'><strong>eam</strong></span> <span class='ocrx_word' id='word_1_484' title='bbox 1325 3795 1446 3848; x_wconf 68' lang='lat' dir='ltr'><strong>qtae</strong></span> <span class='ocrx_word' id='word_1_485' title='bbox 1506 3783 1775 3851; x_wconf 67' lang='lat' dir='ltr'><strong>praecedat</strong></span> <span class='ocrx_word' id='word_1_486' title='bbox 1829 3800 2020 3857; x_wconf 86' lang='lat' dir='ltr'><strong>azyma</strong></span> 
     </span>
    </p>
   </div>
   <div class='ocr_carea' id='block_1_59' title="bbox 458 3859 2026 3943">
    <p class='ocr_par' dir='ltr' id='par_1_59' title="bbox 458 3859 2026 3943">
     <span class='ocr_line' id='line_1_59' title="bbox 458 3859 2026 3943; baseline 0.014 -31"><span class='ocrx_word' id='word_1_487' title='bbox 458 3859 617 3925; x_wconf 77' lang='lat' dir='ltr'><strong>dixit,</strong></span> <span class='ocrx_word' id='word_1_488' title='bbox 663 3860 788 3917; x_wconf 90' lang='lat' dir='ltr'><strong>ideo</strong></span> <span class='ocrx_word' id='word_1_489' title='bbox 834 3862 890 3918; x_wconf 90' lang='lat' dir='ltr'><strong>id</strong></span> <span class='ocrx_word' id='word_1_490' title='bbox 920 3866 1015 3929; x_wconf 90' lang='lat' dir='ltr'><strong>ait,</strong></span> <span class='ocrx_word' id='word_1_491' title='bbox 1051 3868 1176 3934; x_wconf 92' lang='lat' dir='ltr'><strong>quia</strong></span> <span class='ocrx_word' id='word_1_492' title='bbox 1221 3866 1423 3924; x_wconf 70' lang='lat' dir='ltr'><strong>Iudaeis</strong></span> <span class='ocrx_word' id='word_1_493' title='bbox 1451 3875 1783 3930; x_wconf 87' lang='lat' dir='ltr'><strong>consuetudo</strong></span> <span class='ocrx_word' id='word_1_494' title='bbox 1825 3886 1965 3943; x_wconf 87' lang='lat' dir='ltr'><strong>erat,</strong></span> <span class='ocrx_word' id='word_1_495' title='bbox 1995 3892 2026 3933; x_wconf 87' lang='lat' dir='ltr'><strong>a</strong></span> 
     </span>
    </p>
   </div>
   <div class='ocr_carea' id='block_1_60' title="bbox 366 3956 2027 4033">
    <p class='ocr_par' dir='ltr' id='par_1_60' title="bbox 366 3956 2027 4033">
     <span class='ocr_line' id='line_1_60' title="bbox 366 3956 2027 4033; baseline 0.016 -35"><span class='ocrx_word' id='word_1_496' title='bbox 366 3962 371 3965; x_wconf 89' lang='grc'><strong>·</strong></span> <span class='ocrx_word' id='word_1_497' title='bbox 450 3964 680 4017; x_wconf 84' lang='lat' dir='ltr'><strong>vespera</strong></span> <span class='ocrx_word' id='word_1_498' title='bbox 745 3967 963 4023; x_wconf 90' lang='lat' dir='ltr'><strong>semper</strong></span> <span class='ocrx_word' id='word_1_499' title='bbox 1025 3956 1242 4011; x_wconf 90' lang='lat' dir='ltr'><strong>initium</strong></span> <span class='ocrx_word' id='word_1_500' title='bbox 1302 3960 1409 4014; x_wconf 88' lang='lat' dir='ltr'><strong>diei</strong></span> <span class='ocrx_word' id='word_1_501' title='bbox 1463 3967 1937 4033; x_wconf 87' lang='lat' dir='ltr'><strong>computantibus,</strong></span> <span class='ocrx_word' id='word_1_502' title='bbox 1996 3983 2027 4024; x_wconf 88' lang='lat' dir='ltr'><strong>e</strong></span> 
     </span>
    </p>
   </div>
   <div class='ocr_carea' id='block_1_61' title="bbox 451 4041 2023 4120">
    <p class='ocr_par' dir='ltr' id='par_1_61' title="bbox 451 4041 2023 4120">
     <span class='ocr_line' id='line_1_61' title="bbox 451 4041 2023 4120; baseline 0.016 -30"><span class='ocrx_word' id='word_1_503' title='bbox 451 4051 679 4108; x_wconf 87' lang='lat' dir='ltr'><strong>vespera</strong></span> <span class='ocrx_word' id='word_1_504' title='bbox 713 4041 878 4095; x_wconf 89' lang='lat' dir='ltr'><strong>etiam</strong></span> <span class='ocrx_word' id='word_1_505' title='bbox 917 4042 1319 4101; x_wconf 85' lang='lat' dir='ltr'><strong>solemnitatem</strong></span> <span class='ocrx_word' id='word_1_506' title='bbox 1354 4053 1685 4120; x_wconf 87' lang='lat' dir='ltr'><strong>Azymorum</strong></span> <span class='ocrx_word' id='word_1_507' title='bbox 1724 4055 2023 4114; x_wconf 80' lang='lat' dir='ltr'><strong>inchoare:</strong></span> 
     </span>
    </p>
   </div>
   <div class='ocr_carea' id='block_1_62' title="bbox 451 4132 2030 4209">
    <p class='ocr_par' dir='ltr' id='par_1_62' title="bbox 451 4132 2030 4209">
     <span class='ocr_line' id='line_1_62' title="bbox 451 4132 2030 4209; baseline 0.015 -28"><span class='ocrx_word' id='word_1_508' title='bbox 451 4144 615 4198; x_wconf 90' lang='lat' dir='ltr'><strong>quam</strong></span> <span class='ocrx_word' id='word_1_509' title='bbox 644 4132 787 4185; x_wconf 91' lang='lat' dir='ltr'><strong>enim</strong></span> <span class='ocrx_word' id='word_1_510' title='bbox 820 4133 919 4201; x_wconf 89' lang='lat' dir='ltr'><strong>ipsi</strong></span> <span class='ocrx_word' id='word_1_511' title='bbox 954 4145 1186 4201; x_wconf 88' lang='lat' dir='ltr'><strong>noctem,</strong></span> <span class='ocrx_word' id='word_1_512' title='bbox 1217 4148 1422 4208; x_wconf 88' lang='lat' dir='ltr'><strong>partem</strong></span> <span class='ocrx_word' id='word_1_513' title='bbox 1457 4144 1717 4209; x_wconf 66' lang='lat' dir='ltr'><strong>praeteriti</strong></span> <span class='ocrx_word' id='word_1_514' title='bbox 1742 4146 1846 4202; x_wconf 90' lang='lat' dir='ltr'><strong>diei</strong></span> <span class='ocrx_word' id='word_1_515' title='bbox 1879 4163 2030 4204; x_wconf 89' lang='lat' dir='ltr'><strong>com-</strong></span> 
     </span>
    </p>
   </div>
   <div class='ocr_carea' id='block_1_63' title="bbox 453 4222 2030 4302">
    <p class='ocr_par' dir='ltr' id='par_1_63' title="bbox 453 4222 2030 4302">
     <span class='ocr_line' id='line_1_63' title="bbox 453 4222 2030 4302; baseline 0.015 -30"><span class='ocrx_word' id='word_1_516' title='bbox 453 4230 731 4288; x_wconf 88' lang='lat' dir='ltr'><strong>putamus,</strong></span> <span class='ocrx_word' id='word_1_517' title='bbox 763 4222 973 4277; x_wconf 89' lang='lat' dir='ltr'><strong>initium</strong></span> <span class='ocrx_word' id='word_1_518' title='bbox 1020 4227 1122 4280; x_wconf 90' lang='lat' dir='ltr'><strong>diei</strong></span> <span class='ocrx_word' id='word_1_519' title='bbox 1154 4244 1182 4280; x_wconf 91' lang='lat' dir='ltr'><strong>a</strong></span> <span class='ocrx_word' id='word_1_520' title='bbox 1216 4230 1349 4284; x_wconf 90' lang='lat' dir='ltr'><strong>solis</strong></span> <span class='ocrx_word' id='word_1_521' title='bbox 1378 4243 1501 4286; x_wconf 89' lang='lat' dir='ltr'><strong>ortu</strong></span> <span class='ocrx_word' id='word_1_522' title='bbox 1546 4232 1805 4292; x_wconf 79' lang='lat' dir='ltr'><strong>facientes</strong></span> <span class='ocrx_word' id='word_1_523' title='bbox 1830 4276 1845 4302; x_wconf 92' lang='lat'><strong>,</strong></span> <span class='ocrx_word' id='word_1_524' title='bbox 1888 4238 2030 4296; x_wconf 88' lang='lat' dir='ltr'><strong>hanc</strong></span> 
     </span>
    </p>
   </div>
   <div class='ocr_carea' id='block_1_64' title="bbox 456 4310 2031 4399">
    <p class='ocr_par' dir='ltr' id='par_1_64' title="bbox 456 4310 2031 4399">
     <span class='ocr_line' id='line_1_64' title="bbox 456 4310 2031 4399; baseline 0.013 -35"><span class='ocrx_word' id='word_1_525' title='bbox 456 4310 529 4364; x_wconf 91' lang='lat' dir='ltr'><strong>illi</strong></span> <span class='ocrx_word' id='word_1_526' title='bbox 578 4310 684 4366; x_wconf 90' lang='lat' dir='ltr'><strong>diei</strong></span> <span class='ocrx_word' id='word_1_527' title='bbox 734 4312 1013 4380; x_wconf 90' lang='lat' dir='ltr'><strong>sequentis</strong></span> <span class='ocrx_word' id='word_1_528' title='bbox 1061 4315 1272 4371; x_wconf 87' lang='lat' dir='ltr'><strong>initium</strong></span> <span class='ocrx_word' id='word_1_529' title='bbox 1303 4332 1622 4392; x_wconf 89' lang='lat' dir='ltr'><strong>computant</strong></span> <span class='ocrx_word' id='word_1_530' title='bbox 1649 4341 1663 4390; x_wconf 91' lang='lat'><strong>;</strong></span> <span class='ocrx_word' id='word_1_531' title='bbox 1694 4342 1858 4395; x_wconf 89' lang='lat' dir='ltr'><strong>quam</strong></span> <span class='ocrx_word' id='word_1_532' title='bbox 1901 4344 2031 4399; x_wconf 88' lang='lat' dir='ltr'><strong>ergo</strong></span> 
     </span>
    </p>
   </div>
   <div class='ocr_carea' id='block_1_65' title="bbox 456 4406 2030 4485">
    <p class='ocr_par' dir='ltr' id='par_1_65' title="bbox 456 4406 2030 4485">
     <span class='ocr_line' id='line_1_65' title="bbox 456 4406 2030 4485; baseline 0.012 -30"><span class='ocrx_word' id='word_1_533' title='bbox 456 4418 554 4457; x_wconf 87' lang='lat' dir='ltr'><strong>nos</strong></span> <span class='ocrx_word' id='word_1_534' title='bbox 582 4412 708 4459; x_wconf 89' lang='lat' dir='ltr'><strong>ante</strong></span> <span class='ocrx_word' id='word_1_535' title='bbox 754 4406 978 4475; x_wconf 84' lang='lat' dir='ltr'><strong>Azyma,</strong></span> <span class='ocrx_word' id='word_1_536' title='bbox 1029 4406 1105 4460; x_wconf 91' lang='lat' dir='ltr'><strong>illi</strong></span> <span class='ocrx_word' id='word_1_537' title='bbox 1160 4410 1387 4477; x_wconf 87' lang='lat' dir='ltr'><strong>primam</strong></span> <span class='ocrx_word' id='word_1_538' title='bbox 1438 4414 1768 4485; x_wconf 79' lang='lat' dir='ltr'><strong>Azymornm</strong></span> <span class='ocrx_word' id='word_1_539' title='bbox 1820 4419 2030 4475; x_wconf 83' lang='lat' dir='ltr'><strong>dicunt.</strong></span> 
     </span>
    </p>
   </div>
   <div class='ocr_carea' id='block_1_66' title="bbox 455 4493 2033 4569">
    <p class='ocr_par' dir='ltr' id='par_1_66' title="bbox 455 4493 2033 4569">
     <span class='ocr_line' id='line_1_66' title="bbox 455 4493 2033 4569; baseline 0.011 -23"><span class='ocrx_word' id='word_1_540' title='bbox 455 4493 727 4559; x_wconf 86' lang='lat' dir='ltr'><strong>Quocirca</strong></span> <span class='ocrx_word' id='word_1_541' title='bbox 761 4496 1093 4567; x_wconf 86' lang='lat' dir='ltr'><strong>evangelista</strong></span> <span class='ocrx_word' id='word_1_542' title='bbox 1142 4508 1359 4569; x_wconf 84' lang='lat' dir='ltr'><strong>quoque</strong></span> <span class='ocrx_word' id='word_1_543' title='bbox 1404 4505 1706 4560; x_wconf 90' lang='lat' dir='ltr'><strong>secundum</strong></span> <span class='ocrx_word' id='word_1_544' title='bbox 1739 4521 2033 4564; x_wconf 83' lang='lat' dir='ltr'><strong>consuetu-</strong></span> 
     </span>
    </p>
   </div>
   <div class='ocr_carea' id='block_1_67' title="bbox 457 4584 2029 4672">
    <p class='ocr_par' dir='ltr' id='par_1_67' title="bbox 457 4584 2029 4672">
     <span class='ocr_line' id='line_1_67' title="bbox 457 4584 2029 4672; baseline 0.013 -36"><span class='ocrx_word' id='word_1_545' title='bbox 457 4584 682 4651; x_wconf 87' lang='lat' dir='ltr'><strong>dinem,</strong></span> <span class='ocrx_word' id='word_1_546' title='bbox 748 4589 981 4656; x_wconf 82' lang='lat' dir='ltr'><strong>primam</strong></span> <span class='ocrx_word' id='word_1_547' title='bbox 1051 4589 1373 4672; x_wconf 70' lang='lat' dir='ltr'><strong>Azymorum</strong></span> <span class='ocrx_word' id='word_1_548' title='bbox 1458 4597 1788 4666; x_wconf 82' lang='lat' dir='ltr'><strong>appellavit,</strong></span> <span class='ocrx_word' id='word_1_549' title='bbox 1868 4617 2029 4671; x_wconf 90' lang='lat' dir='ltr'><strong>quam</strong></span> 
     </span>
    </p>
   </div>
   <div class='ocr_carea' id='block_1_68' title="bbox 459 4676 2033 4761">
    <p class='ocr_par' dir='ltr' id='par_1_68' title="bbox 459 4676 2033 4761">
     <span class='ocr_line' id='line_1_68' title="bbox 459 4676 2033 4761; baseline 0.013 -30"><span class='ocrx_word' id='word_1_550' title='bbox 459 4676 881 4748; x_wconf 88' lang='lat' dir='ltr'><strong>Chrysostomus</strong></span> <span class='ocrx_word' id='word_1_551' title='bbox 945 4692 1072 4739; x_wconf 87' lang='lat' dir='ltr'><strong>ante</strong></span> <span class='ocrx_word' id='word_1_552' title='bbox 1124 4687 1327 4755; x_wconf 82' lang='lat' dir='ltr'><strong>Azyma</strong></span> <span class='ocrx_word' id='word_1_553' title='bbox 1380 4688 1536 4755; x_wconf 81' lang='lat' dir='ltr'><strong>dixit,</strong></span> <span class='ocrx_word' id='word_1_554' title='bbox 1594 4707 1878 4761; x_wconf 60' lang='lat' dir='ltr'><strong>vestieram</strong></span> <span class='ocrx_word' id='word_1_555' title='bbox 1948 4695 2033 4751; x_wconf 85' lang='lat' dir='ltr'><strong>in-</strong></span> 
     </span>
    </p>
   </div>
   <div class='ocr_carea' id='block_1_69' title="bbox 2123 3413 3717 3483">
    <p class='ocr_par' dir='ltr' id='par_1_69' title="bbox 2123 3413 3717 3483">
     <span class='ocr_line' id='line_1_69' title="bbox 2123 3413 3717 3483; baseline -0.002 -15"><span class='ocrx_word' id='word_1_556' title='bbox 2123 3414 2507 3482; x_wconf 87' lang='lat' dir='ltr'><strong>fermentatis,</strong></span> <span class='ocrx_word' id='word_1_557' title='bbox 2557 3417 2640 3470; x_wconf 92' lang='lat' dir='ltr'><strong>vel</strong></span> <span class='ocrx_word' id='word_1_558' title='bbox 2694 3430 2756 3469; x_wconf 87' lang='lat' dir='ltr'><strong>ea</strong></span> <span class='ocrx_word' id='word_1_559' title='bbox 2822 3424 3103 3483; x_wconf 89' lang='lat' dir='ltr'><strong>utcunque</strong></span> <span class='ocrx_word' id='word_1_560' title='bbox 3162 3413 3542 3470; x_wconf 86' lang='lat' dir='ltr'><strong>circumferre.</strong></span> <span class='ocrx_word' id='word_1_561' title='bbox 3610 3413 3717 3465; x_wconf 78' lang='lat' dir='ltr'><strong>At-</strong></span> 
     </span>
    </p>
   </div>
   <div class='ocr_carea' id='block_1_70' title="bbox 2123 3506 3717 3577">
    <p class='ocr_par' dir='ltr' id='par_1_70' title="bbox 2123 3506 3717 3577">
     <span class='ocr_line' id='line_1_70' title="bbox 2123 3506 3717 3577; baseline -0.001 -18"><span class='ocrx_word' id='word_1_562' title='bbox 2123 3521 2228 3574; x_wconf 92' lang='lat' dir='ltr'><strong>que</strong></span> <span class='ocrx_word' id='word_1_563' title='bbox 2285 3507 2399 3563; x_wconf 92' lang='lat' dir='ltr'><strong>illic</strong></span> <span class='ocrx_word' id='word_1_564' title='bbox 2464 3508 2635 3575; x_wconf 89' lang='lat' dir='ltr'><strong>addit,</strong></span> <span class='ocrx_word' id='word_1_565' title='bbox 2682 3508 2807 3577; x_wconf 89' lang='lat' dir='ltr'><strong>quia</strong></span> <span class='ocrx_word' id='word_1_566' title='bbox 2849 3508 3099 3577; x_wconf 84' lang='lat' dir='ltr'><strong>ceguitus</strong></span> <span class='ocrx_word' id='word_1_567' title='bbox 3153 3507 3256 3560; x_wconf 92' lang='lat' dir='ltr'><strong>fuit</strong></span> <span class='ocrx_word' id='word_1_568' title='bbox 3322 3507 3379 3559; x_wconf 82' lang='lat' dir='ltr'><strong>in</strong></span> <span class='ocrx_word' id='word_1_569' title='bbox 3442 3506 3717 3573; x_wconf 69' lang='lat' dir='ltr'><strong>[rat-tione</strong></span> 
     </span>
    </p>
   </div>
   <div class='ocr_carea' id='block_1_71' title="bbox 2126 3599 2301 3669">
    <p class='ocr_par' dir='ltr' id='par_1_71' title="bbox 2126 3599 2301 3669">
     <span class='ocr_line' id='line_1_71' title="bbox 2126 3599 2301 3669; baseline 0.011 -18"><span class='ocrx_word' id='word_1_570' title='bbox 2126 3599 2301 3669; x_wconf 88' lang='lat' dir='ltr'><strong>panis.</strong></span> 
     </span>
    </p>
   </div>
   <div class='ocr_carea' id='block_1_72' title="bbox 2196 3687 3719 3760">
    <p class='ocr_par' dir='ltr' id='par_1_72' title="bbox 2196 3687 3719 3760">
     <span class='ocr_line' id='line_1_72' title="bbox 2196 3687 3719 3760; baseline -0.003 -17"><span class='ocrx_word' id='word_1_571' title='bbox 2196 3689 2256 3743; x_wconf 88' lang='lat' dir='ltr'><strong>ln</strong></span> <span class='ocrx_word' id='word_1_572' title='bbox 2305 3690 2418 3759; x_wconf 89' lang='lat' dir='ltr'><strong>ipsa</strong></span> <span class='ocrx_word' id='word_1_573' title='bbox 2453 3704 2670 3759; x_wconf 90' lang='lat' dir='ltr'><strong>quoque</strong></span> <span class='ocrx_word' id='word_1_574' title='bbox 2700 3690 3045 3760; x_wconf 88' lang='lat' dir='ltr'><strong>apparitione</strong></span> <span class='ocrx_word' id='word_1_575' title='bbox 3082 3687 3319 3751; x_wconf 86' lang='lat' dir='ltr'><strong>Domini,</strong></span> <span class='ocrx_word' id='word_1_576' title='bbox 3349 3701 3451 3756; x_wconf 91' lang='lat' dir='ltr'><strong>qua</strong></span> <span class='ocrx_word' id='word_1_577' title='bbox 3481 3688 3719 3755; x_wconf 74' lang='lat' dir='ltr'><strong>piscan-</strong></span> 
     </span>
    </p>
   </div>
   <div class='ocr_carea' id='block_1_73' title="bbox 2128 3779 3725 3851">
    <p class='ocr_par' dir='ltr' id='par_1_73' title="bbox 2128 3779 3725 3851">
     <span class='ocr_line' id='line_1_73' title="bbox 2128 3779 3725 3851; baseline -0.001 -18"><span class='ocrx_word' id='word_1_578' title='bbox 2128 3779 2270 3835; x_wconf 84' lang='lat' dir='ltr'><strong>tibus</strong></span> <span class='ocrx_word' id='word_1_579' title='bbox 2330 3782 2617 3850; x_wconf 87' lang='lat' dir='ltr'><strong>apparuit,</strong></span> <span class='ocrx_word' id='word_1_580' title='bbox 2675 3783 2937 3851; x_wconf 88' lang='lat' dir='ltr'><strong>scriptum</strong></span> <span class='ocrx_word' id='word_1_581' title='bbox 3004 3792 3090 3835; x_wconf 90' lang='lat' dir='ltr'><strong>est</strong></span> <span class='ocrx_word' id='word_1_582' title='bbox 3140 3780 3334 3845; x_wconf 85' lang='lat' dir='ltr'><strong>:Quia</strong></span> <span class='ocrx_word' id='word_1_583' title='bbox 3391 3781 3725 3833; x_wconf 82' lang='lat' dir='ltr'><strong>invenerunt</strong></span> 
     </span>
    </p>
   </div>
   <div class='ocr_carea' id='block_1_74' title="bbox 2128 3873 3723 3943">
    <p class='ocr_par' dir='ltr' id='par_1_74' title="bbox 2128 3873 3723 3943">
     <span class='ocr_line' id='line_1_74' title="bbox 2128 3873 3723 3943; baseline -0.001 -20"><span class='ocrx_word' id='word_1_584' title='bbox 2128 3888 2352 3943; x_wconf 85' lang='lat' dir='ltr'><strong>prunam</strong></span> <span class='ocrx_word' id='word_1_585' title='bbox 2404 3874 2652 3941; x_wconf 85' lang='lat' dir='ltr'><strong>positam,</strong></span> <span class='ocrx_word' id='word_1_586' title='bbox 2700 3882 2749 3927; x_wconf 91' lang='lat' dir='ltr'><strong>et</strong></span> <span class='ocrx_word' id='word_1_587' title='bbox 2806 3874 3001 3941; x_wconf 87' lang='lat' dir='ltr'><strong>piscem</strong></span> <span class='ocrx_word' id='word_1_588' title='bbox 3053 3873 3464 3942; x_wconf 85' lang='lat' dir='ltr'><strong>superpositum,</strong></span> <span class='ocrx_word' id='word_1_589' title='bbox 3504 3881 3561 3924; x_wconf 88' lang='lat' dir='ltr'><strong>et</strong></span> <span class='ocrx_word' id='word_1_590' title='bbox 3617 3887 3723 3939; x_wconf 82' lang='lat' dir='ltr'><strong>pa-</strong></span> 
     </span>
    </p>
   </div>
   <div class='ocr_carea' id='block_1_75' title="bbox 2127 3963 3727 4036">
    <p class='ocr_par' dir='ltr' id='par_1_75' title="bbox 2127 3963 3727 4036">
     <span class='ocr_line' id='line_1_75' title="bbox 2127 3963 3727 4036; baseline -0.004 -16"><span class='ocrx_word' id='word_1_591' title='bbox 2127 3981 2243 4020; x_wconf 86' lang='lat' dir='ltr'><strong>nem</strong></span> <span class='ocrx_word' id='word_1_592' title='bbox 2273 3965 2354 4021; x_wconf 58' lang='lat'><strong>“.’</strong></span> <span class='ocrx_word' id='word_1_593' title='bbox 2399 3966 2629 4020; x_wconf 88' lang='lat' dir='ltr'><strong>Constat</strong></span> <span class='ocrx_word' id='word_1_594' title='bbox 2687 3980 2816 4031; x_wconf 87' lang='lat' dir='ltr'><strong>ergo</strong></span> <span class='ocrx_word' id='word_1_595' title='bbox 2868 3979 3054 4036; x_wconf 85' lang='lat' dir='ltr'><strong>azyma</strong></span> <span class='ocrx_word' id='word_1_596' title='bbox 3105 3977 3293 4033; x_wconf 85' lang='lat' dir='ltr'><strong>panem</strong></span> <span class='ocrx_word' id='word_1_597' title='bbox 3349 3963 3727 4031; x_wconf 83' lang='lat' dir='ltr'><strong>evangelistas</strong></span> 
     </span>
    </p>
   </div>
   <div class='ocr_carea' id='block_1_76' title="bbox 2130 4052 3729 4125">
    <p class='ocr_par' dir='ltr' id='par_1_76' title="bbox 2130 4052 3729 4125">
     <span class='ocr_line' id='line_1_76' title="bbox 2130 4052 3729 4125; baseline -0.001 -17"><span class='ocrx_word' id='word_1_598' title='bbox 2130 4054 2453 4125; x_wconf 79' lang='lat' dir='ltr'><strong>appellasse,</strong></span> <span class='ocrx_word' id='word_1_599' title='bbox 2503 4054 2683 4123; x_wconf 86' lang='lat' dir='ltr'><strong>neque</strong></span> <span class='ocrx_word' id='word_1_600' title='bbox 2737 4056 2882 4109; x_wconf 89' lang='lat' dir='ltr'><strong>enim</strong></span> <span class='ocrx_word' id='word_1_601' title='bbox 2939 4056 3023 4109; x_wconf 90' lang='lat' dir='ltr'><strong>eis</strong></span> <span class='ocrx_word' id='word_1_602' title='bbox 3080 4054 3279 4109; x_wconf 85' lang='lat' dir='ltr'><strong>licebat</strong></span> <span class='ocrx_word' id='word_1_603' title='bbox 3342 4062 3552 4121; x_wconf 88' lang='lat' dir='ltr'><strong>septem</strong></span> <span class='ocrx_word' id='word_1_604' title='bbox 3620 4052 3729 4106; x_wconf 84' lang='lat' dir='ltr'><strong>illis</strong></span> 
     </span>
    </p>
   </div>
   <div class='ocr_carea' id='block_1_77' title="bbox 2131 4146 3730 4218">
    <p class='ocr_par' dir='ltr' id='par_1_77' title="bbox 2131 4146 3730 4218">
     <span class='ocr_line' id='line_1_77' title="bbox 2131 4146 3730 4218; baseline -0.001 -18"><span class='ocrx_word' id='word_1_605' title='bbox 2131 4147 2319 4202; x_wconf 89' lang='lat' dir='ltr'><strong>diebus</strong></span> <span class='ocrx_word' id='word_1_606' title='bbox 2365 4147 2753 4203; x_wconf 88' lang='lat' dir='ltr'><strong>fermentatum</strong></span> <span class='ocrx_word' id='word_1_607' title='bbox 2802 4162 2995 4218; x_wconf 87' lang='lat' dir='ltr'><strong>panem</strong></span> <span class='ocrx_word' id='word_1_608' title='bbox 3054 4146 3282 4213; x_wconf 82' lang='lat' dir='ltr'><strong>habere,</strong></span> <span class='ocrx_word' id='word_1_609' title='bbox 3335 4146 3419 4201; x_wconf 85' lang='lat' dir='ltr'><strong>vel</strong></span> <span class='ocrx_word' id='word_1_610' title='bbox 3470 4146 3730 4201; x_wconf 87' lang='lat' dir='ltr'><strong>circum-</strong></span> 
     </span>
    </p>
   </div>
   <div class='ocr_carea' id='block_1_78' title="bbox 2132 4236 3753 4294">
    <p class='ocr_par' dir='ltr' id='par_1_78' title="bbox 2132 4236 3753 4294">
     <span class='ocr_line' id='line_1_78' title="bbox 2132 4236 3753 4294; baseline 0 -1"><span class='ocrx_word' id='word_1_611' title='bbox 2132 4239 2296 4294; x_wconf 84' lang='lat' dir='ltr'><strong>ferre.</strong></span> <span class='ocrx_word' id='word_1_612' title='bbox 2527 4260 2538 4269; x_wconf 79' lang='lat'><strong>-</strong></span> <span class='ocrx_word' id='word_1_613' title='bbox 3745 4236 3753 4244; x_wconf 89' lang='grc'><em>’</em></span> 
     </span>
    </p>
   </div>
   <div class='ocr_carea' id='block_1_79' title="bbox 2203 4332 3731 4404">
    <p class='ocr_par' dir='ltr' id='par_1_79' title="bbox 2203 4332 3731 4404">
     <span class='ocr_line' id='line_1_79' title="bbox 2203 4332 3731 4404; baseline 0.001 -17"><span class='ocrx_word' id='word_1_614' title='bbox 2203 4332 2493 4400; x_wconf 72' lang='lat' dir='ltr'><strong>Praeterea,</strong></span> <span class='ocrx_word' id='word_1_615' title='bbox 2544 4334 2869 4390; x_wconf 88' lang='lat' dir='ltr'><strong>fermentum</strong></span> <span class='ocrx_word' id='word_1_616' title='bbox 2960 4348 3060 4404; x_wconf 91' lang='lat' dir='ltr'><strong>pro</strong></span> <span class='ocrx_word' id='word_1_617' title='bbox 3123 4333 3247 4389; x_wconf 92' lang='lat' dir='ltr'><strong>dolo</strong></span> <span class='ocrx_word' id='word_1_618' title='bbox 3297 4342 3351 4387; x_wconf 91' lang='lat' dir='ltr'><strong>et</strong></span> <span class='ocrx_word' id='word_1_619' title='bbox 3403 4334 3613 4387; x_wconf 85' lang='lat' dir='ltr'><strong>malitia</strong></span> <span class='ocrx_word' id='word_1_620' title='bbox 3678 4335 3731 4389; x_wconf 92' lang='lat' dir='ltr'><strong>in</strong></span> 
     </span>
    </p>
   </div>
   <div class='ocr_carea' id='block_1_80' title="bbox 2136 4424 3729 4494">
    <p class='ocr_par' dir='ltr' id='par_1_80' title="bbox 2136 4424 3729 4494">
     <span class='ocr_line' id='line_1_80' title="bbox 2136 4424 3729 4494; baseline -0.001 -15"><span class='ocrx_word' id='word_1_621' title='bbox 2136 4424 2413 4492; x_wconf 87' lang='lat' dir='ltr'><strong>Seriptura</strong></span> <span class='ocrx_word' id='word_1_622' title='bbox 2461 4427 2729 4494; x_wconf 80' lang='lat' dir='ltr'><strong>accipitur</strong></span> <span class='ocrx_word' id='word_1_623' title='bbox 2779 4445 2794 4481; x_wconf 89' lang='lat'>:</span> <span class='ocrx_word' id='word_1_624' title='bbox 2851 4428 3120 4481; x_wconf 85' lang='lat' dir='ltr'><strong>Attendite</strong></span> <span class='ocrx_word' id='word_1_625' title='bbox 3186 4427 3345 4491; x_wconf 87' lang='lat' dir='ltr'><strong>enim,</strong></span> <span class='ocrx_word' id='word_1_626' title='bbox 3402 4427 3604 4494; x_wconf 86' lang='lat' dir='ltr'><strong>inquit,</strong></span> <span class='ocrx_word' id='word_1_627' title='bbox 3694 4444 3729 4478; x_wconf 87' lang='lat' dir='ltr'><strong>a</strong></span> 
     </span>
    </p>
   </div>
   <div class='ocr_carea' id='block_1_81' title="bbox 2137 4516 3735 4586">
    <p class='ocr_par' dir='ltr' id='par_1_81' title="bbox 2137 4516 3735 4586">
     <span class='ocr_line' id='line_1_81' title="bbox 2137 4516 3735 4586; baseline 0.003 -18"><span class='ocrx_word' id='word_1_628' title='bbox 2137 4516 2391 4584; x_wconf 82' lang='lat' dir='ltr'><strong>fermento</strong></span> <span class='ocrx_word' id='word_1_629' title='bbox 2448 4516 2937 4583; x_wconf 37' lang='lat' dir='ltr'><strong>Pharisworumﬂ.</strong></span> <span class='ocrx_word' id='word_1_630' title='bbox 2998 4518 3064 4574; x_wconf 85' lang='lat' dir='ltr'><strong>Et</strong></span> <span class='ocrx_word' id='word_1_631' title='bbox 3116 4535 3132 4573; x_wconf 89' lang='lat'><strong>:</strong></span> <span class='ocrx_word' id='word_1_632' title='bbox 3189 4519 3478 4586; x_wconf 83' lang='lat' dir='ltr'><strong>Epulemur</strong></span> <span class='ocrx_word' id='word_1_633' title='bbox 3514 4536 3622 4571; x_wconf 82' lang='lat' dir='ltr'><strong>non</strong></span> <span class='ocrx_word' id='word_1_634' title='bbox 3678 4521 3735 4572; x_wconf 84' lang='lat' dir='ltr'><strong>in</strong></span> 
     </span>
    </p>
   </div>
   <div class='ocr_carea' id='block_1_82' title="bbox 2059 4607 3735 4704">
    <p class='ocr_par' dir='ltr' id='par_1_82' title="bbox 2059 4607 3735 4704">
     <span class='ocr_line' id='line_1_82' title="bbox 2059 4607 3735 4704; baseline 0.002 -44"><span class='ocrx_word' id='word_1_635' title='bbox 2059 4607 2394 4704; x_wconf 79' lang='lat' dir='ltr'><strong>Dfermento</strong></span> <span class='ocrx_word' id='word_1_636' title='bbox 2451 4609 2631 4672; x_wconf 85' lang='lat' dir='ltr'><strong>veleri,</strong></span> <span class='ocrx_word' id='word_1_637' title='bbox 2693 4626 2856 4680; x_wconf 86' lang='lat' dir='ltr'><strong>neque</strong></span> <span class='ocrx_word' id='word_1_638' title='bbox 2921 4611 2976 4665; x_wconf 86' lang='lat' dir='ltr'><strong>in</strong></span> <span class='ocrx_word' id='word_1_639' title='bbox 3049 4610 3308 4681; x_wconf 76' lang='lat' dir='ltr'><strong>fermento</strong></span> <span class='ocrx_word' id='word_1_640' title='bbox 3374 4611 3608 4665; x_wconf 80' lang='lat' dir='ltr'><strong>malitia:</strong></span> <span class='ocrx_word' id='word_1_641' title='bbox 3685 4623 3735 4664; x_wconf 86' lang='lat' dir='ltr'><strong>et</strong></span> 
     </span>
    </p>
   </div>
   <div class='ocr_carea' id='block_1_83' title="bbox 2137 4700 3731 4768">
    <p class='ocr_par' dir='ltr' id='par_1_83' title="bbox 2137 4700 3731 4768">
     <span class='ocr_line' id='line_1_83' title="bbox 2137 4700 3731 4768; baseline 0.001 -16"><span class='ocrx_word' id='word_1_642' title='bbox 2137 4700 2403 4766; x_wconf 66' lang='lat' dir='ltr'><strong>nequitiae.</strong></span> <span class='ocrx_word' id='word_1_643' title='bbox 2435 4700 2527 4753; x_wconf 86' lang='lat' dir='ltr'><strong>sed</strong></span> <span class='ocrx_word' id='word_1_644' title='bbox 2579 4701 2633 4753; x_wconf 81' lang='lat' dir='ltr'><strong>in</strong></span> <span class='ocrx_word' id='word_1_645' title='bbox 2670 4702 2874 4768; x_wconf 82' lang='lat' dir='ltr'><strong>azymis</strong></span> <span class='ocrx_word' id='word_1_646' title='bbox 2906 4701 3236 4754; x_wconf 87' lang='lat' dir='ltr'><strong>sinceritatis</strong></span> <span class='ocrx_word' id='word_1_647' title='bbox 3270 4709 3321 4753; x_wconf 89' lang='lat' dir='ltr'><strong>et</strong></span> <span class='ocrx_word' id='word_1_648' title='bbox 3372 4701 3617 4753; x_wconf 85' lang='lat' dir='ltr'><strong>veritatis</strong></span> <span class='ocrx_word' id='word_1_649' title='bbox 3645 4700 3731 4764; x_wconf 77' lang='grc'><strong>⁸⁶;</strong></span> 
     </span>
    </p>
   </div>
   <div class='ocr_carea' id='block_1_84' title="bbox 458 4770 3735 4863">
    <p class='ocr_par' dir='ltr' id='par_1_84' title="bbox 458 4770 3735 4863">
     <span class='ocr_line' id='line_1_84' title="bbox 458 4770 3735 4863; baseline 0.001 -23"><span class='ocrx_word' id='word_1_650' title='bbox 458 4770 681 4825; x_wconf 60' lang='lat' dir='ltr'><strong>Simiam</strong></span> <span class='ocrx_word' id='word_1_651' title='bbox 741 4774 962 4840; x_wconf 71' lang='grc' dir='ltr'><strong>νοίθηεν</strong></span> <span class='ocrx_word' id='word_1_652' title='bbox 1031 4777 1085 4831; x_wconf 83' lang='lat' dir='ltr'><strong>in</strong></span> <span class='ocrx_word' id='word_1_653' title='bbox 1152 4792 1262 4845; x_wconf 90' lang='lat' dir='ltr'><strong>qua</strong></span> <span class='ocrx_word' id='word_1_654' title='bbox 1329 4778 1589 4838; x_wconf 88' lang='lat' dir='ltr'><strong>Dominus</strong></span> <span class='ocrx_word' id='word_1_655' title='bbox 1655 4787 1829 4854; x_wconf 90' lang='lat' dir='ltr'><strong>prima</strong></span> <span class='ocrx_word' id='word_1_656' title='bbox 1894 4788 2037 4860; x_wconf 82' lang='lat' dir='ltr'><strong>Azy-</strong></span> <span class='ocrx_word' id='word_1_657' title='bbox 2136 4794 2262 4861; x_wconf 82' lang='lat' dir='ltr'><strong>quia</strong></span> <span class='ocrx_word' id='word_1_658' title='bbox 2317 4792 2483 4848; x_wconf 89' lang='lat' dir='ltr'><strong>etiam</strong></span> <span class='ocrx_word' id='word_1_659' title='bbox 2542 4804 2820 4862; x_wconf 90' lang='lat' dir='ltr'><strong>sumptum</strong></span> <span class='ocrx_word' id='word_1_660' title='bbox 2886 4809 2953 4848; x_wconf 79' lang='lat' dir='ltr'><strong>ex</strong></span> <span class='ocrx_word' id='word_1_661' title='bbox 3011 4808 3169 4849; x_wconf 87' lang='lat' dir='ltr'><strong>saera</strong></span> <span class='ocrx_word' id='word_1_662' title='bbox 3222 4790 3449 4863; x_wconf 81' lang='lat' dir='ltr'><strong>Virgine</strong></span> <span class='ocrx_word' id='word_1_663' title='bbox 3506 4792 3735 4845; x_wconf 87' lang='lat' dir='ltr'><strong>Domini</strong></span> 
     </span>
    </p>
   </div>
   <div class='ocr_carea' id='block_1_85' title="bbox 461 4866 2038 4940">
    <p class='ocr_par' dir='ltr' id='par_1_85' title="bbox 461 4866 2038 4940">
     <span class='ocr_line' id='line_1_85' title="bbox 461 4866 2038 4940; baseline 0.013 -24"><span class='ocrx_word' id='word_1_664' title='bbox 461 4879 670 4919; x_wconf 89' lang='lat' dir='ltr'><strong>morum</strong></span> <span class='ocrx_word' id='word_1_665' title='bbox 706 4866 1023 4937; x_wconf 85' lang='lat' dir='ltr'><strong>inchoante,</strong></span> <span class='ocrx_word' id='word_1_666' title='bbox 1069 4884 1194 4926; x_wconf 90' lang='lat' dir='ltr'><strong>cum</strong></span> <span class='ocrx_word' id='word_1_667' title='bbox 1227 4870 1510 4940; x_wconf 89' lang='lat' dir='ltr'><strong>discipulis</strong></span> <span class='ocrx_word' id='word_1_668' title='bbox 1559 4873 1767 4931; x_wconf 85' lang='lat' dir='ltr'><strong>Pascha</strong></span> <span class='ocrx_word' id='word_1_669' title='bbox 1807 4881 2038 4935; x_wconf 83' lang='lat' dir='ltr'><strong>mandu-</strong></span> 
     </span>
    </p>
   </div>
   <div class='ocr_carea' id='block_1_86' title="bbox 463 4958 629 5013">
    <p class='ocr_par' dir='ltr' id='par_1_86' title="bbox 463 4958 629 5013">
     <span class='ocr_line' id='line_1_86' title="bbox 463 4958 629 5013; baseline 0.018 -3"><span class='ocrx_word' id='word_1_670' title='bbox 463 4958 629 5013; x_wconf 83' lang='lat' dir='ltr'><strong>cavit.</strong></span> 
     </span>
    </p>
   </div>
   <div class='ocr_carea' id='block_1_87' title="bbox 2134 4884 3732 4954">
    <p class='ocr_par' dir='ltr' id='par_1_87' title="bbox 2134 4884 3732 4954">
     <span class='ocr_line' id='line_1_87' title="bbox 2134 4884 3732 4954; baseline -0.003 -15"><span class='ocrx_word' id='word_1_671' title='bbox 2134 4899 2338 4954; x_wconf 90' lang='lat' dir='ltr'><strong>corpus</strong></span> <span class='ocrx_word' id='word_1_672' title='bbox 2386 4887 2453 4939; x_wconf 88' lang='lat' dir='ltr'><strong>ab</strong></span> <span class='ocrx_word' id='word_1_673' title='bbox 2497 4885 2643 4939; x_wconf 89' lang='lat' dir='ltr'><strong>omni</strong></span> <span class='ocrx_word' id='word_1_674' title='bbox 2695 4885 2905 4954; x_wconf 89' lang='lat' dir='ltr'><strong>peccati</strong></span> <span class='ocrx_word' id='word_1_675' title='bbox 2944 4886 3068 4940; x_wconf 84' lang='lat' dir='ltr'><strong>labe</strong></span> <span class='ocrx_word' id='word_1_676' title='bbox 3099 4885 3400 4951; x_wconf 88' lang='lat' dir='ltr'><strong>sincerum,</strong></span> <span class='ocrx_word' id='word_1_677' title='bbox 3433 4884 3732 4948; x_wconf 88' lang='lat' dir='ltr'><strong>intactum,</strong></span> 
     </span>
    </p>
   </div>
   <div class='ocr_carea' id='block_1_88' title="bbox 2136 4976 3736 5046">
    <p class='ocr_par' dir='ltr' id='par_1_88' title="bbox 2136 4976 3736 5046">
     <span class='ocr_line' id='line_1_88' title="bbox 2136 4976 3736 5046; baseline -0.003 -14"><span class='ocrx_word' id='word_1_678' title='bbox 2136 4977 2476 5032; x_wconf 88' lang='lat' dir='ltr'><strong>inaccessum</strong></span> <span class='ocrx_word' id='word_1_679' title='bbox 2548 4976 2669 5042; x_wconf 91' lang='lat' dir='ltr'><strong>fuit,</strong></span> <span class='ocrx_word' id='word_1_680' title='bbox 2735 4976 2941 5031; x_wconf 87' lang='lat' dir='ltr'><strong>idcirco</strong></span> <span class='ocrx_word' id='word_1_681' title='bbox 3002 4976 3163 5046; x_wconf 90' lang='lat' dir='ltr'><strong>panis</strong></span> <span class='ocrx_word' id='word_1_682' title='bbox 3217 4991 3434 5046; x_wconf 90' lang='lat' dir='ltr'><strong>quoque</strong></span> <span class='ocrx_word' id='word_1_683' title='bbox 3493 4990 3736 5046; x_wconf 87' lang='lat' dir='ltr'><strong>azymus</strong></span> 
     </span>
    </p>
   </div>
   <div class='ocr_carea' id='block_1_89' title="bbox 532 5051 3735 5139">
    <p class='ocr_par' dir='ltr' id='par_1_89' title="bbox 532 5051 3735 5139">
     <span class='ocr_line' id='line_1_89' title="bbox 532 5051 3735 5139; baseline 0.002 -26"><span class='ocrx_word' id='word_1_684' title='bbox 532 5051 687 5116; x_wconf 76' lang='lat' dir='ltr'><strong>Quod</strong></span> <span class='ocrx_word' id='word_1_685' title='bbox 726 5052 770 5106; x_wconf 79' lang='lat' dir='ltr'><strong>Si</strong></span> <span class='ocrx_word' id='word_1_686' title='bbox 809 5055 1012 5109; x_wconf 74' lang='lat' dir='ltr'><strong>dictum</strong></span> <span class='ocrx_word' id='word_1_687' title='bbox 1045 5063 1130 5110; x_wconf 74' lang='lat' dir='ltr'><strong>est</strong></span> <span class='ocrx_word' id='word_1_688' title='bbox 1159 5071 1174 5108; x_wconf 85' lang='lat'><strong>:</strong></span> <span class='ocrx_word' id='word_1_689' title='bbox 1208 5054 1276 5109; x_wconf 83' lang='lat' dir='ltr'><strong>Et</strong></span> <span class='ocrx_word' id='word_1_690' title='bbox 1314 5056 1415 5123; x_wconf 77' lang='lat' dir='ltr'><strong>ipsi</strong></span> <span class='ocrx_word' id='word_1_691' title='bbox 1468 5073 1570 5111; x_wconf 83' lang='lat' dir='ltr'><strong>non</strong></span> <span class='ocrx_word' id='word_1_692' title='bbox 1619 5061 1932 5137; x_wconf 76' lang='lat' dir='ltr'><strong>introierunt</strong></span> <span class='ocrx_word' id='word_1_693' title='bbox 1984 5063 2041 5117; x_wconf 87' lang='lat' dir='ltr'><strong>in</strong></span> <span class='ocrx_word' id='word_1_694' title='bbox 2140 5070 2406 5124; x_wconf 91' lang='lat' dir='ltr'><strong>sincerior</strong></span> <span class='ocrx_word' id='word_1_695' title='bbox 2430 5084 2495 5124; x_wconf 90' lang='lat' dir='ltr'><strong>ac</strong></span> <span class='ocrx_word' id='word_1_696' title='bbox 2532 5068 2832 5139; x_wconf 89' lang='lat' dir='ltr'><strong>simplicior</strong></span> <span class='ocrx_word' id='word_1_697' title='bbox 2862 5085 2983 5125; x_wconf 91' lang='lat' dir='ltr'><strong>cum</strong></span> <span class='ocrx_word' id='word_1_698' title='bbox 3013 5070 3108 5135; x_wconf 90' lang='lat' dir='ltr'><strong>sit,</strong></span> <span class='ocrx_word' id='word_1_699' title='bbox 3152 5069 3351 5122; x_wconf 91' lang='lat' dir='ltr'><strong>merito</strong></span> <span class='ocrx_word' id='word_1_700' title='bbox 3383 5067 3433 5121; x_wconf 92' lang='lat' dir='ltr'><strong>in</strong></span> <span class='ocrx_word' id='word_1_701' title='bbox 3464 5066 3735 5120; x_wconf 73' lang='lat' dir='ltr'><strong>sacrificii</strong></span> 
     </span>
    </p>
   </div>
   <div class='ocr_carea' id='block_1_90' title="bbox 463 5143 2041 5211">
    <p class='ocr_par' dir='ltr' id='par_1_90' title="bbox 463 5143 2041 5211">
     <span class='ocr_line' id='line_1_90' title="bbox 463 5143 2041 5211; baseline 0.011 -20"><span class='ocrx_word' id='word_1_702' title='bbox 463 5143 794 5208; x_wconf 70' lang='lat' dir='ltr'><strong>prmtorium,</strong></span> <span class='ocrx_word' id='word_1_703' title='bbox 823 5154 879 5197; x_wconf 87' lang='lat' dir='ltr'><strong>ut</strong></span> <span class='ocrx_word' id='word_1_704' title='bbox 926 5144 1029 5199; x_wconf 72' lang='lat' dir='ltr'><strong>iion</strong></span> <span class='ocrx_word' id='word_1_705' title='bbox 1058 5148 1570 5211; x_wconf 78' lang='lat' dir='ltr'><strong>contaminarentur.</strong></span> <span class='ocrx_word' id='word_1_706' title='bbox 1604 5152 1693 5205; x_wconf 89' lang='lat' dir='ltr'><strong>sed</strong></span> <span class='ocrx_word' id='word_1_707' title='bbox 1730 5162 1785 5206; x_wconf 89' lang='lat' dir='ltr'><strong>ut</strong></span> <span class='ocrx_word' id='word_1_708' title='bbox 1812 5155 2041 5208; x_wconf 81' lang='lat' dir='ltr'><strong>mandu-</strong></span> 
     </span>
    </p>
   </div>
   <div class='ocr_carea' id='block_1_91' title="bbox 2141 5156 3735 5229">
    <p class='ocr_par' dir='ltr' id='par_1_91' title="bbox 2141 5156 3735 5229">
     <span class='ocr_line' id='line_1_91' title="bbox 2141 5156 3735 5229; baseline -0.001 -18"><span class='ocrx_word' id='word_1_709' title='bbox 2141 5159 2414 5214; x_wconf 83' lang='lat' dir='ltr'><strong>oblatione</strong></span> <span class='ocrx_word' id='word_1_710' title='bbox 2453 5172 2765 5229; x_wconf 83' lang='lat' dir='ltr'><strong>assumptus</strong></span> <span class='ocrx_word' id='word_1_711' title='bbox 2798 5159 2899 5214; x_wconf 92' lang='lat' dir='ltr'><strong>dici</strong></span> <span class='ocrx_word' id='word_1_712' title='bbox 2936 5170 3133 5229; x_wconf 87' lang='lat' dir='ltr'><strong>potest,</strong></span> <span class='ocrx_word' id='word_1_713' title='bbox 3178 5159 3229 5213; x_wconf 86' lang='lat' dir='ltr'><strong>in</strong></span> <span class='ocrx_word' id='word_1_714' title='bbox 3258 5173 3389 5229; x_wconf 88' lang='lat' dir='ltr'><strong>qua,</strong></span> <span class='ocrx_word' id='word_1_715' title='bbox 3413 5156 3735 5225; x_wconf 82' lang='lat' dir='ltr'><strong>Subjeclntn</strong></span> 
     </span>
    </p>
   </div>
   <div class='ocr_carea' id='block_1_92' title="bbox 465 5231 3732 5319">
    <p class='ocr_par' dir='ltr' id='par_1_92' title="bbox 465 5231 3732 5319">
     <span class='ocr_line' id='line_1_92' title="bbox 465 5231 3732 5319; baseline 0.006 -36"><span class='ocrx_word' id='word_1_716' title='bbox 465 5247 647 5286; x_wconf 83' lang='lat' dir='ltr'><strong>carent</strong></span> <span class='ocrx_word' id='word_1_717' title='bbox 672 5231 883 5288; x_wconf 78' lang='lat' dir='ltr'><strong>Pascha</strong></span> <span class='ocrx_word' id='word_1_718' title='bbox 909 5236 977 5301; x_wconf 77' lang='lat'><strong>&quot;,</strong></span> <span class='ocrx_word' id='word_1_719' title='bbox 1024 5250 1129 5291; x_wconf 93' lang='lat' dir='ltr'><strong>non</strong></span> <span class='ocrx_word' id='word_1_720' title='bbox 1168 5237 1289 5292; x_wconf 90' lang='lat' dir='ltr'><strong>ideo</strong></span> <span class='ocrx_word' id='word_1_721' title='bbox 1311 5241 1606 5307; x_wconf 88' lang='lat' dir='ltr'><strong>putandum</strong></span> <span class='ocrx_word' id='word_1_722' title='bbox 1661 5256 1767 5307; x_wconf 85' lang='lat' dir='ltr'><strong>est,</strong></span> <span class='ocrx_word' id='word_1_723' title='bbox 1806 5248 2042 5301; x_wconf 90' lang='lat' dir='ltr'><strong>nondum</strong></span> <span class='ocrx_word' id='word_1_724' title='bbox 2142 5249 2272 5304; x_wconf 90' lang='lat' dir='ltr'><strong>illud</strong></span> <span class='ocrx_word' id='word_1_725' title='bbox 2322 5251 2373 5305; x_wconf 92' lang='lat' dir='ltr'><strong>in</strong></span> <span class='ocrx_word' id='word_1_726' title='bbox 2449 5251 2791 5307; x_wconf 87' lang='lat' dir='ltr'><strong>Dominicum</strong></span> <span class='ocrx_word' id='word_1_727' title='bbox 2858 5260 3099 5307; x_wconf 89' lang='lat' dir='ltr'><strong>mutatur</strong></span> <span class='ocrx_word' id='word_1_728' title='bbox 3166 5266 3387 5319; x_wconf 87' lang='lat' dir='ltr'><strong>corpus.</strong></span> <span class='ocrx_word' id='word_1_729' title='bbox 3450 5250 3505 5303; x_wconf 90' lang='lat' dir='ltr'><strong>ld</strong></span> <span class='ocrx_word' id='word_1_730' title='bbox 3573 5251 3732 5303; x_wconf 89' lang='lat' dir='ltr'><strong>enim</strong></span> 
     </span>
    </p>
   </div>
   <div class='ocr_carea' id='block_1_93' title="bbox 466 5323 2041 5402">
    <p class='ocr_par' dir='ltr' id='par_1_93' title="bbox 466 5323 2041 5402">
     <span class='ocr_line' id='line_1_93' title="bbox 466 5323 2041 5402; baseline 0.01 -27"><span class='ocrx_word' id='word_1_731' title='bbox 466 5323 749 5379; x_wconf 70' lang='lat' dir='ltr'><strong>advénisse</strong></span> <span class='ocrx_word' id='word_1_732' title='bbox 802 5324 1053 5392; x_wconf 87' lang='lat' dir='ltr'><strong>Pascha;</strong></span> <span class='ocrx_word' id='word_1_733' title='bbox 1105 5328 1199 5383; x_wconf 89' lang='lat' dir='ltr'><strong>sed</strong></span> <span class='ocrx_word' id='word_1_734' title='bbox 1233 5329 1358 5398; x_wconf 88' lang='lat' dir='ltr'><strong>quia</strong></span> <span class='ocrx_word' id='word_1_735' title='bbox 1406 5327 1612 5386; x_wconf 85' lang='lat' dir='ltr'><strong>Judaeis</strong></span> <span class='ocrx_word' id='word_1_736' title='bbox 1645 5332 1851 5389; x_wconf 90' lang='lat' dir='ltr'><strong>licitum</strong></span> <span class='ocrx_word' id='word_1_737' title='bbox 1901 5348 2041 5402; x_wconf 87' lang='lat' dir='ltr'><strong>erat,</strong></span> 
     </span>
    </p>
   </div>
   <div class='ocr_carea' id='block_1_94' title="bbox 468 5414 2035 5487">
    <p class='ocr_par' dir='ltr' id='par_1_94' title="bbox 468 5414 2035 5487">
     <span class='ocr_line' id='line_1_94' title="bbox 468 5414 2035 5487; baseline 0.01 -18"><span class='ocrx_word' id='word_1_738' title='bbox 468 5414 644 5483; x_wconf 88' lang='lat' dir='ltr'><strong>ipsum</strong></span> <span class='ocrx_word' id='word_1_739' title='bbox 697 5417 751 5472; x_wconf 92' lang='lat' dir='ltr'><strong>in</strong></span> <span class='ocrx_word' id='word_1_740' title='bbox 799 5417 1127 5487; x_wconf 89' lang='lat' dir='ltr'><strong>quibusdam</strong></span> <span class='ocrx_word' id='word_1_741' title='bbox 1161 5422 1379 5478; x_wconf 90' lang='lat' dir='ltr'><strong>casibus</strong></span> <span class='ocrx_word' id='word_1_742' title='bbox 1415 5421 1652 5481; x_wconf 81' lang='lat' dir='ltr'><strong>differre.</strong></span> <span class='ocrx_word' id='word_1_743' title='bbox 1707 5425 1861 5484; x_wconf 92' lang='lat' dir='ltr'><strong>Sicut</strong></span> <span class='ocrx_word' id='word_1_744' title='bbox 1890 5430 2035 5485; x_wconf 91' lang='lat' dir='ltr'><strong>enim</strong></span> 
     </span>
    </p>
   </div>
   <div class='ocr_carea' id='block_1_95' title="bbox 542 5594 1048 5661">
    <p class='ocr_par' dir='ltr' id='par_1_95' title="bbox 542 5594 1048 5661">
     <span class='ocr_line' id='line_1_95' title="bbox 542 5594 1048 5661; baseline 0.012 -14"><span class='ocrx_word' id='word_1_745' title='bbox 542 5595 585 5626; x_wconf 81' lang='lat'>&quot;</span> <span class='ocrx_word' id='word_1_746' title='bbox 617 5594 806 5652; x_wconf 81' lang='lat' dir='ltr'><strong>Matth.</strong></span> <span class='ocrx_word' id='word_1_747' title='bbox 844 5613 898 5661; x_wconf 74' lang='grc' dir='ltr'><strong>ν,</strong></span> <span class='ocrx_word' id='word_1_748' title='bbox 956 5598 1048 5654; x_wconf 75' lang='lat' dir='ltr'><strong>l7.</strong></span> 
     </span>
    </p>
   </div>
   <div class='ocr_carea' id='block_1_96' title="bbox 1156 5568 2400 5673">
    <p class='ocr_par' dir='ltr' id='par_1_96' title="bbox 1156 5568 2400 5673">
     <span class='ocr_line' id='line_1_96' title="bbox 1156 5568 2400 5673; baseline 0.01 -17"><span class='ocrx_word' id='word_1_749' title='bbox 1156 5601 1203 5635; x_wconf 82' lang='grc'><strong>⁸⁸</strong></span> <span class='ocrx_word' id='word_1_750' title='bbox 1246 5568 1437 5658; x_wconf 64' lang='lat' dir='ltr'><strong>diatth.</strong></span> <span class='ocrx_word' id='word_1_751' title='bbox 1501 5621 1578 5672; x_wconf 90' lang='lat' dir='ltr'><strong>Ill,</strong></span> <span class='ocrx_word' id='word_1_752' title='bbox 1622 5608 1707 5665; x_wconf 80' lang='grc'><strong>15.</strong></span> <span class='ocrx_word' id='word_1_753' title='bbox 1810 5612 1854 5643; x_wconf 85' lang='grc'><strong>¹⁹</strong></span> <span class='ocrx_word' id='word_1_754' title='bbox 1902 5610 2091 5666; x_wconf 81' lang='lat' dir='ltr'><strong>Matth.</strong></span> <span class='ocrx_word' id='word_1_755' title='bbox 2126 5627 2275 5673; x_wconf 78' lang='lat' dir='ltr'><strong>xxu.</strong></span> <span class='ocrx_word' id='word_1_756' title='bbox 2308 5612 2400 5669; x_wconf 83' lang='lat'><strong>60.</strong></span> 
     </span>
    </p>
   </div>
   <div class='ocr_carea' id='block_1_97' title="bbox 468 5663 3194 5761">
    <p class='ocr_par' dir='ltr' id='par_1_97' title="bbox 468 5663 3194 5761">
     <span class='ocr_line' id='line_1_97' title="bbox 468 5663 3194 5761; baseline 0.008 -42"><span class='ocrx_word' id='word_1_757' title='bbox 468 5663 515 5697; x_wconf 72' lang='lat'>“</span> <span class='ocrx_word' id='word_1_758' title='bbox 545 5663 699 5721; x_wconf 81' lang='lat' dir='ltr'><strong>loan.</strong></span> <span class='ocrx_word' id='word_1_759' title='bbox 733 5684 884 5735; x_wconf 73' lang='lat' dir='ltr'><strong>svnt,</strong></span> <span class='ocrx_word' id='word_1_760' title='bbox 913 5668 1006 5725; x_wconf 76' lang='lat'><strong>‘28.</strong></span> <span class='ocrx_word' id='word_1_761' title='bbox 1037 5672 1081 5705; x_wconf 67' lang='grc'>⁸³</span> <span class='ocrx_word' id='word_1_762' title='bbox 1103 5674 1234 5730; x_wconf 88' lang='lat' dir='ltr'><strong>Luc.</strong></span> <span class='ocrx_word' id='word_1_763' title='bbox 1264 5692 1413 5743; x_wconf 81' lang='lat' dir='ltr'><strong>xxiv,</strong></span> <span class='ocrx_word' id='word_1_764' title='bbox 1441 5676 1532 5731; x_wconf 73' lang='lat'><strong>2|.</strong></span> <span class='ocrx_word' id='word_1_765' title='bbox 1566 5663 1577 5672; x_wconf 69' lang='grc'><em>’</em></span> <span class='ocrx_word' id='word_1_766' title='bbox 1610 5663 1835 5736; x_wconf 73' lang='lat' dir='ltr'><strong>&quot;.loan.</strong></span> <span class='ocrx_word' id='word_1_767' title='bbox 1870 5663 2088 5749; x_wconf 32' lang='grc' dir='ltr'>ιιι-ι,ήῶ</span> <span class='ocrx_word' id='word_1_768' title='bbox 2128 5663 2428 5740; x_wconf 14' lang='grc' dir='ltr'><strong>ἶέθῇίιιιῖιί.</strong></span> <span class='ocrx_word' id='word_1_769' title='bbox 2472 5663 2725 5761; x_wconf 33' lang='grc' dir='ltr'><strong>ηιμ-ϐξ-.</strong></span> <span class='ocrx_word' id='word_1_770' title='bbox 2750 5663 3021 5742; x_wconf 58' lang='grc' dir='ltr'><strong>δῖίᾞωὶῗ</strong></span> <span class='ocrx_word' id='word_1_771' title='bbox 3048 5701 3104 5753; x_wconf 88' lang='lat' dir='ltr'><strong>v,</strong></span> <span class='ocrx_word' id='word_1_772' title='bbox 3140 5687 3194 5742; x_wconf 90' lang='lat'><strong>8.</strong></span> 
     </span>
    </p>
   </div>
   <div class='ocr_carea' id='block_1_98' title="bbox 2143 5339 3734 5415">
    <p class='ocr_par' dir='ltr' id='par_1_98' title="bbox 2143 5339 3734 5415">
     <span class='ocr_line' id='line_1_98' title="bbox 2143 5339 3734 5415; baseline 0.001 -23"><span class='ocrx_word' id='word_1_773' title='bbox 2143 5339 2362 5409; x_wconf 89' lang='lat' dir='ltr'><strong>plenum</strong></span> <span class='ocrx_word' id='word_1_774' title='bbox 2416 5342 2641 5397; x_wconf 87' lang='lat' dir='ltr'><strong>rationis</strong></span> <span class='ocrx_word' id='word_1_775' title='bbox 2690 5352 2811 5410; x_wconf 90' lang='lat' dir='ltr'><strong>est,</strong></span> <span class='ocrx_word' id='word_1_776' title='bbox 2874 5353 2945 5411; x_wconf 74' lang='lat' dir='ltr'><strong>‘nt</strong></span> <span class='ocrx_word' id='word_1_777' title='bbox 2996 5345 3061 5397; x_wconf 90' lang='lat' dir='ltr'><strong>ad</strong></span> <span class='ocrx_word' id='word_1_778' title='bbox 3112 5344 3404 5415; x_wconf 73' lang='lat' dir='ltr'><strong>mysteria,</strong></span> <span class='ocrx_word' id='word_1_779' title='bbox 3452 5356 3572 5411; x_wconf 65' lang='lat' dir='ltr'><strong>quae</strong></span> <span class='ocrx_word' id='word_1_780' title='bbox 3632 5357 3734 5411; x_wconf 89' lang='lat' dir='ltr'><strong>per</strong></span> 
     </span>
    </p>
   </div>
   <div class='ocr_carea' id='block_1_99' title="bbox 2146 5431 3739 5505">
    <p class='ocr_par' dir='ltr' id='par_1_99' title="bbox 2146 5431 3739 5505">
     <span class='ocr_line' id='line_1_99' title="bbox 2146 5431 3739 5505; baseline 0.001 -21"><span class='ocrx_word' id='word_1_781' title='bbox 2146 5431 2432 5486; x_wconf 90' lang='lat' dir='ltr'><strong>sensibiles</strong></span> <span class='ocrx_word' id='word_1_782' title='bbox 2468 5432 2682 5502; x_wconf 87' lang='lat' dir='ltr'><strong>species</strong></span> <span class='ocrx_word' id='word_1_783' title='bbox 2723 5432 3033 5500; x_wconf 84' lang='lat' dir='ltr'><strong>traduntur,</strong></span> <span class='ocrx_word' id='word_1_784' title='bbox 3078 5434 3449 5505; x_wconf 88' lang='lat' dir='ltr'><strong>pretiosiores,</strong></span> <span class='ocrx_word' id='word_1_785' title='bbox 3500 5440 3557 5487; x_wconf 87' lang='lat' dir='ltr'><strong>et</strong></span> <span class='ocrx_word' id='word_1_786' title='bbox 3611 5447 3739 5499; x_wconf 76' lang='lat' dir='ltr'><strong>qua:</strong></span> 
     </span>
    </p>
   </div>
   <div class='ocr_carea' id='block_1_100' title="bbox 2514 5610 3727 5681">
    <p class='ocr_par' dir='ltr' id='par_1_100' title="bbox 2514 5610 3727 5681">
     <span class='ocr_line' id='line_1_100' title="bbox 2514 5610 3727 5681; baseline -0.004 -11"><span class='ocrx_word' id='word_1_787' title='bbox 2514 5614 2560 5648; x_wconf 74' lang='grc' dir='ltr'><strong>⁵ο</strong></span> <span class='ocrx_word' id='word_1_788' title='bbox 2590 5615 2725 5673; x_wconf 89' lang='lat' dir='ltr'><strong>Luc.</strong></span> <span class='ocrx_word' id='word_1_789' title='bbox 2768 5632 2904 5681; x_wconf 66' lang='grc' dir='ltr'>χιιι,</span> <span class='ocrx_word' id='word_1_790' title='bbox 2934 5616 3023 5672; x_wconf 77' lang='lat' dir='ltr'><strong>i5.</strong></span> <span class='ocrx_word' id='word_1_791' title='bbox 3126 5616 3171 5647; x_wconf 78' lang='grc'><strong>⁸¹</strong></span> <span class='ocrx_word' id='word_1_792' title='bbox 3204 5613 3398 5669; x_wconf 80' lang='lat' dir='ltr'><strong>Matth.</strong></span> <span class='ocrx_word' id='word_1_793' title='bbox 3430 5628 3581 5675; x_wconf 80' lang='lat' dir='ltr'><strong>xm,</strong></span> <span class='ocrx_word' id='word_1_794' title='bbox 3632 5610 3727 5665; x_wconf 71' lang='grc'><strong>17.</strong></span> 
     </span>
    </p>
   </div>
   <div class='ocr_carea' id='block_1_101' title="bbox 548 5804 3739 5898">
    <p class='ocr_par' dir='ltr' id='par_1_101' title="bbox 548 5804 3739 5898">
     <span class='ocr_line' id='line_1_101' title="bbox 548 5804 3739 5898; baseline -0.001 -17"><span class='ocrx_word' id='word_1_795' title='bbox 548 5806 840 5898; x_wconf 57' lang='grc' dir='ltr'><strong>ιξξυςεξεθ</strong></span> <span class='ocrx_word' id='word_1_796' title='bbox 872 5812 1384 5898; x_wconf 33' lang='lat' dir='ltr'><strong>Bel‘larqtjptlmlih.</strong></span> <span class='ocrx_word' id='word_1_797' title='bbox 1435 5818 1615 5898; x_wconf 46' lang='lat' dir='ltr'><strong>Nmpe</strong></span> <span class='ocrx_word' id='word_1_798' title='bbox 1670 5816 2029 5891; x_wconf 82' lang='lat' dir='ltr'><strong>Eucharistia,</strong></span> <span class='ocrx_word' id='word_1_799' title='bbox 2104 5836 2153 5879; x_wconf 88' lang='lat' dir='ltr'><strong>c.</strong></span> <span class='ocrx_word' id='word_1_800' title='bbox 2210 5824 2241 5878; x_wconf 89' lang='lat'><strong>7</strong></span> <span class='ocrx_word' id='word_1_801' title='bbox 2272 5820 2568 5898; x_wconf 50' lang='lat' dir='ltr'><strong>et&#39;seqqq</strong></span> <span class='ocrx_word' id='word_1_802' title='bbox 2618 5825 3023 5897; x_wconf 12' lang='lat' dir='ltr'><strong>Gennad.vpro</strong></span> <span class='ocrx_word' id='word_1_803' title='bbox 3093 5824 3325 5883; x_wconf 87' lang='lat' dir='ltr'><strong>concilio</strong></span> <span class='ocrx_word' id='word_1_804' title='bbox 3381 5804 3739 5890; x_wconf 85' lang='lat' dir='ltr'><strong>Florentino,</strong></span> 
     </span>
    </p>
   </div>
   <div class='ocr_carea' id='block_1_102' title="bbox 477 5876 1757 5945">
    <p class='ocr_par' dir='ltr' id='par_1_102' title="bbox 477 5876 1757 5945">
     <span class='ocr_line' id='line_1_102' title="bbox 477 5876 1757 5945; baseline 0.009 -12"><span class='ocrx_word' id='word_1_805' title='bbox 477 5876 833 5938; x_wconf 75' lang='lat' dir='ltr'><strong>llumbertuin</strong></span> <span class='ocrx_word' id='word_1_806' title='bbox 855 5893 1042 5940; x_wconf 84' lang='lat' dir='ltr'><strong>contra</strong></span> <span class='ocrx_word' id='word_1_807' title='bbox 1070 5884 1384 5942; x_wconf 83' lang='lat' dir='ltr'><strong>Michaelem</strong></span> <span class='ocrx_word' id='word_1_808' title='bbox 1419 5897 1471 5943; x_wconf 90' lang='lat' dir='ltr'><strong>et</strong></span> <span class='ocrx_word' id='word_1_809' title='bbox 1497 5886 1757 5945; x_wconf 80' lang='lat' dir='ltr'><strong>Nicetam.</strong></span> 
     </span>
    </p>
   </div>
   <div class='ocr_carea' id='block_1_103' title="bbox 1668 6110 1699 6137">
    <p class='ocr_par' dir='ltr' id='par_1_103' title="bbox 1668 6110 1699 6137">
     <span class='ocr_line' id='line_1_103' title="bbox 1668 6110 1699 6137; baseline 0 0"><span class='ocrx_word' id='word_1_810' title='bbox 1668 6110 1699 6137; x_wconf 62' lang='grc' dir='ltr'><strong><em>θ</em></strong></span> 
     </span>
    </p>
   </div>
  </div>
