3882 6552
164 380 245 441 225
1203 375 1607 438 ADVERSUS
1643 375 1965 440 GRECOS
2002 379 2152 443 LIB.
2194 383 2296 445 IV.

3247 380 3359 449 2'36

164 492 248 545 sint
275 487 429 559 magis
471 487 573 556 eis,
619 501 742 560 qua
774 496 1087 559 sumuntur,
1124 490 1543 546 accommodatae
1586 488 1686 548 eli-
1716 489 1764 569 ᾼ
1788 488 2029 547 Ecclesia
2059 503 2354 561 canuntur,
2395 500 2453 551 ut
2485 494 2616 551 illud
2643 511 2660 551 :
2694 494 2956 562 Quoniam
2987 496 3043 551 in
3067 495 3364 553 caelestibus

163 592 338 652 ptitur.

639 669 715 724 De
756 669 1156 728 dormientibus.

214 760 269 815 Et
335 760 434 815 hoc
511 761 644 817 item
702 761 1141 820 Occidentalibus
1216 763 1424 822 crimen
1492 764 1691 836 impin-

161 860 265 922 gunt
292 851 417 921 (85),
444 854 586 921 quod
620 869 717 909 eos
742 855 832 924 qui
869 855 979 910 vita
1005 856 1292 920 excedunt,
1325 857 1428 912 nisi
1466 867 1691 928 peccata

161 945 303 1011 aliqua
337 945 655 1012 impediant,
706 957 931 1003 sanctos
971 947 1155 1004 debita
1206 949 1464 1008 beatitate
1502 952 1688 1008 statim

163 1034 243 1089 frui
274 1035 467 1101 dicunt,
520 1046 576 1093 et
634 1048 1037 1111 consequenter
1089 1043 1407 1099 mortalibus
1454 1048 1690 1115 peccatis

162 1127 450 1190 obstrictos,
484 1140 650 1199 atque
698 1131 820 1187 ideo
857 1148 886 1186 a
937 1133 1272 1195 beatitudine
1317 1136 1590 1208 indignos,
1624 1141 1690 1195 ad

162 1227 355 1271 aeternos
380 1222 660 1277 cruciatus
690 1225 956 1291 pertrahi,
979 1229 1156 1296 quoad
1184 1227 1325 1284 facta
1354 1238 1690 1288 mortuorum

164 1310 233 1361 ills
282 1314 506 1379 generali
567 1319 1012 1387 resurrectione,
1076 1321 1287 1393 singula
1353 1322 1689 1392 singulorum

159 1400 409 1455 animabus
441 1404 729 1473 conjuncta
773 1423 1003 1479 corpora
1033 1427 1137 1466 una
1169 1413 1250 1469 vel
1286 1413 1534 1470 fruantur
1562 1431 1693 1484 gau-

159 1488 259 1554 diis,
285 1491 357 1545 vel
390 1495 669 1563 suppliciis
691 1498 1018 1557 aﬂiciantur.
1060 1503 1161 1570 Qui
1192 1515 1373 1560 autem
1402 1506 1454 1560 id
1484 1507 1691 1564 crimen

158 1580 404 1648 objiciunt,
448 1584 562 1641 sive
605 1590 778 1644 sacris
806 1590 1037 1649 Litteris
1072 1596 1423 1662 credendum,
1476 1600 1589 1653 sive
1623 1603 1692 1655 sit

158 1672 459 1729 observanda
495 1678 658 1760 ratio,
704 1682 913 1752 culpari
956 1685 1134 1754 potius
1181 1698 1477 1755 merentur,
1528 1704 1692 1760 quam

159 1763 344 1832 culpare
374 1767 473 1835 ipsi
506 1769 763 1828 debeant.
798 1774 938 1830 Nam
983 1777 1243 1835 Dominus
1268 1760 1508 1851 quidem,
1532 1788 1587 1838 ut
1626 1799 1690 1841 ex

158 1858 378 1925 pauperis
407 1857 621 1927 Lazari,
658 1872 714 1918 et
758 1864 944 1922 divitis
973 1870 1217 1939 epulonis
1259 1874 1517 1941 parabole
1558 1891 1688 1944 pro-

161 1947 324 2012 posita,
362 1952 674 2020 constat",
702 1959 829 2025 quia
868 1975 974 2014 non
1009 1962 1171 2017 verba
1208 1951 1325 2019 sine
1360 1964 1522 2023 rebus
1565 1983 1690 2038 pro«

162 2038 377 2130 ponebat,
427 2046 761 2105 concludens
813 2051 1014 2121 adjecit
1049 2070 1063 2108 :
1099 2046 1245 2125 quod
1295 2055 1534 2114 Lazarus
1569 2063 1691 2130 qui.

163 2128 259 2183 dem
300 2142 534 2191 mortuus
564 2138 633 2192 ab
678 2141 882 2208 angelis
928 2144 1158 2199 Abrahae
1186 2147 1397 2206 sinibus
1446 2128 1692 2211 invectus

163 2228 258 2288 est;
287 2235 518 2284 mortuus
547 2239 630 2284 est
660 2242 839 2289 autem
870 2246 925 2291 et
960 2237 1110 2294 dives
1141 2250 1195 2296 et
1225 2242 1489 2312 sepultus,
1528 2255 1691 2316 atque

164 2312 206 2367 in
234 2314 481 2375 ﬂammam
518 2324 673 2379 abiit.
707 2327 815 2382 Per
863 2345 987 2400 quae
1024 2342 1146 2402 post
1196 2344 1429 2391 mortem
1466 2312 1691 2397 alterius

168 2406 346 2471 quidem
383 2413 612 2481 requies,
636 2424 691 2470 et
717 2417 997 2476 beatitudo
1018 2423 1283 2495 signatur,
1309 2427 1535 2488 alterius
1560 2447 1690 2489 vero

164 2498 421 2564 cruciatus,
452 2504 661 2560 nullum
704 2508 866 2565 ﬁnem
902 2513 1135 2571 habens.

218 2588 509 2662 Quanquam
572 2608 628 2653 et
678 2600 733 2654 id
786 2605 928 2673 quod
986 2606 1056 2662 ad
1111 2609 1373 2668 latronem
1430 2615 1483 2669 in
1532 2629 1693 2674 cruce

163 2676 333 2777 dictum
361 2696 442 2740 est
472 2707 488 2743 :
526 2689 700 2746 Hodie
724 2708 924 2749 mecum
949 2700 1052 2753 eris
1080 2700 1133 2754 in
1167 2704 1419 2770 paradiso
1445 2704 1515 2770 “,
1545 2706 1689 2777 jam-

160 2766 250 2835 jam
283 2771 506 2831 futuram
543 2778 936 2839 beatitudinem
981 2766 1343 2846 commendat.
1395 2766 1564 2848 Divus
1599 2810 1695 2849 au-

165 2870 250 2915 tem
301 2864 488 2926 Paulus
537 2872 762 2930 dissolvi
807 2878 977 2948 cupit,
1025 2890 1079 2935 et
1113 2896 1234 2937 esse
1282 2898 1404 2939 cum
1450 2885 1690 2943 Christo.

164 2951 304 3047 tlujus
332 2959 402 3013 rei
450 2964 626 3031 gratia
660 2965 712 3020 id
760 2969 1051 3038 cupiebat?
1081 2967 1481 3042 Indemiscimus
1528 2979 1689 3047 enim,

166 3043 328 3113 inquit,
358 3051 573 3108 scientes
608 3059 857 3125 quoniam
904 3061 1027 3114 dum
1076 3079 1258 3117 sumus
1303 3066 1357 3120 in
1393 3068 1493 3122 hoc
1521 3043 1693 3124 tuber;

1791 582 2042 638 thalamis
2073 585 2292 656 gloriosi
2324 599 2581 657 martyres
2628 598 2851 642 exorant
2896 598 2968 654 te,
3002 588 3239 645 Domine.
3296 590 3365 647 Ει

1791 671 1962 729 illud:
2004 675 2270 748 Martyres
2299 678 2505 749 inclyti,
2542 695 2646 733 non
2684 686 2829 733 terra
2869 696 2958 735 vos
2990 680 3244 747 occuluit,
3271 681 3363 736 sed

1789 764 1978 820 caelum
2026 770 2278 840 suscepit.
2327 772 2539 840 Aperttu
2567 778 2689 824 sunt
2722 771 2863 826 vobis
2902 772 3144 839 paradisi
3174 783 3363 842 porta’,

1789 857 2031 925 intusque
2051 860 2438 925 accumbentes,
2464 862 2662 931 lignum
2691 862 2808 916 uitta
2829 864 3081 932 gustatis.
3106 862 3169 916 Et
3193 865 3320 917 illud
3346 881 3359 920 :

1794 947 2113 1004 Sanctorum
2164 953 2351 1007 chorus
2403 954 2525 1008 vita:
2561 954 2759 1022 fontem
2809 955 3022 1020 inuenit,
3058 966 3105 1009 et
3149 967 3357 1027 portum

1790 1040 2050 1109 paradisi.
2072 1041 2140 1095 Et
2161 1041 2293 1099 illud
2323 1059 2338 1097 :
2367 1043 2505 1107 Quia
2528 1060 2665 1098 nunc
2693 1045 2902 1100 assistis
2934 1044 3182 1100 Trinitati
3211 1048 3360 1118 felix,

1794 1133 2101 1201 interpellas
2143 1151 2240 1204 pro
2276 1135 2448 1206 nobis,
2480 1138 2571 1207 qui
2606 1137 2710 1205 ﬁde
2758 1148 2807 1193 et
2834 1137 3024 1206 aﬂ'ectu
3053 1142 3355 1195 memoriam

1793 1225 1874 1279 tui
1904 1242 2236 1283 veneramur.

1864 1315 2180 1389 Et_ubique
2232 1320 2453 1376 omnino
2504 1329 2732 1376 sanctos
2776 1321 2987 1390 angelis
3042 1323 3258 1386 adesse,
3311 1330 3363 1376 et

1800 1412 2165 1481 congaudere,
2214 1421 2270 1468 et
2301 1428 2409 1468 una
2438 1414 2667 1470 choreas
2714 1428 2876 1483 agere
2908 1414 3237 1468 conﬁtemur
3270 1428 3366 1467 ve-

1792 1515 2074 1568 nerantes,
2127 1515 2291 1575 atque
2324 1515 2380 1559 ut
2426 1521 2528 1577 pro
2579 1506 2734 1562 nobis
2765 1507 3129 1561 interveniant
3178 1520 3361 1575 precer

1793 1610 1939 1659 mur,
1980 1596 2123 1663 quod
2164 1595 2408 1664 profecto
2438 1612 2544 1652 non
2580 1598 2753 1662 ﬁeret,
2788 1598 2890 1653 nisi
2929 1607 3075 1654 esset
3114 1612 3366 1653 commn-

1794 1687 1880 1743 nis
1908 1688 2163 1745 Ecclesiae
2191 1689 2393 1758 opinio,
2416 1689 2578 1744 etiam
2610 1699 2737 1744 ante
2771 1688 3005 1745 futuram
3030 1700 3365 1744 mortuorum

1796 1779 2253 1843 resurrectionem
2316 1789 2535 1835 sanctos
2593 1780 3095 1857 omnesbeatitate
3136 1778 3381 1849 perfrui?

1790 1869 1942 1926 Alias
1971 1880 2152 1927 autem
2187 1872 2368 1927 miseri
2401 1871 2625 1926 omnino
2649 1882 2851 1935 essent,
2890 1872 2934 1926 si
2970 1873 3205 1940 reposita
3259 1872 3365 1928 sibi

1790 1963 1931 2019 bona
1961 1962 2149 2031 procul
2174 1963 2466 2029 intuentes,
2496 1974 2742 2033 prompte
2769 1977 2836 2018 ex
2867 1962 2971 2017 hac
3001 1962 3131 2027 vita,
3159 1974 3363 2019 etcum

1790 2053 2066 2123 voluptate
2090 2055 2409 2124 migrarent.

1793 2180 1797 2185 ι
1867 2141 2125 2207 Proinde,
2160 2143 2434 2208 quomodo
2474 2144 2781 2209 conveniat,
2816 2142 3032 2199 illorum
3082 2146 3266 2217 aliquo
3305 2148 3358 2201 in

1793 2233 1912 2301 loco
1935 2246 2181 2291 servatas
2204 2235 2417 2290 animas
2450 2245 2599 2290 tanto
2632 2246 2869 2304 tempore
2896 2231 3134 2308 prztniis
3164 2240 3362 2295 debitis

1793 2327 2061 2393 fraudari,
2088 2310 2284 2397 quibus
2306 2326 2569 2382 Dominus
2597 2328 2853 2398 gaudium
2886 2338 3149 2385 aternum
3176 2346 3363 2402 repro-

1793 2416 1962 2482 misit,
1992 2431 2236 2488 quosque
2279 2419 2632 2490 assumendus
2666 2419 2744 2473 ait
2773 2436 2787 2471 :
2828 2414 2912 2475 Ut'
2942 2420 3031 2475 ubi
3061 2421 3147 2475 ille
3183 2435 3279 2489 est,
3312 2434 3360 2478 et

1790 2506 1895 2576 ipsi
1927 2498 2030 2562 sint
2056 2508 2145 2562 "‘3
2196 2509 2301 2564 Sed
2334 2520 2387 2565 et
2430 2521 2553 2581 post
2592 2510 2732 2566 hanc
2766 2512 2933 2567 vitam
2967 2529 3089 2570 cum
3147 2517 3251 2573 fide
3308 2529 3365 2572 et

1792 2613 1890 2670 Spe
1953 2610 2246 2665 viveretur,
2278 2617 2399 2672 quas
2443 2603 2636 2659 beatus
2682 2603 2879 2660 Paulus
2918 2609 3250 2675 evacuanda,
3275 2624 3367 2665 so-

1792 2690 2007 2760 lamque
2037 2694 2359 2750 cltaritatem
2393 2711 2801 2766 permansuram
2832 2698 2969 2753 dixit
3017 2699 3071 2755 in
3123 2700 3365 2758 beatitu-
3402 2721 3407 2727 ο

1793 2782 1940 2847 dine,
1970 2799 2090 2853 qua:
2147 2785 2199 2839 in
2234 2785 2416 2840 divina
2453 2788 2827 2855 speculatione
2870 2792 3149 2847 consistit.
3199 2795 3364 2866 Atqui

1792 2887 1967 2943 neque
2003 2872 2270 2929 Dominus
2321 2875 2374 2930 id
2411 2876 2687 2945 voluisset,
2720 2892 2810 2943 ne,
2864 2879 2909 2933 si
2972 2880 3073 2950 ipsi
3124 2884 3364 2953 quidem,

1795 2966 1887 3035 qui
1925 2965 2161 3021 debitam
2210 2967 2597 3023 beatitudinem
2645 2972 2949 3041 percepturi
3000 2965 3147 3038 sunt,
3182 2976 3364 3033 minus

1793 3058 1953 3127 digne
1986 3058 2052 3112 ad
2082 3072 2202 3114 eam
2240 3059 2645 3130 percipiendam
2682 3076 2742 3118 se
2780 3077 3217 3132 comparassent,
3244 3069 3366 3139 ejus

168 3141 344 3207 uacula,
388 3149 789 3217 peregrinamur
838 3171 871 3209 α
920 3154 1148 3211 Domino
1181 3174 1202 3216 ε
1231 3173 1325 3226 ρετ
1357 3160 1517 3228 ﬁdem
1555 3165 1691 3218 εηεηι
1720 3165 1764 3223 α
1797 3164 2006 3203 summa
2040 3150 2375 3221 benignitate
2408 3152 2548 3210 ultra
2582 3153 2772 3208 merita
2805 3170 3022 3225 semper
3046 3158 3365 3222 inundante.

169 3232 481 3304 ambulamus,
522 3254 629 3295 non
685 3259 779 3311 per
824 3247 1051 3314 speciem
1089 3248 1138 3282 "
1179 3266 1194 3304 :
1228 3252 1463 3320 speciem
1507 3254 1694 3312 dicens

168 3324 458 3412 creditarum
514 3346 697 3388 rerum
747 3337 1103 3393 substantiam
1166 3351 1327 3412 atque
1384 3346 1690 3402 veritatem.

170 3408 381 3473 Profecto
415 3435 594 3478 autem
629 3426 732 3482 ista
764 3444 871 3483 non
912 3431 1137 3497 diceret,
1164 3434 1267 3488 nisi
1292 3448 1477 3506 aperte
1504 3439 1691 3506 sciret,

172 3517 267 3571 post
298 3508 594 3579 hnjusmodi
627 3516 1140 3591 peregrinationem,
1187 3528 1369 3584 carnis
1398 3544 1563 3586 onere
1592 3532 1689 3586 de-

172 3598 335 3666 posito,
368 3618 425 3658 se
447 3620 547 3674 per
577 3611 815 3679 speciem
846 3616 1150 3685 concupitis
1177 3618 1488 3677 fruiturum.
1520 3622 1692 3679 Aliter

170 3688 355 3759 Quippe,
407 3696 594 3753 vivere
649 3703 990 3770 praestitisset
1038 3721 1196 3773 quam
1234 3711 1395 3766 mori.
1449 3711 1583 3767 Nam
1637 3722 1693 3769 et

170 3779 378 3844 corporis
410 3780 477 3837 ad
510 3785 745 3841 animam
803 3793 1092 3851 connexio.
1131 3796 1296 3851 veluti
1353 3800 1592 3856 materia:
1625 3804 1691 3856 ad
1757 3788 1763 3792 ⁷

168 3869 367 3932 speciem
389 3875 688 3931 naturalem
718 3887 821 3935 est.
855 3880 1118 3940 Omnibus
1144 3896 1324 3942 autem
1356 3904 1541 3945 eorum
1569 3908 1694 3963 qua:

169 3963 425 4019 secundum
457 3975 707 4024 naturam
744 3982 891 4035 sunt,
943 3988 1006 4028 ac
1036 3977 1401 4047 propriorum,
1435 3980 1571 4036 inest
1603 3984 1694 4039 de-

168 4050 391 4110 siderium
447 4075 461 4114 :
516 4076 689 4132 neque
734 4065 914 4119 dirimi
952 4069 1219 4138 quispiam
1271 4086 1301 4125 a
1356 4075 1693 4133 naturalibus

166 4140 362 4201 vinculis
390 4149 638 4221 eligeret,
673 4155 775 4210 nisi
824 4166 944 4226 post
984 4158 1394 4216 dissolutionem
1430 4174 1692 4233 priestan-

169 4232 365 4327 tioribus
410 4258 468 4298 se
508 4243 798 4301 fruiturum
829 4252 1094 4317 crederet,
1121 4252 1488 4327 defunctoque
1539 4256 1694 4313 dolor

168 4322 357 4397 inesset,
393 4335 494 4392 nisi
525 4339 760 4405 speratis
787 4342 1073 4409 potiretur.

224 4420 463 4489 Ceterum
491 4443 614 4482 cum
646 4430 951 4497 huiusmodi
978 4448 1103 4503 spes
1131 4433 1283 4490 ﬁrma
1309 4436 1512 4492 sanctis
1538 4453 1691 4507 repoc

1799 3240 1949 3297 nullo
1978 3241 2067 3297 hic
2097 3243 2438 3314 prohibente,
2474 3245 2740 3314 promissa
2782 3246 2891 3304 illis
2935 3248 3077 3303 bona
3110 3265 3275 3319 penes
3306 3269 3367 3308 se

1798 3334 2081 3390 recondita
2134 3349 2377 3401 servare,
2434 3338 2683 3394 maeroris
2724 3355 2888 3395 causa
2943 3344 3060 3401 suis
3116 3344 3363 3412 en‘ectus,

1795 3427 2115 3497 meritisque
2159 3428 2278 3485 illos
2312 3428 2606 3486 honoribus
2641 3432 2880 3499 privans.

1867 3518 2003 3575 Nam
2045 3522 2090 3577 si
2121 3520 2374 3576 frustrari
2411 3522 2521 3577 line
2565 3538 2856 3580 mmrorem
2890 3528 3088 3597 ubique
3124 3542 3363 3600 prestat,

1796 3615 2066 3684 quomodo
2098 3629 2205 3669 non
2249 3614 2299 3669 id
2329 3616 2532 3671 sanctis
2564 3617 2815 3673 mter-oris
2842 3620 2948 3675 erit
2975 3635 3160 3692 causa,
3188 3639 3365 3695 eoque

1794 3706 1989 3775 magis,
2044 3722 2154 3777 quo
2208 3707 2314 3761 line
2366 3709 2602 3763 maximo
2656 3719 2818 3777 atque
2873 3711 3194 3781 dignissimo
3256 3734 3362 3773 non

1794 3796 2119 3867 potientur?
2180 3798 2407 3868 Semper
2461 3800 2605 3863 enim
2665 3802 2949 3872 cupientes
3001 3819 3263 3875 quaerent,
3309 3821 3363 3866 et

1798 3904 1907 3943 non
1937 3891 2207 3958 patientes
2231 3895 2553 3947 mterebunt.
2599 3891 2654 3947 Si
2688 3894 2830 3949 enim
2863 3897 2949 3951 hic
2982 3899 3363 3969 ingemiscant,

1795 3979 1885 4033 ubi
1939 3981 2353 4049 peregrinantur
2401 3999 2428 4035 a
2485 3983 2751 4050 Domino,
2807 3992 3076 4054 quomodo
3138 4008 3245 4048 non
3300 3994 3356 4050 id

1793 4075 1956 4127 etiam
2020 4082 2146 4142 post
2202 4085 2524 4142 prmsentem
2584 4078 2748 4132 vitam
2807 4082 3099 4150 patientur,
3156 4087 3199 4141 si
3254 4089 3363 4142 illic

1793 4164 1870 4219 eis
1917 4178 2035 4218 cum
2090 4164 2195 4218 lide
2245 4167 2405 4220 etiam
2450 4181 2515 4222 ac
2565 4182 2660 4237 spe
2710 4169 2997 4227 vivendum
3071 4177 3183 4230 sit?
3233 4177 3364 4244 Quae

1794 4256 2000 4323 omnia,
2048 4266 2245 4325 praeter
2294 4255 2899 4339 Scripturaenormam,
2933 4277 3245 4338 praeterque
3274 4288 3361 4327 ra-

1794 4345 1991 4402 tionent
2018 4357 2167 4403 sunt.

1870 4437 2043 4494 Porro
2071 4440 2117 4496 si
2149 4442 2271 4510 quis
2308 4442 2489 4495 divum
2522 4443 2745 4499 Paulum
2786 4446 3009 4513 obiiciat
3038 4450 3309 4509 dicentem
3346 4473 3361 4510 :

170 4508 252 4562 sita
286 4516 368 4578 sit,
403 4532 576 4585 neque
627 4521 679 4573 in
732 4535 914 4576 rerum
972 4528 1283 4581 substantia
1318 4542 1440 4582 esse
1494 4504 1689 4598 possit,
1724 4504 1767 4561 θ
1798 4528 1870 4583 Et
1900 4531 1956 4583 lii
2000 4548 2197 4596 omnes,
2224 4533 2392 4587 sancti
2424 4534 2636 4589 scilicet
2666 4538 2731 4591 de
2757 4539 2957 4605 quibus
2989 4541 3224 4608 dicebat,
3262 4562 3364 4600 non

171 4600 254 4654 nisi
279 4617 548 4672 separetur
577 4611 756 4665 anima
787 4627 817 4666 a
847 4628 1099 4685 corpore,
1144 4617 1444 4672 naturalem
1477 4618 1700 4686 conjun-

171 4692 368 4748 ctionem
420 4702 595 4754 sancti
653 4699 946 4773 fugientes,
996 4706 1405 4762 dissolutionem
1442 4708 1694 4778 cupiunt,

173 4790 217 4833 ut
246 4785 314 4838 eis
340 4787 611 4847 destructa
658 4796 910 4861 materia,
944 4797 1102 4853 liceat
1148 4815 1338 4855 eorum
1368 4815 1487 4869 quae
1518 4801 1697 4855 credi-

172 4870 351 4939 derunt,
378 4881 734 4937 substantiam
765 4886 1008 4954 recipere
1040 4904 1057 4941 :
1094 4889 1270 4962 donec
1296 4905 1392 4959 per
1427 4905 1694 4945 summam

174 4964 247 5020 Dei
274 4968 643 5045 benignitatem
698 4980 959 5035 naturalis
1012 4982 1174 5036 etiam
1206 4984 1515 5055 coniunctio
1555 4984 1695 5040 divi-

175 5058 269 5112 nius
296 5073 343 5116 et
369 5069 721 5124 excellentius
762 5072 974 5128 redeat.
1024 5074 1331 5129 Attestatur
1356 5084 1535 5130 autem
1582 5075 1689 5141 liis,

170 5160 214 5205 et
236 5157 359 5223 quod
387 5158 435 5211 in
466 5162 805 5218 testamentis
830 5180 860 5219 a
896 5163 1095 5235 Ioseph
1139 5167 1445 5236 patriarcha
1488 5166 1693 5223 dictum

172 5257 271 5323 est:
298 5251 587 5309 Moriuntur
616 5268 914 5327 peccatores
966 5270 1017 5314 et
1071 5261 1394 5317 descendunt
1440 5262 1495 5317 in
1533 5264 1697 5334 infer-

166 5353 291 5395 am.
319 5345 647 5404 Attestantur
691 5352 818 5409 item
873 5362 928 5409 et
968 5368 1087 5424 quae
1138 5356 1328 5412 diebus
1372 5356 1687 5427 singulisin

1802 4624 2034 4678 tulerunt
2075 4627 2550 4694 repromissionem,
2601 4627 2707 4682 Deo
2739 4632 2928 4687 melius
2958 4634 3166 4705 aliquid
3190 4641 3365 4706 ρνοιιξ.

1794 4716 1973 4779 dente,
2020 4732 2084 4769 ne
2146 4716 2256 4771 sine
2328 4718 2478 4772 nobis
2526 4720 2900 4787 perﬁcerentur
2918 4724 2963 4757 ⁵¹
2996 4741 3023 4795 ':
3062 4727 3367 4794 sciendum,

1795 4809 1919 4879 quia
1951 4809 2053 4863 hoc
2080 4810 2132 4862 in
2172 4812 2314 4875 loco,
2344 4812 2744 4879 per/ectionem,
2775 4815 2917 4869 dixit
2950 4818 3147 4873 anima:
3173 4835 3370 4890 corpo-

1797 4902 1983 4969 risque
2032 4900 2313 4966 unionem,
2360 4917 2480 4971 quae
2516 4904 2902 4961 universaliter
2941 4909 3046 4963 erit
3097 4910 3148 4965 in
3185 4912 3366 4970 futura

1795 5001 2132 5047 mortuorum
2168 4996 2590 5051 resurrectione.
2624 4996 2759 5052 Na‘m
2793 5002 3092 5058 secundum
3121 5009 3370 5074 corporis

1796 5093 2002 5153 partem
2030 5083 2206 5137 sancti
2240 5072 2469 5139 necdum
2508 5088 2643 5141 beati
2674 5098 2820 5156 sunt,
2862 5094 2986 5160 quia
3020 5096 3198 5162 ipsum
3224 5072 3367 5153 inec-

1798 5175 1926 5229 dum
1958 5174 2158 5228 habent
2207 5175 2588 5245 gloriﬁcatum,
2635 5181 2789 5250 juxta
2825 5185 3090 5241 rationem
3130 5188 3367 5245 beatitu-

1798 5264 1942 5320 dinis
1973 5266 2187 5321 animai.
2216 5265 2350 5321 Cum
2385 5283 2512 5323 vero
2556 5273 2679 5328 talis
2709 5275 2838 5329 unio
2881 5277 3005 5343 erit,
3041 5288 3165 5335 tunc
3200 5290 3356 5335 utra-

1797 5371 1904 5428 que
1930 5372 2060 5428 pars
2086 5358 2321 5414 hominis
2349 5361 2588 5431 perfecta
2627 5365 2772 5432 erit;
2801 5368 2940 5437 quod
2983 5384 3113 5440 ergo
3156 5372 3360 5428 dictum

228 5522 770 5601 "Luc.xvt,l9-3i.
849 5533 896 5566 ⁸⁸
955 5531 1384 5605 Lue.xxm,43.
1464 5537 1510 5570 η
1569 5536 1798 5607 llCor.,
1831 5556 1883 5608 v,
1920 5538 1974 5597 6.
2050 5538 2098 5572 '°
2123 5553 2283 5594 toan.
2335 5555 2446 5606 nv,
2481 5541 2536 5597 3.
2610 5544 2656 5577 ⁸⁸
2707 5542 2873 5602 Hebr.
2936 5561 3012 5613 ιι,
3060 5546 3245 5606 59-40.

176 5783 283 5839 dine.

229 5715 319 5785 (84)
350 5718 483 5791 Lege
541 5720 876 5779 Gennadium
925 5738 1023 5794 pro
1072 5720 1302 5785 concilio
1343 5727 1676 5796 Florentino,
1717 5742 1768 5785 c.
1796 5728 1850 5797 4,
1882 5737 1935 5786 et
1983 5727 2372 5786 Bellarminum
2430 5731 2575 5787 lib.t
2626 5730 2697 5787 De
2767 5746 3064 5787 sanctorum
3127 5736 3346 5792 beatitu-
