3920 6562
414 368 611 471 ,εει

1769 380 2169 444 MANUELIS
2211 379 2514 443 CALEC/E

3638 377 3742 445 228

498 504 585 551 est
622 512 637 550 :
677 493 785 548 Deo
830 507 928 563 pro
977 491 1123 546 nobis
1164 492 1355 546 melius
1397 492 1599 563 aliquid
1638 496 1965 563 providente,
2011 510 2075 549 uc
2102 499 2144 557 Α
2176 495 2392 565 quidem
2423 493 2773 549 satiabuntur
2794 500 2919 548 cum
2941 491 3254 562 apparuerit
3276 492 3355 546 eis
3376 492 3543 563 gloria
3578 493 3744 563 ipsius

420 600 423 601 '
502 589 614 641 sine
683 587 832 640 nobis
891 584 1257 654 perﬁciantur,
1325 585 1713 653 porreetiouetn
1776 586 2065 655 signiﬁcat,

504 693 669 747 quam
705 679 960 743 diximus,
983 689 1259 745 quamque
1282 675 1535 734 Patribus
1562 678 1617 732 in
1646 678 1840 748 spiritu
1863 680 2073 733 denun-

504 774 715 835 tiatum,
763 780 889 825 ante
941 769 1176 824 futuram
1232 771 1633 826 restitutionem
1687 787 1794 825 non
1833 770 2073 826 reddidit

499 864 620 917 sive
660 860 785 916 aliis
819 862 1045 926 sanctis,
1075 860 1248 917 donec
1276 861 1573 917 Jerusalem
1602 862 1693 917 illa
1722 862 1982 926 caelestis,
2005 876 2071 917 ex

497 953 583 1006 bis
611 953 703 1020 qui
751 963 878 1005 ante
910 952 1082 1021 legem
1116 964 1171 1007 et
1201 954 1252 1007 in
1287 955 1425 1023 lege,
1458 964 1511 1009 et
1563 954 1615 1007 in
1678 952 1828 1009 Νονο
1875 951 2071 1008 Testa-

499 1053 682 1095 mento
737 1052 885 1107 sunt,
921 1041 1232 1112 impleatur,
1279 1043 1433 1113 juxta
1481 1059 1733 1113 magnum
1784 1042 2073 1097 consilium

498 1134 617 1196 Dei,
647 1142 700 1187 et
732 1135 1231 1205 prazcoguitionem,
1286 1134 1722 1206 iueti‘abilemque
1753 1133 2073 1205 dispositio-

494 1241 644 1280 nem.

567 1318 863 1383 Quocirca,
918 1333 1094 1388 neque
1136 1318 1431 1387 putandum
1480 1327 1585 1381 est,
1644 1318 1688 1373 si
1745 1318 1930 1383 modo,
1980 1315 2071 1387 qui

494 1409 642 1476 digni
683 1421 809 1464 sunt
855 1409 1212 1474 beatitudine,
1255 1409 1467 1464 meritis
1513 1410 1750 1477 praemiis
1795 1408 2069 1476 fruantur,

495 1500 696 1553 nullam
729 1499 843 1569 jam
888 1498 1006 1554 fore
1053 1501 1435 1555 necessitatem
1492 1501 1723 1557 illustris
1774 1500 2073 1555 Salvatoris

497 1591 764 1643 adventus
799 1591 1008 1643 venturi
1063 1588 1315 1657 judicare
1375 1590 1658 1645 mundum.
1714 1586 1867 1645 Tunc
1928 1590 2071 1645 enim

497 1694 621 1735 cum
673 1681 845 1735 aderit
896 1690 1233 1734 mortuorum
1269 1682 1621 1745 resurrectio,
1663 1681 1873 1751 singula
1906 1682 2071 1737 etiam

494 1786 753 1841 corpora,
775 1772 927 1839 juxta
959 1772 1219 1841 cujusque
1249 1773 1443 1828 animae
1473 1774 1553 1826 vel
1588 1773 1956 1843 splendorem,
1987 1773 2069 1828 vel

2174 585 2467 656 perlectam
2521 586 2635 655 jam
2684 585 2848 639 etiam
2886 586 3184 639 secundum
3230 601 3429 654 corpus
3467 586 3744 641 consecuti

2174 679 2584 733 beatitudinem.
2617 678 2682 731 Et
2718 687 2905 731 contra
2953 677 3150 746 impios
3179 686 3233 731 ct
3272 678 3519 731 inﬁdeles
3546 678 3599 731 iu
3637 677 3745 733 cla-
3826 716 3829 719 ς

2174 770 2395 824 rissimo
2428 767 2702 839 triumpho
2734 769 2977 833 vincent,
3007 768 3384 837 t'riumphatori
3412 769 3744 839 procidenti-

2173 863 2273 917 bus
2320 859 2570 915 omnibus
2607 876 2623 915 :
2670 858 2859 914 Omnis
2894 859 3030 912 enim
3067 859 3249 928 lingua
3292 858 3648 925 confitebitur,
3696 867 3744 912 et

2174 969 2324 1007 omne
2345 968 2477 1022 genu
2499 951 2828 1020 curvabitur,
2875 952 3186 1017 calestium,
3212 952 3535 1005 terrestrium
3570 961 3619 1005 et
3659 950 3743 1003 in-

2174 1045 2444 1115 fernarum
2475 1044 2545 1099 ⁸³.
3652 1044 3653 1047 “

2243 1138 2345 1204 Qui
2392 1128 2570 1191 a‘utem
2616 1136 2899 1191 Dominum
2934 1136 3127 1206 gloriae
3149 1135 3564 1198 cruciﬁxerunt.
3594 1134 3663 1189 ob
3695 1134 3743 1190 id

2174 1232 2510 1301 solummodo
2550 1230 2700 1285 illum
2750 1232 2935 1286 videre
2977 1234 3379 1301 permittentnr,
3423 1238 3481 1285 ut
3513 1244 3744 1301 arguan-

2174 1332 2261 1378 tur
2291 1342 2306 1380 :
2342 1294 2599 1377 i’idebunt
2631 1324 2793 1385 enim.
2827 1325 2884 1377 in
2917 1294 3071 1393 quem
3114 1334 3449 1394 pupugerunt
3480 1321 3528 1355 ³⁸
3564 1294 3604 1376 εν
3623 1323 3745 1390 qui-

2174 1430 2280 1485 que
2309 1415 2359 1468 in
2393 1416 2493 1469 ltoc
2524 1415 2729 1470 mundo
2757 1415 3106 1483 praedicatum
3138 1430 3241 1470 non
3276 1423 3625 1485 receperunt.
3653 1414 3744 1469 sed

2175 1509 2226 1563 in
2279 1522 2380 1562 suo
2414 1521 2600 1577 errore
2631 1515 3075 1574 permanserunt,
3128 1506 3555 1562 confundentur.
3591 1505 3745 1558 Nun-

2173 1615 2333 1673 quam
2381 1612 2509 1654 vero
2561 1599 2863 1668 corporalia
2914 1597 3128 1652 Domini
3184 1599 3509 1653 lineamenta
3564 1596 3746 1651 videre

2174 1702 2416 1762 possent,
2459 1692 2559 1745 nisi
2596 1700 2651 1746 et
2701 1691 2800 1758 ipsi
2835 1705 3065 1761 corpora
3120 1707 3242 1756 sua,
3296 1691 3627 1760 illorumque
3676 1689 3747 1743 ef-

2174 1784 2347 1839 fectus
2409 1782 2607 1836 habere
2687 1781 3135 1850 permitterentur
3200 1791 3324 1851 post
3388 1779 3744 1836 resurrectio-

495 1865 906 1928 obscuritatem,
935 1864 1172 1933 praemiis
1198 1878 1349 1934 aequa
1408 1866 1757 1934 proportione
1792 1851 2146 1934 perfruen-B
2178 1891 2336 1941 nem,
2394 1874 2544 1940 juxta
2600 1872 2867 1944 cujusque
2929 1873 3122 1927 animae
3177 1874 3611 1942 praportionem.
3692 1881 3748 1927 ut

495 1966 608 2011 tur.
656 1956 948 2019 Praeterea,
1000 1958 1259 2021 quoniam
1313 1972 1433 2011 cum
1484 1957 1861 2027 corporalibus
1898 1957 2073 2011 linea-

497 2051 694 2104 mentis
729 2050 983 2103 adveniet
1012 2050 1064 2103 in
1096 2049 1288 2118 gloria,
1332 2064 1442 2103 non
1468 2051 1624 2103 sicut
1654 2051 1707 2103 iu
1758 2050 1924 2120 priori
1973 2051 2073 2106 ad-

495 2154 660 2195 ventu
694 2140 747 2194 in
792 2140 1115 2204 humilitate,
1154 2140 1467 2195 necessario
1498 2155 1688 2196 omnes
1725 2155 2074 2212 resurgentes

494 2234 550 2289 in
596 2247 765 2304 regno
789 2246 911 2288 cum
957 2231 1128 2303 gloria
1166 2232 1422 2289 videbunt
1453 2246 1598 2299 eum,
1640 2236 1858 2304 quando
1896 2235 2072 2292 sancti

2171 1984 2333 2039 supra
2390 1968 2592 2021 dictum
2653 1977 2772 2034 est,
2834 1981 2943 2037 quo
2990 1966 3139 2022 facto
3186 1984 3203 2024 :
3259 1967 3367 2019 Alii
3418 1968 3637 2037 quidem
3696 1967 3745 2019 in

2172 2060 2487 2129 supplicium
2526 2068 2803 2126 internum,
2857 2058 2954 2113 alii
3004 2073 3123 2113 vero
3177 2061 3233 2112 in
3282 2060 3446 2113 vitam
3494 2062 3747 2112 aeternam

2172 2149 2323 2203 ibunt
2344 2146 2411 2202 ⁸⁸.

1287 2442 1319 2476 ρ
1853 2398 1932 2455 De
1954 2399 2073 2469 igne
2106 2399 2422 2469 purgatorii.

576 2521 931 2576 Peccatorum
990 2532 1117 2573 vero
1139 2517 1243 2573 alia
1297 2517 1516 2588 quidem
1579 2513 1825 2570 mortalia
1883 2514 2067 2570 dicun-

500 2624 611 2679 tur,
658 2628 720 2667 ea
754 2588 985 2677 scilicet,
1032 2624 1151 2680 qua:
1179 2610 1372 2664 animae
1403 2618 1632 2663 mortem
1670 2608 1952 2672 inducunt,
1977 2619 2075 2659 cu-

492 2707 581 2763 ius
609 2719 755 2761 mors
810 2712 893 2758 est
934 2702 1216 2771 separatio
1251 2717 1279 2755 a
1312 2702 1457 2767 Deo;
1512 2700 1617 2754 alia
1669 2714 1797 2755 vero
1820 2698 2074 2764 venialia,

492 2812 730 2869 qumque
756 2796 963 2851 scilicet
988 2810 1179 2865 rugam
1214 2796 1430 2863 quidem
1477 2790 1741 2864 aliquam,
1773 2792 1856 2846 vel
1891 2806 2075 2845 macu-

490 2888 603 2942 lam
652 2889 844 2941 anima:
891 2886 1195 2953 imponunt,
1247 2898 1353 2938 non
1402 2891 1583 2937 tamen
1642 2882 1739 2947 ita,
1770 2890 1829 2936 ut
1884 2896 1980 2949 per
2007 2894 2068 2934 ea

481 2990 696 3031 .aaterna
748 2975 1006 3029 beatitate
1060 2983 1333 3028 arceatur.
1389 2972 1550 3026 Solus
1576 2973 1771 3041 quippe
1806 2972 2067 3025 Dominus

499 3078 686 3122 nostra
735 3066 1045 3121 conditione
1110 3075 1362 3133 suscepta
1425 3062 1542 3116 sine
1594 3070 1819 3132 peccato
1886 3061 2064 3126 vixit;

2260 2515 2413 2570 Ἐπεὶ
2441 2516 2496 2570 δὲ
2528 2515 2607 2585 (a)
2634 2514 2745 2567 τῶν
2782 2511 3199 2582 ἁμαρτημάτων
3228 2512 3297 2565 τὰ
3331 2512 3432 2581 μὲν
3459 2510 3740 2583 θανάσιμα

2175 2608 2449 2679 λέγονται,
2484 2609 2587 2661 ὅσα
2619 2607 2720 2678 τὴν
2742 2605 2922 2675 ψυχὴν
2942 2605 3313 2675 ἀποθνήσκειν
3341 2607 3506 2669 ποιεῖ,
3532 2601 3602 2677 ἧς
3633 2606 3745 2659 ἐστι

2175 2701 2401 2762 Θάνατος
2424 2701 2450 2751 ὁ
2474 2698 2583 2752 ἀπὸ
2600 2698 2692 2750 τοῦ
2713 2697 2848 2751 Θεοῦ
2880 2697 3184 2767 χωρισμὸς,
3216 2696 3285 2749 τὰ
3306 2694 3363 2749 δὲ
3392 2695 3746 2765 συγγνωστὰ,

2171 2793 2273 2845 ὅσα
2314 2792 2504 2862 ῥυτίδα
2555 2790 2680 2843 τινὰ
2716 2790 2812 2843 καὶ
2864 2790 3035 2860 ῥύπον
3076 2788 3321 2857 ἐντίθησι
3363 2790 3427 2858 τῇ
3468 2787 3646 2858 ψυχῇ,
3689 2788 3749 2839 οὗ

2178 2887 2287 2954 μὴν
2312 2883 2453 2937 ὥστε
2486 2882 2586 2953 τῆς
2634 2881 2856 2936 αἰωνίου
2891 2880 3299 2951 μακαριότητος
3342 2880 3633 2949 ετργεσοαι
3666 2880 3753 2931 διὶ
3859 2910 3863 2914 -

2173 2975 2368 3029 ταῦτα.
2397 2975 2503 3028 Καὶ
2535 2974 2695 3043 μόνος
2725 2971 2830 3042 μὲν
2854 2974 2881 3025 ὀ
2907 2971 3112 3041 Κύριος
3157 2970 3256 3041 τὴν
3280 2970 3553 3039 ἡμετέραν
3588 2970 3752 3038 φύσιν

2172 3066 2477 3129 ἀναλαϐὼν,
2498 3065 2876 3133 ἀναμάρτητος
2889 3062 3089 3125 διεϐίω,
3109 3061 3216 3113 τῶν
3233 3061 3285 3113 δὲ
3305 3059 3402 3112 ἀνθ
3412 3061 3613 3129 ρώπων
3628 3061 3755 3113 ἕκα-

488 3158 695 3229 singuli
753 3167 931 3211 autem
970 3156 1246 3210 hominum
1274 3155 1412 3208 alius
1441 3154 1561 3208 aliis
1593 3153 1832 3221 peccatis
1865 3161 2071 3205 tenetur

2181 3173 2301 3219 στος
2338 3157 2495 3218 ἄλλος
2522 3155 2702 3216 ἄλλοις
2728 3153 2840 3205 τῶν
2891 3151 3317 3222 ἁμαρτημάτων
3347 3150 3618 3219 ἐνέχεται.
3664 3142 3753 3201 Ἐν

479 3252 783 3307 obnoxius.
836 3249 895 3303 lu
924 3250 1161 3318 peccatis
1221 3247 1365 3301 enim
1401 3247 1508 3300 nati
1553 3261 1761 3309 sumus,
1801 3245 2075 3314 vitamque

495 3345 613 3400 sine
670 3354 893 3413 peccato
927 3342 1157 3395 transire
1193 3356 1296 3394 non
1324 3339 2077 3409 possunms,'quantumlibet

502 3435 689 3489 virtuti
759 3434 1093 3489 Studeamus.
1134 3432 1244 3485 Etsi
1267 3430 1410 3485 enim
1442 3431 1708 3500 quispiam
1760 3430 2076 3483 mortalibus

474 3524 784 3589 “abstineat,
829 3523 1128 3577 minoribus
1185 3532 1363 3576 tamen
1423 3522 1570 3575 illum
1621 3536 1728 3574 non
1792 3520 2072 3589 implicari,

499 3614 756 3684 possibile
804 3626 913 3667 non
943 3618 1066 3666 est:
1104 3626 1201 3680 pro
1235 3612 1437 3679 quibus
1465 3611 1708 3679 quotidie
1756 3618 1977 3664 orantes
2000 3609 2079 3663 di-

471 3707 705 3759 .cimus:
740 3704 952 3758 Dimitte
982 3705 1129 3758 nobis
1162 3704 1332 3758 debita
1361 3712 1544 3757 nostra
1569 3704 1616 3735 ⁸³
1647 3719 1662 3768 ;
1690 3701 2079 3771 quantumlibet

474 3797 643 3849 scnim
669 3797 896 3866 quisque
926 3796 1548 3865 peccaverit,miuimum
1582 3794 1731 3859 licet,
1754 3795 1926 3848 reatui
1951 3795 2079 3849 sub-

495 3889 665 3951 ditur,
724 3889 988 3957 hujusque
1049 3886 1352 3940 satisfactio
1404 3886 1807 3955 quomodoltbet
1842 3886 1916 3940 illi
1958 3900 2078 3956 per-

404 4056 407 4059 ,
498 3979 752 4034 solvenda
785 3988 888 4033 est.
928 3977 986 4032 Si
1015 3978 1140 4047 quis
1166 3980 1310 4032 enim
1344 3978 1661 4032 mortalibus
1694 3980 1929 4048 peccatis
1978 3978 2078 4033 ob-

500 4073 731 4136 noxius,
774 4072 898 4126 hinc
956 4071 1076 4125 sine
1121 4071 1441 4141 pcenitentia
1470 4073 1817 4135 discesserit,
1860 4072 2077 4126 ateruis

477 4166 778 4235 suppliciis
804 4167 1065 4220 subdctur
1094 4182 1110 4219 :
1145 4164 1246 4230 Qui
1293 4168 1428 4220 enim
1472 4167 1605 4219 talia
1622 4176 1801 4237 agunt,
1828 4167 1901 4219 ait
1933 4166 2078 4235 Apo-

498 4262 695 4325 stolus,
724 4274 939 4329 regnum
973 4259 1067 4312 Dei
1125 4275 1227 4312 non
1246 4259 1582 4329 possidebunt
1605 4260 1683 4321 ";
1713 4259 1908 4328 quibus
1948 4270 2077 4311 vero

475 4351 645 4405 nulla
671 4352 785 4421 jam
833 4352 1021 4406 salutis
1042 4353 1147 4405 erit
1168 4367 1316 4420 spes,
1341 4362 1733 4420 resurgentque
1756 4351 1811 4403 in
1830 4352 2077 4403 condem-

481 4444 797 4507 .natiouem,
822 4444 873 4497 in
909 4444 1157 4497 eumdem
1190 4458 1383 4498 rursus
1415 4443 1666 4496 redibunt
1695 4441 1894 4495 locum.

1122 4556 1135 4583 Ι

497 4717 836 4782 satisfaciat,
868 4718 982 4771 sive
1024 4719 1212 4781 etiam,
1241 4718 1402 4771 simul
1450 4728 1612 4785 atque
1642 4717 1924 4772 confessus
1953 4716 2070 4772 rue.

494 4819 592 4874 nt,
625 4812 910 4879 paenitens,
968 4810 1024 4864 in
1059 4812 1256 4879 quibus
1289 4810 1535 4878 peccavit
1559 4824 1624 4863 ex
1651 4812 1755 4862 vita
1792 4809 2064 4874 discedat,

494 4913 698 4957 interna
718 4904 933 4972 quidem
968 4902 1316 4956 damnatione
1347 4901 1609 4955 liberatur
1643 4916 1737 4970 per
1762 4915 2072 4954 sacramen-

502 5006 616 5048 tum
643 4996 992 5063 pmuiteutiae,
1016 4996 1067 5048 in
1090 4996 1190 5049 hoc
1213 4995 1358 5049 enim
1408 4995 1736 5061 poenitentia:
1768 4994 2065 5048 remedium

498 5089 766 5143 indultum
791 5097 893 5152 est;
917 5088 1075 5141 aliter
1104 5088 1302 5156 quippe
1336 5087 1480 5140 nulla
1517 5088 1704 5141 salutis
1733 5101 1855 5156 spes
1884 5087 2073 5141 fuisset

503 5180 613 5239 his,
644 5178 733 5245 qui
762 5178 815 5231 in
843 5178 947 5232 [ine
980 5180 1278 5246 ιιωιιίιοιιις
1315 5178 1548 5231 debitam
1576 5193 1703 5232 vero
1726 5189 2071 5247 peccatorum

499 5270 926 5325 satisfactiOnem
944 5273 1228 5341 persolvet.
1243 5275 1412 5337 Quam
1429 5273 1569 5325 enim
1586 5258 1812 5335 hic,sive
1828 5286 1922 5341 per
1936 5272 2080 5327 eice-

502 5376 811 5432 mOsynam,
835 5374 888 5416 ct
918 5364 1075 5416 aliam
1108 5362 1542 5425 beneﬁcentiam,
1572 5362 1683 5415 sive
1703 5361 2074 5441 perjcjnniutn

2105 4489 2153 4545 D

571 4620 745 4676 Porro
778 4626 823 4676 si
853 4621 976 4686 quis
1008 4620 1311 4683 confessus,
1352 4620 1663 4689 priusquam
1698 4633 1793 4688 pro
1830 4617 2068 4686 peccatis
2165 4633 2169 4636 ’

2175 3252 2582 3323 ἁμαρτίαιςγάρ
2605 3249 2998 3320 ἐγεννήθημεν,
3040 3246 3245 3301 καὶτὸν
3270 3246 3385 3315 βίον
3400 3245 3631 3298 δεὶθεῖν
3655 3245 3756 3298 οὐκ

2176 3347 2323 3399 ἔστιν
2340 3344 2762 3414 ἀναμαρτήτως,
2787 3342 2890 3395 κᾶν
2907 3340 2991 3408 ἐφ’
3006 3341 3129 3393 ὅσον
3156 3334 3249 3393 οὖν
3275 3338 3375 3407 τῆς
3398 3326 3605 3408 ἀρετῆς
3636 3336 3755 3406 ἐχε-

2177 3439 2301 3491 σθαι
2349 3436 2609 3507 βούλοιτο.
2658 3436 2722 3486 Ei
2764 3433 2875 3502 γὰρ
2932 3432 3042 3486 τῶν
3087 3430 3407 3500 θανασίμων
3457 3432 3756 3501 ἀπέχεται,

2176 3535 2287 3594 τοῖς
2328 3530 2439 3598 γὰρ
2468 3527 2820 3597 μικροτέροις
2852 3524 3113 3578 ἀδύνατον
3137 3524 3235 3592 ’μὴ
3267 3520 3572 3591 ἐνέχεσθαι,
3613 3523 3754 3593 ὑπὲρ

2177 3618 2252 3677 ὧν
2280 3619 2637 3676 καὶὸστισοῦν
2675 3618 2970 3688 εὐχόμενος
3024 3616 3271 3686 ἐνέχεται
3309 3614 3488 3682 λέγειν
3515 3631 3529 3645 ο
3564 3616 3759 3683 Ἄφες

2177 3714 2325 3784 ’ἡμῖν
2358 3714 2431 3767 τὰ
2470 3710 2845 3781 ὀφειλήματα
2875 3707 3065 3779 ἡμῶν.
3107 3708 3222 3775 Ἐφ’
3251 3709 3376 3759 ὅσον
3404 3708 3511 3774 γάρ
3543 3724 3634 3769 τις
3661 3705 3759 3758 καὶ

2177 3805 2431 3875 ὁπωσοῦν
2476 3804 2805 3874 ἁμαρτάνει,
2860 3800 3018 3869 ἑνοχῇ
3066 3798 3263 3870 ipson;
3310 3798 3624 3861 ὑπόκειται,
3661 3796 3783 3848 καὶ-

2176 3900 2274 3970 τὴν
2308 3897 2451 3968 ὑπὲρ
2496 3896 2689 3948 τούτου
2742 3894 3135 3961 ίκανοποίησιν,
3182 3892 3535 3958 ὁπωσδήποτε
3581 3901 3759 3946 κατα-

2177 3993 2394 4046 ϐάλλειν
2426 3989 2651 4057 ὀφείλει.
2685 3988 2748 4040 Εἰ
2776 3986 2872 4056 μέν
2896 4001 2981 4047 τις
3005 3984 3326 4051 θανασιμοις
3353 3982 3762 4063 ἁμαρτήμασιν

2177 4082 2540 4152 ὑποκείμενος
2590 4077 2684 4131 τοῦ
2717 4077 2985 4146 παρόντος
3038 4073 3331 4145 μετανοίας
3366 4072 3535 4142 χωρὶς
3572 4072 3760 4140 ἀπῆλ-

2177 4174 2291 4236 θεν,
2343 4173 2370 4223 ὁ
2416 4169 2482 4240 δὴ
2529 4168 2771 4229 τοιοῦτος
2826 4164 3058 4228 αἱωνίως
3119 4161 3461 4231 κριθήσεται.
3519 4162 3591 4213 οι
3643 4166 3764 4227 γὰρ

2176 4261 2454 4324 τοιοῦτοι,
2486 4260 2648 4328 φησὶν
2686 4259 2714 4310 ὁ
2759 4255 3100 4322 Ἀπόστολος,
3132 4253 3463 4319 ,βασιλειαν
3494 4252 3655 4305 Θεοῦ
3691 4253 3764 4304 οὐ

2177 4352 2779 4423 κληρονομήσουσιν.
2840 4349 2976 4416 Περὶ
3041 4342 3117 4401 ὦν
3182 4345 3411 4415 οὐδεμία
3477 4343 3765 4413 σωτηρίας

2178 4449 2352 4509 ἐλπις,
2384 4446 2479 4497 καὶ
2524 4446 2620 4514 τῆς
2659 4443 3009 4504 ἀναστάσεως
3060 4441 3154 4493 ini.
3188 4438 3512 4510 κατακρίσει
3566 4437 3767 4507 τυχόν-

2174 4555 2286 4601 τες,
2317 4536 2481 4590 πάλιν
2515 4536 2595 4599 είς
2627 4535 2718 4587 τὸν
2753 4534 2914 4587 αὑτὸν
2950 4532 3340 4586 ἀπελεύσονται
3380 4532 3571 4584 τόπον.

2247 4630 2307 4682 Ei
2337 4629 2394 4682 δέ
2425 4646 2509 4691 τις
2542 4620 3098 4696 ἐξομολογησάμενος,
3138 4623 3301 4695 πρινὴ
3342 4624 3440 4694 τὴν
3473 4624 3617 4693 ὑπὲρ
3653 4623 3769 4676 τῶν

2176 4721 2589 4793 ἁμαρτημάτων
2619 4715 2997 4785 ίκανοποίησιν
3027 4717 3406 4787 ἐκπληρῶσαι,
3434 4716 3482 4767 ει
3509 4722 3606 4767 καί
3641 4718 3769 4785 Ξιμα

2175 4817 2253 4884 τῷ
2304 4808 2806 4881 ἐξομολογήσασθαι
2853 4807 3238 4877 μετανοοῦντα,
3286 4806 3371 4875 ἐφ’
3406 4803 3487 4869 οἷς
3528 4808 3770 4878 ἥμαρτε

2177 4902 2518 4970 θανασίμοις,
2550 4897 2802 4951 ἐντεῦθεν
2829 4900 3197 4969 ἀναχωρήσει,
3223 4897 3325 4965 τῆς
3380 4896 3479 4966 μὲν
3524 4898 3772 4950 αίωνίου

2176 4993 2478 5060 καταδίκης
2512 4988 2806 5059 λυτροῦται
2846 4988 2935 5041 διὰ
2979 4990 3073 5041 τοῦ
3108 4988 3404 5058 μυστηρίου
3432 4988 3533 5058 τῆς
3584 5006 3775 5059 μετα-

2176 5085 2350 5146 νοίας.
2394 5083 2523 5137 Ἐπὶ
2547 5082 2725 5152 τούτῳ
2757 5084 2867 5150 γὰρ
2891 5082 2952 5133 τδ
2976 5081 3075 5149 τῆς
3107 5081 3399 5150 μετανοίας
3423 5084 3776 5153 κεχάρισται

2181 5177 2493 5246 φάρμακον.
2526 5174 2735 5237 ’Ἄλλως
2764 5179 2874 5246 γὰρ
2913 5174 3014 5227 οὐκ
3042 5174 3105 5227 ἂν
3136 5175 3432 5229 ἐλυσιτέλει
3455 5178 3569 5239 τοῖς
3603 5175 3673 5228 ἐν
3699 5177 3771 5246 τῇ

2181 5268 2344 5339 ἐξόδῳ
2399 5266 2741 5337 μετανοοῦσι,
2770 5268 2870 5336 τὴν
2919 5266 2976 5319 δὲ
3032 5266 3392 5336 ὀφειλομένην
3447 5265 3588 5336 ὑπὲρ
3652 5266 3775 5318 τῶν

2182 5360 2602 5430 ἁμαρτημάτων
2649 5359 3026 5428 ίκανοποίησιν
3052 5357 3350 5413 ἀποδώσει.
3390 5359 3495 5411 Ἦν
3525 5358 3645 5429 γὰρ
3683 5359 3777 5410 ἑν-

562 5478 618 5515 ς⁸¹
642 5476 881 5546 Philipp.
909 5494 970 5542 ll,
1009 5478 1093 5539 10,
1129 5478 1219 5531 il.‘
1289 5478 1334 5509 ⁸³
1359 5477 1516 5534 Juan.
1550 5493 1666 5541 ιιι,
1696 5478 1790 5559 57.
1862 5479 1909 5512 ⁵⁸
1937 5477 2066 5530 Matt

2181 5491 2293 5543 m,
2324 5476 2413 5532 46.
2491 5476 2538 5508 ιε
2571 5475 2861 5542 Matth.vr,
2893 5474 3373 5545 12631.net,
3415 5454 3421 5459 ’

568 5593 688 5665 \(85)
713 5592 853 5661 Lege
886 5594 943 5649 S.
975 5592 1237 5665 Thomam
1263 5596 1316 5647 in
1347 5610 1533 5664 opusc.
1588 5605 1784 5649 contra
1831 5593 2055 5665 Graeco-

502 5663 622 5721 rum
653 5678 865 5718 errores
895 5666 945 5735 in
971 5663 1298 5735 Bellarmiuo
1322 5665 1362 5718 Ι.
1387 5663 1729 5735 'DeAPuArgat.
1757 5675 1827 5735 et;
1843 5664 2059 5720 Genna-

504 5737 655 5789 diutn
681 5750 782 5803 pro
814 5732 1045 5789 concilio
1082 5734 1394 5788 Florentino
1419 5753 1448 5789 c
1480 5732 1532 5788 5.
1567 5732 1760 5788 Exstat
1790 5733 1976 5787 Graece
2012 5742 2067 5787 et

504 5807 697 5861 Latine
727 5805 862 5862 liber
912 5822 940 5860 tt
977 5806 1179 5863 Grecis
1224 5808 1402 5860 editus
1454 5816 1640 5859 contra
1694 5806 2067 5874 purgatorium

2163 5610 2324 5669 quem
2365 5594 2929 5669 tenebrisqnamluce
2951 5598 3253 5669 digniorem
3300 5597 3572 5668 evolgavit
3625 5598 3783 5655 Vul-

2179 5666 2371 5719 canius
2409 5664 2729 5721 Calvinista.

2252 5733 2331 5804 (a)
2360 5732 2513 5804 Hunc
2546 5737 2720 5788 lacum
2763 5735 2951 5791 Graec
2978 5754 3008 5791 e
3032 5737 3150 5790 lidit
3174 5736 3283 5791 Leo
3332 5738 3559 5793 Allatius
3593 5738 3663 5793 in
3720 5741 3790 5797 li-

2175 5805 2273 5860 bro
2307 5802 2378 5858 De
2418 5802 2757 5875 I’urgatorio,
2795 5824 2848 5877 ιι.
2891 5807 2977 5861 12.
3014 5807 3163 5863 Eutr.
