3882 6552
162 385 242 446 229
1192 381 1599 445 ADVERSUS
1638 383 1675 445 G

1782 382 1957 445 [COS
1994 383 2145 449 LIB.
2186 385 2260 446 ιν
2338 446 2345 451 .

3264 390 3376 456 230

157 497 308 561 ταοθα,
336 493 385 547 ετ
414 510 470 547 τε
522 495 592 549 δι’
626 495 1026 567 ὲλεημοσύνης,
1076 496 1173 552 καὶ
1210 497 1309 567 τῆς
1356 497 1527 569 ἄλλης
1578 499 1675 552 εὑ-

1782 507 1833 552 et
1850 497 2205 569 lacrymas,et
2228 493 2538 569 ltujnsmodi
2559 494 2911 561 amictionem
2932 497 3214 557 soluturus
3229 514 3372 563 erat.

157 592 314 653 ποιίας,
338 590 385 642 εί
407 606 464 644 τε
515 590 609 643 διὰ
640 591 918 661 νηστείας,
951 591 1041 644 καὶ
1081 592 1404 663 χαμευνίας,
1435 593 1530 645 καὶ
1582 591 1679 646 51-

155 683 427 752 κρύων,καὶ
459 683 560 751 τῆς
607 683 863 755 τοιαύτης
912 683 1219 747 κακώσεως
1260 684 1488 755 ἔμελλεν
1537 685 1677 737 ἀπο-

151 778 321 838 ίώιειν,
374 777 511 831 κατὰ
573 780 700 841 τοὺς
754 778 848 829 ἐπὶ
908 779 1030 840 τοῖς
1085 776 1480 847 ἁμαρτήμασιν
1536 776 1679 842 ὑπὲρ

152 869 534 939 ίιιανοποιήσεως
593 870 885 940 κειμένους
934 870 1041 923 τῶν
1110 870 1366 941 πατέρων
1424 870 1680 934 κανόνας,

147 963 327 1033 ταύτην,
380 965 427 1015 si
467 964 545 1033 μὴ
609 964 965 1035 συνεχωρήθη
1003 965 1124 1035 ζῇν,
1177 968 1320 1018 κατὰ.
1352 965 1452 1029 τὴν
1500 966 1681 1017 ἐκεῖσε

147 1054 341 1105 ῐιάθεσιν
374 1054 641 1107 ἀπελθεῖν
686 1056 984 1123 ἀποδώσει,
1016 1058 1121 1121 ἓως
1153 1057 1219 1110 ἂν
1270 1057 1414 1111 κατὰ
1458 1056 1557 1126 τὴν
1590 1053 1685 1108 τοῦ

146 1144 245 1198 Θεοῦ
265 1144 414 1214 χάριν
442 1146 542 1201 καὶ
564 1146 913 1218 δικαιοσύνην
946 1148 1352 1219 ἀπονιψάμενος
1382 1148 1469 1201 τὸν
1492 1149 1556 1199 ὲκ
1586 1146 1686 1215 τῆς

146 1235 368 1301 ἁμαρτίας
398 1235 866 1309 ὲμπεπλασμένον
890 1240 1041 1309 αὐτῷ
1068 1240 1264 1313 ῥύπον,
1314 1239 1408 1292 καὶ
1442 1238 1687 1306 καθαρὸς

144 1328 361 1393 κιὶᾶξιος
391 1329 491 1399 ἢδη
519 1332 835 1404 γενόμενος,
860 1333 1132 1401 ὲνωθῆναι
1153 1334 1231 1404 τῷ
1264 1332 1401 1402 Θεῷ,
1445 1334 1519 1403 μὴ
1545 1336 1684 1401 ἔχων

146 1418 298 1469 σπίλον
344 1417 374 1487 ἢ
416 1421 614 1488 ῥυτίδα
642 1421 743 1490 τῆς
792 1424 1202 1493 μακαριότητος
1233 1421 1510 1493 ἀπολαύῃ,
1544 1422 1682 1491 πρὸς

139 1510 191 1577 ἣν
222 1512 582 1583 κατηυθύνετο
644 1515 746 1585 μὲν
803 1516 912 1570 ἀπὸ
960 1517 1072 1570 τῶν
1122 1517 1405 1588 παρόντων
1453 1515 1540 1569 διὰ
1585 1514 1681 1567 τοῦ

137 1601 513 1672 τῆςμετανοῑας
562 1607 887 1678 φαρμάκου,
918 1609 1014 1693 καὶ
1063 1608 1172 1661 τῶν
1212 1607 1417 1661 λοιπιῖιν
1468 1622 1679 1675 μυστη-

1781 591 1938 660 juxta
1979 592 2192 660 regulas
2214 606 2244 645 a
2281 592 2493 647 sanctis
2520 590 2774 646 Patribus
2795 592 3001 662 positas
3022 608 3123 663 pro
3143 596 3371 651 satisfa-

1787 682 1966 737 ctione
1995 691 2363 749 peccatorum,
2392 683 2531 738 banc
2572 683 2672 738 nisi
2693 685 2878 739 vivens
2904 684 3130 756 implere
3146 692 3373 758 permit-
3436 718 3439 719 ν

1787 781 1954 838 tatur,
1975 780 2260 843 postquam
2280 775 2472 829 exierit
2491 790 2556 830 ex
2576 774 2708 841 vita,
2734 776 2945 844 reddet,
2964 781 3137 835 donec
3162 797 3256 850 per
3280 784 3371 839 Dei

1790 864 2042 933 gratiam,
2067 875 2119 919 et
2146 864 2438 937 justitiam,
2474 868 2684 936 peccati
2743 870 3055 941 cuntagiunt
3107 873 3208 927 sibi
3243 874 3375 929 insi-

1792 963 1904 1012 tum
1962 955 2198 1024 diluens,
2241 960 2584 1028 mundusque
2625 959 2738 1029 jam
2795 959 3042 1030 eﬂ‘ectus,
3082 978 3145 1019 ac
3180 967 3372 1036 dignus

1790 1047 1880 1116 qui
1925 1047 2149 1103 uniatur
2187 1049 2322 1114 Deo,
2351 1065 2456 1105 non
2489 1048 2699 1107 habens
2750 1053 3014 1109 maculam
3065 1071 3238 1125 neque
3274 1073 3368 1112 ru-

1790 1156 1935 1215 gam,
1960 1156 2023 1197 ea
2059 1143 2393 1201 beatitudine
2410 1142 2645 1211 fruatur,
2674 1144 2740 1198 ad
2773 1158 2933 1214 quam
2962 1150 3370 1216 praeparabatur

1791 1233 2007 1299 quidem
2051 1248 2147 1301 per
2189 1236 2528 1304 pmuitcntiae
2574 1239 2905 1299 remedium,
2939 1246 2993 1290 et
3026 1250 3367 1295 sacramenta

1790 1336 1986 1380 caetera
2036 1329 2101 1380 ab
2130 1336 2334 1383 aeterna
2382 1329 2729 1384 damnatione
2760 1345 2855 1398 per
2892 1332 3094 1390 Christi
3136 1334 3366 1403 gratiam

1790 1417 2076 1485 liberatus,
2123 1420 2388 1493 accedere
2448 1430 2626 1477 autem
2662 1423 3075 1494 prohibebatur,
3135 1429 3365 1484 necdum

1788 1507 2165 1566 satisfactione
2221 1511 2425 1578 debita,
2477 1514 2772 1571 secundum
2825 1517 3064 1574 divinam
3099 1519 3365 1589 justitiam

1786 1600 2027 1670 impleta.

140 1690 243 1758 ρξων
268 1690 359 1760 τῆς
384 1694 614 1748 αἰωνίου
644 1696 964 1764 καταδίκης,
980 1690 1081 1751 ’διὰ
1104 1695 1204 1765 τὴν
1229 1694 1323 1748 τοῦ
1352 1693 1488 1748 Θεοῦ
1520 1696 1681 1763 χάριν
1717 1690 2161 1763 λελυτρωμένος.
2207 1693 2517 1749 Ἐκωλύετο
2575 1695 2632 1750 δὲ
2677 1702 3020 1769 προσελθεῖν,
3079 1700 3224 1756 οὕτω
3265 1705 3370 1774 τῆς

138 1779 456 1856 ὀφειλομένης
510 1791 950 1861 ίκανοποιήσεως
998 1791 1141 1845 κατὰ
1171 1789 1269 1862 τὴν
1299 1790 1394 1843 τοῦ
1443 1788 1579 1843 Θεοῦ
1611 1784 1962 1854 δικαιοσύνην
1993 1789 2315 1858 γενομένης.

116 1908 119 1909 ν
193 1877 245 1929 El
272 1880 372 1948 γὰρ
400 1879 660 1951 ἐλεήμων
689 1884 719 1936 ὁ
750 1884 976 1954 Κύριος,
1009 1883 1147 1938 ἀλλὰ
1179 1884 1272 1936 καὶ
1318 1882 1548 1946 δίκαιος,
1585 1879 1675 1934 καὶ

1855 1877 1911 1931 Si
1945 1879 2091 1933 enim
2124 1880 2442 1951 misericors
2473 1893 2578 1948 e5t,
2609 1898 2674 1941 ac
2713 1886 2835 1953 pius
2862 1885 3143 1953 Dominus,
3181 1888 3368 1960 justus

137 1972 210 2039 θῦχ
234 1970 393 2036 οὕτως
430 1974 709 2045 ἐλεήμων,
735 1977 810 2040 ὡς
835 1977 935 2049 τὴν
964 1977 1131 2031 αὑτοῦ
1151 1977 1499 2043 δικαιοσύνην
1526 1976 1680 2029 ἀναι-

140 2063 347 2133 ρεῖσθαι·
380 2064 592 2119 Πάντα
628 2068 741 2136 γὰρ
794 2070 864 2123 ἐν
923 2060 1073 2139 ζυγῷ
1104 2070 1204 2124 καὶ
1236 2064 1481 2139 σταθμῷ
1528 2067 1679 2122 κατὰ

140 2153 224 2205 τὸν
256 2155 525 2211 Ἡσαΐαν.
556 2158 765 2222 Ἀλλως
783 2159 841 2213 δὲ
875 2161 970 2213 καὶ
1006 2160 1236 2231 μάταιον
1267 2156 1355 2231 ἦν,
1381 2159 1413 2230 ἢ
1447 2159 1678 2221 κανόνας

140 2247 396 2312 κακώσεως
458 2252 577 2314 τοῖς
630 2251 1147 2322 ἐξομολογουμένοις
1205 2253 1506 2307 ἐπιτιθέναι
1578 2251 1679 2320 τὴν

147 2338 458 2409 Ἐκκλησίαν,
488 2342 523 2414 ἤ
574 2345 704 2407 τοὺς
741 2344 1140 2412 μετανοοῦντας
1182 2340 1419 2416 τοσαύτῃ
1450 2343 1679 2407 ἑαυτοὺς

138 2432 445 2502 παραδιδόναι
474 2438 546 2505 τῇ
571 2430 865 2509 κακουχίᾳ,
903 2438 956 2501 εί
986 2454 1049 2506 γε
1088 2437 1187 2508 τὴν
1233 2436 1414 2489 αὐτῶν
1447 2437 1679 2506 ἀνομίαν

140 2522 254 2587 imi
283 2526 436 2596 μόνον
462 2529 748 2595 εἰπόντας,
790 2531 958 2601 ἐχρῆν
986 2529 1345 2599 μηδοπωσοῦν
1380 2529 1669 2601 ἐνέχεσθαι

140 2614 289 2672 πλέον.
326 2618 489 2672 Ἀλλὰ
523 2620 689 2688 δῆλον
738 2622 814 2686 ὡς
848 2621 1233 2695 ἀντισηκοῦσαλ
1264 2626 1377 2686 τοῖς
1423 2623 1680 2693 ἁμαρτή-

130 2710 245 2775 μασι
266 2711 356 2781 τὴν
387 2714 476 2767 διὰ.
517 2716 818 2783 μετανοίας
858 2717 1125 2780 κάκωσιν,
1165 2715 1261 2770 καὶ
1290 2714 1388 2787 τὴν
1438 2715 1677 2770 ἐνταῦθα

138 2800 368 2873 κάθαρσιν
414 2807 837 2880 ἐπιτομωτέραν
895 2812 991 2863 καὶ
1028 2812 1370 2881 κουφοτέραν
1399 2809 1499 2879 τῆς
1538 2808 1680 2879 μετὰ

140 2893 276 2945 ταῦτα
311 2897 671 2972 ὀφειλομένης
706 2902 967 2973 κρίνουσα
995 2901 1063 2956 τὰ
1094 2902 1322 2957 τοιαῦτα
1358 2905 1469 2965 τοῖς
1499 2904 1680 2972 ἀμαρ-

140 2988 339 3055 τήμασιν
371 2993 707 3061 ἐπιτίθησιν.
740 2996 850 3049 Καὶ
883 2994 989 3068 μὴν
1014 2997 1107 3050 καὶ
1141 2999 1187 3049 οἱ
1230 2996 1316 3050 διὰ
1351 2996 1469 3066 βίου
1497 2998 1675 3067 τρυφῇ

142 3077 214 3127 καὶ
235 3081 485 3155 ἀκολασίᾳ
516 3085 875 3156 συζήσαντες,
910 3087 998 3141 ἐπ’
1033 3089 1169 3160 αῦτῇ
1201 3088 1258 3143 δὲ
1292 3092 1359 3159 τῇ
1389 3090 1553 3159 ἐξόδῳ
1582 3090 1674 3159 μό·

139 3185 206 3220 νον
230 3175 631 3241 μετανοοῦντες,
655 3177 806 3232 οὐδὲν
833 3178 899 3233 ἂν
920 3180 1246 3249 ἠλαττοῦντο
1273 3180 1381 3236 τῶν
1398 3183 1455 3234 ἐν
1488 3184 1677 3253 σάκκῳ

1784 1984 1962 2024 tamen
2014 1971 2369 2030 nihilominus
2420 1987 2524 2030 est.
2556 1976 2744 2046 Neque
2782 1979 2855 2033 ita
2903 1990 2985 2034 est
3026 1981 3365 2049 misericors,
3458 1982 3463 1987 ’

1781 2070 1839 2113 ιιι
1860 2061 1978 2130 ejus
2003 2061 2215 2132 justitia
2237 2077 2567 2123 cvacuetur:
2603 2068 2951 2139 Omniqmim
2980 2074 3034 2127 in
3068 2084 3290 2142 statera,
3312 2086 3363 2130 et

1780 2168 2052 2219 mensura,
2096 2154 2256 2225 juxta
2314 2148 2510 2213 Isaiam
2543 2160 2632 2213 "z
2684 2164 2954 2232 aliterque
3002 2165 3171 2220 inane
3218 2177 3363 2223 esset

1778 2246 1863 2300 vel
1895 2246 2280 2306 confitentibus
2311 2251 2378 2305 ab
2427 2248 2675 2308 Ecclesia
2712 2255 3091 2323 paenitentiam
3130 2258 3360 2328 imponi,

1779 2337 1861 2390 vel
1897 2338 2222 2409 pinnitentes
2267 2350 2430 2397 tantae
2480 2358 2543 2401 se
2596 2344 2744 2414 ipsos
2793 2349 3011 2404 tradere
3059 2350 3358 2408 aliiictioni.

1781 2427 1840 2483 Si
1894 2431 2110 2500 quidem
2169 2433 2513 2504 iniquitatem
2561 2441 2932 2506 suam,semel
2986 2451 3193 2498 tantum
3236 2460 3363 2500 con-

1780 2521 2016 2597 litantes,
2060 2522 2172 2591 jam
2195 2528 2261 2581 ab
2314 2529 2462 2582 omni
2498 2538 2648 2583 reatu
2698 2531 2852 2586 liberi
2887 2543 3094 2590 essent.
3119 2538 3189 2591 At
3228 2552 3361 2593 con-
3460 2593 3465 2601 _

1738 2678 1743 2683 η
1778 2623 1905 2680 stat,
1924 2615 2049 2683 quia
2085 2617 2322 2687 peccatis
2342 2620 2674 2689 ptenitentia:
2699 2623 3047 2681 atllictionem
3082 2629 3360 2699 ingerens,

1780 2716 1941 2777 atque
1962 2707 2054 2764 hic
2083 2714 2456 2781 purgationem
2480 2713 2805 2784 breviorem,
2832 2731 2894 2774 ac
2917 2718 3172 2777 leviorem
3189 2738 3356 2793 quam

1781 2799 2061 2867 debeatur,
2100 2803 2422 2874 decernens,
2459 2809 2586 2862 talia
2639 2809 2890 2881 iniungit.
2923 2814 3071 2868 Alias
3092 2816 3357 2887 enim'qui

1780 2906 1891 2963 per»
1911 2907 2126 2949 onmem
2158 2896 2326 2953 vitam
2359 2899 2591 2965 deliciis,
2619 2911 2673 2957 et
2695 2903 3046 2971 impudicitiae
3070 2908 3265 2974 dediti,
3285 2910 3359 2965 ad

1780 2985 1955 3055 ipsum
1994 2989 2107 3057 jam
2146 2990 2307 3045 finem
2369 2994 2489 3049 vita:
2535 2998 2885 3063 pceniterent,
2920 2998 3092 3057 nihilo
3122 3002 3359 3058 deterio-

1781 3092 1867 3134 res
1895 3090 2100 3149 essent,
2129 3098 2294 3153 quatu
2326 3080 2380 3141 hi
2408 3088 2499 3156 qui
2527 3102 2626 3157 pro
2658 3088 2927 3146 similibus
2976 3095 3212 3159 peccatis
3234 3096 3359 3150 diu~

1795 3172 1999 3228 tissime
2032 3174 2086 3229 in
2142 3176 2338 3245 cilicio,
2376 3190 2430 3235 et
2460 3181 2668 3248 cinere,
2711 3192 2768 3238 et
2791 3184 3045 3255 lacrytnis
3089 3202 3261 3259 usque
3287 3191 3356 3244 ad

140 3264 211 3315 καὶ
239 3267 402 3336 σποδῷ
442 3268 538 3322 καὶ
575 3270 811 3340 δάκρυσι
848 3240 1014 3344 μέγρι
1049 3274 1309 3342 τελευτῆς
1350 3240 1674 3345 διαγενομέἰ

1783 3264 1939 3318 finem
1973 3269 2350 3333 perstiterunt.
2377 3271 2521 3327 Niltil
2562 3285 2824 3343 praaterea
2873 3240 3207 3344 conferran
3236 3298 3357 3351 quae

139 3372 221 3407 νων
244 3358 318 3426 ἐφ’
344 3358 554 3432 ὁμοίοις
595 3365 709 3427 τοῖς
761 3364 1180 3438 ἁμαρτήμασιν.
1218 3368 1340 3420 Ἔτι
1389 3367 1446 3420 δὲ
1472 3367 1577 3421 οὐκ
1606 3368 1674 3421 ἂν

140 3449 364 3507 οὖδοτιοῦν
394 3456 719 3511 συνετέλουν
747 3459 804 3512 al
836 3458 977 3530 ὑπὲρ
1006 3458 1117 3513 τῶν
1146 3459 1489 3530 τεθνηκότων
1517 3462 1675 3533 ἐλεη-

141 3542 329 3606 μοσῦναι
358 3548 451 3602 καὶ
486 3551 790 3623 προσευχαὶ
813 3553 965 3623 παρὰ
1007 3553 1104 3620 τῆς
1146 3552 1476 3622 Ἐκκλησίας
1505 3569 1674 3621 προσο

139 3630 447 3706 τεταγμέναι.
479 3643 616 3713 Περὶ
638 3644 737 3713 μὲν
760 3644 869 3714 γὰρ
890 3642 1001 3696 τῶν
1022 3644 1122 3715 ήδη
1146 3645 1245 3713 τῆς
1264 3647 1669 3717 μακαριότητος

140 3722 514 3801 ἐπειλημμένων
541 3734 871 3803 εὐχομένους
896 3736 959 3789 οὐ
1000 3737 1106 3807 χρὴ
1138 3736 1329 3802 θυσίας
1355 3738 1670 3809 ἀναφέρειν.

148 3812 273 3870 Ἐπεὶ
320 3825 413 3877 καὶ
446 3824 512 3888 ἃς
545 3825 687 3895 ὑπὲρ
717 3826 827 3881 τῶν
871 3824 1044 3896 ἁγίων
1077 3826 1268 3891 θυσίας
1296 3830 1669 3900 προσάγομεν,

140 3906 213 3976 οὔχ
240 3910 316 3964 ἵνα
335 3914 569 3983 τύχωσιν
599 3916 805 3985 ἐλέους,
842 3918 977 3971 ἀλλὰ
1009 3919 1276 3988 τιμῶντες
1325 3920 1542 3986 αὐτοὺς,
1576 3923 1672 3977 καὶ

143 4000 327 4065 μεσιτας
359 4006 495 4077 ὑπὲρ
522 4008 681 4077 ἡμῶν
710 4009 784 4070 ὡς
810 4010 1069 4080 ἀπαρχὰς
1108 4014 1206 4087 τῆς
1258 4012 1537 4083 ἡμετέρας
1568 4012 1671 4082 φύ-

143 4104 249 4154 σεως
269 4096 395 4164 πρὸς
421 4100 514 4153 τὸν
543 4099 678 4153 Θεὸν
706 4099 1150 4173 προϐαλλόμεθα.
1183 4104 1322 4175 Περὶ
1360 4104 1417 4158 δὲ
1446 4105 1556 4159 τῶν
1590 4109 1671 4171 είς

141 4181 238 4250 ᾆδον
277 4180 721 4263 κατακριθέντων
758 4196 1017 4265 οὐδεμίαν
1070 4197 1239 4268 εὐχὴν
1288 4199 1322 4270 ὴ
1368 4196 1671 4269 Ἐκκλησία

147 4283 360 4338 ποιεῖται.
1173 4356 1177 4373 Ι

198 4373 287 4426 Καὶ
313 4380 539 4451 φανερὸν
574 4379 718 4451 ὑπὲρ
746 4384 857 4435 τῶν
895 4385 1030 4454 μήτε
1053 4386 1113 4439 ὲν
1146 4386 1510 4456 μακαριότητι
1538 4385 1672 4441 καθ-

145 4466 425 4531 ισταμένων,
485 4470 626 4539 μήτε
659 4471 718 4523 ἐν
748 4470 876 4542 ᾅδου
909 4473 1354 4544 κατακριθέντων
1380 4476 1478 4540 τὰς
1505 4476 1669 4546 εὐχὰς

1779 3370 1877 3424 pro
1900 3357 2168 3415 defunctis
2199 3362 2267 3417 ab
2327 3364 2575 3421 Ecclesia
2625 3366 2744 3423 ﬁeri
2780 3372 3173 3440 praecipiuntur
3227 3388 3356 3428 ora-

1776 3449 1975 3516 tiones,
2014 3462 2068 3506 et
2098 3453 2471 3526 eleentosynae.
2507 3456 2613 3512 Pro
2646 3460 2730 3514 bis
2755 3462 2921 3527 enim,
2958 3465 3048 3525 qui
3066 3465 3176 3530 jam
3230 3465 3358 3517 bea-

1778 3541 2006 3599 titudine
2048 3546 2201 3614 potiti
2240 3559 2386 3613 sunt,
2411 3560 2632 3605 orantes
2676 3553 2943 3607 sacrificia
2992 3555 3187 3611 offerre
3217 3570 3357 3625 opus

1777 3650 1883 3689 non
1916 3646 2022 3692 est.
2059 3638 2189 3704 Qua:
2243 3639 2389 3694 enim
2422 3656 2520 3710 pro
2548 3646 2759 3700 sanctis
2810 3647 2983 3700 otiicia
3031 3648 3309 3703 oderimus
3333 3689 3353 3716 ,

1777 3743 1886 3783 non
1914 3739 1972 3784 ut
1990 3730 2415 3787 misericordiam
2448 3748 2868 3805 consequantur,
2896 3738 3198 3804 offerimus;
3228 3742 3350 3805 sed,

1776 3829 1835 3875 ut
1858 3821 2186 3901 honorantes
2202 3839 2322 3889 eos,
2342 3826 2667 3903 mediatores
2695 3845 2791 3899 pro
2810 3832 2963 3886 nobis
2986 3834 3125 3902 apud
3159 3833 3352 3898 Deum,

1776 3921 1835 3966 ut
1857 3898 2062 3971 natura:
2092 3926 2292 3972 nostrae
2311 3898 2577 3988 primitias
2599 3924 2941 3992 opponimus.
2968 3923 3074 3978 Pro
3098 3925 3180 3980 his
3204 3941 3353 3989 vero,

1776 4003 1869 4071 qui
1902 4003 1957 4058 in
1989 4005 2202 4063 inferno
2257 4009 2494 4064 damnati
2545 4021 2694 4078 sunt,
2723 4013 2925 4068 nullam
2948 4014 3191 4071 Ecclesia
3223 4031 3354 4072 ora-

1782 4097 1986 4153 tionem
2020 4098 2175 4155 facit.

1846 4370 2199 4442 Perspicuum
2252 4370 2418 4443 igitur
2441 4382 2544 4439 est,
2596 4386 2773 4442 neque
2815 4371 3039 4440 probis,
3075 4372 3167 4443 qui
3195 4372 3357 4428 beata

1773 4465 1879 4535 jam
1907 4465 2094 4535 requie
2132 4466 2284 4535 potiti
2309 4476 2452 4531 sunt,
2474 4480 2647 4534 neque
2668 4479 2765 4535 pro
2798 4465 2903 4528 bis,
2936 4467 3026 4533 qui
3057 4465 3109 4519 in
3140 4465 3361 4521 inferno

144 4555 291 4610 καὶτὰ
331 4562 548 4615 τοιαῦτα
583 4566 983 4635 προσάγεσθαι.
1019 4568 1184 4621 Ὅθεν
1217 4568 1309 4622 καὶ
1354 4571 1670 4639 ἀναγκαίως

1782 4560 2016 4613 damnati
2046 4568 2194 4625 sunt,
2244 4560 2536 4624 orationes,
2570 4573 2633 4613 ac
2666 4558 2791 4614 talia
2825 4556 3027 4612 olierri.
3061 4555 3210 4612 Unde
3248 4575 3343 4612 ne-

148 4655 572 4722 σνναναιραίνεται,
632 4659 815 4728 τρίτον
866 4661 990 4714 τινὰ
1045 4664 1211 4716 τόπον
1260 4663 1490 4730 τιθέναι,
1539 4666 1671 4718 ὅπου

146 4738 219 4804 τῆς
242 4746 480 4817 τοιαύτης
507 4749 834 4821 καθάρσεως
864 4756 1192 4823 γενομένης,
1230 4757 1330 4809 καὶ
1371 4759 1469 4827 τῆς
1507 4756 1676 4810 ἐλλει-

147 4830 331 4905 φθείσης
366 4839 795 4912 ἰκανοποιήοιεως
824 4846 1206 4917 ἀποδοθείσης,
1239 4851 1289 4902 οἱ
1338 4850 1426 4903 διὰ
1467 4850 1673 4921 ταύτης

146 4920 373 4993 ἐλθόντες,
416 4931 507 4983 τὸν
559 4933 749 4988 ἐνόντα
799 4937 1003 5006 βραχὺν
1060 4939 1425 5010 καθαρθέντες
1476 4920 1671 5013 ῥύπον,

150 5015 220 5067 ἐπὶ
258 5018 348 5089 τὴν
387 5025 765 5096 μακαριότητα
823 5030 1261 5097 μεταϐαίνουσιν.
1305 5032 1578 5096 Ὡσαύτως
1616 5036 1673 5089 δὲ

150 5109 219 5157 καὶ
250 5110 398 5177 εἴτις
422 5117 517 5179 τὰς
570 5117 671 5187 μὲν
724 5120 945 5183 ἐντολὰς
980 5124 1198 5187 ἁπάσας
1244 5124 1354 5177 τῶν
1411 5126 1505 5179 τοῦ
1539 5128 1673 5181 Θεοῦ

148 5208 540 5273 προσταγμάτων
586 5213 858 5281 τηρήσας,
896 5214 1194 5269 κάντεῦθεν
1218 5216 1326 5270 τῶν
1360 5217 1675 5289 θανασίμων

147 5293 536 5369 ἀπηλλαγμένος,
592 5305 707 5367 τοῖς
755 5305 808 5358 δὲ
858 5309 1077 5377 μικροῖς
1119 5309 1331 5377 τούτοις
1370 5313 1463 5365 καὶ
1506 5313 1677 5382 καθη-

153 5394 347 5476 θερινοῖς
375 5395 743 5465 ἐνισχόμενος,
780 5394 854 5452 ὧν
895 5404 1065 5473 χωρὶς
1101 5403 1360 5458 ἀδύνατον
1389 5406 1551 5476 ζῆσαι
1582 5408 1671 5460 τὸν

150 5474 237 5547 dab;
250 5498 409 5549 ωπον,
444 5487 537 5537 καὶ
564 5487 725 5549 αὐτὸς
750 5489 1003 5543 ἀπελθὼν
1033 5493 1130 5563 τὴν
1157 5494 1299 5564 ὑπὲρ
1326 5474 1528 5555 τούτων
1552 5496 1673 5549 ίκα-

149 5580 398 5637 νοποιησιν,
422 5576 470 5627 εί
492 5593 544 5628 τι
569 5576 775 5648 ταύτης
799 5581 1097 5652 παρώφθη,
1124 5584 1155 5656 ἢ
1177 5583 1270 5635 τοῦ
1293 5585 1480 5648 τέλους
1508 5586 1669 5637 ἐπελ-

152 5657 297 5724 θόντος
342 5667 436 5720 οὐκ
474 5668 709 5737 ἔφθασεν
739 5671 1114 5744 ἐκπληρῶσαι,
1163 5674 1459 5747 καθαρθεὶς
1500 5679 1557 5732 ἒν
1592 5678 1668 5750 τῷ

202 5840 237 5871 ⁸⁷
287 5846 383 5905 lsa.
441 5869 535 5918 τι,
594 5854 684 5909 12.

1777 4650 2016 4704 cess-ario
2063 4650 2352 4719 colligitur,
2388 4652 2606 4704 tertium
2647 4652 2936 4718 quemdam
2990 4664 3111 4705 esse
3148 4649 3355 4715 locum,

1776 4742 1867 4795 ubi
1912 4742 2222 4811 bujusmodi
2263 4742 2583 4810 purgatione
2620 4740 2783 4805 facta,
2845 4750 2899 4794 et
2938 4740 3141 4810 reliqua
3193 4742 3359 4795 satis-

1776 4834 2011 4889 factione
2061 4833 2358 4903 persoluta,
2418 4833 2507 4902 qui
2544 4843 2669 4886 sunt
2719 4833 2982 4900 ejusmodi
3038 4833 3184 4887 omni
3241 4850 3358 4886 ma~

1776 4928 1897 4983 cuia
1927 4926 2136 4995 purgati
2170 4928 2237 4981 ad
2270 4924 2660 4979 beatitudinem
2685 4934 2998 4978 transeunt.
3018 4923 3196 4978 Simili
3222 4938 3355 4976 vero

1778 5022 1988 5077 ratione
2029 5020 2199 5075 etiam
2246 5018 2289 5074 si
2349 5019 2468 5087 quis
2501 5017 2731 5072 servatis
2774 5017 3028 5071 omnibus
3084 5016 3359 5071 mandatis

1779 5113 1893 5179 Dei,
1918 5111 2346 5180 mortalibusque
2365 5109 2712 5178 culpisliber,
2762 5108 2945 5180 parvis
2976 5124 3123 5171 vero,
3149 5118 3203 5161 et
3222 5123 3355 5177 quo-

1778 5203 2018 5267 tidianis,
2047 5202 2165 5256 sine
2195 5201 2392 5269 quibus
2419 5202 2525 5253 vita
2560 5200 2796 5256 hominis
2830 5199 3055 5269 transigi
3115 5215 3219 5251 non
3259 5214 3358 5267 po-

1779 5304 1903 5360 test,
1919 5296 2206 5361 obnoxius,
2241 5294 2389 5357 hinc,
2404 5294 2522 5349 sine
2544 5293 2884 5362 paenitentia,
2903 5302 2957 5345 et
2977 5289 3357 5345 satisfactione

1779 5386 2099 5450 decesserit,
2152 5386 2204 5439 in
2246 5384 2534 5455 purgatorii
2565 5384 2683 5437 Ιοιτο
2730 5383 2957 5449 integre,
2985 5383 3122 5449 quod
3153 5382 3354 5435 oinise-
3382 5456 3385 5457 ν

1780 5494 1882 5546 rat,
1925 5478 2131 5534 reddet.
2166 5480 2299 5532 Eunt
2331 5478 2500 5539 enim,
2523 5478 2613 5546 qui
2646 5475 2967 5541 mortalibus
2996 5489 3210 5543 semper
3251 5475 3354 5529 ab.

1777 5579 2052 5644 stinuerit,
2104 5584 2325 5646 propter
2360 5570 2579 5624 minima
2610 5569 2737 5633 ista,
2794 5575 2853 5620 ut
2912 5566 3001 5636 qui
3044 5565 3358 5634 turpissime

1777 5675 2151 5745 ﬂagitioseque
2202 5669 2477 5734 vixerunt,
2510 5665 2562 5719 in
2610 5660 2827 5717 inferno
2866 5658 3136 5726 damnari,
3173 5657 3356 5728 justus
