3882 6546
451 402 550 467 231

1716 394 2119 458 MANUELIS
2161 393 2468 456 CALEC£

3597 383 3721 447 232

448 515 693 585 proiecto
741 513 902 584 iudex
951 525 1223 582 nunquam
1271 509 1632 580 permitteret.
1674 509 1824 565 Alias
1876 510 2020 564 enim

2144 511 2276 582 τόπῳ
2303 512 2404 580 τῆς
2448 508 2776 580 καθάρσεως
2824 509 3052 574 ἐντελῶς
3093 509 3385 564 ἀποδώσει.
3439 508 3548 562 Τὸν
3604 508 3721 579 μιν

449 610 558 662 vita
585 622 720 677 pura
750 605 886 661 nihil
914 619 942 657 a
976 611 1231 671 corrupta
1259 600 1522 657 dilierret:
1557 603 1629 665 si,
1664 602 1756 671 qui
1788 602 1907 656 sine
1933 618 2025 656 ve-

449 700 683 755 nialibus
716 699 891 767 culpis
915 710 1161 751 essenon
1196 710 1484 764 possumus
1504 692 1522 765 (
1545 708 1729 748 sumus
1750 694 1892 748 enim
1924 692 2023 747 ho-

450 790 659 861 mines)
690 806 845 860 atque
868 798 1088 859 propter
1122 786 1234 854 illa,
1265 796 1322 842 ut
1353 786 1581 856 quisque
1630 786 2028 853 perditissimus

449 886 519 936 ob
568 884 774 938 scelera
822 881 1140 953 gravissima
1192 879 1581 934 cruciabimur.
1628 877 1698 932 Et
1754 877 2027 947 quomodo

450 975 744 1042 unicuique
797 974 1055 1028 Dominus
1084 970 1269 1025 reddet
1296 970 1591 1024 secundum
1631 981 1795 1037 opera
1827 981 1925 1019 sua
1944 966 1991 998 ⁸⁸
2012 1005 2029 1031 ,

332 1093 341 1103 ο
450 1068 496 1119 si
529 1076 605 1118 tot
633 1064 836 1119 frustra
858 1064 1071 1118 labores
1114 1062 1292 1124 nobis,
1322 1076 1419 1131 pro
1443 1060 1586 1114 illius
1612 1059 1893 1127 implendis
1919 1058 2034 1125 jus-

450 1159 526 1212 sis
556 1156 915 1211 assumimus?
947 1156 1055 1209 imo
1078 1169 1226 1215 vero.
1278 1168 1521 1222 quaenam
1555 1161 1639 1207 est
1663 1152 1854 1206 salutis
1882 1165 2030 1221 spes,

450 1251 497 1304 si
528 1252 695 1303 etiam
732 1263 892 1318 parva
923 1262 1148 1317 quaeque
1179 1255 1424 1314 peccata,
1459 1259 1580 1313 qua:
1634 1242 1780 1297 velut
1836 1244 2026 1297 umbra

454 1342 705 1393 homines
732 1349 1055 1408 sequuntur,
1090 1352 1241 1406 mque
1292 1346 1349 1390 ut
1413 1335 1661 1390 mortalia
1686 1323 2032 1388 damnantur?

454 1429 592 1485 Nam
624 1431 741 1484 sine
764 1430 893 1499 ipsis
909 1431 1185 1495 decedere,
1219 1429 1429 1482 illorum
1454 1436 1557 1491 est,
1588 1425 1681 1495 qui
1703 1441 1799 1496 per
1828 1434 2031 1492 marty-

457 1522 599 1574 rium
658 1521 1060 1584 consummati,
1125 1525 1402 1589 vitamque
1457 1518 1755 1586 angelicam
1833 1514 2031 1570 imitati

455 1619 605 1675 sunt,
628 1625 924 1678 eorumque
949 1611 1038 1678 qui
1077 1626 1324 1679 magnam
1364 1607 1719 1663 ostenderunt
1767 1606 2031 1675 paeniten-

456 1704 610 1764 tiam,
644 1712 704 1755 ut
767 1704 935 1769 latro;
998 1712 1053 1757 et
1110 1716 1245 1771 quos
1285 1700 1467 1756 divina
1529 1700 1705 1772 gratia
1767 1697 2034 1768 prmcipue

448 1792 788 1859 justiﬁeavit.

2129 603 2241 672 γάρ
2274 602 2383 654 τῶν
2430 601 2751 671 Θανασίμων
2797 602 3173 672 ἀποσχόμενον
3204 601 3307 654 διά
3342 598 3459 665 βίου
3506 599 3599 654 διὰ
3643 599 3721 652 τά

2131 690 2311 761 μικρά
2340 689 2517 745 ταῦτα
2553 693 2668 753 τοῖς
2696 691 2924 755 ἀσώτοις
2949 691 3303 745 διαύιώσασιν
3325 691 3519 760 ἐπίσης
3543 692 3606 742 ἑν
3634 688 3722 758 τῷ

2131 782 2235 854 ᾅδῃ
2264 780 2690 852 κατακριθῆναι,
2723 784 2940 846 πάντως
2969 784 3073 838 οὐκ
3100 783 3166 836 ἂν
3189 782 3339 852 παρὰ
3369 780 3465 834 τοῦ
3491 779 3720 834 δικαίου

2131 873 2321 943 κριτοῦ
2346 876 2750 945 συγχωρηθείη.
2779 876 2988 938 Ἄλλως
3017 874 3125 945 γὰρ
3152 875 3255 928 ούκ
3284 874 3351 927 ἂν
3378 875 3405 927 ό
3434 872 3576 943 μετὰ
3600 871 3725 924 τῶν

2132 966 2365 1018 ἐντολῶν
2416 967 2511 1020 τοῦ
2564 968 2702 1021 Θεοῦ
2753 968 2867 1038 βίος
2897 967 2991 1021 τοῦ
3042 968 3389 1036 διεφθορότος
3428 966 3717 1034 διαφέροι,

2132 1057 2189 1111 εί
2207 1074 2271 1123 γε
2305 1059 2413 1111 τῶν
2456 1059 2556 1128 μιν
2591 1059 2955 1128 συγγνωστιῖΝ
2994 1060 3413 1130 ἁμαρτημάτων
3441 1058 3727 1112 ἀδύνατον

2137 1149 2213 1221 μὴ
2247 1153 2545 1221 κατασχεῖν
2579 1152 2866 1221 ἄνθρωπον
2898 1152 3049 1217 ὄντα,
3085 1152 3280 1223 ἐπίσης
3306 1151 3365 1203 δὲ
3398 1151 3487 1204 διὰ
3531 1148 3727 1202 ταῦτα

2132 1244 2242 1303 τοῖς
2282 1243 2461 1313 πάντη
2499 1244 2809 1314 διεφθορόσι
2864 1243 3355 1315 κατακριθήσεται.
3382 1243 3497 1298 Καὶ
3535 1241 3664 1303 πῶς
3700 1240 3729 1292 ὀ

2136 1332 2341 1402 Κύριος
2378 1334 2594 1404 ἑκάστῳ
2622 1337 2765 1389 κατὰ
2806 1336 2874 1389 τά
2904 1336 3043 1406 ἔργα
3082 1335 3246 1389 αὑτοῦ
3296 1334 3576 1387 ἀποδώσει
3609 1330 3729 1383 τῶν

2133 1423 2405 1476 τοσούτων
2437 1424 2577 1494 ὑπὲρ
2604 1425 2715 1479 τῶν
2755 1426 2985 1479 ἐντολῶν
3012 1425 3179 1479 αὑτοῦ
3229 1426 3407 1478 πόνων
3434 1424 3516 1485 είς
3556 1423 3729 1476 κενὸν

2134 1513 2503 1583 ἀνηλωμένων
2548 1516 2626 1584 τῷ
2655 1517 3103 1588 κατορθώσαντις
3140 1517 3357 1571 Μᾶλλον
3386 1516 3443 1570 δὲ
3488 1513 3577 1576 τίς
3617 1530 3729 1565 σω⁶

2133 1604 2327 1673 τηρίας
2361 1606 2535 1669 ἐλπὶς,
2572 1608 2619 1659 εί
2646 1611 2737 1662 καὶ
2769 1610 2839 1661 τὰ
2872 1610 3045 1680 μικρᾶ
3076 1610 3185 1662 τῶν
3210 1607 3667 1681 ἁμαρτημάτων.
3694 1604 3731 1657 ἃ

2136 1696 2388 1768 καθάπερ
2422 1699 2551 1751 σκιά
2576 1702 2713 1752 πᾶσι
2750 1703 2865 1765 τοῖς
2895 1701 3207 1769 ἀνθρώποις
3238 1700 3577 1770 παρέπεται,
3612 1695 3729 1755 τοῖς

2137 1788 2462 1860 θανασίμοις
2492 1790 2690 1861 ἐπίσης
2718 1792 3143 1863 κατακρινοῦσι;
3177 1792 3250 1845 Τὸ
3278 1791 3389 1861 γάρ
3422 1788 3519 1841 καλ⁵
3549 1785 3731 1857 χωρὶς

451 1890 633 1941 αὐτῶν
690 1890 969 1958 ἀπελθεῖν,
1004 1890 1112 1943 τῶν
1154 1889 1241 1943 διὰ
1315 1887 1619 1960 μαρτυρίου
1664 1886 2077 1956 τελειωθέντων,
2140 1886 2234 1940 καὶ
2283 1888 2393 1941 τῶν
2456 1889 2516 1943 ὲν
2563 1888 2776 1959 σώματι
2814 1890 3068 1958 καθάπερ
3116 1890 3339 1957 ἄγγελοι
3388 1886 3731 1939 πολιτευσα-

455 1987 636 2054 μένων
674 1989 833 2056 μόνον
868 1988 1008 2051 ἐστὶ,
1039 1989 1132 2039 καὶ
1180 1986 1363 2055 μέντοι
1407 1987 1503 2038 καὶ
1575 1984 1685 2037 τῶν
1727 1983 1973 2053 μεγάλην
2016 1985 2412 2056 ἐνδειξαμένων
2481 1987 2789 2057 μετάνοιαν,
2849 1986 3038 2059 ὥσπερ
3078 1989 3107 2042 ό
3166 1985 3392 2058 λῃστὴς,
3429 1982 3531 2038 καὶ
3562 1981 3662 2043 οὒς
3694 1982 3731 2053 ἡ

452 2084 589 2139 Θεοῦ
634 2083 795 2153 χάρις
843 2080 1162 2134 ἐδικαίωσεν
1214 2079 1533 2150 ἐξαιρέτως,
1568 2078 1705 2150 ὅπερ
1743 2078 2031 2147 ὀλιγίστων
2070 2079 2208 2133 ἐστί.

521 2177 811 2239 Ceterum,
848 2184 905 2227 ut
934 2175 1265 2227 sordidatum
1300 2173 1380 2227 vel
1410 2188 1571 2242 parva
1595 2173 1831 2235 macula,
1892 2172 2033 2226 uniri

2209 2172 2284 2226 Τὸ
2316 2173 2377 2227 δὲ
2408 2172 2503 2227 καὶ
2534 2173 2627 2227 τὸν
2661 2173 2866 2245 βραχὺν
2896 2172 3089 2245 ἔχοντα
3122 2171 3295 2244 ῥύπον
3328 2168 3610 2239 ἑνωθῆναι
3644 2166 3727 2237 τῷ

455 2273 587 2336 Deo,
609 2282 665 2324 et
701 2266 901 2337 perfrui
953 2266 1315 2331 beatitudine,
1343 2265 1597 2334 possibile
1622 2279 1729 2319 non
1768 2275 1873 2331 est,
1903 2263 2037 2318 nihil

450 2366 596 2417 cnim
659 2361 854 2414 divina:
901 2366 1105 2413 natura:
1150 2357 1435 2427 profanum
1473 2356 1904 2427 appropinquat;
1940 2354 2037 2419 ita,

452 2452 708 2507 omnibus
730 2450 972 2520 peccatis
999 2451 1296 2518 expiatum,
1332 2459 1542 2517 putare,
1566 2464 1670 2503 non
1700 2446 1915 2503 admitti
1971 2448 2037 2501 ad

368 2534 397 2594 ί.
456 2544 869 2607 beatitudinem,
925 2557 1047 2597 cum
1081 2542 1214 2595 nihil
1246 2541 1355 2612 iam
1380 2542 1631 2608 obsistat,
1668 2540 2039 2596 irrationabile

458 2634 619 2690 simul
648 2642 704 2688 et
739 2633 980 2703 iniquum
1015 2643 1118 2700 est,
1156 2634 1560 2704 Scripturaque
1598 2633 1889 2689 sententiis
1914 2648 2041 2687 con-

456 2728 709 2781 trarium.
746 2724 837 2779 Sic
865 2726 1045 2794 itaque
1079 2725 1222 2780 inter
1248 2726 1658 2791 beatitudinem,
1685 2734 1739 2778 et
1777 2735 2039 2779 aeternum

456 2820 760 2874 cruciatum
804 2818 992 2872 tertius
1025 2816 1174 2873 locus
1208 2817 1557 2887 relinquitur,
1610 2818 1664 2871 in
1712 2832 1820 2888 quo
1853 2817 2044 2885 hujus-

456 2913 602 2965 nmdt
638 2922 856 2979 peccata
880 2920 1198 2981 purgantur.
1219 2910 1352 2965 Eum
1374 2925 1500 2964 vero
1519 2908 1691 2963 locum
1715 2910 1893 2977 ignem
1925 2922 2045 2963 esse

456 3003 647 3070 aiunt;
680 3020 787 3059 non
813 3019 937 3058 eum
968 3002 1060 3073 qui
1093 3012 1216 3057 ante
1256 3003 1449 3057 faciem
1487 3002 1689 3057 Christi
1718 3001 1773 3055 in
1793 3001 1911 3071 ejus
1955 3016 2044 3055 re-

458 3096 744 3157 velatione.
764 3106 823 3148 ut
842 3095 916 3147 ait
935 3094 1123 3149 Daniel
1146 3096 1215 3158 ",
1237 3095 1512 3163 praecedit,
1533 3102 1590 3148 et
1610 3093 2045 3163 quemgehennze

459 3191 640 3260 ignem
664 3188 943 3259 Scriptura
965 3188 1219 3255 vocat“;
1247 3188 1327 3242 bis
1344 3188 1508 3253 enim,
1526 3188 1616 3257 qui
1637 3186 1689 3240 in
1719 3186 1866 3239 illum
1881 3185 2045 3239 semel

461 3292 803 3349 merguntur,
870 3281 1014 3335 nulla
1069 3289 1152 3336 est
1198 3281 1511 3350 emergendi
1566 3276 1732 3349 spes;
1772 3281 1866 3334 sed
1900 3278 2039 3349 ignis

461 3373 619 3437 alius,
648 3388 803 3441 quem
861 3372 1245 3443 purgatorium
1272 3373 1507 3438 dicunt;
1551 3374 1693 3440 quod
1727 3372 1871 3426 ineo
1918 3371 2049 3424 deli-

2139 2266 2263 2337 Θεῳ
2304 2266 2730 2339 συγχωρηθῆναι
2758 2268 2856 2338 τῆς
2892 2267 3299 2339 μακαριότητος
3328 2259 3736 2329 ἐπιτετευγμέο

2138 2377 2229 2413 νον
2280 2359 2564 2414 ἀδύνατον.
2613 2356 2785 2413 Ούδὲν
2829 2360 2896 2430 τῇ
2953 2357 3076 2429 θείᾳ
3135 2357 3298 2428 σοφίᾳ
3359 2350 3737 2426 προσυπαντᾷ

2143 2452 2392 2523 βέὕηλον,
2429 2451 2566 2505 ἀλλά
2612 2451 2707 2505 καὶ
2751 2451 2813 2505 τὺ
2854 2452 3057 2515 παντὸς
3103 2450 3598 2521 ἑκκεκαθαρμένον
3658 2446 3735 2517 μὴ

2144 2546 2552 2616 συγχωρεῖσθαι
2582 2544 2793 2598 οῐεσθαι
2826 2544 3369 2615 τῆςλμακαριότητος
3398 2539 3733 2600 ἀπολαύειν,

2146 2636 2378 2708 μηδενὸς
2412 2637 2513 2707 ήδη
2548 2637 3019 2708 προσισταμένου,
3056 2636 3251 2703 ἄλογόν
3288 2652 3348 2688 τε
3378 2633 3472 2688 καὶ
3514 2634 3734 2693 ἀδικον,

2142 2727 2236 2781 καὶ
2278 2728 2397 2789 ταῖς
2441 2728 2540 2796 τῆς
2591 2726 2816 2798 Γραφῆς
2867 2727 3209 2796 ἀποφάσεσιν
3250 2727 3518 2781 ἐναντίον.
3571 2721 3737 2777 Οῦτω

2142 2819 2324 2872 τοίνυν
2352 2817 2556 2889 μεταξὺ
2590 2819 2994 2891 μακαριότητος
3052 2820 3269 2890 καὶτῆς
3296 2820 3521 2873 αἰωνίου
3562 2834 3738 2871 καταο

2142 2912 2296 2981 δίκης
2330 2910 2511 2980 τρίτος
2556 2912 2951 2966 καταλείπεται
2981 2912 3166 2979 τόπος,
3212 2915 3270 2965 ἐν
3304 2906 3348 2982 ᾧ
3380 2910 3449 2965 τά
3494 2910 3737 2964 τοιαῦτα

2143 3001 2253 3054 τῶν
2300 3002 2722 3073 ἁμαρτημάτων
2760 3003 3108 3073 καθαίρεται.
3150 3005 3247 3056 ’ον
3277 3004 3343 3071 δὴ
3390 3002 3565 3055 τόπον
3624 2998 3735 3068 πῦρ

2146 3088 2291 3146 εἷναί
2322 3110 2507 3161 φασιν,
2555 3096 2655 3148 οὐκ
2685 3098 2863 3149 ὲκείνο
2896 3096 2958 3149 τὸ
3004 3098 3139 3166 πῦρ,
3178 3096 3315 3164 ὅπερ
3357 3094 3464 3164 πρὸ
3514 3091 3740 3165 προσὼο

2147 3190 2263 3239 που
2285 3186 2524 3255 Χριστοῦ
2559 3188 2617 3241 ἑν
2646 3189 2712 3258 τῇ
2761 3186 3076 3258 ἐπιφανείᾳ,
3103 3186 3177 3250 ὡς
3214 3189 3242 3240 ό
3290 3184 3490 3256 Δανιὴλ
3543 3200 3737 3255 φησιν,

2148 3278 2393 3344 ἕλκεται,
2423 3279 2517 3331 καὶ
2548 3279 2576 3332 ὀ
2602 3278 2712 3350 πῦρ
2742 3280 2968 3351 γεέννης
3002 3282 3035 3350 ἡ
3068 3280 3258 3349 Γραφὴ
3280 3278 3457 3342 καλεῖ,
3482 3279 3609 3339 τοῖς
3630 3277 3739 3345 γὰρ

2150 3373 2209 3425 ἐν
2240 3370 2417 3438 τούτῳ
2455 3370 2873 3440 καθακριθεῖσιν
2923 3372 3022 3423 οὐκ
3064 3372 3215 3424 ἐστιν
3271 3368 3562 3435 ἀνάδυσις,
3621 3364 3740 3419 ἀλλ’

464 3473 553 3517 cta
607 3474 926 3531 purgentur,
994 3478 1057 3517 ac
1107 3464 1255 3518 velut
1311 3462 1631 3526 inl'ornace.
1688 3462 1867 3533 quiin
1896 3460 2041 3514 illum

2151 3463 2361 3534 ἕτερον,
2395 3463 2423 3515 ὃ
2453 3460 2841 3533 Καθαρτήριον
2868 3462 2956 3517 διὰ
3004 3463 3103 3533 τὴν
3141 3463 3415 3533 κάθαρσιν
3461 3460 3739 3530 ὀνομάζε-

460 3557 770 3618 mittuntur,
818 3556 1207 3622 emundantur,
1244 3556 1495 3625 istudqne
1523 3555 1929 3625 antejudicium
1961 3569 2053 3608 ex-

463 3656 714 3701 tremum.
743 3646 871 3701 Post
907 3650 1008 3702 hoc
1032 3648 1200 3712 enim,
1227 3647 1402 3702 nullus
1449 3648 1541 3716 qui
1592 3646 1889 3701 mundetur
1926 3646 2051 3710 erit,

463 3754 787 3808 unoquoque
804 3739 1079 3808 proprium
1100 3741 1199 3792 sibi
1228 3738 1410 3792 locum
1454 3750 1657 3793 aeterne
1681 3738 2050 3803 vindicatura,

468 3829 655 3883 Solum
706 3830 850 3883 enim
898 3840 1024 3883 ante
1058 3830 1158 3882 hoc
1184 3828 1451 3896 judicium
1479 3845 1598 3897 qua:
1630 3844 1728 3899 pro
1760 3830 2048 3885 animabus

468 3924 625 3983 liunt,
678 3924 929 3975 conferre
978 3932 1225 3989 possunt.
1262 3922 1368 3974 Sed
1401 3931 1455 3974 et
1484 3922 1528 3976 si
1582 3922 1673 3989 qui
1722 3922 2048 3975 adveniente

468 4014 696 4067 Domino
724 4013 788 4066 ad
816 4012 1171 4082 jttdicandum
1208 4014 1490 4076 mundum,
1521 4015 1682 4068 modo
1732 4012 2053 4080 sanaripos-

464 4105 598 4171 sint,
624 4107 1036 4173 relinquentur:
1063 4104 1254 4159 Omnes
1280 4105 1416 4160 enim
1435 4124 1538 4160 non
1562 4107 1883 4159 dormiamus
1910 4102 2048 4174 (86),

462 4214 640 4253 cuine:
690 4216 809 4253 vero
853 4200 1261 4253 immutabimur
1284 4201 1325 4231 ⁸¹
1356 4218 1375 4266 ;
1406 4212 1455 4254 et
1517 4216 1635 4261 nos,
1670 4200 1761 4268 qui
1806 4200 2047 4265 vivimus,

462 4296 553 4364 qui
588 4295 784 4348 residui
815 4312 1018 4359 sumus,
1052 4295 1211 4348 simul
1241 4311 1359 4348 cum
1378 4294 1451 4347 eis
1482 4295 1749 4361 rapientur
1771 4293 1815 4323 "
1843 4308 1858 4357 ;
1886 4291 2047 4357 Deus,

465 4399 525 4443 ut
557 4390 646 4457 qui
684 4389 852 4456 possit
916 4388 1129 4453 mortis,
1185 4397 1349 4455 atque
1381 4387 1592 4440 illorum
1622 4384 2051 4453 regenerationis

466 4482 647 4534 omnia
679 4481 731 4533 in
777 4488 1052 4533 momento
1074 4480 1330 4549 persequi
1359 4496 1374 4545 ;
1404 4481 1475 4533 ita
1501 4490 1554 4533 et
1586 4478 1919 4548 purgationis
1951 4478 2049 4531 do-

466 4574 658 4634 lorem,
678 4572 767 4640 qui
793 4571 960 4625 multo
988 4580 1232 4640 tempore
1254 4572 1523 4637 durasset,
1548 4572 1785 4626 breviter
1829 4581 2048 4625 contra-

408 4724 413 4727 ,
465 4663 1005 4732 heus,reddetjuxta
1056 4664 1337 4733 temporis,
1391 4663 1705 4733 dolorisque
1757 4664 2045 4729 rationem,

466 4765 525 4808 ut
562 4771 751 4810 omnes
788 4756 933 4810 illius
965 4756 1276 4826 conspectui
1317 4758 1597 4823 assistant,
1643 4757 1789 4811 omni
1827 4754 2044 4826 quidem

2076 3524 2123 3584 (ι

2154 3572 2269 3617 ται,
2300 3555 2398 3608 καλ⁸
2425 3555 2486 3608 τὸ
2520 3555 2775 3627 καθάπερ
2806 3557 2863 3609 ὲν
2898 3558 3253 3628 χωνευτηρίῳ
3299 3558 3423 3615 τοὺς
3458 3552 3741 3610 εἰσελθόν-

2151 3663 2251 3709 τας
2294 3647 2674 3717 καθαίρεσθαι.
2730 3649 2843 3702 Καὶ
2889 3649 3049 3703 τοῦτο
3094 3649 3202 3720 πρὸ
3255 3650 3357 3719 τῆς
3409 3647 3738 3707 τελευταίας

2153 3738 2411 3809 κρίσεως.
2466 3741 2623 3793 Μετὰ
2652 3740 2764 3811 γὰρ
2799 3740 3008 3812 ταύτην
3054 3744 3177 3795 ἐπεὶ
3227 3742 3323 3795 καὶ
3372 3738 3739 3812 πρδίταύτης

2155 3831 2315 3899 μόνον
2348 3832 2418 3885 τά
2450 3832 2591 3902 ὑπὲρ
2622 3832 2732 3885 τῶν
2776 3832 2967 3902 ψυχῶν
2995 3835 3254 3903 γινόμενα
3282 3832 3509 3885 δύναται
3550 3847 3740 3884 συντε-

2150 3924 2265 3977 λεῖν
2286 3942 2300 3955 ο
2334 3924 2475 3995 μετά
2507 3925 2563 3979 δὲ
2594 3927 2803 3995 ταύτην
2847 3929 3022 3993 οὐδεὶς
3058 3928 3086 3981 ὀ
3121 3928 3524 3999 καθαιρόμενος
3558 3926 3737 3989 ἔσται,

2154 4016 2395 4069 ἑκάστου
2427 4016 2520 4069 τὸν
2554 4018 2753 4071 οίκεῖον
2785 4020 2964 4089 ἑαυτῷ
2998 4022 3165 4073 τόπον
3200 4022 3437 4082 αἰωνίως
3474 4018 3740 4084 καθέξον-

2151 4123 2271 4169 τος.
2312 4107 2478 4159 Ἀλλά
2521 4109 2613 4159 καὶ
2648 4110 2697 4160 εί
2722 4125 2869 4173 τινες
2911 4111 3111 4180 αἴφνης
3155 4114 3250 4167 ἐπὶ
3292 4110 3371 4179 τῷ
3412 4111 3605 4182 κρῖναι
3654 4109 3741 4161 τόν

2155 4199 2365 4268 κόσμον
2398 4200 2723 4263 ὀπιστάντος
2753 4201 2845 4253 τοῦ
2898 4203 3130 4267 κυρίου,
3166 4205 3334 4271 μόνον
3366 4203 3416 4254 εί
3459 4202 3573 4255 τῶν
3609 4200 3741 4255 ίασί-

2154 4308 2272 4361 μων
2304 4291 2433 4357 είσὶ,
2471 4292 2907 4363 περιλείπονται,
2941 4294 3170 4361 Πάντες
3205 4296 3316 4365 γὰρ
3341 4296 3416 4350 οὐ
3454 4299 3741 4365 κοιμηθη-

2149 4384 2403 4453 σόμεθα,
2435 4384 2661 4453 πάντες
2690 4386 2758 4440 δὲ
2787 4380 3286 4459 ἀλλαγησόμεθα,
3325 4393 3423 4445 καί
3474 4391 3650 4461 ἡμεῖς
3690 4391 3741 4443 oi

2150 4475 2365 4542 ζῶντες
2393 4480 2449 4531 oi
2480 4481 2963 4547 περιλειπόμενοι
3001 4482 3122 4552 ἅμα
3152 4487 3278 4537 σὺν
3314 4483 3527 4549 αὐτοῖς
3562 4484 3741 4551 ἁρπα-

2150 4571 2485 4640 γησόμεθα,
2540 4570 2729 4641 ὥσπερ
2764 4573 2993 4638 δυνατὸς
3021 4577 3049 4627 ό
3084 4574 3217 4638 Θεὸς
3261 4577 3328 4629 τά
3360 4575 3456 4628 τοῦ
3513 4576 3741 4629 θανάτου

2153 4662 2248 4714 καὶ
2282 4662 2382 4730 τῆς
2428 4662 2610 4715 αὐτῶν
2642 4664 3069 4733 παλιγγενεσίας
3098 4666 3157 4718 ὲν
3186 4668 3378 4737 ἀτόμῳ
3429 4667 3740 4732 διεξελθεῖν,

2148 4751 2291 4805 οὕτω
2319 4752 2415 4805 καὶ
2438 4754 2539 4825 τὴν
2572 4754 2663 4808 διὰ
2685 4755 2779 4808 τοῦ
2812 4757 3181 4827 καθαίρεσθαι
3211 4752 3409 4829 ὀδύνην
3452 4762 3511 4811 ὲν
3541 4757 3741 4811 πλείονι
3784 4742 3792 4751 ’

467 4862 636 4913 motu,
695 4861 970 4917 cursuque
1009 4846 1443 4915 quiescentibus,
1474 4848 1835 4919 omnibusque
1862 4862 2041 4902 sacra-

2150 4851 2488 4921 διαστήματι
2550 4854 2665 4915 τοῖς
2719 4852 3000 4923 δεομένοις
3056 4831 3384 4926 καθάρσεως
3435 4856 3495 4908 ἐν
3551 4849 3746 4925 βραχεῖ

470 4941 696 5006 mentis,
727 4956 790 4993 ac
816 4939 1318 5007 dispensationibus
1352 4940 1609 5008 impletis.
1640 4940 1788 4995 Idem
1842 4955 1969 4994 vero
1996 4952 2050 4995 et

465 5034 539 5088 de
583 5032 925 5100 corporibus,
949 5033 991 5084 si
1024 5046 1186 5100 quem
1226 5047 1289 5086 ex
1348 5032 1430 5086 bis
1465 5018 1713 5085 dolorem
1742 5030 1864 5100 quis
1890 5033 2055 5085 obve—

465 5129 583 5180 nire
614 5125 737 5179 velit
756 5134 976 5193 pmpter
1004 5124 1338 5178 consortium
1360 5126 1424 5178 ad
1444 5126 1679 5178 animam
1711 5126 1763 5180 in
1796 5129 1897 5179 hac
1923 5127 2053 5190 vita,

464 5212 599 5268 nihil
631 5211 871 5281 cogitare
903 5212 1177 5280 prohibet.
1342 5216 1343 5219 “

2162 4943 2402 4996 συνελὼν
2441 4944 2734 5010 ἀποδώσει,
2786 4948 2932 5000 κατὰ
2970 4946 3033 5000 τὸ
3082 4947 3177 5001 τοῦ
3232 4949 3428 5019 χρόνου
3485 4948 3582 5001 καὶ
3646 4947 3741 5017 τῆς

2160 5035 2367 5104 ὀδύνης
2416 5037 2707 5105 ἀνάλογον,
2753 5037 2895 5091 ὥστε
2947 5040 3157 5102 πάντας
3209 5039 3526 5111 ἔμπροσθεν
3580 5038 3741 5091 αὐτοῦ

2166 5127 2541 5196 παραστῆναι,
2584 5132 2763 5201 πάσης
2820 5133 3093 5204 κινήσεως
3136 5136 3231 5186 καὶ
3277 5133 3484 5203 δρόμου
3543 5129 3739 5193 παντὸς

2166 5222 2575 5289 παυσαμένων,
2633 5224 2853 5278 πάντων
2906 5227 2963 5279 δὲ
3030 5229 3351 5297 μυστηρίων
3403 5226 3499 5279 καὶ
3565 5224 3740 5291 πάσης

463 5304 783 5375 οἰκονομίας
811 5302 1198 5357 τελεσθέντων.
1228 5304 1302 5356 Τὸ
1334 5304 1379 5356 δ’
1396 5324 1399 5325 ν
1419 5306 1551 5358 αύτδ
1580 5307 1677 5360 καὶ
1713 5307 1825 5369 τοῖς
1854 5306 2124 5378 σώμασιν,
2151 5308 2204 5361 εῐ
2229 5326 2353 5363 τινα
2404 5314 2501 5366 καὶ
2530 5312 2742 5377 τούτοις
2812 5315 2956 5381 άξιοῖ
3019 5334 3103 5380 τις
3189 5317 3382 5390 ὀδύνην
3446 5318 3740 5389 προσγενέ-

469 5401 597 5453 σοαι
624 5399 712 5452 διὰ
745 5399 843 5453 ταίην
878 5399 936 5451 ὲν
965 5397 1042 5469 τῷ
1078 5398 1177 5470 βίῳ
1207 5398 1381 5470 τούτῳ
1416 5400 1551 5471 πρὸς
1582 5404 1682 5472 τὴν
1710 5402 1891 5473 ψυχὴν
1934 5404 2246 5469 κοινωνίαν,
2282 5404 2436 5458 ούδὲν
2466 5407 2671 5463 ἄτοπον
2702 5410 3178 5480 προσλογίζεσθαι.

538 5614 584 5646 ⁸³
621 5614 777 5667 Rom.
800 5628 861 5679 ιι,
891 5611 945 5667 ϐ.
1020 5613 1065 5644 ⁸⁹
1091 5612 1222 5668 Dan.
1250 5629 1342 5679 vn,
1366 5613 1420 5666 9.
1496 5614 1542 5647 “
1569 5614 1763 5675 Matth.
1795 5631 1850 5683 ι,
1887 5614 1976 5671 ‘28.
2055 5616 2098 5647 "
2119 5613 2159 5671 ιι
2184 5614 2310 5672 Cor.
2341 5632 2430 5686 xv,
2464 5615 2552 5675 5i.
2628 5618 2673 5650 “
2705 5616 2725 5672 ι
2755 5615 2958 5676 Thess.
2985 5630 3064 5687 tv,
3088 5618 3175 5677 l6.

540 5825 654 5897 (86)
692 5825 783 5883 Sic
815 5826 996 5898 legunt
1015 5827 1210 5885 Graeci.
