3920 6542
439 383 543 449 us
575 363 586 380 ·’

1687 378 1846 443 MAN
1855 375 2080 440 UELlS
2115 375 2416 438 CALECA!

3557 360 3664 422 “236

441 506 640 558 tionem
672 514 733 555 ac
785 496 1024 569 requiem
1075 511 1258 552 eorum
1285 497 1376 566 qui
1401 500 1620 555 aeternis
1655 499 1831 568 poenis
1874 515 2000 555 cru-

2130 499 2252 551 ιᾶσα
2280 499 2313 568 ἡ
2354 491 2651 566 Ἐκκλησία
2674 491 2740 546 τὰ
2773 489 2994 545 τοιαῦτα
3027 486 3169 558 ὑπὲρ
3203 484 3407 557 τούτων
3439 483 3669 555 δεομένη

442 594 674 655 clantnr,
725 600 943 645 orantes
1003 597 1210 657 petunt.
1256 588 1351 644 llis
1373 590 1516 646 enim
1549 590 1638 658 qui
1667 591 1837 645 semel
1893 591 1998 646 illis

441 683 638 738 inierint
699 682 960 745 immersi,
996 681 1302 752 entergcndi
1359 680 1588 737 facultas
1671 683 1821 738 nulla
1893 695 1996 739 est.

441 778 591 832 Alias
648 788 742 828 eos
792 773 883 842 qui
919 774 1156 827 damnati
1206 775 1285 829 eis
1335 779 1481 840 sunt,
1527 773 1758 829 relaxari
1817 789 2003 830 neces-

441 868 582 922 sario
633 866 926 935 putandum
967 875 1081 931 est;
1148 866 1416 936 finemque
1449 866 1562 923 fore
1625 867 1849 922 infinitis
1880 883 2006 921 cru-

441 960 680 1013 ciatibus,
715 959 1032 1026 putandum.
1085 960 1153 1014 At
1211 961 1263 1015 id
1285 973 1474 1016 contra
1520 961 1824 1016 communis
1880 960 2002 1016 iidei

442 1051 766 1120 positionem
791 1061 895 1109 est.

511 1230 776 1293 Quoniam
819 1247 947 1287 vero
999 1248 1171 1300 neque
1195 1246 1296 1300 pro
1337 1233 1418 1286 his
1446 1233 1534 1299 qui
1567 1240 1777 1287 suntin
1831 1233 2006 1288 acati-

445 1321 628 1374 tudine
653 1321 729 1388 (hi
759 1322 952 1389 quippe
986 1331 1168 1389 optato
1193 1321 1298 1375 (ine
1328 1321 1662 1391 quietissime
1693 1321 2006 1388 fruuntur),

445 1424 615 1479 neque
641 1426 738 1480 pro
771 1411 854 1464 his
885 1426 1021 1478 quos
1052 1421 1283 1467 aeternus
1325 1414 1789 1480 urgctcrnciatus,
1822 1411 2009 1466 Eccle-

446 1504 525 1558 sia
574 1503 701 1556 talia
745 1513 887 1567 orat,
924 1505 1212 1572 colligitur,
1247 1507 1387 1574 quod
1409 1505 1616 1558 dictum
1652 1515 1756 1569 cst,
1792 1505 2008 1559 tertium

447 1596 732 1662 quemdam
766 1594 939 1648 locum
967 1596 1309 1662 purgationis
1331 1609 1472 1657 esse,
1498 1597 1585 1649 ubi
1607 1596 1700 1666 qui
1725 1597 2004 1653 continen-

445 1693 536 1737 tur
561 1697 656 1751 per
671 1699 932 1738 summam
957 1684 1048 1739 Dei
1061 1686 1344 1754 justitiam,
1369 1686 1596 1756 ejusque
1612 1689 2010 1744 miserationem

448 1775 734 1839 infinitam,
794 1777 879 1830 his
926 1778 1123 1845 quibus
1181 1782 1554 1842 continentur,
1609 1781 1852 1835 tristibus
1897 1782 2010 1836 eri-

2103 589 2387 658 προσάγει,
2444 586 2536 640 καὶ
2568 585 2748 656 δῆλον,
2793 582 2869 648 ὡς
2901 582 2963 636 οὐ
3003 582 3158 634 λύσιν
3191 580 3285 633 καὶ
3322 577 3509 631 ἄνεσιν
3561 575 3671 627 τῶν

2101 681 2158 732 ὲν
2186 681 2251 749 τῇ
2297 677 2503 746 αἰωνίῳ
2530 675 2748 731 κολάσει
2793 672 3167 745 πειρατηρίων
3217 672 3327 733 τοῖς
3374 668 3681 750 κατεχομὲον

2103 783 2213 832 νοις
2241 769 2523 840 εὐχόμενοι
2568 769 2803 824 δέονται.
2833 769 2960 830 Τοῖς
2999 766 3106 836 γάρ
3135 765 3215 828 εἰς
3249 763 3466 832 ἐκείνην
3497 760 3683 838 εἰσελτ

2101 859 2283 914 θοῦσιν
2309 861 2408 914 οὐκ
2437 861 2585 914 ἔστιν
2604 861 2880 926 ἀνάδυσις,
2913 859 2945 930 ἢ
2971 862 3098 923 τοῦς
3140 859 3197 911 ὲν
3225 857 3362 926 αὐτῇ
3392 871 3674 924 κατακρι-

2101 953 2292 1014 θέντας
2331 952 2546 1021 ἀνάγκη
2600 952 2848 1018 νομίζειν
2896 951 3160 1014 ἀνίεσθαι,
3185 951 3277 1001 καὶ
3307 948 3483 1019 ταύτῃ
3523 946 3678 1009 τέλος

2105 1043 2204 1112 τῆς
2238 1041 2594 1112 ἀτελευτήτου
2626 1041 2902 1105 κολάσεως
2941 1041 3172 1095 οἴεσθαι.
3201 1041 3336 1093 Τόδε
3371 1039 3489 1092 ἐστὶ
3523 1037 3681 1108 παρὰ

2105 1135 2201 1202 τὴν
2237 1136 2421 1203 κοινὴν
2447 1137 2545 1202 τῆς
2574 1135 2809 1199 πίστεως
2847 1135 3015 1192 θέσιν.

2178 1227 2286 1278 Καὶ
2317 1228 2440 1279 ἐπεὶ
2462 1226 2577 1280 οὗθ’
2619 1227 2758 1297 ὑπὲρ
2789 1227 2897 1280 τῶν
2920 1227 2980 1280 ἐν
3004 1227 3370 1297 μακαριότητι
3393 1222 3683 1278 καθεστώ-

2106 1333 2213 1368 των
2247 1309 2415 1386 (οὗτοι
2441 1317 2548 1388 γάρ
2582 1319 2678 1372 τοῦ
2713 1317 2902 1380 τέλους
2954 1318 3123 1382 ἀδεῶς
3152 1316 3543 1387 ἀπολαύουσιν)
3564 1310 3686 1370 οὗθ’

2106 1405 2249 1475 ὑπὲρ
2277 1407 2387 1461 τῶν
2420 1409 2478 1461 ὲν
2508 1409 2700 1480 αἰωνίᾳ
2729 1409 3001 1480 καταδίκῃ
3038 1409 3339 1477 κριθέντων
3375 1409 3409 1479 ἡ
3444 1407 3685 1476 Ἐκκληο

2110 1498 2322 1551 simul
2354 1498 2580 1552 τοιαῦτα
2608 1501 2896 1571 προσάγει,
2933 1502 2996 1554 τὸ
3035 1502 3330 1572 εἰρημένον
3362 1501 3685 1568 συνάγεται,

2109 1588 2288 1658 τρίτον
2308 1590 2425 1642 τινὰ
2445 1592 2612 1645 τόπον
2643 1593 2739 1661 τῆς
2762 1591 3085 1662 καθάρσεως
3121 1587 3287 1658 εἶναι,
3312 1593 3449 1646 ὅπου
3477 1594 3528 1646 οἱ
3559 1608 3691 1646 κατ-

2105 1681 2361 1748 εχόμενοι
2412 1683 2555 1734 κατὰ
2591 1681 2688 1752 τὴν
2737 1683 2913 1752 ἄκραν
2970 1682 3066 1737 τοῦ
3115 1683 3250 1737 Θεοῦ
3313 1683 3690 1754 δικαιοσύνην,

2113 1772 2205 1822 καὶ
2238 1771 2300 1824 τὸ
2333 1772 2468 1826 πολὺ
2503 1772 2672 1826 αὑτοῦ
2717 1774 2865 1837 ἔλεος
2897 1774 3005 1829 τῶν
3038 1776 3382 1847 κατεχόντων
3418 1775 3689 1839 ἀνίενται,

448 1866 690 1934 piutttur,
720 1875 776 1919 et
806 1882 902 1935 per
934 1868 1219 1922 charitatis
1247 1883 1410 1935 opera
1436 1869 1850 1940 benignissimus
1871 1872 2015 1927 Deus

2130 1861 2215 1914 καὶ
2239 1863 2327 1916 διὰ
2352 1865 2460 1918 τῶν
2487 1863 2585 1934 τῆς
2617 1865 2837 1936 ἀγάπης
2860 1865 3040 1936 ἔργων
3060 1866 3090 1918 ὁ
3115 1867 3431 1935 πανάγαθος
3455 1866 3692 1933 ὲξιλεού-

446 1957 714 2026 propitius
774 1955 1019 2022 elici-Ius,
1084 1958 1346 2026 pcenalem
1400 1960 1698 2014 cruciatum
1778 1962 2012 2016 breviori

447 2048 777 2103 concludens
804 2047 1105 2112 intervallo,
1133 2049 1198 2102 ad
1224 2049 1614 2104 beatitudinem
1644 2065 1740 2106 eos
1759 2052 2017 2107 transfert

450 2151 560 2190 non
619 2137 886 2192 habentes
948 2138 1214 2191 maculam
1260 2138 1347 2192 vel
1401 2154 1610 2207 rugam.
1657 2139 1886 2210 Propter
1915 2141 2016 2199 hoc

445 2229 591 2284 enim
624 2245 757 2284 cura
791 2244 891 2295 pro
927 2231 1154 2290 mortuis
1185 2231 1474 2300 suscipitur
1501 2233 1731 2303 agenda.

522 2507 659 2562 llnic
689 2504 994 2575 purgationi
1061 2505 1253 2560 beatus
1304 2505 1467 2562 etiam
1519 2508 1758 2586 concinit
1813 2508 2018 2571 Paulus

447 2602 636 2658 dicens
658 2618 672 2654 :
700 2598 868 2665 Quale
890 2598 1148 2669 cujusque
1168 2615 1295 2667 opus
1309 2611 1405 2661 est.
1430 2602 1565 2670 ignis
1577 2604 1788 2670 probat;
1809 2605 1855 2656 si
1869 2606 2019 2674 cujus

451 2708 580 2761 opus
603 2692 818 2756 arserit,
838 2692 1206 2750 detrimentum
1233 2692 1486 2759 patietur,
1519 2695 1602 2746 hic
1635 2705 1810 2749 autem
1841 2698 2018 2751 salva-

453 2786 618 2850 bitur,
641 2785 713 2838 sic
769 2797 942 2837 autem
965 2785 1118 2851 quasi
1154 2800 1246 2853 per
1306 2786 1472 2854 ignem
1494 2786 1560 2841 “.
1585 2787 1761 2857 Opera
1803 2790 2016 2858 quidem

454 2876 698 2930 ardentia
729 2876 915 2929 dicens
959 2873 1118 2930 facile
1147 2875 1564 2946 conflagrantem
1620 2881 1868 2936 incendio
1895 2896 2010 2934 ma-

456 2966 647 3021 teriam
675 2985 688 3020 :
718 2981 880 3036 quam
903 2967 1003 3035 qui
1039 2967 1463 3035 :edilicatterunt,
1494 2963 1708 3038 penitus
1728 2972 2018 3028 ardcbunt.

455 3057 851 3114 Detrimentum
909 3061 1053 3112 enim
1095 3073 1251 3126 passa
1293 3062 1631 3115 suutornnia
1663 3063 1874 3117 illorum
1903 3074 2021 3118 stu~

453 3151 566 3216 dia,
597 3158 649 3204 et
682 3152 800 3204 sine
835 3149 942 3203 ullo
982 3150 1086 3205 fine
1118 3152 1485 3212 tenebuntur.
1527 3152 1701 3222 Opera
1743 3170 2024 3223 vero,qu:n

456 3243 976 3311 superardificautur,
1047 3241 1171 3296 lidei
1197 3242 1407 3298 scilicet
1434 3252 1489 3298 et
1537 3260 1654 3314 qua:
1683 3257 2022 3314 permanent,

459 3333 677 3388 virtutis
743 3333 928 3388 dicens
957 3347 1144 3401 opera,
1197 3335 1378 3403 qualia
1415 3334 1563 3402 juxta
1621 3335 2021 3403 proportionem

457 3433 587 3480 sunt
642 3437 856 3488 aurum,
915 3434 1196 3494 argentum
1248 3433 1304 3479 et
1363 3425 1582 3492 pretiosi
1645 3425 1872 3494 lapides,
1907 3440 2026 3494 qua:

456 3517 548 3586 qui
579 3516 884 3586 perfecerit,
910 3516 1212 3570 mercedem
1241 3527 1438 3581 sinuet,
1505 3515 1733 3570 salutem
1793 3517 2024 3571 scilicet.

458 3609 714 3678 Sequitur
763 3607 942 3662 enim:
997 3606 1101 3659 llic
1136 3616 1313 3659 autem
1364 3609 1673 3663 minabitur.
1749 3606 1944 3663 Verum
1975 3617 2031 3662 et

461 3701 574 3768 ipse
603 3713 725 3753 eum
781 3697 987 3762 dolore,
1037 3707 1097 3750 ut
1131 3698 1338 3753 scilicet
1381 3714 1476 3769 per
1525 3705 1702 3770 ignem
1739 3702 2027 3764 transiens.

459 3798 830 3860 purgatusque
891 3805 920 3842 a
943 3789 1094 3842 brevi
1125 3788 1228 3843 sibi
1258 3790 1432 3844 inusta
1473 3793 1702 3847 macula.
1734 3793 1824 3847 Dei
1880 3794 2026 3848 enim

456 3891 546 3934 est
571 3879 795 3934 omnino
825 3881 941 3941 sine
969 3888 1195 3947 peccato
1229 3894 1370 3936 esse.
1422 3881 1496 3936 De
1528 3884 1830 3940 hominibus
1882 3901 2027 3951 vero,

461 3974 811 4044 quantumvis
865 3972 974 4026 sint
1023 3972 1230 4034 mutuli,
1275 3973 1479 4027 dictum
1527 3985 1610 4027 est
1643 3993 1656 4029 :
1691 3975 1952 4038 Quoniam
1975 3977 2030 4030 in

461 4065 641 4119 multis
661 4063 970 4133 o/feudimus
988 4078 1164 4122 omnes
1185 4063 1250 4128 ";
1275 4063 1517 4128 et,Nento
1537 4065 1696 4119 mund
1704 4083 1760 4120 us
1776 4083 1807 4119 a
1822 4077 2030 4136 peccato

463 4173 624 4226 neque
651 4154 832 4224 infans
861 4156 1017 4208 unius
1039 4155 1143 4206 diei
1169 4153 1236 4206 ‘°.
1259 4153 1470 4208 Dictum
1492 4164 1574 4208 est
1602 4165 1779 4208 autem
1805 4167 1856 4209 ct
1889 4157 2030 4224 apud

461 4247 818 4303 Malachiam:
864 4247 1150 4313 Quoniam,
1217 4247 1352 4300 sicut
1405 4247 1543 4316 ignis
1589 4252 1642 4300 in
1708 4247 1942 4315 fornace,
1981 4257 2032 4302 et

462 4343 598 4396 velut
628 4341 788 4394 herba
816 4338 1102 4405 fullonum,
1131 4339 1400 4408 conﬂabit,
1439 4348 1489 4393 et
1527 4339 1829 4392 emundabit
1875 4357 2032 4411 quos-

463 4441 587 4488 dam
607 4434 680 4487 σθ.

2122 1971 2306 2024 μενος,
2356 1956 2453 2009 καὶ
2497 1957 2670 2028 ταύτῃ
2722 1961 2788 2012 τὰ
2823 1960 2921 2027 τῆς
2959 1960 3236 2013 ὲπωδὺνου
3276 1960 3601 2028 καθάρσεως
3635 1960 3696 2009 ἐν

2121 2045 2440 2118 βραχυτέρῳ
2489 2051 2790 2120 συγχωρῶν
2839 2051 3174 2122 διαστήματι
3223 2053 3318 2106 ἐπὶ
3365 2053 3464 2120 τὴν
3515 2068 3696 2120 μακα-

2124 2137 2353 2208 ριότητα
2387 2140 2764 2207 μεταϐιϐάζει,
2800 2145 2874 2211 μὴ
2898 2141 3120 2212 ἔχοντας
3150 2141 3340 2196 σπῖλον
3397 2144 3429 2213 ἢ
3476 2142 3694 2213 ῥυτίδα.

2139 2229 2264 2283 Ἐπὶ
2295 2229 2504 2286 τούτων
2534 2231 2645 2304 γὰρ
2677 2231 2747 2286 τά
2789 2233 2931 2305 ὑπὲρ
2959 2235 3067 2288 τῶν
3096 2235 3437 2306 τεθνηκότων
3472 2250 3700 2305 πρισξι-

2120 2323 2350 2394 ληπται.

2124 2515 2237 2570 bat.
2274 2513 2379 2571 Per
2418 2519 2562 2574 enim
2617 2517 2902 2575 transitum
2947 2515 3234 2589 quemdam
3283 2506 3596 2590 motumque
3620 2521 3699 2575 si-

2122 2604 2365 2673 gnificat.
2397 2607 2528 2662 Eum
2580 2623 2728 2673 vero.
2758 2607 2851 2678 qui
2893 2607 3055 2662 semel
3098 2608 3152 2662 in
3208 2612 3466 2677 geheimae
3515 2613 3700 2678 ignem

2123 2694 2352 2764 injectus
2385 2697 2567 2764 fiterit,
2618 2712 2837 2754 manere
2891 2711 3103 2766 semper
3135 2701 3186 2751 in
3221 2713 3289 2752 eo
3341 2713 3568 2754 necesse
3594 2711 3699 2755 est.

2193 2791 2488 2846 Attesmtur
2514 2793 2596 2846 his
2619 2802 2674 2848 et
2691 2793 2845 2848 divus
2859 2791 3299 2864 Chrysostomus,
3317 2794 3370 2848 in
3391 2802 3585 2864 quarta
3609 2809 3703 2848 su-

2125 2896 2220 2951 per
2252 2881 2561 2937 Matthazum
2603 2883 2846 2947 ltomilia,
2893 2882 3076 2939 Sancti
3121 2887 3352 2957 quidem,
3387 2887 3580 2956 inquit,
3610 2902 3706 2952 per

2123 2973 2322 3042 ignium
2351 2975 2544 3044 ﬂumen
2560 2977 2879 3046 gradientes,
2915 2978 3044 3032 nihil
3069 2979 3218 3032 triste
3249 2979 3544 3046 patientur,
3567 2981 3700 3044 into,

2128 3065 2248 3118 inde
2275 3067 2524 3120 duriores
2548 3068 2708 3121 etiam
2743 3067 3045 3124 reddentur.
3077 3067 3311 3127 Sancto:
3372 3069 3558 3125 fideles
3612 3070 3702 3124 di-

2128 3157 2224 3220 cit,
2273 3160 2365 3226 qui
2417 3158 2534 3214 sine
2581 3158 2897 3214 mortalibus
2952 3161 3186 3229 peccatis
3219 3169 3407 3216 sancte
3451 3161 3707 3232 justeque

2128 3252 2410 3318 vixerunt;
2468 3251 2568 3307 hos
2627 3253 2795 3318 enim,
2837 3254 2931 3322 qui
2995 3254 3067 3308 ita
3139 3253 3362 3319 vivunt,
3418 3250 3703 3322 Scriptura

2125 3349 2337 3394 sanctos
2372 3348 2552 3395 vocat.
2585 3339 2651 3395 Et
2679 3344 2823 3412 quod
2857 3345 2986 3396 item
3011 3341 3254 3397 dicitur:
3288 3339 3348 3396 Si
3389 3342 3576 3410 justus
3620 3343 3706 3396 uia:
3733 3325 3737 3330 ⁷

2123 3433 2441 3500 salvabitur,
2472 3445 2720 3501 peccator
2755 3435 2843 3488 ubi
2885 3433 3088 3502 parebit
3118 3433 3214 3487 "2
3255 3434 3323 3488 ad
3379 3436 3517 3488 hanc
3549 3434 3708 3488 intel-

2126 3522 2402 3592 ligentiam
2449 3527 2665 3581 ducitur
2721 3539 2819 3595 per
2841 3539 2966 3580 eum
2996 3525 3091 3595 qui
3140 3524 3228 3579 vix
3259 3526 3521 3592 salvator,
3555 3525 3705 3580 illum

2129 3616 2536 3682 commendans,
2565 3617 2654 3686 qui
2688 3631 2782 3686 per
2833 3616 3206 3688 purgationem
3254 3616 3430 3672 salute
3481 3615 3706 3672 fruitur.

2201 3707 2425 3772 Quidam
2459 3709 2620 3761 etiam
2653 3707 2792 3775 apud
2826 3722 2923 3762 nos
2951 3707 3149 3762 dictum
3185 3707 3314 3763 illud
3350 3708 3706 3776 apostolicum

2128 3811 2404 3866 exponens
2453 3797 2574 3851 ait:
2616 3795 2683 3850 In
2735 3797 3059 3866 expositione
3093 3795 3255 3852 Isaiae
3292 3806 3511 3851 sanctus
3552 3797 3708 3852 Basi-

2115 3886 2232 3938 lius
2277 3885 2436 3954 hujus
2479 3885 2607 3939 dicti
2653 3887 2967 3939 mentionem
3017 3885 3246 3940 secundo
3293 3887 3516 3956 faciens,
3537 3889 3710 3955 ipsum

2130 3993 2224 4045 pro
2274 3978 2584 4048 purgatione
2633 3980 2881 4045 suscepit.
2909 3977 2968 4032 lu
3020 3962 3162 4032 hanc
3220 3977 3705 4048 intelligentiaivel

2130 4067 2404 4138 Nyssenus
2464 4067 2759 4139 Gregorius
2809 4069 3014 4124 dictum
3087 4069 3418 4138 explanavit.
3468 4068 3702 4126 QIION'II

2131 4159 2420 4214 verborum
2444 4161 2548 4212 vim
2580 4159 2798 4229 quidam
2832 4174 2940 4214 non
2971 4159 3350 4228 intelligente»,
3383 4153 3546 4210 litium
3584 4164 3702 4222 post

2127 4250 2388 4318 judicium
2414 4251 2662 4305 ultimum
2697 4251 2884 4305 (merui
2916 4253 3185 4306 cruciatus
3235 4244 3416 4298 dicere
3445 4256 3700 4312 putarunt

2135 4342 2189 4396 in
2242 4342 2418 4411 ipsam
2481 4340 2889 4411 intelligentiam
2944 4350 2998 4389 et
3053 4333 3456 4388 Oceideutalem
3514 4334 3698 4389 Eccle-

2134 4433 2296 4498 siam,
2349 4435 2474 4502 quia
2507 4433 2798 4502 purgatorii
2828 4426 2969 4497 ignis
3019 4434 3145 4478 ante
3176 4424 3421 4480 ultimum
3453 4427 3700 4480 Salvato-

533 4526 603 4580 Et
629 4534 796 4588 certe,
854 4523 902 4579 si
933 4526 1191 4594 gehennze
1243 4524 1415 4592 ignem
1473 4524 1560 4578 hic
1621 4524 1788 4578 voluit
1831 4525 2029 4590 dicere,
2059 4523 2112 4584 D
2140 4525 2216 4581 ris
2244 4525 2533 4581 adventum
2569 4522 2944 4595 purgationem
2996 4519 3274 4589 praedicat,
3305 4534 3414 4589 qua
3469 4521 3699 4580 sublata.

461 4617 740 4688 quomodo
764 4616 1023 4685 possibile
1069 4622 1152 4668 est
1179 4614 1349 4683 utqui
1384 4615 1434 4668 in
1463 4629 1585 4669 cum
1620 4617 1821 4670 missus
1848 4615 2031 4681 fuerit,

464 4710 642 4770 salute
679 4709 957 4780 potiatur?
985 4705 1040 4760 ln
1069 4723 1132 4761 eo
1151 4703 1349 4777 quippe
1377 4707 1520 4760 nulla
1547 4719 1633 4760 est
1662 4708 1858 4761 salutis
1886 4723 2030 4776 spes.

462 4802 690 4857 Constat
718 4802 881 4872 igitur
906 4801 975 4854 de
1007 4800 1126 4869 igne
1169 4808 1434 4867 purgante
1468 4808 1522 4852 et
1550 4799 1832 4868 probante,
1885 4801 2035 4856 velut

462 4908 657 4949 aurum
689 4893 741 4947 in
769 4891 1011 4956 fornace,
1043 4906 1139 4945 eos
1160 4892 1252 4959 qui
1285 4891 1337 4944 in
1359 4891 1508 4944 illum
1537 4892 1926 4958 immittuntur,
1962 4894 2036 4948 illi

462 5000 768 5043 sermonem
799 5000 938 5050 esse.
1003 4984 1135 5037 Nam
1197 4985 1456 5052 gehennae
1491 4983 1628 5053 ignis
1658 5000 1833 5054 neque
1884 5002 2038 5040 mun-

453 5080 612 5138 .tlabit
637 5078 874 5146 aliquos,
906 5089 1081 5144 neque
1110 5076 1376 5143 probabit.
1851 5075 1854 5079 ’

531 5171 688 5238 Quod
715 5169 760 5224 si
784 5168 1002 5238 quidam
1043 5174 1380 5233 sanctorum,
1412 5167 1556 5237 quod
1578 5168 1778 5224 dictum
1801 5180 1906 5236 est,
1937 5173 2045 5225 sat.

462 5267 671 5318 nubitur
694 5261 853 5316 ueluti
872 5275 962 5329 per
981 5259 1152 5330 ignem
1170 5259 1236 5325 ⁷⁸,
1267 5259 1320 5313 in
1347 5261 1469 5330 igne
1494 5264 1752 5327 manebit,
1771 5271 2042 5333 esposuit,

467 5357 598 5410 nihil
619 5353 951 5409 contrarium
974 5362 1088 5419 est;
1110 5353 1203 5420 qui
1231 5351 1374 5407 enim
1391 5359 1664 5422 purgatur
1677 5364 1732 5409 et
1758 5359 2035 5425 probatur,

467 5447 863 5513 quantumlibet
896 5446 948 5500 in
979 5459 1046 5500 eo
1095 5444 1239 5512 quod
1269 5457 1327 5498 se
1374 5445 1564 5512 probat
1589 5452 1644 5500 et
1698 5457 1910 5515 purgat,
1943 5462 2036 5502 ne-

470 5552 623 5592 cesse
651 5550 731 5591 cst
761 5543 997 5599 maneat,
1033 5541 1091 5587 ut
1120 5533 1308 5588 sordes
1337 5543 1520 5610 ponat.
1559 5535 1839 5605 Simulque
1888 5539 2032 5606 quod

471 5631 670 5686 dictum
706 5637 808 5690 est,
846 5642 938 5694 per
980 5629 1171 5691 ignem,
1204 5626 1256 5680 id
1306 5625 1451 5694 quod
1503 5626 1754 5691 dicimus,
1791 5643 2038 5698 compro-

543 5747 588 5778 “
622 5745 639 5798 1
699 5743 847 5807 Con,
883 5759 963 5814 ut,
998 5743 1183 5800 1346.
1259 5742 1443 5800 "Jac.
1479 5759 1562 5809 tn,
1587 5744 1641 5799 2.
1718 5744 1762 5780 ⁸⁸
1783 5745 1908 5801 Job.
1939 5763 2021 5800 xxv

2147 5762 2258 5802 sec.
2279 5744 2438 5802 LXX.

475 5821 516 5852 τ’
548 5817 568 5872 l
597 5815 738 5871 l'etr.
779 5805 854 5879 tv,
886 5805 974 5869 {8.

2142 4619 2374 4687 plurima
2415 4617 2652 4672 absurda
2699 4611 2854 4682 sequi
2903 4624 3123 4668 necesse
3151 4619 3274 4666 est:
3314 4624 3344 4663 a
3372 4611 3576 4665 nostris
3594 4611 3703 4664 cul-

2142 4687 2501 4778 p..tur,'quasi
2533 4719 2652 4778 p05t
2687 4705 2950 4776 judicium
2999 4703 3157 4758 linem
3206 4703 3546 4758 crueiatuunt
3589 4703 3702 4757 fore

2143 4801 2446 4858 aflirmaus.
2487 4800 2592 4856 Sed
2637 4799 2826 4854 falsum
2879 4797 3118 4867 profecto
3166 4805 3270 4860 est,
3309 4797 3384 4850 ita
3411 4796 3558 4851 illam
3580 4811 3701 4851 scn-

2143 4896 2291 4959 tire;
2328 4895 2482 4955 adeo.
2519 4891 2643 4947 utsi
2692 4891 2783 4961 qui
2823 4891 2925 4945 hoc
2959 4899 3145 4959 aperte
3197 4888 3403 4946 sentire
3457 4902 3703 4956 compro-

2145 4989 2362 5051 bantur,
2383 4999 2475 5040 eos
2501 5000 2529 5038 a
2560 4999 2621 5039 se
2664 4981 2970 5045 abscindat,
2997 4995 3174 5052 neque
3220 4982 3340 5037 illos
3362 4983 3428 5036 ad
3465 4996 3706 5036 cornum-

2144 5079 2359 5131 uioncm
2379 5085 2845 5132 sacramentorum
2873 5074 3142 5130 admittat.
3173 5074 3337 5144 quue
3363 5074 3696 5144 perspicuum

2148 5178 2232 5222 est
2261 5177 2316 5221 et
2362 5183 2429 5221 es
2485 5167 2723 5236 antiquis
2769 5174 2911 5220 etex
2943 5165 3256 5233 junioribus
3304 5163 3706 5218 illiusEccEesia

2149 5260 2482 5324 doctoribus,
2512 5267 2569 5313 ut
2596 5273 2662 5312 ex
2703 5257 2788 5312 his
2819 5270 2939 5326 qua:
2976 5257 3030 5309 in
3062 5263 3301 5310 nostram
3335 5253 3579 5310 Grzecam
3603 5253 3703 5308 sci-
3798 5315 3812 5329 ⁸

2149 5352 2274 5406 licet
2321 5352 2559 5420 linguam
2611 5348 2737 5404 inde
2793 5347 3053 5404 translata
3107 5347 3330 5410 sunt,si
3353 5347 3480 5414 quis
3533 5345 3700 5416 legere

2148 5442 2400 5507 voluerit,
2425 5440 2836 5497 animadvertet.
2861 5439 2967 5493 Sed
2995 5439 3109 5494 luce
3135 5439 3420 5494 hactenus.

2368 5531 2442 5586 De
2474 5533 2742 5586 sacerdote
2777 5530 2986 5584 diaconi
3019 5529 3240 5598 ofﬁcium
3271 5530 3536 5597 implente.

2219 5623 2284 5677 Et
2311 5623 2440 5678 illud
2474 5624 2600 5678 item
2631 5622 2994 5693 adjiciendum
3029 5632 3132 5687 est,
3160 5609 3302 5690 quod
3341 5635 3464 5676 cum
3502 5623 3571 5676 sit
3597 5620 3702 5676 sine

2518 5744 2561 5776 ”
2601 5741 2827 5799 Malach.
2866 5757 2947 5809 tu,
2976 5740 3031 5809 2,
3065 5741 3119 5800 5.
3197 5741 3240 5773 τ’
3273 5740 3288 5794 l
3325 5739 3450 5796 Cor.
3504 5754 3586 5806 nt,
3623 5736 3700 5792 l5.
