3882 6546
208 436 290 494 237

203 634 320 699 quod
357 633 406 688 in
447 637 729 696 otl‘erendo
754 645 1026 703 sacriﬁcio
1062 654 1314 709 sacerdos
1348 671 1488 727 saepe
1526 658 1735 713 diaconi

202 726 348 791 explet
398 728 781 789 ministerium.
808 733 1054 804 Improbe
1080 758 1229 799 sane.
1263 726 1514 813 Ignorant
1571 752 1737 813 enim,

202 815 303 881 quia
333 817 373 868 is
410 821 628 888 quidem
685 827 799 893 qui,
835 832 977 894 quod
1007 835 1179 903 majus
1229 848 1332 902 est,
1363 839 1545 917 habet,
1578 842 1739 895 ctiam

202 906 319 973 quod
351 909 528 965 minus
555 924 635 968 est
684 916 923 985 ejusdem
950 925 1167 991 generis
1203 928 1366 984 habet
1414 909 1739 988 necessario.

200 997 293 1051 Non
321 1008 497 1054 autem
529 1017 564 1058 e
590 1019 872 1066 converso.
901 1013 1064 1082 quue
1106 1020 1283 1074 omnia
1334 1020 1743 1096 inspicientjbus

198 1092 453 1148 constabit.
493 1094 675 1153 Homo
704 1102 849 1156 enim
881 1106 1197 1164 rationalem
1226 1112 1434 1169 habens
1474 1092 1737 1180 animam,

195 1182 481 1240 sensibilem
529 1203 748 1259 quoque
804 1205 859 1250 et
914 1201 1266 1268 vegetabilem
1308 1207 1409 1260 sub
1444 1222 1506 1262 ea
1560 1208 1744 1263 habet.

195 1271 354 1339 Neque
382 1283 567 1335 tamen
606 1298 728 1353 quae
784 1290 1061 1357 vegetabili
1117 1294 1296 1350 anima
1348 1307 1593 1365 utuntur,
1625 1315 1750 1356 sen-

194 1366 314 1420 sibili
343 1372 509 1425 etiam
536 1384 591 1428 et
641 1378 887 1441 rationali
916 1383 1215 1449 potiuntur.
1247 1390 1425 1460 Atque
1455 1392 1638 1447 itidem
1689 1394 1743 1448 in

193 1457 310 1521 aliis.
344 1460 459 1515 sive
486 1463 751 1537 humana,
785 1472 899 1527 sive
929 1475 1109 1532 divina
1158 1478 1422 1550 inspicere
1449 1485 1569 1551 quis
1596 1489 1745 1543 velit.

191 1544 368 1618 Nempe
389 1560 443 1604 et
478 1552 745 1613 Dominus
773 1564 1070 1619 secundum
1104 1567 1374 1626 hominem
1401 1575 1607 1642 primus
1647 1592 1745 1632 ex-

192 1633 387 1701 sistens,
419 1648 475 1694 et
515 1646 797 1705 maximus
853 1655 1129 1719 sacerdos,
1167 1672 1270 1714 non
1321 1661 1463 1727 ideo,
1493 1665 1617 1734 quia
1649 1666 1750 1721 mi-

200 1724 335 1780 nistri
391 1729 667 1797 habitum.
714 1748 769 1793 et
840 1742 1203 1803 ministerium
1269 1724 1751 1822 pedes'a'blnendo

195 1820 540 1890 monstravit,
572 1826 879 1887 “sacerdotii
943 1836 1188 1893 confudit
1242 1820 1510 1900 ordinem.
1548 1846 1613 1901 Et
1661 1848 1750 1906 hic

196 1905 341 1974 igitur
367 1918 651 1981 sacerdos,
694 1924 950 1989 quoniam
988 1929 1258 1986 inferioris
1297 1938 1583 1994 sacerdotii
1625 1957 1749 2010 gra-
1782 1902 1825 1957 Β

193 1998 276 2052 dus
302 1999 351 2054 in
410 2005 596 2074 seipso
642 2014 903 2080 continet,
931 2028 1162 2087 constat,
1188 2023 1313 2092 quia
1360 1998 1751 2100 omnibusqnae

194 2091 277 2145 sub
302 2108 359 2148 se
384 2108 533 2164 sunt,
564 2100 800 2170 legitime
830 2114 1031 2164 utetur.

249 2182 352 2240 Non
377 2196 561 2246 tamen
582 2193 725 2251 illius
745 2199 990 2255 ordinem
1022 2203 1275 2261 diaconus
1305 2208 1527 2280 implere
1554 2224 1748 2283 potest.

193 2276 291 2336 Nisi
317 2286 458 2340 enim
501 2304 601 2345 eos
629 2295 720 2362 qui
750 2296 852 2351 sub
883 2296 997 2366 ipso
1029 2311 1173 2370 sunt,
1212 2306 1409 2374 gradus
1434 2312 1752 2382 contineret,

193 2372 409 2476 profecto
433 2394 614 2451 neque
641 2399 875 2450 unquam
905 2392 1041 2460 apud
1074 2407 1133 2448 se
1163 2372 1403 2451 omnium
1438 2398 1597 2456 simul
1628 2372 1752 2476 gra;

194 2459 336 2516 duum
370 2468 731 2529 ministerium
751 2477 1000 2547 impleret
1033 2484 1318 2554 sacerdos;
1341 2490 1595 2559 quoniam
1622 2459 1750 2551 vero

194 2551 375 2625 implet,
407 2573 651 2632 consul,
697 2569 826 2637 quia
861 2571 980 2627 illos
1017 2573 1245 2643 habens,
1279 2551 1573 2639 secundum
1630 2587 1751 2643 illos

195 2645 331 2702 etiam
359 2652 673 2715 ministrare
695 2670 892 2731 potest.
928 2664 1020 2721 Est
1049 2670 1192 2723 enim
1221 2672 1591 2734 irrationabile
1635 2693 1750 2734 om-

195 2734 268 2789 aia
299 2741 451 2796 s‘mul
484 2746 699 2815 quidem
728 2751 903 2811 facere
924 2759 1269 2829 permittere;
1302 2766 1534 2822 discrete
1566 2779 1742 2826 autem

194 2845 282 2931 non
322 2833 413 2902 ita,
458 2853 585 2895 cum
642 2844 771 2898 nihil
813 2847 905 2912 sit,
949 2852 1090 2920 quol
1153 2857 1452 2923 prohibeat.
1499 2861 1657 2931 Atqui
1710 2879 1739 2917 a

194 2920 378 3016 diaconi
430 2929 571 2985 stola
617 2930 853 3003 dignitas
881 2920 1231 3016 sacerdotalis
1263 2962 1366 3001 non
1422 2920 1740 3008 excluditur.

192 3006 290 3066 Non
321 3016 456 3071 enim
498 3020 601 3075 sibi
630 3022 857 3082 invicem
886 3027 983 3083 ista
1014 3010 1285 3089 contraria
1318 3047 1468 3103 sunt,
1512 3050 1569 3094 ut
1623 3058 1743 3097 cum

194 3101 400 3161 alterum
433 3111 523 3174 sit,
555 3117 783 3171 alterum
821 3132 943 3175 esse
991 3137 1097 3178 non
1144 3127 1334 3195 possit.
1378 3129 1564 3201 Neque
1609 3135 1742 3188 stola

194 3193 405 3265 diaconi,
453 3216 617 3260 causa
687 3212 1105 3270 sacerdotalium
1145 3193 1441 3285 igraduum
1508 3223 1741 3279 exsism.

196 3283 285 3338 Sed
323 3289 511 3345 horum
560 3298 758 3364 gratia,
794 3301 959 3355 etiam
996 3304 1148 3360 stolas
1183 3283 1488 3366 differentia
1539 3314 1743 3371 haben-

198 3376 320 3431 tibus
346 3379 632 3439 distributa
661 3396 763 3442 est.

256 3467 394 3534 Quod
428 3475 474 3528 si
510 3488 602 3530 eos
628 3479 718 3548 qui
747 3481 846 3535 sub
879 3496 938 3538 se
978 3494 1123 3552 sunt,
1182 3488 1234 3542 in
1268 3491 1444 3559 seipse
1489 3494 1743 3549 sacerdos

200 3564 376 3627 gradus
425 3569 706 3635 continet,
756 3582 965 3628 constat
1020 3578 1183 3645 quia,
1248 3586 1463 3649 quando
1533 3584 1742 3640 diaconi

197 3655 397 3710 seorsim
434 3658 621 3729 implet
661 3662 1040 3732 ministerium,
1076 3669 1203 3725 licet
1232 3672 1306 3727 illi
1351 3675 1543 3729 stolam
1578 3677 1742 3731 etiam

200 3741 329 3799 illius
352 3747 521 3805 indui.
550 3750 723 3807 Aliter
752 3764 932 3811 autem
969 3770 1112 3814 esset
1141 3761 1551 3830 inconveniens,
1605 3782 1743 3837 pon-

201 3832 376 3891 tiﬁcem
425 3840 662 3912 aliquem
722 3843 807 3901 vel
852 3847 1067 3928 exsilio,
1128 3851 1211 3907 vel
1250 3852 1359 3908 alio
1399 3869 1525 3911 casu
1563 3857 1744 3928 aliquo

201 3926 453 4000 affectum,
512 3938 776 3995 ministris
839 3924 1156 4000 absentibus
1213 3949 1306 4017 qui
1358 3949 1432 4004 illi
1494 3953 1548 4006 in
1592 3953 1745 4009 obla-

204 4017 328 4074 tione
372 4024 619 4083 salutaris
668 4029 861 4086 hostia:
915 4034 1191 4102 assistant,
1225 4052 1328 4093 non
1354 4054 1451 4109 per
1501 4042 1737 4113 seipsum

204 4109 362 4160 omnia
390 4116 631 4187 implere,
660 4123 776 4187 sed,
812 4123 929 4179 sine
946 4139 1412 4186 sacramentorum
1446 4134 1744 4205 participa-

207 4194 332 4250 tione
361 4198 660 4263 diutlssime
682 4212 993 4279 persistere,
1039 4217 1124 4271 vel
1157 4218 1272 4274 sine
1298 4220 1429 4290 ipsis
1448 4194 1615 4279 etiam
1647 4194 1745 4283 de-

208 4284 378 4341 cedere
402 4331 416 4355 ,
452 4308 573 4346 cum
604 4298 737 4354 nihil
758 4302 916 4369 adsit,
958 4305 1102 4373 quod
1139 4284 1531 4367 rationabiliter
1557 4327 1623 4369 ac
1652 4329 1745 4371 ne-

205 4381 419 4435 cessario
445 4384 697 4442 obsistat.

273 4470 415 4534 Quod
446 4476 589 4530 enim
640 4478 862 4547 dicitur,
899 4499 1000 4539 non
1029 4496 1263 4556 oportere
1295 4491 1649 4564 presbyterum
1684 4464 1739 4549 ir:

1296 4556 1299 4557 ν
1446 4556 1468 4564 _
2034 4556 2041 4557 γ
2093 4556 2102 4558 ἡ
2288 4556 2345 4569 κ,
2402 4556 2414 4558 -
2474 4556 2505 4557 η
2542 4556 2592 4574 .,-
3016 4556 3192 4581 .-νηη-
3218 4556 3398 4568 ..ι-νς..-

206 4556 395 4615 δίποηί
449 4565 684 4622 οτάίηετη
721 4572 911 4638 "eum.
943 4576 1251 4646 huiusmndi
1291 4592 1393 4645 εει,
1462 4597 1525 4638 ac
1577 4584 1622 4639 Si
1664 4586 1743 4638 αἱ·
1773 4561 1817 4617 D
1846 4594 2034 4649 dotum
2086 4593 2491 4649 admonentium
2524 4598 2777 4667 populum
2814 4614 2945 4655 voce
2974 4602 3154 4672 magni
3188 4600 3398 4667 Basilii,

207 4659 384 4706 catur:
445 4653 561 4710 Non
609 4661 830 4730 expedit
884 4672 944 4719 ut
996 4670 1285 4733 sacerdotii
1328 4673 1553 4742 gradum
1588 4674 1742 4731 dese-

208 4751 316 4796 rens
370 4745 640 4818 quispiam
697 4752 765 4807 ad
815 4753 1027 4812 diaconi
1081 4765 1425 4819 transcendat
1470 4766 1737 4823 ordinem.

1226 454 1633 518 ADVERSUS
1668 462 1983 526 GR/ECOS
2012 467 2159 531 LlB.
2202 471 2277 533 IV

206 542 424 609 crimine,
455 547 709 618 culpatur
734 558 910 608 tamen
939 571 967 609 a
1001 561 1223 617 nostris.
1257 563 1372 620 Hoc
1420 577 1596 622 autem
1630 578 1729 626 est.
1765 575 1809 631 Α
1842 573 1977 639 Quia
2015 596 2044 629 (ι

3294 485 3409 551 238

2052 581 2156 633 nitu
2188 584 2547 642 sacerdotium
2600 603 2789 645 omnes
2822 592 2924 649 sub
2968 608 3027 649 se
3056 578 3252 665 gradus
3274 610 3405 653 cou'

1842 669 1995 737 tinet,
2021 684 2236 729 constat
2266 678 2317 732 in
2350 694 2451 733 una
2486 696 2712 751 persona
2754 699 2874 755 qua;
2915 686 3048 743 alios
3102 684 3402 756 centineat,

1843 763 2329 849 majore’sublato.
2384 783 2439 826 et
2477 775 2577 827 alia
2613 776 2775 831 simul
2819 779 3040 838 auferri.
3090 781 3242 838 Sicut
3274 797 3400 839 cum

1845 852 2121 910 rationalis
2146 858 2324 913 anima
2355 874 2641 931 separatur
2665 884 2695 923 a
2721 884 2966 939 corpore,
2988 874 3159 930 ctiosa
3188 875 3399 947 reliqua

1843 952 1898 998 et
1939 945 2138 1001 inutilia
2170 949 2324 1017 ﬁunt,
2355 964 2408 1007 et
2444 962 2797 1025 quorumdam
2826 965 3130 1020 sacerdotio
3164 945 3410 1033 sublato,

1844 1052 1951 1091 non
1984 1041 2317 1107 permittitur
2343 1045 2424 1099 his
2449 1048 2530 1102 vcl
2558 1049 2769 1106 diaconi
2801 1054 2882 1109 vel
2913 1057 3226 1112 subdiaconi
3273 1075 3398 1130 gra-

1845 1124 1973 1179 dum
2027 1131 2326 1198 continere,
2374 1145 2538 1205 atque
2576 1138 2717 1194 illius
2770 1144 2992 1213 implere
3018 1148 3399 1204 ministerium.

1847 1214 1951 1269 Sed
1980 1227 2031 1271 et
2070 1219 2225 1275 aliter
2260 1222 2492 1281 Ecclesia
2536 1232 2783 1297 prohibet
2828 1249 2922 1290 eos
2977 1239 3068 1308 qui
3114 1242 3401 1298 sacerdotii

1847 1307 2107 1365 deserunt
2146 1315 2397 1383 gradum,
2432 1319 2696 1378 minorem
2730 1341 2944 1397 quoque
2987 1307 3131 1399 apud
3169 1348 3228 1388 se
3274 1336 3407 1389 reti-
3486 1374 3491 1381 -

1848 1414 1999 1455 nare.
2032 1401 2215 1472 Neque
2250 1409 2393 1467 enim
2433 1411 2702 1479 deessent,
2746 1419 2835 1487 qui
2872 1422 2951 1474 vel
2980 1432 3196 1492 propter
3237 1441 3406 1481 cano-
3489 1412 3497 1436 ἲ

1851 1491 1934 1547 nis
1982 1492 2319 1563 facilitatem,
2373 1502 2454 1556 vel
2518 1505 2618 1562 sibi
2683 1511 2937 1567 honorem
3010 1528 3404 1583 comparantes,

1849 1597 2008 1653 quem
2040 1586 2187 1655 solisj
2217 1589 2459 1647 diaconis
2500 1596 2699 1654 habere
2755 1602 2898 1666 licet,
2942 1604 3058 1659 sive
3082 1607 3244 1662 etiam
3289 1609 3409 1665 aliis

1850 1678 2175 1746 quibusdam
2226 1685 2443 1742 casibus
2498 1692 2862 1748 sacerdotium
2890 1698 3113 1752 omnino
3137 1701 3407 1767 deserere,

1853 1771 2007 1837 quasi
2039 1776 2345 1831 sacerdotes
2398 1780 2467 1836 ab
2502 1781 2658 1839 initio
2693 1788 2992 1842 consecrati
3051 1805 3155 1844 non
3204 1800 3411 1859 essent,

1853 1877 1916 1918 ac
1963 1862 2312 1925 diaconorum
2362 1870 2622 1943 dignitate
2676 1879 2754 1933 uti
2801 1894 2906 1934 non
2959 1882 3178 1938 vellent.
3199 1883 3274 1938 Ex
3301 1899 3410 1953 quo

1854 1955 2154 2023 ministeria
2190 1960 2559 2019 ecclesiastica
2594 1967 2847 2023 confundi
2879 1980 3039 2041 atque
3086 1973 3276 2029 ordine
3319 1989 3410 2030 ca-

1852 2061 1971 2101 rere
2001 2051 2355 2119 contingerct,
2388 2054 2637 2123 singulis,
2668 2073 2787 2126 qua:
2807 2059 2905 2115 sibi
2945 2063 3180 2133 gratiora
3207 2075 3410 2133 essent,

1850 2135 2192 2207 eligentibus.
2231 2139 2361 2195 Eam
2401 2158 2527 2197 vero
2566 2145 2837 2202 licentiam
2875 2148 3116 2207 Ecclesia
3146 2156 3411 2212 coercuit.

2050 2228 2123 2284 De
2159 2232 2361 2289 duobus
2398 2232 2652 2292 Romanis
2682 2241 3012 2309 pontiﬁcibus
3036 2244 3175 2315 (85).

1920 2322 2206 2381 Enimvero
2264 2330 2356 2398 qui
2437 2331 2869 2389 dissensiOnibus
2931 2337 3198 2407 gaudent,
3279 2340 3409 2396 illud

1849 2427 2062 2486 quoque
2101 2417 2482 2488 criminantur,
2526 2425 2667 2493 quod
2694 2441 2837 2481 nunc
2871 2425 3177 2487 Occidentis
3224 2429 3411 2488 Eccle-

1849 2504 1984 2559 siam
2038 2506 2145 2564 duo
2172 2520 2338 2579 agunt
2398 2514 2697 2582 pontiﬁces,
2740 2517 2901 2572 ambo
2957 2535 3052 2589 per
3103 2531 3291 2591 gentes
3354 2533 3411 2579 et

1849 2607 2043 2664 genera
2081 2597 2263 2665 divisi,
2312 2602 2468 2670 quasi
2498 2618 2605 2659 non
2640 2605 2741 2661 hoc
2790 2608 2963 2678 ipsum
2993 2611 3073 2667 eis
3103 2627 3246 2682 saepe
3273 2627 3406 2668 con-

1850 2688 2050 2757 tigerit.
2084 2690 2237 2756 Quod
2284 2694 2327 2747 si
2362 2697 2522 2751 ambo
2549 2697 2935 2757 ecclesiasticis
2964 2718 3066 2757 non
3094 2704 3408 2772 utebantur,

1849 2781 1977 2837 illud
2006 2784 2227 2840 omnino
2278 2785 2540 2862 in‘causa
2570 2800 2653 2846 est
2706 2793 2850 2861 quod
2884 2796 3122 2851 conclusi
3169 2798 3411 2867 undique

1848 2872 1977 2939 sint,
2023 2888 2195 2944 neque
2220 2890 2279 2930 se
2325 2876 2581 2936 Ecclesia:
2629 2893 2831 2937 nostra:
2879 2884 2952 2939 ita
3006 2887 3261 2942 extendat
3310 2903 3409 2943 au-

1846 2966 2092 3034 ctoritas,
2123 2967 2391 3025 hostiliter
2422 2982 2600 3027 tamen
2634 2974 2988 3033 nihilominus
3020 2977 3198 3034 allecti
3228 2992 3407 3037 erant.

1847 3055 2166 3127 Quanquam
2214 3073 2341 3115 vero
2388 3062 2528 3117 istud
2562 3079 2720 3121 nemo
2752 3065 2851 3122 rite
2909 3066 3248 3138 laudaverit;
3282 3087 3406 3128 cum

1849 3158 2027 3202 tamen
2068 3163 2153 3204 res
2184 3152 2254 3204 ita
2302 3165 2362 3208 se
2397 3153 2758 3221 habeat,circa
2788 3173 2877 3214 res
2907 3167 3112 3215 tantum
3144 3150 3408 3218 Occiden-

1770 3233 1812 3291 C
1846 3238 1914 3293 tis
1946 3249 2190 3295 versatur
2217 3241 2316 3296 ista
2342 3243 2630 3313 dissensio,
2659 3246 2793 3301 ﬁdes
2822 3257 2999 3305 autem
3032 3252 3277 3320 utrisque
3296 3269 3402 3308 una

1846 3338 1950 3392 cst,
1977 3329 2234 3397 quocirca
2275 3332 2446 3400 magis
2476 3347 2540 3389 ac
2576 3336 2748 3405 magis
2777 3338 3020 3394 veritatis
3052 3340 3279 3397 ﬁrmitas
3308 3341 3406 3396 ad-

1844 3418 2090 3474 miranda
2121 3429 2207 3476 est
2241 3462 2255 3477 .
2317 3423 2485 3492 quod,
2542 3439 2664 3479 cum
2723 3425 2801 3480 illi
2856 3429 3194 3487 extrinsecus
3242 3431 3409 3488 divisi

1843 3512 1982 3576 sint,
2034 3525 2140 3567 non
2195 3520 2373 3568 tamen
2407 3514 2539 3570 ﬁdes
2582 3516 2690 3570 illis
2718 3516 2952 3574 discreta
2977 3528 3080 3574 est.
3107 3518 3406 3591 Propterea

1845 3607 2063 3666 propter
2114 3598 2472 3668 principatum
2527 3601 2867 3659 solummodo
2935 3603 3176 3672 ditl‘erre,
3248 3608 3407 3681 longe

1844 3688 2015 3744 levius
2049 3698 2132 3745 est
2159 3706 2323 3762 quam
2355 3692 2474 3747 ﬁdei
2496 3694 2703 3750 ratione
2728 3681 2994 3765 separari.
3039 3696 3226 3757 Utrum
3258 3702 3404 3756 enim

1846 3780 2057 3837 illorum
2098 3784 2332 3855 quisque
2381 3785 2486 3871 sibi
2524 3786 2707 3858 eligat,
2771 3789 2975 3846 nullum
3032 3791 3153 3849 ﬁdei
3208 3794 3406 3851 discri-

1846 3885 1966 3927 men
2008 3870 2257 3930 incurrit.

2262 3963 2341 4020 De
2364 3964 2646 4045 Dominicis
2678 3968 3013 4039 imaginibus.

1916 4051 2144 4118 Quidam
2165 4067 2292 4108 vero
2320 4062 2627 4110 nostrorum
2652 4056 2787 4112 adeo
2814 4059 3019 4125 perdita
3044 4070 3226 4118 mente
3253 4071 3405 4128 sunt,

1846 4139 2091 4193 utetiam
2139 4138 2436 4195 Salvatoris
2483 4140 2769 4210 imaginem
2831 4144 3035 4201 Latinis
3077 4157 3286 4205 tantum
3325 4150 3410 4205 in-

1847 4228 2102 4298 scriptam
2145 4226 2337 4285 litteris
2389 4227 2618 4284 adorare
2670 4239 2927 4287 renuant.
2980 4233 3153 4303 lpsam
3193 4252 3409 4307 quoque

1849 4319 2221 4376 adorationem
2272 4318 2424 4374 ﬂexis
2451 4318 2675 4389 genibus
2705 4321 2815 4377 Deo
2840 4322 3065 4379 reddere
3089 4326 3406 4384 haereticum

1847 4396 2162 4465 existimant
2214 4426 2434 4481 :neqne
2484 4408 2828 4482 evangelistae
2874 4431 3143 4473 memores
3193 4420 3261 4474 de
3306 4417 3409 4475 Do-

1850 4503 1996 4556 mino
2024 4502 2252 4558 dicentis
2283 4521 2296 4557 :
2328 4504 2512 4569 positis
2542 4504 2757 4574 genibus
2780 4510 2986 4576 oravit;
3016 4525 3192 4581 neque
3218 4526 3408 4568 sacer-

1845 4696 1909 4736 ac
1944 4680 2240 4735 dicentium
2277 4698 2290 4738 :
2325 4679 2525 4735 Iterum
2571 4693 2728 4754 atque
2773 4687 2965 4743 iterum
2993 4699 3272 4747 curvantes
3320 4707 3409 4761 ge-

1846 4787 1952 4825 nua
1985 4771 2268 4825 Dominum
2295 4786 2582 4840 precemur.

1469 4880 1545 4937 De
1575 4884 1746 4939 crucis
1770 4883 1921 4955 signa
1962 4882 2099 4953 (8-5);

273 4951 420 5013 Ἀλλά
459 4962 551 5015 καὶ
596 4963 673 5036 (Ι)
714 4965 805 5022 τὸν
859 4972 1111 5042 σταυρὶν,
1150 4973 1339 5046 ἔτιπερ
1370 4976 1739 5049 ἀντιστρόφως

209 5040 406 5113 ἑαυτοὺς
451 5057 846 5124 σχηματίζουσι
880 5064 1285 5135 σημειούμενοι,
1329 5068 1628 5135 αἰτιῶνται,
1654 5069 1740 5122 ὥσ

209 5146 297 5230 πξρ
319 5137 409 5193 οὒκ
438 5144 492 5194 ἐν
522 5145 587 5216 τῇ
615 5145 844 5219 δυνάμει
863 5151 954 5205 τοῦ
977 5155 1278 5226 σχήματος.
1298 5157 1572 5230 ἀ)ιλ’ἒν’τῇ
1595 5158 1741 5214 θέσει

210 5223 291 5294 τῆς
319 5233 436 5302 περὶ
458 5234 548 5289 τὸν
578 5236 840 5300 {mortem
872 5223 1105 5315 σταυρδτι
1141 5247 1431 5310 εὐλαϐείας
1461 5223 1572 5304 καί
1600 5251 1739 5305 θεω-

269 5367 841 5459 ςξξλξξοζιρλοῳιῐιιιτ
887 5383 1077 5459 (Ialeca
1119 5388 1184 5441 de
1208 5388 1500 5459 schismate
1529 5396 1733 5459 tempo-

213 5444 460 5521 |_'§c0nci_lii
484 5444 807 5521 Basileeosis
835 5453 918 5507 vel
947 5455 1404 5521 Constantiensis;
1429 5467 1557 5515 tunc
1586 5444 1727 5513 enim

212 5504 366 5597 ξ’ἷξξζθξ
393 5511 532 5597 fuere
564 5504 847 5597 pontiﬁces
868 5504 919 5576 et
1588 5504 1726 5583 con-

216 5574 303 5666 filii
333 5574 643 5666 Basileett'sis
671 5606 687 5652 ;
720 5604 781 5642 ex
815 5574 922 5660 quo
949 5574 1195 5666 tle—telam
1224 5574 1429 5651 Ca'leca‘.
1444 5574 1729 5666 rconjectu-

218 5654 519 5729 [imfapere
577 5654 1069 5729 liceﬁtltl-anqnam
1109 5665 1246 5719 idem
1300 5681 1458 5720 casus
1509 5654 1725 5729 accidit.

218 5722 413 5774 maxime
438 5727 653 5791 quando
675 5722 897 5784 Urbano
927 5722 994 5785 Vl
1020 5731 1267 5788 Clemens
1312 5735 1402 5790 Vll
1437 5747 1520 5790 est
1557 5722 1729 5806 (ιρι)οξ

267 5832 325 5895 (1)
352 5816 505 5891 Graece
528 5844 657 5906 apud
685 5845 923 5897 Allatium
954 5847 1021 5898 De
1043 5860 1292 5910 consensu,
1316 5863 1365 5913 ρ.
1397 5849 1533 5900 1360.

1914 4980 2219 5037 Causantur
2270 4983 2434 5050 item,
2480 4985 2604 5054 quia
2637 4987 2760 5043 dum
2793 4989 2959 5045 vitale
2986 4990 3089 5046 sibi
3119 4992 3297 5047 crucis
3326 4991 3404 5049 si-

1845 5084 2007 5139 gnum
2045 5069 2383 5140 imprimunt,
2436 5080 2742 5131 transverse
2772 5092 2801 5131 a
2856 5077 3064 5134 dextris
3104 5078 3407 5135 inchoando

1847 5172 2065 5213 crucem
2100 5159 2354 5225 formant,
2413 5161 2568 5231 quasi
2603 5178 2708 5217 non
2751 5164 2968 5242 virtute
3025 5166 3186 5236 signi,
3220 5169 3314 5222 sed
3350 5168 3406 5222 in

1848 5250 2237 5320 compositione
2278 5251 2501 5307 viviﬁeac
2528 5255 2708 5311 crucis
2744 5256 2951 5327 religio,
2983 5267 3037 5313 et
3070 5258 3400 5326 reverentia,

1840 5391 1978 5465 situs
2005 5394 2279 5462 antipapa,
2314 5411 2457 5450 anno
2482 5396 2684 5453 Christi
2733 5399 2889 5453 1578.
2940 5398 3090 5465 Quod
3164 5399 3403 5456 schisma

1837 5463 2227 5533 quinquaginta
2258 5480 2427 5521 annos
2463 5469 2654 5522 tenuit.
2691 5467 2803 5524 Hoc
2852 5463 3031 5522 tamen
3074 5485 3176 5522 non
3244 5471 3405 5525 habet

1839 5531 2037 5607 locum,
2065 5534 2114 5607 si
2137 5534 2347 5607 _Ca_lcca
2389 5537 2619 5607 concilio
2650 5537 2994 5607 Lugdunensi
3050 5540 3312 5606 interluit,
3348 5552 3406 5596 ut

1836 5601 2025 5656 scribit
2053 5601 2357 5659 Galesinius
2392 5605 2440 5659 in
2474 5605 2594 5660 Vita
2635 5601 2807 5662 sancti
2841 5606 3255 5665 Bonaveuturte.

1908 5670 2023 5741 (84)
2057 5671 2368 5730 Gretserum
2388 5675 2503 5747 lege
2528 5677 2622 5732 lib.
2654 5693 2725 5743 tv,
2760 5693 2811 5733 c.
2840 5677 2890 5743 l,
2924 5677 2994 5733 De
3012 5676 3070 5734 S.
3104 5677 3291 5735 Cruce.

3425 5709 3435 5791 l

3377 5907 3435 5951 ,ἐ
