3920 6588
451 459 565 521 2'59

1711 458 2108 522 MANUEUS
2140 462 2438 523 CALECE

3586 457 3682 521 2.0

458 582 512 626 et
548 570 865 641 speculatio.
894 571 1172 627 consistat.
1234 573 1409 642 'Atque
1453 581 1510 628 ut
1568 572 1791 646 intelligi
1827 578 2002 632 datur.

2126 581 2242 649 ρῐας
2280 578 2695 648 συνισταμένης.
2732 574 2838 629 Καὶ
2870 577 2942 639 ὠς
2997 576 3193 635 ἔοικεν,
3229 574 3555 638 ἀξιώσουσιν
3590 574 3684 640 ξη-

447 676 578 714 -cum
617 661 763 730 prius
820 660 1186 730 inquisierint,
1223 664 1494 731 quomodo
1537 678 1603 718 ea
1634 680 1754 733 quae
1784 665 2017 728 videtur,

454 762 591 802 crux
642 752 962 818 composita,
1011 752 1094 805 vel
1123 752 1263 821 picta
1296 753 1415 815 fuit,
1474 756 1518 808 si
1554 755 1796 823 quidem,
1829 764 1886 807 ut
1916 754 2016 822 ipsi

452 840 666 908 volunt,
691 841 870 911 fuerit,
900 852 1027 899 tunc
1050 845 1383 912 adorabunt;
1407 846 1489 901 sin
1525 861 1653 902 vero
1684 847 1842 911 aliter
1872 860 2019 901 com-

455 934 649 1001 positio
675 933 759 990 illa
804 950 979 1006 empta
1016 938 1200 1004 fuerit,
1229 942 1501 994 omittent.
1540 940 1604 994 Et
1629 939 1789 994 simul
1833 954 2021 1007 quem-

452 1024 741 1078 admodum
787 1027 1077 1095 quispiam,
1125 1028 1289 1082 alium
1332 1030 1497 1098 ﬁgura
1548 1030 1726 1085 crucis
1772 1029 2014 1098 signans,

454 1124 761 1171 transverso
792 1132 820 1171 a
852 1118 1061 1175 dextris
1090 1120 1307 1175 inchoat
1344 1137 1360 1176 :
1393 1120 1520 1189 quid
1555 1120 1783 1175 sceleris
1816 1120 2058 1194 admit-_'

454 1207 544 1272 tit,
575 1209 620 1262 si
642 1212 888 1280 seipsum
924 1214 1087 1268 etiam
1137 1216 1217 1271 sic
1241 1215 1457 1285 signet?
1491 1214 1760 1280 Quocirca
1793 1224 1845 1269 et
1868 1213 2016 1268 Lati-

449 1315 641 1357 norum
672 1305 884 1372 plurimi
919 1308 1184 1362 mirantur
1214 1309 1427 1379 aliquos
1461 1310 1526 1363 ad
1554 1318 1760 1362 tantum
1792 1307 2014 1362 rustici-

448 1396 578 1450 tatis
608 1398 896 1463 pervenire
922 1400 1159 1465 potuisse
1182 1406 1238 1453 ut
1256 1400 1419 1454 etiam
1452 1400 1593 1455 circa
1618 1408 1818 1453 sanctm
1841 1398 2016 1452 crucis

449 1484 849 1557 formationem,
880 1508 1000 1547 cum
1030 1496 1228 1547 eadem
1277 1495 1680 1562 quomodolibet
1731 1492 2014 1560 formetur,

447 1582 828 1658 contemplatio
872 1594 922 1638 et
951 1585 1120 1639 virtus
1157 1585 1270 1651 sit;
1303 1586 1670 1641 differentiam
1707 1587 1829 1641 ﬁdei
1861 1586 1905 1641 si
1935 1588 2014 1643 sic

446 1671 529 1723 vel
563 1674 642 1728 sic
674 1675 785 1738 ﬁat,
823 1676 1181 1745 arbitrentur,
1229 1679 1373 1749 quod
1422 1693 1593 1748 neque
1644 1677 1862 1733 diﬂerre
1912 1678 2013 1748 ipsi

448 1772 657 1830 putant,
707 1776 760 1819 et
810 1769 1216 1835 quoniodolibet
1264 1769 1544 1835 formetur,
1601 1770 1846 1825 ﬁdelibus
1891 1784 2015 1826 esse

443 1856 771 1925 adiutorium
806 1876 911 1915 non
967 1861 1270 1933 ambigunt.

585 1996 665 2052 De
700 1999 1006 2055 Gra’corum
1057 2002 1111 2056 in
1148 2005 1428 2059 schismate
1458 2021 1554 2058 suo
1596 2005 1911 2075 pervicacia.

515 2111 591 2166 ita
615 2114 777 2182 igitur
808 2117 1141 2171 zizaniorum
1169 2119 1530 2174 seminatores
1552 2130 1605 2174 et
1627 2120 2004 2174 scandalorum

440 2205 680 2272 opiﬁces,
713 2207 798 2259 bis
824 2217 877 2261 et
902 2208 1230 2276 liujusmodi,
1252 2224 1479 2278 quorum
1501 2211 1604 2263 alia
1637 2210 1851 2279 quidem
1895 2210 2002 2263 odii

440 2305 494 2347 et
527 2298 890 2352 contentionis
926 2299 1179 2353 indicium
1216 2301 1443 2366 habent,
1481 2302 1583 2355 alia
1637 2301 2008 2370 simplicitatis

436 2397 488 2439 et
522 2389 824 2456 imperitiae,
859 2390 958 2443 alia
986 2392 1037 2445 in
1065 2392 1442 2448 criminatores
1468 2394 1671 2448 rectius
1697 2392 2001 2461 retorqueri

441 2490 657 2547 possent
689 2480 767 2535 eis
816 2484 1098 2539 erroribus
1124 2485 1371 2550 innexos,
1421 2500 1559 2555 quos
1602 2485 1722 2539 aliis
1752 2485 2002 2552 inurunt,

439 2568 726 2624 tommune
772 2588 968 2641 cerpus
1016 2572 1279 2630 Ecclesia:
1329 2575 1620 2631 dividendo
1649 2575 2001 2643 dissiparunt,

436 2670 599 2729 atque
647 2659 700 2715 in
760 2670 977 2718 'lantum
1032 2664 1141 2720 odii
1177 2673 1231 2720 et
1278 2666 1527 2720 amentiae
1570 2682 1633 2721 ac
1681 2666 2002 2720 temeritatis

435 2766 529 2803 eos
564 2752 652 2822 qui
687 2752 791 2806 sub
818 2770 874 2808 se
904 2765 1052 2821 sunt,
1107 2757 1477 2826 perduxerunt
1510 2766 1565 2811 ut
1611 2757 2003 2813 tolerabiliores

433 2850 1203 2920 putent,'quiSaracvnorum
1255 2853 1631 2923 superstitioni
1683 2852 1999 2923 exsecrabili

433 2942 756 3009 inserviunt,
807 2960 965 3013 quam
998 2946 1089 3016 qui
1133 2943 1445 3001 Occidentis
1486 2946 1739 3001 Ecclesiae
1766 2946 2002 3015 jungun-

433 3044 518 3087 tur
558 3034 671 3104 (85)
705 3054 721 3090 :
765 3035 1089 3106 illorumque
1133 3037 1316 3105 potius
1353 3038 1648 3092 amicitiam
1674 3049 1725 3090 ct
1759 3051 2000 3091 commu-

431 3129 667 3191 nionem.
699 3145 858 3199 quam
914 3131 1345 3186 Occidentalium
1405 3129 1629 3198 eligant,
1684 3139 1738 3183 et
1807 3144 1980 3197 neque

428 3222 890 3279 Christianos-eos
933 3227 1236 3290 nominent,
1280 3224 1573 3293 pluresque
1598 3223 1759 3276 etiam
1784 3221 1852 3276 de
1890 3221 1998 3277 illis

429 3314 708 3382 ambigant
744 3331 812 3369 an
851 3316 1134 3371 nobiscum
1176 3322 1496 3370 venerentur
1536 3313 1857 3382 Evitngelia;
1894 3312 1992 3367 nisi

430 3411 551 3477 quis
582 3410 937 3478 plurimorum
983 3412 1291 3483 nugacitate
1318 3410 1655 3471 transmissa,
1722 3407 1994 3464 Christia-

431 3515 650 3563 nos.eos
712 3503 1038 3573 simpliciter
1094 3506 1390 3560 existimet.
1447 3504 1692 3574 Cumque
1754 3502 1995 3572 quotidie

427 3598 641 3652 illorum
695 3602 939 3671 religioni
986 3602 1202 3673 plurimi
1260 3603 1598 3672 applicentur
1628 3642 1645 3668 ,
1677 3617 1784 3656 non
1817 3600 1990 3655 solum

427 3690 550 3754 viri,
582 3694 674 3747 sed
717 3702 777 3747 et
823 3694 1073 3758 civitates
1102 3704 1154 3750 et
1198 3702 1392 3766 gentes
1423 3694 1650 3765 integra:
1679 3693 1814 3764 (86),
1855 3693 1989 3748 nibil

422 3796 679 3853 magnum
704 3786 1000 3856 contigisse
1038 3787 1395 3843 arbitrantur.

494 3897 665 3954 Porro
711 3899 758 3955 si
792 3899 883 3969 qui
932 3898 1360 3956 Occidentalium
1416 3899 1709 3954 Ecclesium
1755 3899 1820 3955 de
1866 3908 1993 3969 pro-

424 3991 673 4047 cessione
718 3992 892 4045 sancti
940 3991 1178 4062 Spiritus
1229 4000 1378 4047 recte
1413 3992 1617 4046 sentire
1658 4000 1990 4057 asseverant,

424 4092 614 4137 omnes
668 4094 771 4136 una
819 4080 1215 4138 consentientes
1245 4093 1463 4138 sanctos
1495 4090 1549 4136 et
1577 4080 1830 4136 Ecclesiae
1880 4096 1992 4134 ma-

423 4174 621 4244 gistros
650 4175 1009 4243 proferentes.
1034 4175 1304 4244 simulque
1338 4182 1655 4229 communes
1690 4174 2015 4242 intelllgen-'

424 4268 525 4321 tias
566 4276 618 4321 et
651 4268 770 4321 ﬁdei
821 4265 1087 4337 principia
1130 4282 1429 4322 consonare
1475 4266 1843 4329 ostendentes,
1892 4266 1991 4317 bos

420 4360 549 4413 Ario
596 4372 649 4415 ct
700 4360 936 4416 Sabellio
976 4362 1271 4416 deteriores
1321 4372 1532 4429 putant,
1583 4359 1897 4425 nullamque
1924 4356 1991 4410 de

419 4452 527 4504 illis
562 4452 672 4519 jam
724 4452 1027 4505 habendam
1079 4452 1378 4514 rationem,
1439 4461 1495 4502 ut
1560 4449 1649 4515 qui
1694 4454 1886 4515 sponte
1934 4444 1989 4497 in

418 4545 772 4613 perditionem
809 4545 994 4612 ierint,
1038 4544 1370 4599 exisﬁmant.
1407 4524 1479 4594 ita
1508 4538 1651 4593 enim
1682 4538 1984 4591 animarum

2120 671 2389 739 τουμένου
2446 670 2753 738 πρότερον,
2806 666 2925 729 πῶς
2989 670 3016 720 ὁ
3072 667 3392 735 φαινόμενος
3453 665 3682 732 σταυρδς,

2122 762 2380 832 συνετέοη
2427 763 2459 832 ἢ
2489 760 2704 829 ἐγράφη
2728 776 2742 793 °
2776 759 2825 811 ei
2858 760 2954 827 μὲν
2974 758 3049 822 ὡς
3077 757 3229 811 αὐτοὶ
3262 754 3541 826 βούλονται
3569 752 3690 832 me

2122 830 2470 924 npoestiv,
2514 853 2611 905 εἶδ’
2660 851 2768 905 ἀπὸ
2798 850 2906 902 τῶν
2948 849 3251 919 ἀριστερῶν
3286 846 3461 909 ἄλλως
3512 864 3629 908 πως
3654 830 3691 915 ὴ’

2122 946 2390 1009 σύνθεσις,
2423 942 2629 1015 ἦρκται
2663 944 2941 1011 παριέναι,
2971 942 3065 995 καὶ
3098 942 3213 1009 ἅμα
3242 941 3429 1009 ὦσνερ
3455 955 3541 1000 τις
3568 937 3683 990 ἓτε-

2121 1058 2213 1111 ρον
2242 1040 2319 1109 τῷ
2352 1042 2591 1109 σχήματι
2628 1038 2720 1089 τοῦ
2754 1036 2993 1106 σταυροῦ
3045 1034 3440 1103 σημειούμενος
3489 1034 3687 1099 ἐγκαρ-

2120 1131 2251 1193 σίως
2282 1130 2388 1182 diro
2414 1130 2521 1181 τῶν
2581 1128 2772 1191 δεξιῶν
2803 1128 3049 1197 ἄρχεται.
3069 1126 3133 1179 Τί
3158 1126 3216 1177 τὸ
3245 1126 3566 1193 παράνομον
3598 1124 3687 1174 οὖα

2116 1224 2251 1277 τωσὶ
2290 1222 2385 1275 καὶ
2439 1222 2629 1274 ἑαυτὸν
2668 1218 3066 1290 σημειοῦσθαις
3118 1218 3208 1269 Διὸ
3237 1219 3333 1269 καὶ
3361 1215 3544 1268 πολλοὶ
3580 1214 3686 1266 τῶν

2117 1316 2363 1369 Λατίνων
2394 1314 2787 1383 Θαυμάζουσιν,
2824 1312 2938 1379 εἴγε
2977 1309 3134 1371 τινὰς
3168 1311 3248 1372 ei;
3280 1309 3554 1374 τοσαύτην
3600 1305 3685 1369 ἐξ·

2123 1410 2319 1463 ἔπεσον
2341 1405 2648 1475 ἀγροικίαν,
2665 1405 2739 1466 ὼς
2761 1398 2854 1457 καὶ
2882 1402 3010 1471 περὶ
3037 1400 3135 1470 τὴν
3161 1400 3253 1453 τοῦ
3288 1401 3566 1469 σχήματος
3592 1398 3686 1449 τοῦ

2117 1498 2264 1551 θείου
2297 1496 2531 1567 σταυροῦ
2561 1495 2810 1549 σύνθεσιν
2838 1490 2936 1563 τῆς
2968 1494 3138 1561 αὐτῆς
3188 1491 3311 1545 κατ’
3342 1491 3507 1544 αὐτὸν
3548 1489 3687 1541 Θεω-

2117 1591 2239 1660 ρίας
2296 1587 2664 1657 ὑποκειμένης
2711 1585 2974 1654 διαφορὰν
3016 1584 3276 1651 πίστεως,
3320 1582 3350 1653 ἥ
3409 1580 3609 1643 οὕτως,
3653 1574 3685 1647 ἢ

2114 1682 2287 1743 οὕτως
2316 1677 2596 1749 ἡγεῖσθαι.
2628 1678 2808 1748 Ὅπερ
2863 1676 2987 1729 οὔτε
3034 1674 3315 1745 διαφέρειν
3340 1669 3488 1728 οὗτοι
3535 1671 3686 1738 νομί-

2113 1774 2326 1839 ζουσιν,
2367 1772 2460 1825 καὶ
2486 1770 2553 1825 ἂν
2604 1768 2998 1841 σχηματίζοιτο
3042 1769 3154 1830 τοῖς
3207 1765 3560 1818 πιστεύουσιν
3590 1765 3686 1824 εἰς

2117 1858 2373 1934 βοήθειαν
2405 1863 2678 1933 ἐξαρκεῖν.

2038 2004 2086 2064 Β
2117 2006 2322 2059 vivunt.
2356 2003 2460 2057 Sed
2503 2003 2605 2058 etsi
2654 2004 2745 2072 qui
2793 2012 3017 2073 pr0pter
3060 1988 3297 2073 proximi
3333 1996 3681 2053 dilectionem

2110 2098 2502 2152 medicamenta
2539 2098 2618 2152 eis
2653 2096 2852 2150 atIerre
2880 2096 3189 2157 voluerunt.
3212 2107 3333 2162 quae
3360 2087 3679 2146 inimicissi-

2109 2205 2319 2243 mornm
2353 2198 2497 2254 sunt,
2524 2193 2603 2243 eis
2629 2198 2840 2242 tentare
2870 2188 2972 2242 visi
3005 2194 3151 2251 sunt,
3205 2185 3272 2239 ab
3298 2182 3404 2238 illis
3443 2180 3683 2249 undique

2104 2262 2359 2346 exagitati
2408 2287 2461 2331 et
2486 2277 2675 2345 fugati.
2732 2275 2789 2329 id
2855 2283 3038 2330 autem
3090 2273 3427 2330 solummodo
3488 2268 3687 2324 luet-nti

2105 2377 2250 2431 sunt,
2309 2368 2449 2436 quod
2498 2367 2817 2420 cbaritatem
2866 2365 2931 2419 ad
2961 2365 3284 2433 proximum,
3346 2360 3579 2428 bonique
3637 2367 3685 2413 et

2105 2459 2318 2513 bonesti
2349 2458 2679 2513 desiderium
2696 2467 2757 2510 .et
2783 2457 3124 2511 alacritatem
3154 2455 3534 2510 ostenderunt.

2175 2548 2255 2603 De
2272 2549 2503 2617 primatu
2532 2551 2701 2603 sancti
2740 2547 2882 2602 Petri
2907 2556 2955 2602 et
2985 2545 3207 2601 Romani
3256 2545 3518 2614 pontiﬁcis
3541 2541 3684 2611 (87).

2173 2640 2247 2698 Ut
2271 2636 2437 2711 igitur
2466 2640 2531 2695 ad
2557 2641 2727 2710 prima
2752 2640 3056 2703 redeamus,
3088 2638 3346 2709 quoniam
3370 2645 3423 2691 et
3453 2652 3479 2688 a
3513 2634 3684 2688 Patre

2102 2742 2156 2788 et
2212 2732 2347 2786 Filio
2399 2731 2659 2799 Spiritum
2717 2740 2965 2786 sanctum
3020 2729 3314 2797 procedere
3368 2725 3685 2781 communis

2103 2833 2411 2877 sanctorum
2442 2818 2628 2891 opinio
2658 2820 2917 2885 declarat,
2951 2818 3061 2874 imo
3080 2828 3135 2873 et
3170 2821 3284 2888 ipsa
3329 2818 3451 2872 ﬁdei
3471 2816 3685 2886 princi-

2104 2916 2189 2983 pia
2246 2914 2296 2969 id
2329 2929 2512 2969 verum
2559 2928 2680 2969 esse
2726 2922 3125 2975 contestantur,
3176 2926 3375 2981 easque
3431 2910 3684 2965 rationes

2102 3026 2221 3081 quae
2284 3019 2475 3067 contra
2552 3009 2691 3064 banc
2764 3008 3075 3078 Opinionem
3152 3004 3481 3070 inferuntur,
3542 3004 3685 3059 nihil

2100 3104 2299 3169 valere,
2351 3118 2516 3174 supra
2561 3111 2839 3155 ostensum
2874 3108 2985 3163 est;
3020 3106 3099 3162 et,
3143 3111 3265 3166 quae
3296 3097 3403 3151 illis
3431 3097 3677 3151 absurda

2099 3195 2459 3264 objiciuntur,
2478 3192 2570 3263 qui
2600 3208 2664 3248 ex
2694 3191 2856 3247 Patre
2882 3197 2936 3244 et
2971 3188 3110 3244 Filio
3138 3187 3398 3257 Spiritum
3421 3196 3682 3240 sanctum

2021 3284 2064 3345 (Ξ
2097 3287 2447 3349 conﬁtentur,
2477 3283 2630 3350 nulli,
2674 3282 2779 3337 ttisi
2831 3281 2937 3336 illis
2990 3289 3197 3357 tantum
3252 3278 3346 3347 qui
3374 3276 3673 3346 objiciunt,

2098 3376 2332 3430 absurda
2376 3375 2550 3437 videri
2583 3389 2598 3428 :
2638 3374 2893 3444 quodque
2914 3372 2980 3427 de
3007 3370 3283 3426 additione
3305 3367 3682 3438 objiciebatur

2096 3469 2412 3524 hesternum
2436 3482 2501 3523 ac
2525 3467 2650 3534 vile,
2693 3466 3149 3534 occasionemque
3178 3463 3351 3515 solam
3374 3464 3680 3531 primatum

2096 3559 2455 3627 quaerentium
2510 3571 2653 3621 esse,
2707 3556 3144 3611 demonstratum
3186 3560 3303 3613 est,
3352 3560 3406 3606 et
3473 3558 3676 3605 contra

2098 3649 2357 3704 Ecclesia:
2417 3647 2629 3717 regulas
2684 3646 3014 3702 contendere
3067 3640 3365 3697 volentium
3423 3657 3436 3694 :
3486 3640 3587 3694 sed
3626 3649 3684 3692 et

2094 3756 2230 3812 quas
2278 3740 2599 3793 invenerunt
2650 3750 2868 3801 causas,
2904 3743 2963 3789 ut
3014 3731 3277 3788 discessio
3308 3744 3414 3784 non
3452 3727 3685 3782 irratio-

2093 3830 2289 3888 mbilis
2339 3830 2635 3896 videretur,
2662 3828 2791 3901 ipsa:
2842 3839 3059 3898 quoque
3106 3821 3471 3878 contentionis
3512 3828 3687 3888 atque

2092 3920 2203 3976 odii
2258 3919 2651 3975 documentum
2703 3924 2870 3972 sunt:
2930 3914 3218 3985 perspicue
3272 3910 3437 3980 liquet
3464 3909 3682 3963 nullam

2097 4014 2201 4071 illis
2256 4014 2666 4070 excusationem
2731 4009 2991 4080 relinqui,
3044 4006 3137 4078 qui
3190 4000 3257 4060 de
3315 4002 3682 4071 processione

2094 4104 2269 4159 sancti
2348 4103 2587 4172 Spiritus
2653 4101 2915 4157 adversus
2990 4099 3291 4153 Romanam
3363 4093 3677 4149 Eccleslam

2093 4195 2421 4251 contendere
2460 4194 2837 4248 instituerunt.
2891 4182 3159 4258 Quocirca
3205 4187 3432 4258 quisque
3482 4187 3681 4234 mente

2092 4296 2147 4349 et
2190 4286 2402 4338 ratione
2449 4285 2728 4353 praeditus,
2783 4282 3032 4337 eamdem
3069 4294 3192 4335 cum
3232 4278 3316 4328 illa
3351 4271 3679 4342 opinionem

2093 4378 2159 4431 de
2184 4376 2354 4429 sancti
2387 4374 2622 4443 Spiritus
2658 4375 3006 4441 processione
3027 4363 3460 4421 tutissimetueri
3485 4363 3681 4417 debet.

2084 4465 2160 4521 Et
2197 4482 2357 4538 quam
2388 4468 2441 4521 in
2480 4466 2739 4538 Symbolo
2786 4477 2971 4527 unam,
3007 4469 3253 4516 sanctam
3296 4467 3350 4511 et
3402 4454 3677 4524 apostoli-

2095 4575 2211 4612 eam
2270 4559 2596 4613 conﬁtemur
2655 4554 2976 4618 Ecclesiam,
3030 4552 3168 4606 hanc
3203 4561 3322 4602 esse
3359 4545 3685 4615 jusﬁssime

415 4636 812 4718 gubernatores
855 4648 1051 4692 vorant
1080 4654 1172 4691 eos
1200 4637 1292 4705 qui
1345 4652 1411 4690 ex
1456 4633 1617 4689 Patre
1662 4646 1757 4701 per
1788 4628 1986 4683 Filium
2023 4617 2065 4672 Ῑ)
2096 4651 2509 4712 assoveravcril’
2562 4660 2794 4717 eumque
2828 4648 2917 4715 qui
2963 4617 3053 4696 Vim
3112 4639 3421 4702 οοηῃιθωτ,
3474 4637 3683 4691 εειιιο.

419 4733 782 4787 substantiam
820 4733 1019 4786 habere
1057 4731 1319 4798 Spiritum
1354 4737 1601 4783 sanctum
1636 4725 1986 4786 conﬁtentur,
2097 4743 2255 4796 “eam
2299 4743 2458 4795 ﬁdem
2502 4749 2706 4803 tenere.
2746 4738 2834 4792 ma
2871 4737 3008 4791 duce
3047 4748 3155 4788 ηοιι
3187 4731 3446 4799 ambiget,

417 4826 783 4895 omnibusque
826 4826 1054 4879 cmtibus
1097 4833 1149 4877 et
1199 4822 1344 4875 omni
1388 4821 1796 4883 consuetudine,
1851 4834 1991 4872 cun-
2088 4812 2095 4818 ’
2166 4835 2244 4886 Ad
2285 4833 2400 4886 hmo
2432 4842 2487 4886 ει
2527 4832 2654 4885 illud
2692 4830 3030 4889 intuendum,
3070 4831 3272 4894 quamn
3304 4823 3374 4876 sit
3410 4819 3687 4875 Ecclesia:

418 4921 628 4987 rtisqne
659 4918 1039 4973 communibus
1063 4916 1212 4969 illum
1244 4914 1542 4981 exagitant.
1567 4912 1632 4966 Et
1657 4911 1989 4980 nequissime
2090 4922 2429 4994 magnimdo’
2493 4930 2692 4990 quanta
2754 4933 2932 4973 rerum
2999 4914 3187 4976 moles,
3244 4921 3407 4980 utque
3483 4910 3559 4964 ab
3619 4926 3697 4971 ea,

416 5011 634 5078 quidem
703 5008 1133 5065 Occidentalium
1211 5004 1506 5060 Ecclesiam
1592 5003 1982 5070 blaspliomant,
2090 5015 2240 5069 nulla
2295 5024 2530 5081 umquam
2565 5009 2819 5065 ιιωι-ειιριι
2866 5004 3136 5064 sententia
3180 5002 3439 5065 mannrit,
3499 5015 3683 5070 quam

368 5095 853 5171 g‘sacriﬁrinmqne
902 5109 957 5155 et
987 5113 1149 5155 omne
1198 5104 1616 5161 sacramentum,
1662 5095 1805 5164 quod
1846 5094 1985 5163 apud
2087 5106 2283 5158 ιιεςιιιις·
2343 5103 2585 5157 mndavi:
2644 5092 2859 5162 Petrus,
2916 5112 3039 5169 qua:
3086 5106 3300 5165 semper
3344 5094 3412 5147 ad
3457 5104 3675 5146 omnes

417 5195 563 5249 illam
594 5193 675 5260 ﬁt,
700 5198 1073 5246 exsecrantur.
2095 5193 2289 5249 ﬂuctus
2340 5190 2632 5248 immobilis
2676 5189 2947 5261 perstitit;
2998 5184 3124 5259 quia
3156 5201 3320 5256 supra
3348 5190 3593 5254 petram,
3630 5182 3687 5234 id

417 5292 421 5303 ⁴
487 5288 633 5354 Qui“
656 5302 785 5341 εηιιθ
838 5285 1086 5341 miserari
1133 5282 1388 5337 εοηνθηῖι
1433 5288 1616 5347 Mli")
1647 5275 1753 5331 im!
1803 5288 1984 5337 οτπθο
2095 5294 2395 5354 est,super
2421 5284 2593 5352 ipsum
2634 5282 2920 5349 Dominum
2947 5278 3167 5334 fundata
3198 5286 3335 5341 erat,
3361 5272 3474 5329 sive
3502 5289 3686 5344 super

415 5380 615 5448 quippe
638 5392 763 5431 cum
786 5376 877 5431 Dei
898 5391 1033 5445 ηριιε
1052 5376 1184 5439 sint.
1214 5374 1307 5444 qui
1344 5373 1859 5427 viviﬁcalmormos.
1885 5366 1988 5422 Ne—
2086 5377 2236 5433 beati
2265 5374 2408 5429 Petri
2458 5373 2824 5430 ﬁrmissimam
2856 5373 3014 5427 ﬁdem
3048 5384 3242 5439 :quem
3269 5367 3344 5421 nn
3376 5364 3685 5427 Dominus,

413 5482 523 5537 que
543 5472 687 5524 enim
707 5470 772 5523 de
798 5469 993 5537 quibus
1014 5468 1389 5534 dicuntneque
1409 5461 1984 5535 dequibusaﬁirmant,
2092 5479 2219 5520 cum
2254 5464 2521 5537 corporali
2553 5462 2841 5533 praesentia
2876 5459 3136 5515 mundum
3178 5458 3476 5518 desereret,
3525 5470 3685 5522 pra:-

418 5562 597 5612 sriunt
624 5576 636 5622 ;
666 5570 825 5628 atque
861 5558 1083 5612 omnino
1112 5558 1229 5613 sine
1251 5573 1435 5621 sensu,
1468 5567 1521 5611 et
1549 5557 1653 5620 Sui,
1683 5563 1737 5609 et
1756 5554 1984 5605 aliorum
2096 5556 2246 5625 fecit,
2282 5558 2488 5613 beatum
2518 5557 2666 5612 illum
2696 5554 3004 5626 appellans,
3047 5550 3172 5623 quia
3218 5564 3324 5604 mm
3359 5548 3438 5602 illi
3462 5562 3606 5601 caro
3632 5558 3689 5601 τι

2088 5674 2206 5728 lect.
2233 5673 2295 5729 0,
2329 5672 2545 5727 ilenrici
2582 5672 2809 5727 Canisii.
3238 5733 3293 5740 __
3462 5731 3472 5740 ,

2162 5745 2275 5811 (87)
2308 5743 2451 5810 Lege
2480 5742 2820 5797 Gennadium
2853 5748 2953 5808 pro
2972 5735 3208 5811 concilio
3238 5733 3590 5811 Flaminino.
3622 5742 3685 5811 et

2085 5800 2477 5938 geilarruinum
2511 5812 2603 5868 lib.
2636 5811 2712 5870 De
2757 5800 2937 5879 Petit"
2985 5817 3037 5864 et
3105 5806 3267 5878 epist.
3310 5802 3346 5856 2
3385 5800 3683 5857 Barlaami

2137 5897 2284 5938 vrac.

2134 5897 2284 5951 yrac.

488 5674 599 5743 (85)
631 5673 818 5726 Merito
850 5674 1016 5742 igitur
1042 5674 1152 5740 jam
1216 5672 1342 5741 iugo
1387 5669 1620 5743 Turcico
1647 5675 1967 5743 premuntur
1989 5702 2002 5716 .

488 5736 598 5866 $86)
632 5744 741 5797 lloe
769 5736 1001 5798 maxime
1021 5736 1078 5797 lit
1109 5736 1301 5797 nostra
1322 5741 1520 5795 smeulo
1548 5741 1599 5792 in
1632 5736 1982 5791 conversione

488 5829 696 5866 torum.
726 5811 863 5866 Leee
893 5815 959 5866 de
1008 5815 1110 5866 hac
1144 5830 1199 5866 re
1248 5811 1533 5866 epistolam
1592 5808 1819 5866 primam
1848 5805 1978 5858 Bar-

417 5805 696 5868 lndorum.
726 5811 863 5883 Lege
893 5815 959 5867 de
1008 5815 1110 5869 hac
1144 5830 1199 5866 re
1248 5811 1533 5881 epistolam
1592 5808 1826 5883 primani
1848 5805 1978 5883 Bar-

416 5884 574 5940 laami
614 5876 853 5952 episcopi
892 5876 1384 5953 Gyracertsis,quze
1406 5876 1733 5935 exstattom.
1767 5876 1973 5933 VlAnt.
