3882 6594
172 4658 189 4693 ί

232 462 313 525 ﬁll

225 667 325 721 Inde
348 666 445 732 iam
471 666 743 733 principiis
788 664 1148 721 ecclesiastici
1184 666 1528 734 principatus
1552 665 1741 735 iactis,

226 777 323 816 rum
371 759 697 827 interrogatis
746 758 1046 828 discipulis,
1096 773 1258 827 quem
1311 772 1435 813 esse
1494 757 1740 815 homines

228 860 444 925 putarent
502 849 697 904 Filium
753 849 1009 914 hominis,
1077 858 1305 903 cieteros
1381 847 1745 918 praeveniens,

225 950 332 1002 divit
357 966 369 1000 :
405 944 475 999 Tu
498 962 550 1000 es
572 944 809 999 Christus
830 942 1001 998 Filius
1022 942 1117 997 Dei
1143 943 1262 998 vivi.
1293 941 1391 998 Cui
1422 957 1741 1012 responsum

226 1040 426 1109 protinus
463 1046 543 1090 est
577 1054 591 1090 :
624 1035 701 1090 Tu
748 1052 802 1091 ea
839 1032 1049 1100 Petrus,
1093 1044 1143 1089 et
1170 1050 1327 1101 sitper
1365 1034 1500 1089 hanc
1546 1043 1748 1102 petram

226 1127 453 1196 e'i/icabo
474 1126 940 1183 Ecclesiammeam
964 1145 977 1180 :
995 1135 1045 1180 et
1066 1134 1232 1198 porta:
1252 1125 1409 1193 inferi
1428 1142 1530 1180 non
1551 1141 1753 1196 prama-

228 1221 367 1275 lebain
387 1218 625 1273 adrersus
651 1218 835 1274 eaut".
859 1216 1204 1285 Rursumque
1220 1217 1293 1277 illi
1321 1217 1458 1273 hanc
1478 1230 1748 1271 commen-

226 1315 331 1368 dans
348 1313 436 1365 ιιίει
456 1310 574 1366 bat:
596 1310 655 1363 Si
674 1326 753 1364 me
767 1326 931 1371 amns,
954 1309 1127 1375 Petre,
1142 1325 1291 1378 pasce
1307 1325 1464 1378 agnos
1480 1320 1637 1370 meus,
1658 1323 1748 1376 pa-

226 1420 292 1459 sce
311 1420 411 1459 ore:
429 1419 566 1455 meas
588 1403 658 1458 ⁷⁵.
677 1401 741 1455 Ει
769 1403 834 1455 de
858 1416 965 1475 quo
992 1405 1101 1455 ait:
1142 1399 1250 1470 Ego
1269 1401 1444 1469 rogavi
1470 1415 1563 1469 pro
1594 1409 1663 1461 te,
1693 1407 1747 1451 ut

225 1511 306 1547 non
345 1493 539 1560 deﬁciat
592 1494 721 1560 ﬁdes
776 1501 906 1545 tua:
933 1502 982 1544 et
1014 1502 1071 1547 tu
1114 1492 1402 1562 aliquando
1448 1503 1749 1549 conversus,

240 1585 459 1650 conﬁrma
490 1583 683 1652 fratres
718 1592 833 1637 tuos
862 1584 931 1637 ⁷⁵.
960 1584 1025 1637 Et
1051 1598 1210 1653 quem
1259 1583 1441 1652 posuit
1490 1580 1751 1651 cumulem

226 1671 323 1733 ellJl,
376 1672 582 1741 quando
644 1671 965 1732 Caesarianis
1030 1672 1309 1725 tributum
1384 1670 1751 1738 exigentibus,

230 1767 447 1834 pracepit
497 1765 663 1822 Petro
706 1765 927 1819 hamum
982 1763 1039 1820 in
1097 1778 1247 1819 mare
1280 1763 1576 1826 dimittere,
1609 1762 1756 1817 inrc-

226 1857 551 1928 niendnmque
569 1860 621 1913 in
644 1857 817 1924 primo
833 1857 924 1927 qui
950 1856 1275 1912 occurrisset
1303 1857 1474 1925 pisce,
1497 1863 1752 1907 staterem

230 1966 417 2006 aureum
446 1952 579 2031 dare
616 1950 954 2018 exigentibus
998 1963 1096 2019 pro
1119 1963 1177 2005 se
1205 1958 1259 2004 et
1286 1947 1452 2003 Petro
1483 1948 1553 2002 ⁷⁸.
1579 1947 1633 2001 ld
1660 1961 1754 1998 an--
1790 1930 1829 1983 Β

233 2051 317 2092 Iern
363 2050 441 2094 est
490 2026 723 2096 volentis
769 2038 918 2095 illum
971 2053 1128 2111 aeque
1170 2053 1235 2095 ac
1267 2052 1326 2095 se
1359 2037 1615 2094 honorari
1668 2026 1773 2107 prd

231 2132 438 2198 pnttione
482 2132 686 2197 debita,
720 2131 981 2205 illumque
1009 2133 1233 2185 verbum
1264 2145 1420 2186 suum
1462 2127 1766 2183 continere.

233 2222 345 2286 Quia
370 2223 504 2277 enim
537 2238 567 2277 a
596 2222 823 2283 Domino
849 2221 983 2279 nihil
1004 2222 1201 2280 fruatra
1224 2220 1427 2277 dictum
1456 2226 1548 2274 aut
1570 2216 1770 2274 factum

233 2323 319 2380 est,
345 2328 563 2375 necesse
611 2324 713 2374 est.
737 2322 792 2370 et
822 2327 944 2384 quas
993 2310 1239 2383 apostolo
1298 2309 1456 2365 Petro
1498 2308 1775 2377 praecipue

228 2421 316 2473 prta
344 2407 548 2463 cancris
577 2406 717 2461 dicta
741 2406 856 2462 sive
887 2404 1027 2460 facta
1058 2411 1207 2471 sunt,
1264 2406 1517 2471 magnum
1565 2400 1770 2469 aliquid

238 2501 429 2554 rretlere
457 2498 786 2570 significare.
832 2496 972 2564 Quid
1012 2506 1190 2552 autem
1224 2494 1397 2565 majus
1422 2508 1546 2550 esse
1570 2500 1770 2563 potest,

229 2591 344 2660 quoi
371 2589 665 2660 huiusmodi
692 2586 987 2644 Ecclesiam
1003 2599 1157 2650 suam
1178 2585 1279 2640 sub
1302 2584 1403 2639 hoc
1422 2584 1557 2641 duce
1580 2580 1775 2652 guber-

230 2681 323 2736 nari
347 2682 641 2744 consuluit,
675 2695 863 2750 quant,
883 2678 1074 2750 utipse
1094 2675 1289 2736 voluit.
1321 2674 1371 2727 in
1403 2672 1563 2731 Petro
1584 2673 1778 2729 solida—

234 2774 314 2835 vit,
344 2782 395 2829 ut
423 2773 675 2843 adjuncta
734 2771 896 2829 rebus
964 2766 1129 2825 verba
1182 2766 1288 2825 ista
1352 2764 1658 2821 testantur?
1718 2764 1775 2818 Si

232 2862 354 2917 enim
397 2864 475 2918 vel
528 2863 713 2921 multis
746 2864 798 2918 in
832 2854 1086 2916 humanis
1134 2857 1295 2917 rebus
1328 2857 1773 2927 principantlhtts,

239 2954 305 3010 vel
340 2954 502 3020 nullo,
543 2951 969 3025 conlusioneque
997 2956 1257 3021 regnante
1277 2986 1292 3017 ,
1318 2945 1552 3009 nihilch
1581 2964 1773 3021 parum

236 3046 502 3102 o:nsistere
531 3057 730 3115 posset.
1749 3034 1764 3043 “

300 3139 359 3194 Et
415 3149 561 3197 certe
611 3155 734 3197 cum
785 3141 839 3197 in
892 3142 1009 3211 ipsa
1036 3142 1278 3199 omnium
1303 3149 1522 3203 natura,
1552 3135 1773 3205 singula

226 3245 308 3300 lle?
335 3233 570 3291 ordinem
614 3233 756 3303 quod
812 3248 972 3293 suum
1018 3246 1101 3295 est
1131 3245 1450 3304 operentur.
1497 3245 1604 3299 quo
1647 3228 1774 3285 sub-

236 3323 345 3389 lato,
394 3325 576 3379 mundi
641 3324 807 3383 totius
852 3325 1139 3385 harmonia
1217 3325 1519 3382 solveretur
1576 3337 1594 3378 :
1654 3320 1775 3388 IPae

229 3416 366 3480 enini,
414 3417 610 3489 inquit,
664 3418 897 3477 calestia
942 3428 992 3472 et
1025 3427 1233 3476 terrena
1267 3419 1499 3474 continet
1529 3414 1607 3481 "i
1632 3427 1773 3484 ‘1“0'

229 3506 369 3561 modo
415 3517 563 3593 esset
615 3507 899 3574 possibile,
919 3519 1119 3569 cuncta
1142 3508 1518 3577 disponentem
1549 3505 1767 3573 sapien-

231 3597 365 3664 tiam,
418 3610 467 3652 et
508 3617 540 3655 a
583 3600 688 3671 ﬁne
723 3616 882 3671 usque
916 3602 986 3656 ad
1022 3603 1180 3672 ﬁnem
1213 3601 1588 3671 pertingentem
1617 3597 1772 3667 {orti-

234 3699 326 3753 ter,
390 3693 721 3763 suaviterque
767 3695 975 3759 jcuncta
1031 3695 1388 3764 disponentem
1427 3693 1514 3757 ⁷⁸,
1560 3704 1775 3761 gregem

229 3794 397 3844 suum,
449 3781 749 3838 Ecclesiam
799 3798 980 3849 suam,
1025 3798 1186 3853 quam
1235 3783 1457 3851 proprio
1513 3782 1779 3849 sanguine

231 3874 459 3942 redemit,
484 3889 582 3945 pro
606 3890 714 3945 qua
747 3876 925 3933 omnis
952 3876 1002 3929 ei
1021 3878 1159 3933 ratio
1184 3868 1240 3931 et
1266 3890 1430 3931 omne
1454 3873 1776 3944 mysterium

229 3963 440 4027 est,siue
462 3965 853 4035 gubernatione
873 3967 1200 4035 relinquere,
1227 3983 1319 4036 per
1343 3966 1540 4020 multas
1559 3964 1776 4033 quidem

232 4054 534 4111 h’nialiones
564 4064 619 4110 et
665 4057 989 4125 quaestiones
1029 4058 1082 4113 in
1108 4052 1784 4126 prtesenti‘exercitatam?

238 4141 340 4213 ipso
387 4162 507 4202 vero
560 4148 921 4217 corporaliter
948 4159 1004 4207 et
1030 4149 1364 4209 sensibiliter
1408 4146 1535 4203 hinc
1580 4145 1782 4213 migra-

239 4238 480 4297 turo,ctsi
524 4252 800 4307 nunquam
829 4239 897 4294 ab
927 4238 1164 4297 Ecclesia
1191 4238 1535 4297 invisibiliter
1562 4235 1735 4291 abfuit
1767 4252 1782 4290 :

244 4321 340 4392 Ego
386 4327 541 4393 enim,
583 4329 781 4398 inquit,
830 4331 1091 4385 vobiscum
1124 4348 1241 4387 sum
1286 4330 1525 4386 omnibus
1577 4328 1782 4393 diebus,

240 4430 385 4482 usque
414 4417 481 4468 ad
514 4420 1013 4475 consummationem
1044 4420 1227 4475 seaculi
1258 4421 1326 4476 ".

1222 428 1621 523 ADVERSUS
1645 457 1959 522 caecos
2002 463 2145 529 ue.
2186 467 2285 528 ιν.

226 575 414 647 sanguis,
440 574 524 631 sed
553 572 763 630 calatis
798 572 957 627 Pater
998 587 1171 627 verum
1223 576 1465 629 reuelauit
1505 574 1747 641 ﬁdem".
1782 580 1825 635 Α
1854 580 2119 638 dicentem

3230 480 3240 491 ’
3305 453 3412 515 242

2160 601 2174 638 :
2230 583 2552 653 Pra'c'eptor,
2604 580 2746 636 talea
2795 594 2908 640 nos,
2955 573 3186 645 perimus
3221 570 3295 636 ⁸ο,
3325 568 3413 624 in-

1850 676 2082 745 crepatis
2142 676 2315 731 ventis
2362 687 2658 744 exsurgens
2701 668 2966 734 servavit;
3022 663 3165 735 quod
3219 663 3416 717 futurae

1851 769 2051 841 ubique
2149 770 2202 825 in
2290 768 2534 824 navicula
2618 762 2872 820 Ecclesia:
2960 755 3412 831 perturbationis,

1854 862 2157 917 hacresibns
2215 860 2470 915 omnibus
2536 856 2680 910 illam
2729 867 2972 923 mergere
3016 845 3413 919 qnzerentibus,

1853 962 2226 1023 argumentum
2250 959 2386 1006 erat.
2420 947 2587 1017 Cujus
2613 944 2873 1018 regimine
2893 951 3170 1009 suscepto,
3217 938 3410 992 Petrus

1866 1043 2263 1116 periclitantem
2339 1040 2577 1096 servavit
2648 1052 2745 1106 per
2816 1050 2873 1089 se
2932 1035 3103 1104 ipsum
3162 1029 3420 1105 magistro

1853 1135 2107 1191 excitato.
2161 1131 2347 1203 Neque
2392 1133 2533 1187 enim
2582 1129 2785 1183 frustra
2818 1125 2868 1181 ei
2918 1102 3183 1178 Dominus
3238 1102 3421 1177 claves

1857 1226 2007 1296 regni
2083 1224 2344 1288 credidit;
2394 1221 2948 1287 'l'nndamentumque
3014 1229 3071 1268 se
3122 1211 3421 1282 positurum

1857 1321 2014 1387 dixit,
2073 1333 2237 1388 super
2295 1333 2400 1385 quo
2461 1312 2763 1368 Ecclesiam
2823 1322 2974 1362 suam
3030 1305 3430 1360 :ediiicaturttm.

1860 1411 2200 1480 repromisit;
2240 1410 2485 1476 hancque
2519 1405 2789 1474 prmcipne
2818 1414 3028 1468 pascere
3059 1396 3216 1450 Petro
3237 1432 3251 1458 ,
3294 1394 3337 1451 si
3366 1405 3425 1445 se

1860 1514 2104 1568 amaret,
2152 1502 2472 1570 imperavit,
2504 1508 2665 1568 atque
2686 1497 2738 1549 in
2771 1492 2955 1549 tributi
2986 1490 3256 1547 solutione
3279 1487 3425 1541 hunc

1860 1612 1957 1667 pro
1985 1611 2042 1651 sc
2074 1597 2190 1664 ipso
2221 1569 2544 1662 respondere
2572 1590 2760 1644 volarit.
3328 1569 3333 1573 ’

1933 1688 2241 1751 Enimvero,
2292 1695 2344 1739 et
2394 1682 2533 1755 quod
2570 1689 2690 1750 post
2719 1676 3170 1733 resurrectionem
3220 1670 3425 1724 dictum
3478 1707 3484 1713 .

1862 1789 1982 1837 est:
2019 1780 2190 1835 Dicite
2224 1758 2497 1842 discipulis
2524 1776 2659 1849 ejus,
2683 1784 2729 1828 et
2778 1769 2935 1825 Petro
2973 1767 3041 1834 εί,
3074 1781 3181 1837 pra:
3218 1761 3428 1818 caeteris

1866 1876 2014 1929 illum
2076 1871 2394 1942 appellantis
2455 1877 2614 1937 atque
2668 1859 2988 1919 Imnorantis
3050 1866 3153 1913 est.
3219 1852 3326 1907 Sed
3375 1856 3428 1903 et

1867 1965 2254 2032 discipulorum
2303 1961 2511 2027 primus
2568 1957 2847 2024 ingressus
2897 1950 3069 2005 estin
3109 1938 3429 1999 'tuonnmen-

1869 2031 2087 2122 tum,cl
2119 2053 2271 2113 vidit,
2304 2043 2357 2105 et
2392 2049 2642 2113 credidit,
2671 2056 2751 2111 ut,
2788 2042 2880 2112 qui
2906 2041 3156 2111 princeps
3174 2031 3433 2090 Ecclesia:
3472 2090 3473 2093 η

1868 2144 2314 2216 relinquebatur,
2394 2139 2603 2209 primus
2672 2137 2726 2191 in
2811 2131 3181 2203 apoStolorum
3266 2132 3433 2180 choro
3528 2185 3536 2192 _

1870 2239 2090 2309 reliquis
2135 2232 2587 2290 resurrectionem
2634 2228 2835 2284 Christi
2883 2224 3179 2279 nuntiaret.
3222 2218 3429 2285 Nempe

1844 2335 2010 2391 'cnitn
2069 2338 2124 2387 et
2200 2325 2649 2384 convenientibus
2722 2318 3020 2379 omnibus,
3089 2312 3297 2382 primus
3378 2307 3431 2365 in

1871 2423 2219 2481 concionibtts
2250 2429 2351 2473 est.
2382 2416 2580 2472 Paulus
2608 2415 2736 2468 item
2785 2427 2801 2467 :
2839 2407 3084 2468 Ascendi,
3116 2404 3212 2468 ait,
3250 2400 3439 2454 Hiero-

1875 2515 2128 2586 solymam
2187 2510 2357 2565 uidere
2412 2504 2627 2561 Petrum
2690 2503 2759 2568 ",
2796 2492 2942 2584 velut
2996 2498 3061 2552 ad
3106 2493 3436 2566 prmcipnum

1876 2578 2153 2678 quiddam,
2198 2602 2262 2657 ad
2294 2600 2513 2655 Petrum
2546 2578 2853 2651 intendens.
2898 2591 3009 2646 Etsi
3058 2604 3181 2643 cum
3218 2592 3441 2656 propter

1874 2695 2346 2755 circumcisio'nem
2395 2691 2619 2758 quidam
2685 2683 3221 2740 scandalizarentnr,
3264 2668 3444 2744 atque

1879 2791 1932 2844 in
1978 2785 2252 2857 Evangelii
2293 2779 2679 2854 prcedicatione
2721 2772 3195 2830 circumeisinncm
3241 2765 3447 2819 inferte

1878 2881 2254 2944 molirentur,
2325 2873 2583 2945 quoniam
2659 2868 2877 2938 quidem
2964 2858 3215 2930 apostoli,
3293 2856 3439 2909 circa

1876 2966 2285 3042 praedicationis
2328 2943 2497 3026 initia,
2525 2960 2594 3015 ob
2644 2957 2825 3013 varias
2872 2953 3224 3007 necessitates
3272 2943 3446 3012 majo-

1879 3076 2113 3132 rumqne
2140 3057 2549 3127 diSpositiones,
2591 3060 2651 3106 ut
2683 3048 2877 3103 medici
2909 3058 3099 3099 curam
3133 3038 3441 3092 animarum

1882 3166 2131 3227 gerentes
2163 3171 2177 3208 :
2214 3151 2304 3206 ille
2330 3150 2573 3219 quidem,
2600 3144 2725 3215 quia
2757 3138 2996 3211 gentium
3024 3133 3282 3202 magister
3311 3134 3449 3187 erat,

1882 3263 1987 3303 non
2045 3218 2359 3313 cogebatur
2398 3240 2609 3307 aliquos
2663 3231 3038 3289 accedentium
3072 3218 3448 3296 pra'dicationi

1876 3335 2267 3396 circumcidere
2299 3351 2312 3388 :
2346 3332 2564 3387 Petrum
2625 3341 2755 3382 vero
2798 3339 2893 3378 eos
2928 3322 3020 3391 qni
3053 3335 3116 3374 cx
3154 3312 3444 3370 circumci-

1875 3431 2028 3485 sione
2061 3426 2408 3485 crediderant
2433 3432 2741 3483 assumens,
2783 3423 2839 3469 ut
2864 3413 3074 3482 majora
3122 3409 3449 3466 lucraretur,

1879 3523 2094 3579 ninora
2145 3520 2210 3573 ad
2239 3527 2453 3586 tempus
2500 3510 2886 3571 contemnebat
2940 3526 2955 3564 :
2992 3508 3059 3558 ab
3096 3490 3298 3571 ltis‘qni
3335 3499 3454 3551 illn-

1881 3629 2001 3671 rum
2059 3611 2382 3668 intentionis
2431 3614 2592 3664 erant
2655 3602 2849 3667 nescii,
2900 3600 3131 3653 invicem
3164 3590 3455 3647 dissentire

1879 3713 2223 3776 putarentur,
2274 3715 2397 3758 cum
2425 3714 2490 3754 eo
2523 3699 2646 3768 ipso
2693 3693 2927 3749 maxime
2956 3694 3342 3755 congruerent.
3372 3680 3451 3733 Ne

1880 3798 2028 3854 enim
2078 3806 2133 3851 ct
2168 3797 2219 3850 in
2281 3791 2579 3863 Evangelio
2630 3784 2978 3844 circumcisio
3030 3782 3207 3835 locum
3247 3778 3450 3830 habere

1881 3890 2187 3953 videretur,
2225 3901 2290 3942 ea
2324 3900 2444 3956 quae
2485 3881 2775 3952 putabatur
2808 3878 2950 3931 inter
3005 3886 3101 3929 eos
3153 3865 3456 3924 diliercutia

1887 3978 2203 4037 necessario
2224 3983 2496 4046 assumpta
2524 3985 2624 4029 est.
2657 3970 2810 4038 Quod
2835 3969 2979 4024 enim
3012 3966 3112 4021 sibi
3142 3963 3298 4017 valde
3327 3975 3460 4013 cou-

1896 4075 2090 4129 cordes
2120 4078 2327 4134 essent,
2353 4069 2479 4122 hinc
2514 4064 2860 4136 perspicuum
2887 4069 2993 4117 est.
3024 4058 3139 4113 Non
3167 4055 3339 4111 solum
3362 4052 3462 4106 Pe—

1896 4174 2012 4219 trus
2036 4163 2270 4232 aliquos,
2301 4174 2486 4215 verum
2529 4168 2584 4213 et
2612 4155 2815 4211 Paulus
2850 4150 3191 4207 Timotheum
3227 4146 3461 4199 circum-

1893 4255 2043 4320 cidit,
2083 4252 2172 4322 qni
2221 4249 2404 4307 Iudaea
2442 4256 2615 4302 matre
2646 4252 2803 4298 natus
2836 4250 2974 4296 erat.
3005 4240 3097 4294 Sic
3137 4237 3282 4290 enim
3335 4244 3465 4288 tunc

1868 4362 1871 4365 '
1890 4346 2186 4403 necessitas
2202 4343 2471 4413 ﬂagitabat
2485 4339 2549 4393 ad
2566 4334 2963 4408 prazdicationis
2980 4327 3462 4404 dispensationem.

1981 4437 2359 4492 Verumtamen
2389 4429 2588 4486 Paulus
2636 4429 2857 4484 Petrum
2894 4424 3117 4478 minime
3156 4419 3411 4489 ignorans
3446 4431 3462 4469 :

304 4507 427 4560 Nam
468 4521 565 4562 9‘5'
619 4520 741 4576 ιιοει
789 4526 1075 4590 ascensum
1128 4514 1430 4570 salvatoris
1483 4514 1550 4568 ad
1595 4510 1784 4575 οωΙοδν
1821 4533 1863 4593 ι)
1887 4527 2150 4592 .Ascendi,
2189 4523 2385 4594 inquit,
2420 4518 2840 4588 Hierosolymam
2864 4513 3035 4569 videre
3068 4510 3311 4569 Petrum,
3347 4504 3466 4559 vel-

244 4595 361 4649 nihil
411 4598 717 4667 indigebant
779 4586 1276 4671 apostolilaliqno,
1327 4604 1418 4671 qui
1489 4603 1783 4658 secundum

243 4689 589 4755 evangelicam
638 4692 941 4751 doctrinam
985 4708 1049 4753 ac
1100 4695 1508 4750 conversionem
1540 4709 1604 4748 ac
1644 4695 1789 4750 circa

245 4779 535 4848 dogmatum
587 4781 921 4851 diligentiam
952 4796 1047 4841 eos
1080 4783 1429 4850 informaret;
1460 4795 1514 4839 at
1536 4784 1792 4839 Ecclesiae

246 4885 367 4940 cpias
396 4872 589 4941 singuli
635 4874 866 4943 apostoli
917 4877 1277 4944 aedilicavere,
1325 4886 1381 4933 et
1411 4881 1499 4948 qui
1534 4878 1641 4932 illis
1669 4892 1793 4932 sue-

247 4974 536 5026 cesserunt,
584 4965 753 5021 Petro
803 4966 1055 5038 illiusque
1103 4972 1509 5029 successoribus
1556 4970 1794 5039 indigue-

248 5063 361 5106 runt
392 5068 620 5125 semper,
646 5064 703 5111 et
725 5057 991 5126 indigent.
1024 5059 1192 5125 Quem
1226 5062 1437 5117 scilicet
1461 5060 1707 5117 ordinem
1739 5061 1794 5115 in

248 5148 492 5215 apostolis
557 5148 793 5218 primum
858 5149 1099 5207 inchoari
1172 5152 1374 5218 decuit,
1431 5154 1574 5209 sicut
1627 5154 1792 5208 etiam

251 5241 476 5311 contigit.
536 5241 740 5296 Omnes
814 5243 958 5297 enim
1016 5244 1153 5299 alias
1211 5245 1370 5299 aliter
1427 5246 1572 5302 circa
1640 5246 1795 5301 tidem

254 5329 634 5398 nattlt‘agantes,
673 5341 769 5386 aut
797 5333 849 5388 id
872 5333 992 5401 pati
1021 5334 1392 5403 periclitantes
1417 5374 1431 5400 ,
1479 5336 1674 5393 Petrus
1703 5351 1798 5406 per

253 5435 577 5478 successores
622 5438 751 5479 suos
792 5438 1054 5494 suamque
1097 5424 1390 5481 Ecclesium
1433 5429 1605 5482 erexit
1633 5437 1798 5497 atque

254 5513 496 5579 servavit;
533 5516 984 5584 quemadmodum
1036 5517 1213 5587 ipsum
1259 5528 1419 5574 antea
1454 5520 1715 5578 Dominus
1744 5523 1797 5578 in

258 5602 365 5655 navi
427 5606 819 5673 periclitantem
897 5620 1019 5662 cum
1098 5608 1345 5677 caeteris,
1399 5625 1462 5665 ac
1515 5623 1803 5683 propterea

1898 4619 1976 4673 uti
2029 4613 2246 4685 aliquod
2290 4626 2572 4668 sacrorum
2626 4607 2905 4663 monilium
2944 4598 3465 4658 excellentissimum

1900 4709 2203 4766 iutnilnrus
2263 4706 2421 4774 ciqnc
2466 4705 2725 4758 honorem
2774 4696 3106 4759 redditurus,
3152 4692 3265 4746 sive
3306 4689 3470 4743 etiam

1903 4798 2249 4868 Evangelinm
2297 4810 2419 4851 cum
2459 4809 2525 4849 eo
2568 4791 2898 4852 collaturus;
2936 4792 2994 4838 nt
3042 4784 3125 4837 vel
3163 4784 3474 4836 ﬁrmaretur

1888 4891 2046 4960 quod
2102 4898 2312 4943 rectum
2365 4896 2503 4950 erat,
2553 4885 2639 4939 vel
2688 4882 3034 4950 suppleretnr
3078 4876 3222 4946 quod
3266 4859 3473 4928 deerat.

1899 4982 2035 5038 Nam
2074 4982 2174 5036 etsi
2208 4980 2385 5034 omnis
2410 4978 2631 5032 ambitio
2659 4991 2689 5030 c
2713 4976 2879 5029 choro
2910 4972 3000 5026 illo
3033 4967 3328 5039 apostolico
3356 4974 3477 5019 erat

1904 5074 2269 5129 remotissima
2310 5070 2575 5141 (perfecti
2618 5068 2762 5121 enim
2819 5072 2978 5119 erant
3029 5058 3250 5128 singuli,
3304 5068 3478 5123 neque

1907 5167 2046 5221 duce
2094 5151 2450 5234 indigebant),
2488 5172 2664 5215 tamen
2698 5156 2836 5231 apud
2868 5156 2989 5215 illos
3042 5154 3204 5207 etiam
3263 5147 3397 5205 ordo
3421 5155 3479 5199 ut

1904 5259 2111 5328 primus
2178 5254 2442 5310 bonorum
2514 5251 2752 5305 omnium
2817 5262 2845 5300 a
2921 5244 3149 5299 Domino
3203 5238 3479 5308 plautatus

1902 5351 2119 5414 fuerat;
2157 5353 2321 5416 atque
2351 5344 2419 5400 ad
2450 5346 2695 5407 Petrum,
2729 5338 2892 5395 veluti
2924 5336 2989 5390 ad
3016 5336 3159 5389 illius
3188 5341 3470 5383 successo-

1901 5454 2042 5505 rem,
2095 5438 2447 5493 intuebantur
2475 5451 2685 5491 omnes.
2732 5432 2918 5501 Neque
2949 5427 3091 5483 enim
3132 5421 3355 5477 fortuito
3388 5434 3477 5473 res

1846 5594 1849 5597 δ
1902 5530 2043 5602 apud
2081 5531 2204 5586 illos
2235 5530 2545 5599 gerebatur,
2580 5527 2697 5592 sed,
2729 5526 2876 5580 velut
2903 5525 3167 5590 praesente
3200 5515 3361 5577 duce,
3404 5509 3473 5565 ab

1903 5622 2022 5692 ipso
2063 5622 2275 5692 signum
2304 5620 2696 5691 exspectabant
2731 5633 2747 5671 :
2785 5631 2847 5669 ac
2878 5614 3051 5683 primo
3076 5602 3476 5664 concedebant,

318 5805 364 5888 ’,ξ
396 5804 570 5888 Matth;
616 5805 876 5888 x\'_t_.__l7.
952 5810 998 5843 "
1062 5813 1190 5888 ibid.
1231 5815 1410 5870 lli-l8.
1488 5816 1531 5847 "
1564 5816 1721 5874 Joan.
1752 5837 1772 5872 tt

1895 5822 2074 5878 lli-l7.
2152 5822 2200 5855 ⁷⁵
2237 5819 2373 5879 Luc.
2397 5816 2637 5888 χωλῷ.
2733 5814 2779 5844 "
2803 5810 2995 5888 Μεηὲῆο
3034 5802 3286 5888 ,ξτὲκῖίδ
3319 5812 3476 5888 ῨθἿἭ

264 5878 304 5907 μ
334 5876 449 5944 δην,
478 5893 514 5945 ι,
542 5879 593 5937 7,
675 5880 721 5911 ⁷⁸
751 5880 878 5949 Sap.
900 5896 1017 5947 vrtt,
1081 5884 1130 5937 1.

1207 5867 1250 5918 τί
1277 5867 1475 5942 italia.
1508 5867 1860 5951 “vnit-ﬁll.“
1883 5867 2149 5948 οῖἰἱεὶιίιι.
2172 5867 2737 5950 vulgi—rivalem.
2776 5898 2887 5944 xvi,
2908 5882 2959 5934 7.
3032 5880 3078 5913 ⁸³
3109 5876 3281 5932 Galat.
3319 5886 3355 5928 ι.
3390 5867 3478 5923 ts.
