3882 6562
399 394 507 461 543

1647 413 2043 480 MANUELIS
2073 418 2379 484 CALECzE

3531 429 3650 490 244

399 527 523 565 cum
566 510 675 567 illic
706 512 758 567 in
788 517 1061 571 communi
1098 526 1240 576 etetu
1272 519 1472 590 aliquid
1498 522 1789 582 dicendum
1822 540 1961 594 erat,
1990 547 2039 601 Α
2066 534 2261 605 situque
2310 536 2472 604 ipsius
2496 538 2861 609 principatus;
2898 542 3010 597 illic
3030 542 3189 597 etiam
3214 546 3409 599 terreni
3430 544 3651 613 imperii

399 612 459 655 ut
488 602 693 674 liquido
729 606 781 659 in
802 606 1026 664 Actibus
1050 621 1275 679 apparet
1298 611 1365 669 ⁸³.
1410 612 1627 670 Primus
1649 620 1791 673 enim
1821 620 1962 676 inter

397 706 609 759 omnes,
652 696 1011 763 prmsentibus
1047 700 1189 767 aliis,
1220 712 1280 756 ut
1317 703 1487 772 ipsius
1527 709 1679 763 chori
1711 711 1961 783 princeps

399 783 705 838 concionari
739 786 1177 857 deprehenditur,
1211 807 1354 847 nunc
1372 794 1589 862 quidem
1620 798 1687 851 ad
1716 797 1957 864 Judceos,

400 889 544 929 nunc
575 886 755 931 autem
787 877 853 932 ad
880 880 1115 946 sodales,
1150 897 1277 937 cum
1307 899 1488 940 sermo
1513 898 1662 943 esset
1682 876 1755 944 de
1783 905 1965 947 Surro-

292 1040 294 1043 τ
399 968 574 1037 gando
602 969 864 1038 proditori
900 987 1215 1029 successore
1272 984 1326 1031 et
1357 979 1628 1049 eligendo.
1656 981 1954 1052 Oportebat

306 1082 311 1098 ί
399 1060 546 1114 enim
596 1069 654 1115 ut
700 1062 938 1119 futurum
982 1066 1035 1120 in
1064 1067 1303 1124 Ecclesia
1354 1070 1558 1128 Christi
1589 1075 1832 1131 ordinem
1866 1077 1966 1147 ipsi

395 1151 829 1229 praefigunt-ent,
903 1163 960 1211 ut
1019 1161 1474 1229 quemadmodum
1536 1167 1747 1222 ca'teris
1804 1169 1967 1223 duces

396 1241 664 1298 bonorum
739 1246 979 1302 omnium
1073 1247 1257 1315 fuere,
1340 1252 1421 1307 sic
1508 1256 1673 1310 etiam
1757 1258 1966 1313 ordinis

398 1346 603 1390 (‘SSCHL

467 1426 628 1495 Atqui
660 1426 704 1481 si
740 1427 834 1491 illi,
873 1444 995 1484 cmn
1042 1432 1266 1501 perfecti
1297 1447 1505 1501 essent,
1543 1438 1749 1493 ordinis
1787 1448 1965 1495 tamen

401 1529 584 1570 curam
617 1519 905 1574 maximam
932 1523 1315 1591 adhibuerunt,
1354 1542 1528 1595 neque
1575 1538 1809 1584 statutos
1858 1539 1970 1585 tera

403 1605 578 1662 minos
641 1612 963 1681 transgressi
1012 1623 1159 1679 sunt,
1211 1618 1482 1683 quomodo
1526 1634 1630 1674 non
1678 1633 1771 1673 eos
1820 1622 1966 1684 arhiie

356 1730 369 1739 κ
403 1708 609 1754 tremur
661 1716 756 1771 per
803 1718 865 1757 ea
917 1719 1035 1773 quae
1092 1721 1327 1778 gessere,
1366 1711 1600 1779 posteris
1649 1713 1762 1767 suis
1815 1713 1958 1769 hunc

2064 631 2239 681 sedem
2271 629 2456 693 statui,
2481 631 2571 684 sed
2602 631 2734 685 hanc
2754 633 2960 702 quidem
2988 646 3167 689 sancto
3216 635 3367 689 Petro
3423 638 3657 706 ejusque

2066 721 2454 775 successoribus
2476 722 2820 791 deputamus;
2851 741 2941 778 nos
2968 737 3139 780 autem
3169 743 3459 796 qumremus
3492 729 3655 795 regni

2069 811 2237 863 sedem
2262 811 2367 865 alio
2390 814 2443 865 in
2463 813 2858 878 loco,Byzantii
2888 816 3110 881 scilicet,
3127 811 3405 883 a'diﬁiare.
3433 817 3493 871 Et
3523 831 3659 883 Quae

2071 900 2173 954 alia
2220 902 2439 968 adjecit,
2474 914 2526 957 et
2573 907 2638 960 de
2675 909 3029 962 conversione
3076 925 3168 963 sua
3199 925 3447 971 narrans,
3486 920 3545 964 et
3588 912 3656 961 de

2070 994 2326 1059 dignitate
2354 1010 2723 1073 successorum
2758 1000 2895 1055 beati
2920 1000 3064 1055 Petri
3092 1004 3267 1056 edicta
3304 1018 3655 1071 proponens,

2070 1087 2443 1154 servandaque
2472 1091 2698 1155 posteris
2732 1094 2971 1156 tradens,
2999 1106 3124 1162 erga
3173 1107 3334 1160 quam
3374 1093 3479 1146 nisi
3518 1106 3661 1146 suc-

2069 1188 2311 1231 cessores
2358 1177 2571 1247 imperii
2605 1194 2787 1247 parem
2834 1184 3188 1237 reverentiam
3242 1193 3481 1250 servent,
3532 1193 3661 1237 sta-

2071 1268 2290 1321 tuendus
2363 1285 2481 1322 eum
2546 1272 2949 1341 cruciﬁxoribus
3021 1273 3230 1328 Domini
3289 1277 3457 1328 nostri
3516 1273 3662 1327 Iesu

2070 1362 2297 1424 Christi.
2356 1350 2722 1437 beatorumque
2771 1369 3125 1434 apostolorum
3181 1367 3326 1423 Petri
3358 1380 3434 1423 .et
3483 1367 3663 1422 Pauli

2070 1453 2377 1510 incursuros
2406 1457 2814 1528 indignationem
2855 1461 3075 1515 indicat.

2142 1545 2343 1601 Prmter
2376 1558 2565 1602 cratera
2601 1552 2742 1605 enim
2780 1567 2965 1606 rursus
3011 1561 3063 1607 et
3099 1553 3199 1607 hoc
3229 1554 3303 1607 ait
3337 1570 3351 1607 :
3388 1553 3660 1607 Ordinem

2071 1639 2318 1692 stratoris
2366 1656 2457 1692 nos
2487 1640 2636 1693 beato
2679 1639 2943 1711 Sylvestro
3007 1659 3159 1713 papa:
3214 1647 3502 1699 successori
3534 1646 3668 1697 ben-

2072 1728 2259 1782 tissimi
2310 1735 2413 1784 mei
2458 1731 2602 1787 Petri
2651 1735 2878 1802 apostoli
2924 1735 3105 1790 vicarii
3146 1735 3338 1791 Christi
3396 1737 3666 1806 implevi-

404 1790 576 1845 modis
654 1795 906 1852 omnibus
996 1800 1312 1855 servandum
1395 1804 1729 1860 tradidisse?
1788 1806 1968 1875 Atque
2005 1816 2217 1900 σωκ,

403 1885 743 1954 apponebant
773 1878 847 1941 illi
884 1888 1123 1958 quidem,
1165 1892 1255 1959 qui
1299 1893 1666 1960 crediderant,
1715 1899 1973 1965 pecunias

341 2007 363 2025 ς
403 1972 472 2026 ad
514 1974 676 2042 pedes
706 1979 1068 2042 apostolorum
1103 1998 1117 2046 ;
1155 1980 1347 2040 Petrus
1384 1997 1560 2041 autem
1592 2003 1686 2043 eos
1716 1990 1806 2058 qui
1849 1989 1960 2045 Deo

322 2078 331 2085 '
406 2067 617 2121 mentiti
667 2065 924 2136 fuerant,
987 2072 1252 2129 Auaniam
1308 2086 1361 2131 et
1422 2077 1764 2148 Sappbiram,
1814 2082 1975 2138 simul

405 2158 644 2230 reliquos
689 2162 985 2219 admonens
1019 2180 1081 2221 ac.
1127 2167 1408 2240 malignari
1440 2173 1752 2241 prohibens,
1783 2176 1890 2231 dux
1923 2184 1978 2230 ct

401 2244 565 2312 judex
635 2250 881 2308 veritatis
958 2261 1185 2323 astans,
1256 2260 1448 2315 mortis
1512 2263 1777 2318 sententia
1838 2264 1976 2320 mul-

406 2337 561 2394 tavit.

476 2451 750 2523 Scriptum
801 2466 888 2515 est
935 2468 1113 2516 autem
1162 2470 1215 2517 et
1265 2464 1318 2520 in
1350 2465 1574 2521 historia
1633 2469 1925 2526 Clementis
1957 2512 1974 2538 ,

406 2539 499 2607 qui
540 2551 659 2610 post
687 2542 909 2601 Petrum
954 2563 1239 2606 successor
1268 2551 1385 2621 ejus
1428 2553 1548 2620 fuit,
1580 2558 1718 2626 quod
1755 2575 1877 2616 eum
1907 2577 1977 2617 ex

405 2636 512 2687 hac
539 2634 645 2688 vita
688 2636 877 2694 Petrus
930 2640 1279 2702 beatissimus
1333 2648 1659 2717 migraturus
1706 2662 1855 2709 esset
1907 2657 1975 2710 ad

407 2724 722 2796 Dominum,
770 2731 1099 2789 Clementem
1177 2739 1445 2796 advocatis
1478 2781 1495 2808 ,
1552 2744 1651 2815 ipsi
1712 2747 1975 2817 tradidit,

405 2831 566 2884 quem
618 2834 897 2891 acceperat
928 2842 957 2882 a
1000 2826 1247 2894 Domino,
1308 2832 1560 2890 Ecclesiae
1595 2838 1974 2909 principatum,

406 2907 697 2985 fidelesque
753 2916 1049 2987 aequaliter,
1100 2930 1163 2977 ut
1193 2923 1294 2979 sibi
1326 2926 1545 2989 viventi,
1578 2928 1739 2985 veluti
1773 2907 1977 2988 VEccle¥

404 3002 502 3056 sia:
532 3006 762 3074 principi
800 3020 1030 3065 eatenus
1067 3012 1430 3081 intenderant,
1469 3018 1543 3072 ita
1584 3029 1638 3074 et
1677 3022 1744 3075 ad
1805 3022 1975 3087 illum,

408 3103 468 3147 ut
512 3109 691 3162 suum,
732 3114 796 3153 ac
839 3102 1115 3171 dignitatis
1154 3119 1266 3162 stur
1309 3124 1677 3167 successorem
1727 3116 1971 3184 aspicere

2148 1911 2274 1967 Ηωο
2311 1924 2365 1970 et
2398 1915 2450 1970 bi
2498 1917 2587 1985 qui
2633 1926 2817 1985 postea
2850 1915 2997 1975 fuere
3029 1917 3455 1977 Christianorum
3493 1937 3668 1992 reges

2077 2016 2450 2071 agnoscentes,
2483 2016 2642 2077 atque
2674 2008 2724 2061 in
2758 2009 2840 2063 his
2873 2015 3090 2065 manere
3121 2015 3314 2077 coacti,
3371 2015 3664 2082 siquidem

2079 2093 2320 2149 hmretici
2369 2096 2618 2165 fuissent,
2658 2097 2887 2154 Romani
2934 2102 3170 2173 episcopi
3205 2105 3564 2168 sententiam,
3612 2107 3667 2157 in

2077 2186 2277 2255 quibus
2337 2197 2607 2259 poterant,
2667 2204 2848 2245 secum
2900 2192 3100 2247 habere
3158 2195 3332 2249 modis
3392 2196 3670 2251 omnibus

2079 2275 2465 2342 moliebantur,
2506 2278 2822 2347 dignitatem
2852 2280 2969 2351 ejus
3001 2282 3165 2351 probe
3196 2283 3448 2347 scientes,
3482 2293 3671 2351 utque

2079 2360 2351 2423 srrﬂicerét
2400 2368 2466 2423 ad
2514 2369 2695 2426 omnia
2754 2374 3019 2427 sententia
3070 2374 3247 2440 illius;
3304 2387 3460 2446 turpe
3506 2379 3667 2431 enim

2077 2459 2238 2515 simul
2266 2468 2431 2530 atque
2449 2460 2627 2515 audax
2644 2462 2942 2529 videbatur,
2962 2465 3164 2520 Christi
3188 2484 3307 2522 cum
3332 2478 3541 2535 essent,
3564 2471 3670 2524 im-

2046 2574 2049 2575 ν
2081 2554 2378 2632 prudenter
2406 2568 2586 2625 agere,
2625 2554 2726 2611 nisi
2764 2557 2884 2624 quis
2904 2558 3154 2614 fortassis
3181 2564 3245 2615 ad
3276 2576 3467 2618 omnes
3503 2562 3667 2632 leges

2077 2620 2341 2700 rebellare
2362 2644 2702 2701 instituisset.
2737 2647 2830 2703 Sin
2864 2665 2988 2703 vero
3011 2651 3082 2721 pii
3110 2666 3171 2705 ac
3194 2652 3419 2721 religiosi
3445 2664 3668 2719 essent,

2079 2737 2143 2791 de
2165 2737 2247 2793 his
2271 2752 2390 2807 quae
2410 2738 2809 2807 quomodolibet
2836 2752 3014 2797 essent
3032 2743 3298 2813 ambigua,
3320 2744 3438 2814 ejus
3456 2759 3671 2814 exspe-

2078 2824 2296 2879 ctabant
2339 2825 2623 2898 judicium,
2664 2836 2722 2881 ut
2753 2841 2873 2883 cum
2904 2828 3031 2885 illud
3057 2831 3364 2896 haberetur,
3387 2833 3511 2887 aliis
3546 2831 3664 2887 alia

2079 2917 2408 2983 dicentibus,
2454 2919 2630 2974 nullus
2664 2920 2804 2976 ultra
2840 2923 3070 2993 amplius
3112 2923 3387 2994 inquirere
3419 2927 3671 2996 permit-

2083 3019 2309 3065 teretur.

2152 3100 2207 3154 ln
2260 3100 2485 3170 synodis
2537 3116 2666 3158 vero
2714 3103 2828 3173 ipso
2856 3105 3096 3160 omnium
3162 3106 3410 3177 princeps
3466 3110 3672 3178 prasi-

408 3190 682 3256 przeccitit.
721 3189 876 3246 Hunc
927 3197 1088 3261 enim,
1149 3198 1341 3269 inquit,
1382 3204 1520 3256 t'obis
1555 3221 1649 3270 pro
1679 3223 1758 3261 nte
1792 3182 1967 3263 ﬁrelin-
1998 3182 2045 3243 Ο
2079 3191 2240 3247 debili
2274 3209 2291 3259 ἶ
2326 3202 2383 3248 ei
2411 3194 2494 3248 νει
2531 3208 2626 3263 Per
2653 3210 2798 3263 eum,
2849 3196 2936 3252 νεῖ
2963 3212 3056 3267 ρει*
3082 3197 3237 3265 alios:
3274 3201 3363 3269 (Ιυί
3398 3202 3516 3256 νίοθ
3556 3217 3664 3256 ε¹¹³

403 3292 529 3343 quo.
583 3276 784 3351 Nempe
813 3292 865 3338 et
903 3289 1229 3345 sanctissimi
1275 3295 1619 3362 evangelista:
1649 3297 1703 3352 in
1752 3315 1975 3358 eurime-

406 3368 620 3426 ratione
680 3376 1066 3444 apostolorum,
1120 3389 1175 3433 ιιι
1234 3382 1382 3439 chori
1459 3387 1619 3443 totius
1679 3391 1973 3460 principem

410 3461 622 3517 Petrum
686 3480 900 3537 semper
957 3484 1296 3541 praeponam,
1362 3477 1427 3532 Et
1482 3479 1719 3537 Ecclesia
1777 3484 1977 3554 ubique

405 3553 706 3626 principem
767 3563 1136 3630 apostolorum
1201 3569 1492 3638 appellat;
1545 3574 1742 3643 quippe
1800 3586 1854 3632 et
1895 3553 1974 3632 in

405 3644 619 3715 hymnis
661 3651 773 3705 suis
826 3653 1195 3713 Damascenus
1242 3658 1462 3716 Petrum
1503 3674 1557 3717 et
1593 3665 1815 3721 Paulum
1864 3668 1978 3724 lau-

405 3736 537 3793 dare
601 3742 807 3809 volens,
869 3738 1034 3803 aliu'm
1085 3750 1300 3820 quidem
1349 3762 1408 3807 ut
1472 3757 1711 3811 omnium
1765 3770 1979 3829 aposto-

340 3878 347 3885 .
404 3828 581 3884 lormn
617 3835 938 3906 principem,
974 3839 1142 3895 alium
1176 3856 1304 3897 vero
1340 3854 1398 3899 ut
1428 3847 1520 3916 qui
1572 3847 1709 3904 ultra
1749 3828 1977 3910 caeteros

405 3919 684 3991 laborarit,
739 3926 944 3984 laudat.
996 3932 1297 3991 Attestatur
1337 3947 1392 3993 et
1440 3939 1599 3997 divus
1650 3940 1975 4014 Cbrysosw-

406 4027 528 4070 mus
572 4030 734 4085 super
778 4018 1106 4078 Mattbzeum.

734 4157 813 4218 De
868 4158 1217 4220 Constantino
1271 4175 1322 4221 et
1378 4168 1669 4240 Sylvestro.

474 4268 578 4323 ista
606 4286 779 4342 neque
808 4273 1239 4334 Christianorunt
1290 4297 1444 4354 reges
1486 4285 1812 4355 ignorantes,
1846 4304 1981 4358 quo-

398 4377 518 4416 rum
556 4364 762 4432 primus
798 4365 898 4421 fuit
933 4368 1124 4425 beatus
1175 4371 1586 4445 Constantinus,
1638 4380 1975 4451 Sytvestrum

2078 3281 2458 3354 fungerentur,
2491 3296 2636 3342 recta
2671 3287 2803 3342 fides
2846 3288 3220 3356 rohorabatur,
3253 3291 3369 3344 sine
3413 3305 3521 3360 quo
3563 3294 3669 3346 ad-

2076 3390 2268 3432 versus
2322 3378 2610 3434 haereticos
2676 3380 2864 3435 obsisti
2930 3380 3185 3451 nequibat
3240 3398 3256 3446 ς
3325 3392 3485 3453 atque
3553 3398 3670 3437 non

2077 3466 2250 3521 solum
2312 3482 2641 3538 congregare
2701 3468 3009 3539 synodum,
3067 3471 3163 3524 sed
3215 3484 3386 3539 neque
3461 3480 3673 3527 contra

2078 3558 2422 3614 adversarios
2477 3559 2784 3614 dimicando
2831 3561 3147 3628 praevalere,
3182 3562 3302 3616 sine
3358 3562 3504 3616 illius
3565 3578 3676 3616 au-

2058 3648 2327 3723 _ctoritate
2374 3649 2642 3719 quispiam
2688 3659 2921 3720 poterat.
2969 3652 3421 3706 Altcstanturhis
3449 3653 3662 3721 partim

2079 3736 2133 3792 hi
2165 3739 2256 3807 qui
2288 3754 2386 3809 per
2414 3739 2466 3793 id
2501 3740 2759 3807 temporis
2808 3740 3216 3804 delitescebant,
3254 3757 3424 3813 neque
3464 3756 3670 3797 vocem

2077 3829 2303 3886 liberam
2358 3846 2456 3901 pro
2519 3831 2622 3887 fide
2711 3831 2963 3888 emittere
3024 3835 3325 3899 audebant,
3378 3833 3482 3889 etsi
3562 3834 3670 3904 ipsi

2077 3921 2278 3990 optime
2314 3924 2582 3978 sentirent
2612 3940 2626 3977 :
2670 3923 2865 3991 partim
2894 3934 2948 3979 et
2983 3939 3209 3992 magnus
3270 3925 3506 3980 Basilius
3542 3927 3671 3995 epi-

2077 4015 2233 4070 stolis
2256 4015 2369 4070 suis
2397 4014 2774 4070 Occidentales
2803 4014 3245 4086 excitans,atque
3273 4017 3393 4072 fidei
3423 4018 3670 4072 veritate

2079 4105 2438 4176 periclitante,
2474 4116 2530 4162 ut
2564 4120 2719 4176 opem
2754 4106 2952 4172 ferant,
2989 4108 3302 4171 obsecrans,
3334 4108 3431 4162 nisi
3474 4107 3671 4175 provi-

2078 4198 2258 4264 deant,
2293 4198 2343 4252 id
2374 4214 2652 4269 passuram
2681 4212 3020 4264 asseverans,
3057 4198 3210 4269 quasi
3245 4214 3346 4253 non
3386 4197 3671 4254 sufﬁcien-

2080 4288 2241 4356 tibus,
2263 4290 2353 4359 qui
2377 4290 2515 4359 apud
2542 4289 2845 4346 Orientales
2876 4289 3066 4358 reliqui
3095 4297 3274 4356 erant,
3303 4290 3666 4346 orthodoxis;

2080 4391 2176 4435 aut
2217 4395 2320 4436 non
2353 4380 2678 4437 audentibus
2721 4380 2919 4436 bellum
2953 4383 3018 4436 ad
3050 4381 3473 4436 destructionem
3517 4382 3670 4437 ωδε.

402 4463 528 4508 tune
560 4453 810 4512 Romanae
837 4458 1090 4518 Ecclesia:
1121 4464 1480 4533 gubernacula
1519 4482 1976 4543 regentem,com-
2006 4510 2051 4569 Β
2080 4473 2445 4543 phemantium
2480 4474 2742 4542 arripere.

403 4546 554 4638 inani
596 4550 815 4638 decreto
851 4551 963 4620 (88)
1001 4556 1202 4625 ubique
1233 4573 1328 4627 per
1378 4561 1565 4617 orbem
1609 4568 1971 4638 promnlgato,

404 4634 553 4689 Petri
581 4648 637 4715 et
665 4637 859 4695 Christi
897 4658 1241 4701 successorem
1301 4651 1553 4721 appellat,
1612 4634 1972 4727 pastoremque

326 4780 333 4791 κ
400 4728 635 4796 primum
659 4740 707 4786 et
741 4734 1052 4802 magistrum
1086 4737 1339 4794 Ecclesia:
1378 4742 1541 4797 totius
1576 4756 1733 4800 vocat
1764 4765 1778 4802 :
1811 4747 1972 4817 liqui-

403 4820 583 4890 doque
618 4830 954 4903 comprobat,
984 4843 1046 4884 se
1080 4846 1240 4901 quam
1276 4832 1420 4888 inter
1450 4835 1791 4894 ChriStianos
1823 4842 1975 4896 inve-

403 4921 561 4966 nerat
591 4918 1035 4975 consuetudinem
1073 4924 1175 4977 hoc
1205 4925 1421 4981 decreto
1454 4929 1758 4987 roborasse.
1790 4933 1974 5004 Neque

400 4999 549 5054 enim
599 5018 771 5073 nuper
824 5021 891 5062 ex
949 5012 1230 5077 gentilium
1298 5028 1489 5070 errore
1550 5033 1847 5078 conversus
1887 4999 1973 5079 'ad

354 5102 361 5107 ‘
401 5089 708 5161 Christum,
747 5099 869 5152 novi
903 5100 1107 5171 aliquid
1157 5103 1210 5158 in
1257 5104 1501 5163 Ecclesia
1533 5112 1710 5167 moliri
1744 5114 1977 5173 voluisse

401 5183 675 5250 putandus
725 5196 829 5256 est,
877 5189 1043 5261 eique
1084 5194 1307 5251 Romam
1370 5200 1438 5265 ob
1489 5203 1803 5261 cathedram
1834 5208 1976 5264 beati

402 5274 549 5330 Petri
583 5276 878 5349 dereliquit
908 5300 923 5337 :
956 5283 1237 5353 indignum
1269 5289 1606 5356 existimans,
1641 5304 1699 5351 ut
1728 5297 1805 5351 ait
1840 5300 1974 5369 ipse,

404 5368 495 5421 ubi
525 5371 673 5425 sedes
700 5374 1023 5428 sanctissimi
1047 5378 1147 5431 mei
1181 5376 1331 5435 Petri
1371 5371 1621 5451 apostoli,
1659 5368 1977 5446 vicarii‘iDo-

405 5459 557 5527 mini,
580 5472 632 5516 et
662 5466 797 5534 regis
831 5471 1000 5525 nostri
1018 5469 1145 5526 Iesu
1184 5470 1379 5531 Christi
1405 5478 1634 5547 fundata
1658 5492 1755 5550 est,
1788 5483 1973 5540 Eccle-

478 5627 525 5660 ¹³
552 5628 673 5685 Act.
707 5648 746 5697 t,
778 5633 795 5688 l
837 5648 996 5706 seqq.

2150 4563 2254 4618 Sed
2284 4573 2337 4619 et
2369 4565 2648 4635 theologus
2673 4565 2986 4634 Gregorius,
3018 4566 3068 4619 in
3097 4564 3372 4635 epitaphio
3395 4580 3659 4621 sermone

2079 4669 2243 4724 quem
2275 4655 2325 4708 in
2367 4670 2490 4709 cum
2517 4655 2757 4723 scripsit,
2787 4655 2890 4710 hoc
2927 4657 3100 4724 ipsum
3133 4664 3385 4717 testatur,
3423 4656 3618 4709 dicens
3646 4672 3663 4710 :

2077 4746 2313 4802 Aderant
2340 4755 2389 4799 et
2421 4744 2836 4800 Occidentalium
2865 4749 3225 4816 episcoporum
3286 4746 3455 4815 aliqui
3486 4749 3557 4799 ad
3605 4763 3665 4800 se

2081 4839 2415 4894 attrahentes
2460 4840 2777 4893 orthodoa'os
2822 4856 3021 4893 omnes.
3074 4838 3188 4893 Etsi
3245 4838 3387 4891 enim
3444 4852 3669 4907 semper

2081 4933 2222 4987 inter
2252 4934 2485 4987 haereses
2520 4932 2685 5001 aliqui
2734 4945 2861 4985 vera
2911 4932 2976 4985 de
3017 4932 3120 4985 fide
3166 4932 3485 4994 sentientes,
3518 4931 3658 4984 reli-

2084 5026 2173 5093 qui
2205 5033 2382 5086 erant,
2410 5024 2575 5079 veluti
2604 5024 2844 5092 quaedam
2873 5022 3106 5077 scintilla
3135 5021 3378 5075 veritatis
3402 5038 3414 5074 :
3444 5034 3662 5085 verum,

2085 5134 2190 5173 non
2251 5127 2456 5173 tantum
2512 5117 2782 5172 habebant
2849 5116 3082 5180 roboris,
3139 5124 3197 5169 ut
3240 5115 3321 5170 vel
3390 5114 3661 5184 synodum

2084 5223 2299 5278 cogere,
2335 5210 2578 5279 aliasque
2620 5209 2888 5264 obsistere
2933 5208 3213 5301 auderent,
3241 5222 3363 5261 cum
3414 5206 3513 5274 ipsi
3558 5206 3665 5259 mi-

2084 5301 2233 5356 nima
2278 5317 2403 5371 pars
2452 5311 2655 5365 essent,
2704 5315 2768 5355 ac
2796 5298 2990 5369 saepius
3035 5300 3434 5354 occulereutur.
3470 5302 3573 5352 Aut
3615 5298 3663 5352 si

2084 5391 2410 5462 coegissent,
2448 5392 2613 5447 robur
2645 5406 2704 5445 ea
2738 5390 2979 5462 synodus
3022 5406 3125 5445 non
3179 5391 3481 5447 habuisset.
3507 5390 3662 5444 Nulla

2085 5482 2231 5540 enim
2275 5483 2519 5555 synodus
2561 5498 2669 5539 non
2712 5493 3000 5553 praesente,
3030 5482 3112 5539 vel
3143 5498 3248 5539 non
3284 5482 3663 5538 consentiente

482 5788 813 5880 (§8)._Esstat
842 5793 1244 5880 hoc_decretur_n
1279 5798 1419 5868 apud
1448 5798 1767 5855 Gratianum
1798 5801 1851 5856 d.
1886 5798 1976 5867 96,
2016 5811 2191 5870 neque
2227 5800 2433 5880 Graecis
2470 5809 2554 5857 cst
2587 5801 2915 5870 ignoratum,
2950 5805 3010 5855 ut
3058 5808 3203 5869 patet
3260 5813 3325 5855 ex
3386 5814 3660 5856 commcn-

413 5859 572 5917 tariis
588 5859 923 5919 Balsamouis
956 5865 1007 5920 in
1041 5866 1291 5924 concilia.
