3882 6560
257 443 348 506 245

1270 421 2018 526 ADVERSUSGRJECOS
2047 466 2189 528 LlB.
2227 471 2322 534 1v.

3354 484 3474 549 216v

254 534 467 592 Romano
507 538 786 611 episcopo,
823 541 903 597 vel
939 543 1381 610 reburvltabebat,
1407 549 1492 606 vel
1520 549 1776 605 catholica

1894 557 2060 626 aliqui
2089 571 2145 614 ttt
2172 547 2500 630 ltaareIicttm,
2535 565 2834 625 Romanum
2879 580 3053 628 tamen
3101 576 3412 646 episcOpnm
3438 620 3455 647 ,

253 629 580 685 credebatur.
647 633 715 688 Ut
775 637 922 690 enim
986 636 1174 692 beatus
1253 639 1560 709 Stephanus
1611 640 1791 710 junior

250 719 531 786 insinuavit,
565 723 687 783 sine
716 741 781 780 eo
828 742 916 782 res
963 728 1332 785 ecclesiastica
1381 732 1599 786 tractari
1651 732 1790 790 diri-

247 799 384 879 gique
426 825 524 864 non
571 825 820 880 poterat:
867 814 1452 888 lcouomacltoruntque
1500 821 1786 889 synodum,

247 899 462 956 Romano
529 907 789 973 pentilice
854 924 959 963 non
1026 910 1409 980 approbante.
1462 911 1787 967 catholicam

245 995 481 1063 appellare
531 999 738 1052 renuit.

301 1083 410 1138 lltcc
476 1096 661 1140 autem
738 1105 844 1144 non
914 1089 1175 1146 Romanae
1243 1093 1391 1147 urbis
1455 1093 1627 1159 gratia
1705 1093 1780 1148 illi

239 1178 440 1256 dignitas
486 1183 765 1252 contigit,
834 1183 926 1237 sed
991 1185 1117 1253 quia
1174 1199 1457 1239 successor
1492 1177 1642 1239 beati
1696 1185 1787 1240 Pe-

239 1269 291 1320 tri
342 1266 458 1321 fuit.
527 1270 664 1324 Eum
738 1287 868 1328 vero
926 1271 1183 1330 Dominus
1254 1290 1352 1345 pro
1401 1291 1459 1332 se
1533 1277 1812 1334 Ecclesiae

233 1357 464 1426 pmfccil,
522 1369 690 1434 atque
729 1375 950 1434 propter
1000 1365 1269 1435 eximiami
1300 1369 1640 1436 praelicientis
1671 1370 1786 1440 glo-

236 1445 668 1507 riam,successor
697 1449 833 1520 ejus,
871 1461 925 1508 et
946 1464 1006 1505 ea
1038 1467 1197 1522 quam
1237 1470 1330 1523 per
1382 1456 1786 1511 successionem

231 1537 368 1606 repit,
405 1536 678 1606 Ecclesia,
735 1541 1044 1614 ubicunque
1103 1555 1371 1601 terrarum
1434 1549 1518 1604 vel
1568 1548 1784 1604 urbium

230 1638 356 1698 esset
399 1629 689 1698 aedificata,
739 1632 883 1690 idem
923 1635 1166 1712 profecto
1213 1637 1418 1694 valeret
1439 1638 1492 1695 in
1533 1641 1785 1698 omnibus

229 1718 457 1775 Ecclesia:
487 1723 760 1793 negotiis;
785 1723 866 1780 sin
897 1741 1026 1782 vero
1047 1743 1189 1793 eam,
1210 1745 1315 1801 qua
1348 1730 1448 1784 sub
1480 1732 1618 1786 cmlo
1640 1733 1782 1802 nulla

228 1821 352 1865 esset
381 1812 578 1881 major,
604 1816 882 1871 civitatem
919 1823 1159 1889 oportuit
1183 1822 1454 1892 prmeipue
1495 1825 1561 1879 ad
1595 1824 1780 1882 sedem

228 1900 330 1970 eligi
353 1904 708 1972 magnitudini
741 1905 999 1963 Ecclesiae
1021 1909 1222 1966 Christi
1249 1923 1636 1984 congruentem
1663 1934 1677 1968 :
1724 1925 1781 1972 ut
1809 1899 1857 1959 Β

227 1992 342 2048 sicut
366 1994 722 2052 humanarum
757 1997 870 2054 illic
889 2015 1068 2056 rerum
1087 2003 1328 2058 omnium
1352 2005 1633 2074 imperium
1656 2006 1775 2075 fuit,

227 2085 285 2136 ita
313 2085 416 2139 illic
439 2088 608 2142 etiam
632 2099 793 2160 caput
822 2090 1076 2147 Ecclesia:
1095 2093 1322 2160 Christi,
1339 2097 1460 2151 fidei
1490 2112 1584 2170 per
1607 2109 1778 2154 totum

228 2176 391 2230 orbem
413 2178 600 2234 edicta
655 2183 1043 2252 promulgarct,
1076 2194 1235 2256 atque
1278 2188 1421 2242 unde
1465 2187 1781 2245 idololatria:

225 2277 470 2338 precepta
505 2282 888 2336 manaverant,
906 2273 1033 2328 inde
1062 2275 1418 2333 ecclesiastici
1445 2280 1778 2350 principatus

225 2357 406 2427 ubique
452 2370 721 2416 terrarum
793 2364 967 2418 edicta
1015 2367 1542 2426 innotesr-et'enttac
1571 2372 1809 2429 facilius.

226 2451 364 2504 unico
418 2455 522 2508 sub
578 2455 906 2524 principatu,
970 2459 1169 2528 ubique
1216 2462 1526 2527 praedicatio
1580 2463 1780 2520 dill‘uu-

225 2539 442 2609 dcrctur,
492 2546 693 2599 idcirco
749 2547 916 2601 ctiam
975 2547 1201 2602 Romam
1277 2552 1328 2604 in
1402 2560 1608 2608 tantum
1659 2569 1777 2611 cre-

225 2634 368 2700 visse,
416 2646 678 2705 quantum
727 2639 780 2692 in
838 2639 1088 2696 humanis
1130 2642 1292 2696 rebus
1329 2643 1434 2697 dici
1476 2647 1675 2714 potuit,
1714 2655 1776 2701 ut

226 2739 380 2779 rerum
447 2729 694 2800 dignitati
745 2744 896 2801 aequa
943 2740 1086 2786 esset
1143 2735 1458 2801 proportio,
1509 2748 1563 2790 et
1622 2739 1821 2792 undi”

224 2810 336 2885 que'
361 2821 647 2885 nobilitas,
697 2830 756 2876 et
811 2824 1210 2892 magnificentia
1277 2827 1397 2880 lidci
1449 2827 1777 2884 Christiana:

223 2908 586 2976 colligeretur:
625 2912 675 2966 id
719 2927 932 2982 quoque
964 2913 1083 2983 ejus
1117 2924 1220 2977 est,
1267 2918 1358 2987 qui
1403 2921 1673 2974 contraria
1704 2937 1771 2976 ex

224 3003 495 3060 contrariis
558 3005 782 3064 virtutis
839 3007 1211 3072 magnitudine
1262 3011 1502 3078 eonlicit,
1548 3027 1602 3067 et
1646 3014 1773 3068 fun-

227 3089 460 3148 datnenta
505 3097 640 3166 jacit
671 3135 688 3163 ,
739 3107 903 3167 atque
953 3098 1059 3167 his,
1104 3115 1222 3170 qua:
1275 3104 1547 3173 proposita
1597 3115 1722 3160 sunt
1755 3146 1770 3174 ,

171 3175 178 3179 ’
225 3186 405 3252 optime
450 3190 694 3260 quadrat.
1127 3197 1130 3200 ’
1568 3204 1579 3213 ’

286 3277 534 3337 Praedicta
601 3302 732 3343 vero
776 3289 941 3346 etiam
1005 3292 1170 3347 rebus
1223 3289 1572 3346 roborantur.
1635 3289 1842 3380 Namc

226 3381 388 3433 portas
429 3375 584 3445 inferi
605 3381 801 3436 sancti
845 3397 970 3439 esse
1007 3384 1290 3439 haereticos
1316 3384 1522 3450 dicunt,
1564 3393 1618 3438 et
1650 3399 1769 3438 ont-

227 3476 311 3517 ncs
343 3471 556 3522 omnino
606 3473 696 3540 qui
749 3473 824 3529 illi
891 3477 1288 3540 adversantur;
1330 3490 1466 3544 quos
1516 3475 1772 3530 Ecclesiae

229 3569 316 3608 non
346 3563 714 3626 pravalituras
748 3566 803 3619 in
860 3565 1002 3622 Petri
1042 3577 1191 3636 petra
1228 3567 1483 3632 funtlattc,
1525 3568 1772 3636 praedixit

227 3642 482 3708 Dominus.
539 3657 765 3713 Constat
805 3666 986 3714 autem
1063 3662 1209 3728 quod
1253 3660 1374 3714 aliis
1406 3661 1623 3730 quidem
1664 3661 1770 3714 Ec-

228 3739 410 3809 t-lesiis,
439 3761 572 3815 quas
603 3750 834 3818 apostoli
867 3751 1290 3815 tedificaverunt,
1327 3751 1382 3803 bi
1443 3751 1537 3821 qui
1593 3751 1770 3808 varias

228 3841 273 3882 et
296 3834 405 3890 aliis
435 3842 768 3908 temporibus
815 3842 953 3898 alias
992 3843 1242 3898 invexere
1269 3845 1523 3909 haereses,
1559 3859 1770 3912 prteva-

227 3919 435 3983 luerunt.
492 3929 602 3986 Etsi
679 3933 825 3989 enim
899 3949 1008 3988 non
1089 3950 1482 4006 usquequaque
1566 3936 1768 3990 malitia

226 4015 450 4087 obtinuit,
485 4027 538 4076 in
590 4033 850 4093 quantum
897 4033 1082 4080 tamen
1148 4028 1406 4094 obtinuit,
1467 4027 1764 4097 praevaluit.

230 4101 454 4165 Romanae
482 4124 666 4169 autem
698 4115 976 4183 Ecclesia’,
1017 4133 1177 4188 quam
1228 4118 1422 4173 Petrus
1471 4117 1766 4184 solidavit,

229 4198 386 4254 nullus
414 4205 632 4260 omnino
668 4221 903 4275 unquam
933 4209 1233 4274 praevaluit.
1267 4209 1452 4280 Neque
1485 4211 1627 4264 enim
1667 4212 1768 4265 hoc
1833 4249 1838 4256 ς

228 4293 473 4359 quaeritur,
525 4313 594 4350 an
630 4297 825 4367 aliquis
868 4301 916 4353 ei
948 4299 1245 4369 pra-fuerit,
1293 4303 1382 4371 qui
1434 4303 1765 4356 contrarium

226 4381 401 4450 aliquid
451 4387 729 4442 catholica:
779 4389 900 4443 fidei
951 4393 1419 4459 pronuntiaverit:
1457 4407 1764 4462 quanquam

228 4474 337 4524 etsi
370 4475 488 4542 quid
530 4478 845 4547 contigisset
893 4475 1184 4549 ejusmo'di,
1215 4483 1461 4550 protinus
1507 4481 1766 4538 Ecclesiae

229 4568 459 4620 sententia
514 4570 778 4636 deiectus,
825 4569 971 4625 Petti
1021 4574 1148 4626 sede
1189 4571 1350 4626 simul
1405 4582 1457 4626 et
1506 4573 1767 4642 dignitate

1864 650 2273 730 causabantur,
2312 665 2543 736 purgat:
2577 674 2700 714 cum
2727 661 3014 718 haereticus
3049 665 3284 736 Pyrrhus
3313 671 3449 727 Con-

1893 735 2436 814 5tantin0politanam
2497 759 2624 806 tunc
2686 753 2982 811 Ecclesium
3048 735 3274 826 regeret,
3304 771 3356 815 ct
3391 765 3452 816 ad

1863 836 2164 892 .ntunitnen
2215 841 2420 894 erroris
2455 843 2540 896 sui
2569 842 2864 902 Honorium
2920 851 3204 919 proferret.
3245 853 3307 908 Et
3331 870 3451 910 vere

1890 928 1992 983 iste
2037 933 2358 999 respondit:
2393 933 2684 990 [lunarium
2721 941 2966 1009 pietatem
3025 942 3218 1008 colere,
3262 947 3451 1016 siliqut

1888 1021 2007 1087 ipsi,
2043 1021 2097 1074 in
2144 1022 2226 1074 Itis
2259 1040 2376 1092 qua:
2407 1027 2562 1091 dixit,
2609 1028 2755 1083 illius
2811 1049 3019 1088 sentum
3067 1052 3350 1107 congruere
3381 1038 3452 1092 εἰσ

1889 1113 2097 1181 malque
2118 1115 2244 1184 ipsi,
2273 1116 2494 1173 etillius
2522 1121 2687 1175 verba
2717 1120 2926 1193 Pyrrho
2956 1127 3262 1196 proposuit,
3290 1142 3452 1197 quts-

1889 1204 2018 1258 dam
2055 1221 2314 1266 asserens
2361 1210 2508 1268 illius
2548 1229 2770 1270 sensum
2803 1217 3115 1286 ignorantes
3146 1217 3454 1275 sive‘ctiam

1888 1298 2306 1368 calumniantes,
2333 1303 2532 1362 falsam
2552 1305 2621 1361 de
2644 1306 2740 1362 illo
2778 1308 3168 1366 disseminasse
3193 1311 3416 1367 famam.

1959 1396 2154 1452 Veram
2193 1408 2382 1452 autem,
2420 1399 2590 1453 fuisse
2634 1402 3065 1468 excusationem,
3099 1405 3228 1458 hinc
3263 1405 3452 1474 liquet.

1886 1487 2088 1542 Praeter
2117 1489 2167 1543 id
2191 1489 2358 1551 enim,
2399 1491 2542 1560 quod
2575 1492 2755 1548 nullus
2810 1492 2972 1550 facile
3013 1497 3275 1562 crederet,
3322 1513 3451 1552 sau-

1885 1589 2033 1636 ctntn
2071 1580 2368 1636 Maximum
2424 1585 2640 1639 mentiri
2679 1587 2859 1655 posse,
2897 1588 3057 1658 idque
3107 1605 3230 1644 cum
3287 1591 3456 1661 pluri-

1885 1689 2032 1728 mum
2063 1676 2320 1744 temporis
2355 1667 2540 1732 Romae
2568 1686 2692 1734 tunc
2720 1679 2904 1747 fuerit,
2941 1695 3041 1751 pro
3065 1682 3452 1738 ecclesiasticis

1885 1769 2136 1838 negotiis,
2180 1778 2235 1823 et
2263 1783 2440 1838 neque
2487 1769 2649 1840 impie
2690 1770 2955 1827 sentiente
3005 1770 3263 1839 Honorio,
3307 1785 3453 1830 recte

1885 1862 2146 1917 sensisset
2174 1861 2413 1941 Ecclesia
2446 1879 2462 1929 ;
2495 1863 2588 1917 sed
2623 1863 2704 1916 vel
2737 1878 2860 1917 cum
2890 1865 2982 1919 illo
3017 1866 3129 1934 ipsa
3175 1866 3330 1929 falsa,
3367 1867 3452 1921 vel

1885 1968 2010 2009 cum
2059 1954 2176 2024 ipsa
2227 1955 2318 2009 ille
2375 1969 2499 2010 vera
2555 1957 2836 2020 sentiret,’
2869 1956 2922 2011 id
2962 1958 3205 2026 profecto
3264 1974 3450 2013 verum

1883 2060 2001 2100 esse
2041 2048 2310 2112 cernitur,
2363 2056 2416 2101 et
2449 2062 2514 2103 ex
2545 2048 2628 2102 his
2665 2064 2785 2118 quae
2817 2050 2972 2106 divus
3003 2048 3267 2105 Maximus
3299 2051 3450 2104 illum
3496 2105 3510 2120 ,

1880 2153 2144 2194 excusans
2204 2139 2357 2206 dixit,
2418 2155 2540 2194 cum
2592 2155 2696 2209 qua
2742 2149 2793 2194 et
2833 2141 2946 2210 ipse
2984 2157 3134 2196 stans
3187 2143 3451 2197 adversus

1881 2230 2145 2303 Pyrrhum
2197 2231 2958 2305 Constantinopol-itanamque
2992 2236 3296 2291 Ecclesium
3355 2251 3451 2304 pro

1861 2326 2080 2395 pietate
2121 2325 2418 2396 pugnabat.
2460 2325 2530 2380 Et
2564 2340 2632 2380 ex
2683 2341 2750 2379 eo
2777 2327 2959 2393 etiam,
3008 2328 3153 2396 quod
3211 2328 3284 2382 nil
3343 2329 3450 2382 tale

1879 2416 2251 2488 blasphemum
2272 2418 2338 2472 de
2357 2419 2443 2472 illa
2477 2433 2574 2488 per
2603 2418 2653 2473 id
2683 2420 2940 2490 temporis
2962 2421 3180 2475 historia
3209 2420 3382 2476 tradid
3407 2431 3448 2479 I.

1951 2509 2066 2564 Non
2099 2523 2232 2580 ergo
2276 2509 2404 2564 illud
2440 2510 2751 2580 inquiritur,
2789 2526 2858 2565 an
2911 2514 3107 2583 aliquis
3147 2515 3274 2582 ipsis
3307 2531 3448 2584 prte-

1881 2599 2054 2655 fectus
2102 2607 2288 2655 co‘ntra
2351 2603 2671 2658 catholicam
2725 2604 2885 2658 fidem
2949 2622 3184 2676 unquam
3243 2606 3445 2677 aliquid

1879 2695 2213 2764 protulerit;
2249 2697 2446 2764 quippe
2499 2697 2543 2751 si
2580 2698 2700 2765 quis
2763 2699 2887 2754 talis
2947 2710 3110 2766 esset,
3172 2699 3448 2756 Romanus

1876 2789 2161 2858 cpiscopus
2194 2803 2298 2843 non
2329 2799 2501 2856 esset;
2560 2789 2862 2858 hujussnoli
2895 2793 3036 2846 enim
3079 2807 3290 2861 semper
3318 2809 3446 2848 vera

1876 2884 2132 2954 prosequi
2177 2885 2416 2951 fneccsse
2469 2894 2574 2950 est,
2627 2885 2920 2955 sedemque
2971 2886 3112 2940 illam
3168 2902 3443 2956 nunquam

1877 2983 2028 3045 patre
2075 2975 2296 3044 privari,
2351 2976 2442 3045 qui
2477 2975 2606 3031 inde
2654 2975 2722 3032 de
2777 2978 3121 3046 dogmatibus
3166 2992 3290 3033 vera
3351 2979 3447 3033 tle-

1876 3078 2083 3133 ccrnat,
2127 3069 2374 3137 quamvis
2423 3067 2490 3123 tie
2519 3070 2598 3123 sic
2640 3068 2858 3139 quidem
2915 3069 3017 3124 tale
3072 3070 3271 3140 aliquid
3318 3087 3448 3126 con-

1876 3159 2016 3226 tigit.
2050 3159 2155 3214 Sctl
2183 3175 2250 3214 an
2290 3159 2492 3230 aliquid
2541 3175 2777 3230 unquam
2807 3162 2874 3216 ab
2909 3161 3148 3217 Ecclesia
3205 3163 3444 3217 Rotnana

1879 3251 1983 3306 tale
2020 3251 2295 3322 prolatum
2339 3253 2408 3306 sit
2439 3293 2452 3316 ,
2512 3254 2564 3308 et
2615 3254 2699 3309 vel
2753 3255 2820 3308 ad
2873 3255 3144 3310 modicum
3198 3257 3248 3310 ei
3309 3270 3445 3325 prte-

1875 3343 2124 3410 valuerit,
2159 3345 2303 3413 quod
2364 3359 2503 3399 nunc
2549 3327 2882 3402 anathemati
2923 3348 3286 3400 remntuniter
3316 3350 3444 3400 sub-

1868 3437 2067 3507 jectutn
2118 3436 2210 3500 sit,
2267 3436 2408 3491 sicut
2462 3450 2602 3506 sa-pe
2636 3435 2689 3491 in
2734 3437 2857 3492 aliis
2911 3437 3173 3493 Ecclesiis
3231 3439 3442 3494 centiu-

1870 3530 1964 3597 git,
1994 3528 2273 3599 quaeritur.
2304 3528 2418 3585 Hoc
2445 3539 2624 3585 autem
2677 3544 2835 3586 nemo
2882 3529 2991 3585 nlla
3048 3531 3258 3586 ratione
3291 3547 3442 3586 mon-

1871 3634 2043 3677 strare
2068 3631 2266 3694 potest.

1923 3736 2000 3806 _S‘t
2053 3737 2216 3806 igitur
2261 3735 2381 3792 aliis
2445 3735 2662 3807 quidem
2736 3735 2993 3793 Ecclesiis
3044 3747 3212 3807 porta:
3281 3737 3438 3793 inferi

1871 3831 2266 3900 pt'wvaluet'unl
2297 3831 2413 3885 sive
2464 3845 2673 3900 parum,
2716 3831 2830 3888 sive
2870 3831 3123 3902 amplius,
3169 3830 3301 3885 nihil
3354 3846 3439 3886 rc-

1868 3925 1996 3978 fcrt.
2044 3923 2108 3976 Et
2135 3932 2281 3979 certe
2309 3938 2432 3979 cum
2471 3924 2827 3995 quarumdam
2859 3927 3070 3980 ruinam
3117 3926 3253 3980 ultra
3283 3927 3442 3992 quit;-

1868 4015 2128 4084 quaginta
2177 4031 2347 4069 annos
2387 4016 2617 4070 durasse
2667 4015 2878 4070 ostendi
2922 4006 3113 4084 possit,
3159 4016 3211 4070 id
3261 4017 3434 4070 solum

1867 4103 2084 4172 suilicil,
2123 4106 2333 4159 illarum
2361 4107 2654 4160 sententias
2682 4106 2749 4160 ab
2782 4109 2925 4161 omni
2956 4107 3191 4162 Ecclesia
3214 4107 3436 4160 anatlte-
3493 4097 3511 4117 ⁸

1870 4198 1999 4250 tnati
2042 4199 2268 4252 traditas
2299 4197 2464 4254 fuisse
2494 4221 2507 4253 ;
2543 4207 2726 4252 contra
2773 4214 2908 4269 quas
2934 4203 3230 4254 sententias
3273 4201 3434 4251 etiam

1870 4297 2168 4357 martyrum
2203 4286 2357 4342 fusus
2384 4297 2466 4342 est
2511 4287 2752 4358 sanguis.
2794 4287 3050 4341 Romanae
3100 4303 3227 4341 vero
3256 4287 3440 4348 Eccle-

1871 4380 1964 4434 sia:
1996 4378 2129 4434 nihil
2182 4395 2417 4452 unquam
2479 4380 2583 4433 tale
2625 4379 2902 4449 praevaluit
2930 4387 3212 4443 ;-constat,
3247 4377 3442 4431 Salva-

1871 4472 2002 4526 toris
2051 4474 2374 4527 sententiam
2417 4473 2470 4526 in
2527 4474 2640 4542 ipsa
2699 4483 2904 4527 tantum
2943 4487 3139 4525 vet-am.
3185 4486 3328 4534 esse,
3383 4479 3437 4522 ct

1869 4564 2010 4618 hanc
2070 4562 2368 4618 Ecclesiam
2425 4579 2577 4628 esse,
2632 4567 2695 4618 de
2753 4580 2856 4633 qua
2921 4563 3177 4617 Dominus
3235 4562 3430 4615 dixit:

227 4655 505 4712 excidisset.
539 4658 726 4728 Neque
778 4661 922 4714 enim
960 4662 1096 4715 ultra
1145 4673 1289 4717 esset
1334 4665 1606 4720 llomanus
1649 4667 1757 4734 epi-

1879 4657 2165 4725 dt‘tliﬁcabo
2193 4656 2482 4710 Ecclesium
2519 4674 2706 4719 meum,
2752 4665 2808 4711 et
2840 4670 3000 4724 quam
3045 4655 3180 4707 alias
3225 4669 3440 4708 conver-

223 4757 413 4815 tcopns,
461 4766 630 4820 neque
683 4751 886 4807 Christi
930 4753 1186 4824 Pctrique
1241 4756 1498 4823 vicarius,
1523 4758 1764 4828 aliusque

224 4833 393 4904 dignus
423 4844 728 4911 apostolica:
780 4845 894 4900 sedi
926 4846 1254 4918 subrogatus
1281 4858 1447 4915 esset,
1479 4848 1764 4907 Ecclesia:-

224 4943 314 4996 que
336 4938 498 4988 status
547 4936 690 4990 idem
723 4949 1146 5006 perseverasset,
1197 4943 1409 4996 nemine
1448 4942 1522 4996 illi
1555 4957 1762 5013 praeva-

224 5021 388 5077 lente:
427 5041 598 5095 neque
638 5030 722 5083 vel
752 5045 940 5100 parum
974 5040 1128 5101 patre
1160 5032 1358 5095 illa,ch
1392 5043 1607 5108 pastore
1669 5035 1762 5089 tle-

223 5114 383 5168 stituta
408 5119 609 5190 (esset.)
634 5120 702 5176 Ut
735 5123 856 5175 inde
875 5139 1089 5192 quoque
1113 5140 1237 5180 vera
1269 5125 1476 5181 Domini
1494 5127 1760 5182 sententia

227 5209 490 5271 probetur:
529 5211 639 5283 Ego
701 5213 964 5273 uobiscum
999 5233 1139 5283 sum,
1193 5218 1462 5294 inquiens,
1519 5219 1757 5274 omnibus

223 5295 394 5366 diebus,
408 5318 560 5372 usque
576 5305 645 5358 ad
664 5309 1158 5362 consummationem
1173 5289 1379 5373 s't'cculi,
1397 5324 1517 5364 cum
1537 5325 1758 5366 necesse

222 5388 300 5452 είιν
333 5406 391 5446 ne
416 5410 553 5450 nunc
580 5398 796 5466 quidem
845 5398 1145 5454 infidelium
1177 5402 1484 5470 praedictam
1533 5411 1755 5455 senten-

225 5479 329 5536 tiam
357 5489 626 5556 excedere,
650 5502 706 5544 ut
733 5501 785 5547 et
819 5492 920 5546 alia
953 5491 1112 5547 simul
1137 5508 1260 5546 vera
1296 5508 1414 5548 esse
1440 5493 1750 5560 credantur,

222 5584 266 5623 ct
286 5588 490 5634 consona
532 5598 629 5652 per
661 5585 843 5638 Omnia
889 5585 990 5640 sibi
1031 5587 1258 5640 invicem
1323 5595 1375 5641 et
1426 5586 1754 5642 cohaerentia

224 5678 492 5737 appareant.
520 5675 729 5746 Nempe
758 5679 901 5733 enim
933 5689 987 5734 et
1015 5679 1203 5755 beatus
1239 5679 1525 5749 Maximus,
1554 5681 1606 5734 in
1641 5680 1751 5734 dis-

223 5762 543 5824 putationibus
593 5768 858 5828 adversus
908 5768 1198 5844 Pyrrhum,
1237 5770 1552 5842 Honorium,
1586 5786 1747 5844 quem

273 5877 309 5906 “
342 5877 484 5938 Joan.
539 5898 631 5948 xv,
685 5881 740 5937 5.

1867 4768 1982 4807 sum
2020 4750 2235 4804 Petrum
2260 4750 2584 4804 confirmare
2617 4751 2890 4818 prtcccpit.
2923 4749 3088 4804 Alias‘
3107 4764 3232 4803 vero
3271 4764 3436 4817 super

1868 4846 2007 4898 ltanc
2061 4829 2312 4895 fundatas
2357 4855 2505 4903 'cssc,
2546 4851 2600 4895 et
2657 4841 2957 4896 consistere
3011 4841 3431 4902 confessionem,

1864 4943 2248 5005 etsequcntes
2288 4933 2528 5003 quidem,
2551 4941 2608 4984 ιιι
2657 4941 2839 5000 partes
2890 4941 2944 4986 et
2983 4932 3225 4985 tncmbra
3283 4930 3433 4982 salu—

1864 5025 2116 5081 britatem
2175 5026 2335 5077 simul
2400 5023 2824 5093 haberelatque
2875 5023 3062 5090 robur,
3111 5023 3328 5092 quando
3379 5031 3432 5073 et

1864 5117 2129 5189 plurimas
2193 5131 2351 5170 unam
2426 5116 2740 5171 existimare
2816 5117 3104 5182 convenit;
3158 5115 3434 5168 tle-viantes

1861 5220 2044 5266 autem
2078 5226 2108 5264 a
2145 5211 2324 5280 capite
2365 5221 2420 5266 et
2469 5225 2699 5281 corpore
2746 5209 2988 5278 prmeid‘i,
3018 5217 3071 5260 et
3101 5219 3274 5275 neque
3309 5203 3431 5256 aliis

1858 5318 1976 5358 esse
2005 5303 2117 5370 jam
2146 5302 2324 5358 utiles.
2735 5295 2737 5297 ’

1933 5395 2087 5450 Unde
2129 5405 2183 5449 et
2243 5395 2503 5451 Dominus
2576 5393 2789 5457 monuit
2837 5393 2894 5449 iu
2949 5393 3047 5446 vite
3099 5390 3425 5459 persistere,

1857 5491 2096 5558 seipsum
2148 5491 2298 5543 vitem
2330 5489 2518 5543 dicens
2543 5497 2597 5541 et
2625 5503 2720 5554 per
2773 5488 2926 5541 vitem
2956 5483 3250 5537 Ecclesium
3284 5480 3428 5533 desi-

1856 5597 2069 5651 gnans:
2109 5581 2350 5650 palmites
2389 5597 2516 5634 vero
2561 5580 2742 5634 fideles
2776 5578 3060 5632 nominans
3092 5575 3156 5639 “,
3191 5576 3279 5643 qui
3328 5589 3426 5641 per

1860 5676 2254 5732 confessionem
2291 5676 2434 5729 Illius
2479 5682 2534 5730 ct
2565 5674 2763 5728 bonam
2815 5671 3282 5725 conversationem
3315 5667 3428 5719 frn-

1857 5780 2004 5827 ctum
2036 5771 2254 5825 ferrent".
2289 5765 2493 5834 Quibus
2520 5764 2762 5837 profecto
2788 5763 3202 5850 verbissuntma
3238 5760 3424 5818 Eccle-
