3920 6552
448 434 557 499 247

1715 429 2118 491 MANUELIS
2155 430 2462 491 CALECE

3592 435 3690 501 258

447 557 542 610 sine
589 554 717 609 unio
764 553 1091 618 insinuatur,
1132 558 1188 604 ut
1237 549 1474 603 fructum
1507 545 1560 600 in
1592 544 1702 600 vite
1748 554 2029 599 manentes
2055 548 2102 607 Α
2129 545 2340 610 debeat,
2374 560 2512 616 quos
2551 544 2734 601 multis
2785 546 2959 603 modis
3004 548 3118 619 ipse
3172 563 3268 619 per
3315 564 3373 605 se
3419 550 3598 622 ipsum
3636 555 3694 609 de

450 647 649 711 ferant,
687 655 742 699 et
787 656 1048 713 nusquam
1109 642 1353 711 corporis
1408 638 1719 721 integritate
1774 638 2023 692 deviante

450 754 480 791 a
529 737 723 805 capite,
787 735 1029 789 membra
1085 734 1268 788 omnia
1325 731 1692 794 viviﬁccntnr,
1752 732 2023 799 virumque

444 830 733 899 perfectum
770 829 823 880 in
854 843 1151 881 mensuram
1184 826 1357 880 etatis
1399 825 1741 895 plenitudinis
1764 824 1814 856 ⁸⁸
1866 824 2024 879 Chri-

408 982 415 988 ,
446 921 517 975 sti
552 919 790 974 Ecclesia
844 926 1171 988 coaugeatur
1200 934 1215 969 :
1251 932 1358 970 non
1391 931 1421 970 c
1476 917 1774 976 contrario,
1804 917 1888 970 vel
1927 918 2015 969 ab-

446 1013 640 1074 scissa,
696 1022 908 1067 mortua
958 1010 1107 1076 ﬁant,
1166 1009 1251 1064 vel
1306 1025 1370 1065 ex
1424 1011 1533 1064 vite
1594 1009 1857 1080 proiecta,
1908 1008 2019 1079 igni

430 1104 879 1173 'iltéXSl'tngu'tbili
930 1103 1293 1158 consumenda
1346 1103 1685 1155 damnentur.

356 1220 365 1241 ι
424 1210 433 1215 '
519 1194 696 1264 Atque
754 1196 933 1248 uultus
983 1194 1201 1264 quidem
1261 1194 1530 1249 Ecclesias
1577 1194 1859 1248 Psalmisla
1903 1194 2020 1259 ait,

446 1286 744 1341 benedicta
774 1285 1055 1339 Dominum
1076 1286 1123 1319 "
1160 1298 1174 1351 ;
1207 1299 1310 1337 non
1342 1285 1486 1338 enim
1514 1284 1579 1337 de
1600 1284 1824 1353 singulis
1851 1284 2021 1353 magis

445 1390 612 1446 quam
671 1375 738 1430 de
790 1374 1047 1430 Ecclesiis
1105 1375 1414 1438 dicendum,
1470 1386 1589 1443 qum
1652 1388 1716 1427 ex
1770 1372 2018 1441 partibus

436 1465 690 1521 collectae
761 1474 930 1529 sunt;
984 1464 1244 1518 discissas
1290 1479 1438 1525 vero,
1504 1472 1560 1519 et
1616 1464 1671 1516 in
1738 1464 2020 1531 opiniones

442 1558 759 1612 contrarias
806 1557 1030 1621 divisas,
1084 1556 1199 1610 sive
1259 1556 1519 1610 adversus
1577 1554 1895 1619 Erclesiam,
1932 1555 2018 1609 cui

443 1662 607 1703 nemo
649 1648 951 1717 praevaluit,
1004 1648 1362 1709 reluctantes.
1397 1656 1456 1701 ut
1493 1648 1773 1717 prioribus
1818 1648 2022 1717 tempo-

444 1740 598 1795 ribus
659 1742 855 1808 sumius
910 1740 1180 1808 contigit,
1257 1740 1422 1793 scissa
1477 1739 1732 1795 Ecclesia:
1786 1740 2019 1795 mentbra

440 1845 675 1902 magnus
709 1830 943 1884 Basilius
993 1840 1170 1897 vocat,
1218 1830 1422 1887 Psalmi
1470 1830 1674 1885 dictum
1719 1846 2016 1900 exponens,

442 1924 719 1994 falsasque
759 1937 1060 1995 synagogas
1104 1937 1200 1977 eas
1268 1922 1528 1993 appellat,
1580 1936 1894 1993 quanquam
1964 1935 2018 1977 et
2051 1951 2094 2011 Β

365 2068 379 2083 ,
442 2017 839 2085 consequentia
892 2030 1103 2070 summa
1161 2030 1259 2083 per
1313 2016 1493 2070 omnia
1560 2016 1820 2073 Ecclesia:
1874 2016 2016 2071 Petri

440 2104 620 2158 adest.
666 2104 753 2159 Ait
790 2103 936 2158 enim
983 2104 1050 2158 ad
1100 2104 1250 2159 illum
1298 2104 1602 2161 Detnlnus:
1648 2103 1816 2160 Pasce
1855 2122 2017 2177 agnos

440 2212 600 2259 meos,
653 2212 806 2264 pasce
836 2212 954 2251 ones
1013 2213 1177 2251 meas.
1223 2194 1334 2251 Hoc
1380 2196 1622 2252 Ecclesia
1677 2197 1918 2254 Romana
1952 2200 2019 2253 ad

441 2292 680 2359 reliquas
711 2293 883 2348 facere
910 2292 1145 2363 perstitit
1176 2333 1192 2359 ,
1226 2292 1455 2362 aliisque
1484 2293 1537 2347 in
1571 2294 1859 2363 opiniones
1884 2309 2019 2351 con-

440 2382 641 2437 trarias
687 2392 742 2438 et
790 2382 1138 2448 solitudines,
1182 2394 1238 2439 ct
1292 2395 1581 2453 prxrupta,
1623 2394 1677 2439 et
1718 2386 2016 2455 pmcipitia

450 2476 853 2541 oberrantibus,
913 2477 1025 2547 ipsa
1102 2492 1197 2533 eas
1250 2476 1319 2531 ad
1393 2494 1559 2532 unum
1617 2488 1914 2547 pastorem,
1965 2487 2020 2532 et

440 2584 608 2623 unum
661 2569 802 2625 ovile
842 2569 1304 2626 reduxit:noxiis
1344 2570 1563 2640 quidem
1617 2569 2021 2638 mortiferisque

440 2663 779 2736 graminibus
824 2678 1043 2729 cruens,
1086 2663 1322 2717 salubria
1378 2678 1507 2717 vero
1576 2671 1633 2718 ct
1687 2663 1808 2717 laeta
1866 2663 2018 2729 inge-

440 2772 592 2820 rens,
626 2757 734 2810 imo
765 2763 819 2810 et
844 2756 1103 2811 adversus
1147 2756 1432 2811 saevientes
1474 2757 1650 2824 lupos,
1700 2771 2019 2812 mammona:

439 2849 676 2911 scilicet,
721 2863 784 2902 ac
833 2847 1088 2913 Caesaris,
1137 2863 1377 2920 ovesque
1414 2857 1633 2903 vastare
1686 2848 1970 2903 molientes
2000 2890 2016 2915 ,

438 2954 541 3009 pro
590 2939 832 3004 Christo,
881 2955 1086 3011 proque
1123 2941 1243 3010 ejus
1283 2938 1386 2995 fide
1434 2949 1560 2994 ante
1613 2954 1832 3009 gregem
1865 2948 2016 2994 stans

441 3033 700 3102 pugnavit
733 3050 747 3087 :
784 3043 944 3101 atque
974 3032 1120 3088 omni
1154 3034 1378 3088 omnino
1412 3032 1707 3101 inquirenti
1756 3033 2017 3088 rationem

440 3135 657 3189 semper
694 3119 930 3177 reddidit
985 3121 1055 3177 de
1098 3136 1160 3176 ca
1219 3137 1341 3192 quae
1385 3124 1435 3175 in
1482 3122 1633 3178 nobis
1674 3132 1758 3178 est
1802 3136 1934 3192 spe,
1964 3133 2021 3176 ιιι

439 3211 559 3278 ipse
628 3210 816 3266 beatus
871 3210 1066 3267 Petrus
1108 3212 1389 3267 admonuit
1426 3212 1492 3267 ⁸⁷.
1537 3212 1620 3274 Ει.
1670 3214 1810 3282 quod
1838 3214 2020 3268 Domi-

438 3316 547 3355 nus
608 3303 904 3358 sectmdum
968 3291 1244 3361 hominem
1307 3304 1483 3358 oravit
1531 3305 1970 3361 dicens:Simon
2001 3344 2017 3368 ,
2049 3308 2090 3363 C

438 3395 620 3464 rogavi
660 3411 755 3463 pro
809 3403 879 3460 te,
915 3404 973 3449 ut
1015 3410 1120 3449 non
1170 3394 1386 3461 deﬁciat
1429 3396 1559 3462 ﬁdes
1611 3408 1739 3461 tua;
1802 3408 1857 3451 et
1919 3398 2019 3451 hoc

439 3489 492 3540 in
544 3486 687 3543 Petri
740 3488 1157 3543 successoribus
1204 3496 1480 3544 servatum
1532 3499 1640 3555 est,
1697 3488 1851 3555 cujus
1890 3490 2020 3543 ﬁdes

437 3577 682 3647 in,ipsis
726 3595 1006 3649 nunquam
1048 3579 1269 3634 defecit.
1300 3580 1594 3649 Oportebat
1639 3580 1784 3634 enim
1815 3582 2020 3636 oratio-

438 3685 557 3725 nem
602 3670 748 3725 illam
805 3671 941 3740 ipsis
979 3672 1141 3727 rebus
1192 3686 1300 3725 non
1345 3687 1505 3743 posse
1545 3671 1801 3727 decidere
1837 3689 1851 3725 :
1907 3672 2019 3741 Ego

435 3761 597 3823 enim,
646 3760 846 3829 inquit,
899 3761 1164 3825 sciebam,
1217 3764 1341 3832 quia
1374 3777 1573 3828 semper
1619 3779 1698 3816 me
1742 3764 1895 3816 nudis
1922 3762 1968 3795 ⁸⁸
2003 3802 2018 3827 ,

437 3862 493 3906 et
536 3852 750 3922 aliquos
783 3867 998 3922 semper
1051 3853 1104 3906 in
1156 3862 1298 3908 terra
1366 3854 1417 3908 in
1447 3854 1588 3907 illius
1638 3854 1867 3908 veritate
1901 3869 2019 3908 ser-

436 3946 580 4010 Vari,
643 3959 741 4013 pro
792 3943 987 4013 quibus
1056 3946 1234 3999 oratio
1290 3944 1377 3997 illa
1419 3943 1579 3999 fusa:
1616 3944 1772 3998 Serra
1836 3961 1921 3997 eos
1968 3948 2021 3998 in

437 4038 681 4103 ueritate,
735 4030 899 4091 Pater
943 4046 1142 4101 sancte,
1182 4047 1238 4091 ut
1268 4038 1373 4091 sint
1414 4053 1596 4100 unum,
1645 4046 1697 4091 et
1742 4052 1862 4104 qua:
1915 4038 2023 4091 illic

438 4128 620 4183 addita
680 4137 813 4183 sunt
843 4128 934 4194 ³⁹ς
997 4128 1281 4198 undique,
1346 4134 1401 4182 et
1454 4128 1637 4201 ventis
1711 4128 1830 4181 aliis
1888 4128 2021 4181 alias

438 4230 632 4275 contra
665 4217 966 4274 Salvatoris
998 4217 1289 4273 mdiﬁcium
1329 4233 1388 4273 se
1418 4206 1773 4289 erigentibus,
1816 4218 2022 4272 electos

437 4312 559 4368 illos
600 4311 859 4367 infractos
889 4312 1156 4380 praecipue
1196 4312 1247 4366 in
1281 4322 1430 4381 petra
1461 4320 1609 4366 stare
1639 4328 1654 4375 ;
1687 4319 1740 4364 et
1763 4311 1852 4378 qui
1885 4309 2024 4363 alios

437 4406 712 4459 servaturi
768 4413 959 4468 erant,
1024 4410 1342 4472 tempestate
1406 4403 1673 4471 nudisque
1732 4398 1963 4471 iactatos
2005 4441 2023 4467 ,

437 4498 799 4567 inﬁrmusque
855 4496 1136 4561 curaturi,
1195 4495 1339 4564 ipsos
1394 4494 1510 4549 illos
1554 4493 1865 4565 primumin
1911 4503 2023 4548 tuta

441 4589 722 4659 crepidine
772 4588 1016 4654 solidari,
1052 4600 1374 4658 semperque
1404 4601 1565 4642 ranos
1630 4594 1685 4642 et
1741 4583 2025 4640 inviolatos

437 4694 581 4737 esse.
1090 4670 1097 4677 ’

524 4773 679 4837 Quod
734 4773 785 4826 in
819 4772 1003 4839 Petro,
1056 4772 1281 4841 ejusque
1326 4770 1754 4833 successoribus,
1803 4771 2026 4840 ejusque

438 4864 666 4917 omnino
722 4862 967 4917 Ecclesia
1014 4864 1313 4919 concurrit.
1377 4861 1509 4914 Nam
1591 4856 1714 4915 cum
1771 4862 2025 4928 apostoli-

437 4969 628 5010 corum
677 4968 1057 5010 successorum
1120 4967 1277 5008 nemo
1320 4951 1504 5017 fuerit,
1575 4968 1734 5022 quem
1790 4951 2018 5008 Satanas

440 5058 550 5098 non
604 5043 863 5099 cribrarit
908 5055 967 5097 nt
1019 5041 1281 5108 triticum,
1323 5043 1534 5098 zizania
1584 5058 1680 5098 sua
1716 5042 2013 5097 ’subsemi-

438 5150 605 5199 nans,
655 5133 852 5189 Petrus
896 5149 1172 5203 nunquam
1221 5135 1272 5187 in
1304 5133 1419 5190 suis
1474 5134 1878 5189 successoribus
1923 5135 2020 5188 de-

441 5228 568 5293 fuit,
618 5231 710 5291 sed
747 5230 913 5284 etiam
966 5244 1065 5298 per
1114 5230 1235 5295 bos,
1272 5230 1582 5285 deﬁcientes
1613 5244 1829 5300 quoque
1869 5226 2024 5293 alios,

443 5318 598 5388 juxta
656 5320 895 5375 edictum
943 5319 1312 5372 conﬁrmavit.

518 5412 705 5483 Neque
736 5413 881 5467 cnim
913 5411 1090 5467 solum
1142 5412 1207 5467 de
1261 5412 1665 5468 resurrectione
1698 5410 2022 5473 Salvatoris,

440 5506 485 5563 si
526 5507 647 5574 quis
680 5506 744 5557 ad
777 5506 877 5558 hoc
925 5502 978 5557 id
1010 5507 1233 5560 verbum
1291 5506 1513 5571 trahat,
1564 5505 1768 5560 dictum
1830 5516 2021 5575 putare

446 5599 730 5667 debemus,
758 5596 900 5668 quod
932 5595 1124 5653 Petrus
1150 5613 1445 5653 conversus
1469 5597 1663 5654 fratres
1695 5597 2023 5652 conﬁrmare

2125 634 2217 689 illa
2247 636 2524 690 roboravit
2558 652 2575 688 :
2611 638 2705 691 sed
2733 638 2897 693 etiam
2928 641 2993 694 de
3022 640 3185 695 Petro
3228 652 3327 711 per
3355 655 3696 712 successores

2124 744 2254 786 suos
2285 729 2517 786 aliorum
2551 734 2853 802 corrigente
2885 734 3278 790 infirmitatem.

2199 823 2381 893 Neque
2413 825 2602 896 magis,
2642 841 2709 881 ne
2753 842 2849 898 per
2875 827 3219 898 negationem
3252 828 3400 885 Petri
3444 830 3696 888 deficeret

2124 914 2275 982 ﬁdes,
2298 918 2598 973 orationem
2624 918 2765 973 illam
2783 919 2954 975 fusam
2975 936 3097 977 esse
3121 921 3412 992 putandum
3436 930 3540 986 est,
3561 924 3695 992 quod

2122 1022 2176 1067 et
2201 1013 2373 1079 ipsum
2401 1026 2581 1067 verum
2612 1024 2713 1078 est,
2738 1030 2919 1081 quam,
2945 1031 3012 1070 ne
3033 1032 3267 1088 unquam
3296 1016 3551 1071 Ecclesiae
3576 1032 3699 1070 con-

2125 1101 2311 1167 fessio,
2348 1118 2465 1171 qnac
2495 1103 2596 1158 sibi
2637 1104 2850 1159 caelitus
2893 1107 3125 1161 revelata
3159 1116 3240 1163 est
3275 1145 3290 1170 ,
3343 1108 3399 1160 in
3434 1108 3547 1161 suis
3580 1122 3711 1180 διιο-δ

2124 1193 2437 1250 cessoribus
2494 1194 2905 1265 inﬁrmaretnr,
2956 1213 3134 1267 neque
3190 1201 3426 1269 unquam
3480 1189 3711 1269 nutarth

2126 1275 2563 1345 fundamentum.
2597 1288 2910 1345 Orationem
2946 1291 3090 1346 enim
3132 1292 3302 1355 illam,
3348 1292 3399 1344 in
3448 1305 3511 1344 eo
3559 1266 3712 1360 quod?

2125 1394 2396 1451 nunquam
2449 1380 2593 1436 Petri
2655 1381 2933 1438 defectura
2986 1394 3131 1439 esset
3177 1384 3345 1447 ﬁdes,
3398 1385 3464 1439 ad
3510 1377 3712 1439 omnes

2124 1488 2339 1545 quoque
2368 1474 2512 1531 illius
2542 1492 2895 1532 successores
2917 1476 3155 1533 efﬁcacia
3181 1479 3397 1534 virtutis
3420 1495 3479 1534 se
3507 1470 3711 1545 esten-ﬁ

2122 1563 2267 1619 disse
2301 1567 2743 1623 constantissime
2762 1568 3055 1638 putandum
3080 1578 3200 1643 est:
3226 1586 3383 1641 quem
3416 1542 3712 1633 Dominus,1

2123 1669 2182 1714 ut
2211 1659 2400 1726 voluit,
2430 1659 2552 1715 aliis
2584 1662 2902 1730 prmferens,
2931 1676 3026 1729 per
3056 1662 3227 1732 ipsum
3258 1662 3558 1725 roboravit,
3584 1677 3697 1716 cre-

2121 1750 2357 1820 pidinem
2388 1766 2499 1809 sua:
2526 1750 2783 1807 Ecclesiae
2814 1750 3131 1821 subjiciens,
3165 1765 3514 1821 praesensque
3550 1750 3686 1806 invi-

2123 1838 2354 1894 sibiliter
2406 1841 2457 1894 in
2508 1841 2740 1895 veritate
2783 1855 3000 1910 semper
3053 1842 3438 1907 conservavit,
3490 1843 3601 1895 imo
3646 1849 3696 1895 ct

2122 1945 2291 2001 usque
2317 1930 2369 1985 in
2402 1930 2560 1986 finem
2590 1931 2788 2002 iuvans
2817 1932 3187 1987 conservabit.
3216 1931 3386 1987 Filius
3428 1933 3574 1987 enim
3607 1932 3699 1987 ho-

2123 2020 2283 2075 minis
2337 2020 2390 2075 in
2441 2030 2641 2077 terram
2694 2025 2940 2085 veniens,
2994 2024 3233 2079 inveniet
3296 2023 3477 2077 ﬁdem.
3530 2022 3697 2077 Aliter

2121 2112 2318 2184 quippe
2351 2114 2528 2169 inanis
2559 2124 2706 2171 esset
2739 2114 3005 2183 Ecclesia,
3036 2131 3195 2186 quam
3234 2116 3287 2169 in
3342 2127 3495 2170 terra,
3517 2114 3695 2168 Domi-

2122 2221 2222 2261 nus
2256 2207 2464 2271 statuit,
2493 2208 2595 2264 nisi
2638 2221 2808 2277 usque
2857 2208 2922 2263 ad
2962 2206 3486 2263 consummationem
3522 2207 3697 2262 szeculi

2121 2300 2385 2353 servanda
2411 2312 2475 2353 ex
2502 2300 2755 2355 omnibus
2782 2307 2947 2366 esset,
2977 2299 3043 2354 de
3072 2314 3199 2369 qua,
3222 2307 3282 2353 ut
3304 2297 3696 2362 conservanda,

2121 2391 2370 2461 prmdixit
2407 2408 2422 2445 :
2453 2389 2608 2459 Ecce,
2642 2411 2736 2463 ego
2767 2394 3028 2448 vobiscum
3059 2409 3201 2457 sum,
3229 2393 3470 2447 omnibus
3493 2391 3693 2459 diebus,

2122 2497 2285 2552 usque
2318 2484 2389 2537 ad
2418 2486 2921 2539 consummationem
2952 2484 3135 2538 swcufi
3156 2485 3225 2538 θ’.
3251 2483 3421 2551 Quam
3454 2484 3697 2554 profecto
3720 2492 3741 2505 ‘

2123 2574 2245 2629 ideo
2279 2578 2492 2632 catteris
2523 2592 2754 2647 pratesse
2791 2578 2997 2642 voluit,
3028 2586 3089 2632 ut
3117 2577 3260 2642 aliis,
3291 2578 3455 2633 veluti
3485 2578 3553 2632 de
3583 2592 3699 2646 spe-

2122 2667 2265 2732 Cuia,
2297 2668 2419 2736 jura
2449 2667 2679 2723 dictaret
2709 2685 2722 2721 :
2754 2684 2817 2723 ac
2846 2670 2913 2723 de
2966 2670 3122 2739 longe
3152 2683 3343 2724 omnes
3375 2670 3429 2723 in
3466 2684 3587 2723 eam
3620 2669 3701 2721 in-

2122 2768 2358 2826 tuentes,
2393 2760 2597 2829 absque
2628 2761 2985 2829 ambiguitate
3018 2761 3159 2815 illitts
3191 2762 3408 2815 decreta
3454 2761 3701 2828 suscipe-

2123 2861 2242 2904 rent
2274 2864 2289 2902 :
2319 2865 2567 2920 quzcnam
2600 2852 2670 2906 sit
2699 2850 2937 2906 Ecclesia
2972 2852 3260 2907 manifeste
3289 2853 3548 2915 scientes,
3577 2866 3697 2919 per-

2122 2959 2460 3011 suasttmque
2504 2943 2767 3002 habentes
2803 2960 2922 3020 eam
2971 2960 3187 3017 semper
3218 2960 3342 3002 vera
3385 2944 3699 3002 necessario

2121 3032 2407 3106 prosequi.

2190 3175 2395 3243 Nempe
2424 3173 2591 3238 enim,
2626 3181 2683 3227 ut
2733 3174 2955 3231 dictum.
2985 3183 3089 3238 est,
3116 3173 3239 3226 aliis
3295 3172 3551 3227 Ecclesiis
3610 3185 3698 3226 ca-

2126 3268 2340 3322 tholicae
2369 3267 2492 3321 fidei
2526 3266 2801 3321 contraria
2837 3280 2979 3335 sarpe
3010 3258 3445 3335 praeferentibus,
3474 3268 3615 3318 adeo
3645 3273 3699 3317 ut

2124 3377 2253 3417 vera
2280 3361 2600 3424 sentientes,
2636 3362 2943 3417 maledictis
2980 3361 3267 3432 pomisque
3301 3360 3640 3429 subiicerent
3682 3374 3696 3411 :

2119 3466 2175 3508 et
2200 3453 2468 3508 mendacii
2505 3454 2743 3517 litteras,
2774 3465 2966 3508 contra
2990 3454 3295 3519 veritatem,
3323 3454 3459 3507 alios
3481 3454 3699 3521 quidem

2120 3543 2390 3607 conﬁteri,
2418 3544 2556 3599 alios
2615 3559 2744 3598 vero
2782 3545 2949 3609 etiam
3000 3545 3244 3598 scribere
3291 3544 3700 3612 compellerent.

2121 3637 2266 3691 Petri
2298 3651 2430 3691 vero
2461 3636 2703 3691 Ecclesia
2734 3672 2748 3699 ,
2784 3616 3026 3689 Romana
3062 3636 3294 3699 scilicet,
3337 3648 3617 3704 nunquam
3651 3635 3701 3687 in

2124 3724 2343 3794 aliquod
2377 3724 2685 3793 hujusmodi
2719 3725 2985 3779 lubricum
3016 3725 3303 3793 prolapsa;
3340 3725 3390 3777 itt
3438 3724 3546 3777 illis
3580 3723 3703 3792 qni-

2124 3814 2247 3869 dem
2277 3813 2579 3869 Salvatoris
2603 3814 2874 3869 sententia
2898 3814 3119 3882 impleta
3150 3830 3255 3869 non
3280 3828 3394 3869 est:
3425 3814 3705 3868 Vobiscum

2123 3926 2263 3974 sum,
2297 3909 2550 3971 dicentis,
2587 3906 2825 3961 omnibus
2851 3907 3053 3970 diebus,
3084 3922 3248 3975 usque
3269 3907 3339 3958 ad
3368 3922 3705 3960 consumma-

2122 4002 2315 4055 tionem
2348 4001 2550 4056 saeculi.
2576 3999 2743 4067 impie
2766 3999 2910 4053 enim
2933 3998 3293 4053 sentientibus
3316 4013 3594 4075 nunquam
3618 3998 3703 4050 ille

2124 4095 2311 4159 adest;
2347 4092 2804 4162 quemadmodum
2846 4107 2968 4145 cum
3013 4091 3128 4144 suis
3152 4100 3237 4145 est
3264 4091 3464 4159 jugiter
3505 4089 3565 4141 in
3604 4090 3702 4150 eis,

2125 4189 2320 4255 hisque
2346 4186 2493 4239 velut
2520 4185 2898 4240 instrumentis
2924 4196 3106 4250 utens,
3132 4194 3189 4239 et
3215 4184 3368 4253 quasi
3406 4183 3702 4250 inspirans,

2125 4292 2189 4333 ac
2224 4293 2319 4346 per
2350 4276 2634 4332 veritatem
2677 4275 2801 4331 fidei
2834 4292 2863 4330 a
2889 4276 3006 4331 suis
3037 4275 3413 4337 sacramentis,
3452 4284 3505 4327 et
3526 4273 3704 4342 spiri-

2127 4371 2220 4425 tali
2268 4371 2378 4425 vita
2426 4369 2814 4424 ad‘cmlestem
2848 4368 3079 4439 patriam
3117 4367 3476 4432 transferens,
3528 4375 3593 4418 ut
3622 4365 3707 4417 υἱιί

2127 4463 2243 4533 ipso
2279 4471 2363 4517 est
2395 4470 2449 4517 et
2479 4462 2579 4531 ipsi
2612 4461 2742 4515 sint.

2198 4574 2253 4628 In
2288 4575 2389 4630 hac
2419 4590 2570 4639 vero,
2602 4572 2855 4643 quoniam
2899 4555 3181 4642 'nunquam
3218 4586 3248 4626 a
3280 4572 3511 4626 veritate
3542 4571 3706 4626 aber-

2055 4642 2098 4699 D
2132 4669 2292 4730 ravlt,
2322 4667 2592 4720 sententia
2642 4665 2743 4720 ista
2779 4675 2833 4719 et
2874 4665 3165 4733 promissio
3232 4666 3467 4717 maxime
3500 4678 3709 4718 convc-

2130 4756 2236 4823 nit,
2266 4768 2323 4811 ut
2356 4758 2481 4811 hinc
2509 4756 2673 4810 etiam
2708 4756 3054 4826 perspicuum
3087 4757 3177 4819 sit,
3210 4746 3350 4810 hanc
3377 4769 3504 4811 esse
3532 4754 3715 4808 Eccle-

2129 4851 2289 4915 siam,
2328 4864 2489 4920 quant
2526 4850 2578 4903 in
2615 4847 2778 4905 Petro
2817 4849 3209 4904 aediﬁcaturum
3242 4848 3503 4904 Dominus
3533 4863 3595 4903 se
3626 4863 3711 4901 re-

2131 4943 2410 5012 promisit.

2191 5054 2469 5108 Prrcterea
2498 5054 2647 5123 quod-
2673 5055 2740 5107 ab
2773 5067 2838 5107 eo
2867 5053 3067 5107 dictum
3099 5063 3202 5120 est,
3244 5051 3386 5123 quod
3420 5052 3566 5107 inter
3601 5051 3713 5106 fra-

2122 5155 2236 5201 tres
2300 5145 2601 5201 differentia
2663 5148 2841 5217 aliqtta
2902 5154 3129 5211 evortat,
3189 5147 3420 5214 primum
3476 5145 3700 5215 quidem

2126 5236 2306 5302 ipsum
2347 5234 2437 5301 qui
2472 5234 2758 5299 lzcsusosit,
2790 5233 2853 5287 ad
2896 5248 3020 5288 cum
3054 5234 3143 5303 qui
3196 5248 3255 5287 se
3291 5234 3514 5294 lmscrit,
3550 5246 3711 5287 acce-

2128 5327 2258 5379 dere
2290 5331 2343 5378 et
2367 5340 2581 5393 regare,
2614 5341 2732 5391 quo:
2763 5324 2829 5378 ad
2861 5339 3047 5392 pacem
3082 5334 3231 5391 sunt,
3256 5324 3486 5388 debere;
3512 5324 3713 5378 deinde

2128 5417 2173 5471 si
2217 5417 2367 5471 illum
2412 5417 2768 5475 reconciliare
2819 5433 2925 5471 non
2977 5418 3173 5488 possit,
3207 5426 3261 5472 et
3320 5418 3481 5471 alimn
3518 5432 3709 5471 secum

2128 5522 2443 5572 assumere;
2482 5508 2566 5560 sin
2621 5519 2799 5561 autem
2832 5524 2931 5563 nec
2957 5509 3036 5562 sic
3064 5510 3281 5578 quidem
3328 5508 3717 5563 recencilinrc-

2128 5606 2236 5662 tur,
2292 5596 2546 5651 Ecclesia:
2581 5598 2797 5653 tandem
2848 5600 3136 5666 nuntiare;
3182 5602 3291 5666 cui,
3330 5599 3435 5653 nisi
3472 5597 3717 5663 obcdiat,

514 5799 562 5832 ⁸⁸
594 5798 788 5868 Ephcs.
818 5813 891 5863 tv,
925 5799 1010 5855 15.
1088 5798 1131 5829 ⁸⁵
1170 5798 1312 5852 Psal.
1358 5812 1528 5868 uvrt,
1582 5796 1628 5849 i.
1661 5796 1728 5850 In
1764 5794 2009 5850 Ecclesiis
2058 5797 2343 5868 benedicite
2391 5794 2497 5850 Deo
2530 5794 2756 5868 Domino
2783 5797 2846 5851 de
2884 5800 3113 5867 [antibus
3149 5800 3341 5856 Israel.
3421 5803 3463 5834 ⁸⁷
3504 5803 3525 5857 1
3568 5802 3715 5858 Pett'.

448 5871 578 5937 ttt,l
617 5864 799 5961 seqq./
847 5870 1071 5926 “Joatt.
1108 5885 1186 5933 XI,
1215 5869 1301 5923 42.
1380 5868 1427 5931 5",
1484 5864 1639 5920 Joau.
1700 5882 1830 5932 xvtt,
1878 5871 1939 5923 l7
1974 5885 2129 5939 seqq.
2207 5871 2253 5900 9°
2287 5867 2472 5923 Matth.
2502 5880 2697 5932 xxvut,
2733 5867 2823 5923 ΞΟ.
2885 5864 2893 5867 ⁷
3258 5886 3261 5887 ⁷
