3882 6546
249 448 343 514 249

1267 442 1670 507 ADVERSUS
1702 443 2019 507 ΟΒιΕϐΟΞ
2045 445 2189 507 LIB.
2234 446 2330 509 IV.

3348 448 3454 515 250

246 572 293 613 ut
321 561 578 615 etlmicum
615 568 669 616 ct
695 554 1042 631 publicanum
1076 556 1189 629 jam
1227 570 1347 613 esse
1386 555 1776 625 iudicandum;
1804 556 1856 627 Α
1881 558 2164 625 dictantes,
2203 556 2506 631 cuiusmodi
2560 568 2783 616 sanctus
2829 559 3098 616 Maximus
3151 563 3272 628 fuit,
3309 576 3364 619 et
3406 564 3457 622 sl

246 652 331 706 hoc
362 661 441 705 est
470 651 734 707 inﬁdelem
771 659 830 706 et
859 650 927 705 ab
953 649 1195 705 Ecclesia
1224 648 1535 718 praecisum,
1574 661 1637 701 ea
1665 660 1784 716 qua:

244 741 584 813 praediximus,
627 744 867 799 roborat.
900 741 1282 811 Prmsupponit
1326 739 1469 795 enim
1498 737 1780 803 Dominus,

244 832 513 888 Ecclesiattl
556 834 834 889 deﬁnitam
897 848 1018 889 esse
1057 833 1293 901 aliquam
1348 845 1485 896 rem,
1541 837 1596 883 et
1643 827 1783 882 hanc

240 939 431 994 semper
453 940 720 989 veracem,
750 926 869 980 aliis
900 940 1022 996 qua:
1050 933 1175 979 sunt
1208 923 1363 978 utilia
1397 931 1449 978 et
1473 920 1782 977 necessaria

239 1017 559 1089 annuntiare,
600 1026 766 1088 atque
811 1031 993 1087 agere.
1032 1014 1221 1086 Neque
1254 1015 1397 1070 enim
1427 1012 1534 1068 nisi
1570 1026 1785 1081 semper

238 1123 383 1162 v-‘rax
409 1119 545 1164 esset
590 1109 791 1175 futura,
837 1107 1147 1163 indeﬁniter
1172 1122 1268 1177 per
1290 1121 1450 1161 omne
1480 1114 1690 1174 tempus
1716 1104 1783 1159 ad

238 1202 358 1255 lianc
394 1201 571 1257 ﬁdeles
608 1202 871 1265 mitteret,
904 1201 971 1255 de
1001 1200 1163 1255 rebus
1186 1200 1453 1267 ambiguis
1486 1199 1784 1251 decernen-

238 1300 333 1345 tcm
378 1293 676 1348 audituros.
730 1292 916 1363 Neque
946 1284 1013 1347 isi
1071 1292 1409 1348 indelinitum
1463 1289 1602 1358 ejus,
1641 1289 1785 1358 apud

237 1382 403 1438 ﬁdeles
426 1385 698 1439 deﬁnitum
725 1394 891 1449 esset,
916 1384 1058 1438 scire
1082 1393 1300 1454 possent
1323 1397 1429 1452 quo
1458 1396 1514 1437 se
1534 1379 1783 1436 conferre

235 1474 491 1537 deberent,
527 1475 609 1529 vel
648 1491 744 1531 sua
773 1476 952 1530 omnia
991 1475 1221 1538 rel‘erre,
1256 1482 1313 1527 ut
1347 1472 1785 1541 obtemperantes

237 1564 432 1633 quidem
475 1567 651 1621 securi
698 1567 810 1634 jam
843 1576 898 1621 et
927 1567 1024 1620 tuti
1056 1580 1176 1619 esse
1209 1572 1431 1635 possent
1473 1579 1489 1619 :
1543 1577 1648 1616 non
1693 1560 1787 1615 oi)-

237 1666 575 1726 tcmperantes
605 1668 807 1721 autem,
839 1672 958 1712 cum
995 1656 1233 1712 ethnicis
1266 1654 1325 1711 se
1386 1664 1440 1709 et
1480 1651 1786 1731 inﬁdelibus

174 1812 183 1828 Α
237 1746 524 1800 statuendus
571 1749 795 1802 scirent.

298 1858 394 1911 Sed
434 1874 604 1929 neque
638 1868 817 1915 tamen
847 1860 952 1916 nisi
995 1866 1082 1926 ea;
1108 1860 1175 1915 ad
1209 1875 1371 1929 quam
1411 1859 1783 1924 mitterentur,

1889 647 2012 718 quis
2063 648 2138 703 illi
2190 649 2383 706 similis
2412 660 2499 707 est
2542 668 2557 706 :
2601 666 2708 707 non
2764 660 2946 709 tamen
2995 654 3087 721 ita,
3123 666 3181 710 ut
3232 657 3457 713 inﬁnitis

1890 739 2197 808 agminibus
2232 740 2689 810 Christianorum,
2729 760 2829 815 pro
2862 749 3235 817 magnitudine
3272 750 3458 806 Eccle-

1889 831 1984 887 sia:
2031 840 2085 887 et
2122 833 2408 906 dignitate,
2447 836 2582 892 satis
2629 853 2751 892 esse
2790 851 3010 908 possent
3058 856 3072 893 :
3110 843 3360 909 quodque
3403 843 3454 896 iit

1889 926 1992 993 eis,
2032 926 2293 999 quasi’in
2336 929 2573 985 obscuro
2606 939 2745 997 erat,
2786 932 2853 984 ad
2904 932 3061 986 ﬁdem
3101 949 3287 986 eorum
3337 950 3457 1003 qum

1891 1021 2241 1087 dicerentur,
2289 1024 2545 1079 omnibus
2598 1023 2930 1079 sufﬁceret:
2976 1028 3131 1094 quasi
3192 1028 3289 1095 ipsi
3351 1027 3457 1082 Ec-

1891 1115 2069 1171 etesiae
2109 1124 2271 1184 caput
2305 1124 2489 1171 essent
2526 1115 2665 1184 ejus,
2712 1115 2781 1169 ad
2824 1131 2985 1186 quam
3022 1118 3288 1171 mittimur
3322 1139 3335 1173 :
3368 1137 3459 1173 ett-

1889 1205 2086 1277 jusque
2144 1208 2545 1285 processionem
2608 1207 2743 1263 lines
2802 1216 2960 1265 terra:
2995 1225 3115 1265 esse
3174 1210 3458 1267 Psalmista

1891 1298 2133 1355 deﬁnivit
2160 1302 2227 1355 θ’,
3168 1314 3187 1327 ’

1968 1390 2095 1447 Ιιεεο
2129 1407 2252 1447 cum
2281 1394 2356 1449 ita
2388 1410 2508 1450 esse
2536 1395 2845 1451 necessario
2877 1410 3190 1451 concessum
3220 1397 3310 1462 sit,
3341 1398 3460 1451 alia:

1892 1483 2115 1552 quidem
2160 1486 2436 1551 Ecclesiae,
2471 1499 2529 1540 ut
2562 1488 2762 1542 dictum
2805 1500 2905 1552 est,
2940 1504 2967 1542 a
3008 1489 3231 1543 veritate
3265 1492 3462 1558 saepius

1891 1576 2050 1633 aliter
2083 1578 2218 1632 alias
2258 1579 2692 1637 aberraverunt:
2731 1581 2948 1649 quando
2977 1582 3041 1635 de
3077 1581 3198 1635 lidei
3234 1584 3461 1635 veritate

1892 1663 2025 1717 o'rbe
2066 1672 2177 1719 toto
2229 1665 2370 1720 inter
2420 1681 2479 1721 se
2519 1682 2626 1719 non
2658 1668 3036 1731 conveniente,
3088 1668 3192 1722 illac
3233 1666 3366 1722 falsa
3408 1677 3463 1723 ct

1892 1754 2214 1820 sentiebant,
2272 1766 2327 1811 et
2364 1758 2487 1812 aliis
2535 1759 2818 1814 sentiendo
2855 1759 3246 1829 proper-ebant,
3293 1776 3458 1831 quos.

1895 1844 2019 1900 dam
2063 1861 2194 1900 vero
2235 1848 2397 1901 etiam
2435 1849 2634 1904 invitos
2675 1851 2831 1904 fateri
2869 1851 3282 1919 COtItpt'iiebﬂttl,
3316 1853 3461 1906 nulla

196 1998 204 2022 ᾖ
235 1946 476 2015 Ecclesia,
508 1924 635 2005 QC"
680 1965 896 2022 semper
936 1951 1003 2006 de
1034 1924 1285 2007 οίιωῑιλζιε
1308 1949 1516 2006 dictare
1541 1932 1785 2021 prmsup;
1817 1924 1861 1983 Β
1889 1950 2074 1991 earum
2104 1946 2247 1993 esset
2288 1938 2551 2008 profecto,
2593 1943 2659 1994 ad
2700 1956 2865 2010 quam
2909 1943 3191 1996 indeﬁnite
3222 1945 3455 1996 mittere»

194 2038 204 2070 ³
233 2052 507 2108 poneretur
528 2080 544 2105 ,
575 2040 715 2096 scire
749 2050 994 2112 possent,
1024 2041 1242 2111 quando
1272 2055 1525 2104 renuere,
1564 2038 1786 2109 quando

232 2131 587 2203 obtemperare
625 2132 911 2197 deberent,
941 2149 1062 2188 cum
1107 2132 1197 2202 qui
1226 2132 1293 2187 ab
1325 2132 1555 2187 invicem
1601 2129 1789 2186 diﬂ'er-

234 2232 360 2286 rent,
412 2239 558 2278 veras
601 2224 763 2277 ambo
814 2224 1061 2279 ratiom-s
1111 2222 1361 2294 proferre
1397 2222 1718 2277 viderentur
1769 2238 1785 2277 :

234 2315 521 2369 communis
574 2329 708 2373 vero
744 2314 1187 2369 Christianorum
1244 2314 1559 2378 multitudo,
1598 2314 1789 2368 simul-

235 2418 326 2473 que
388 2407 671 2461 inﬁrmitas
723 2407 959 2468 humana
1009 2407 1322 2461 discernere
1382 2419 1486 2459 non
1538 2413 1785 2475 possent,

235 2496 566 2568 confusioque
603 2511 668 2552 ac
707 2512 886 2567 pugna
945 2494 1336 2551 ecclesiasticis
1383 2496 1439 2549 in
1470 2496 1631 2551 rebus
1665 2500 1788 2567 pul-

236 2589 448 2645 lulatnra
486 2591 763 2645 videretur
798 2608 811 2644 :
859 2591 962 2644 nisi
990 2590 1229 2660 subjecta
1262 2589 1526 2658 Ecclesia,
1563 2591 1788 2643 deﬁnite

236 2682 428 2750 singula
455 2681 788 2736 decerneret.
839 2680 945 2735 Sed
986 2689 1039 2736 et
1088 2682 1205 2737 sine
1243 2681 1399 2753 culpa
1433 2682 1656 2737 omnino
1700 2696 1790 2738 es-

236 2783 361 2833 sent.
410 2773 547 2826 omni
584 2772 796 2842 spiritui
834 2787 892 2827 se
926 2773 1324 2841 permittentes,
1371 2774 1475 2828 nisi
1522 2782 1708 2843 aperta
1735 2782 1790 2828 et

237 2864 499 2919 monile-Sta
542 2866 790 2919 ﬁdelibus
833 2880 979 2919 esset
1011 2865 1385 2920 ecclesiastica
1430 2868 1779 2922 auctoritas:

239 2957 334 3012 Deo
355 2959 554 3027 quidem
594 2957 876 3028 possibilia
921 2975 949 3011 a
978 2959 1192 3012 cunctis
1225 2958 1495 3028 exigente,
1533 2959 1638 3014 illis
1659 2975 1789 3014 vero

237 3048 444 3105 obscura
493 3066 598 3104 non
660 3052 967 3105 valentibus
1008 3050 1329 3121 dignoscere
1374 3066 1388 3104 :
1447 3052 1561 3106 sive
1599 3068 1788 3107 onmes

237 3142 434 3196 omnino
475 3146 763 3212 Oportebat
793 3142 1105 3197 divinarum
1148 3156 1329 3196 rerum
1374 3141 1660 3197 scientiam
1698 3142 1786 3211 ju-

238 3233 359 3301 giter
389 3236 601 3305 adeptus
653 3235 704 3289 in
742 3246 890 3288 tanta
938 3235 1259 3291 confusione
1292 3249 1493 3302 rerum,
1543 3246 1596 3290 et
1637 3236 1785 3308 ipsos
1813 3268 1858 3328 ο

240 3325 479 3395 ambigua:
539 3324 661 3380 tldei
721 3326 1005 3379 veritatem
1069 3326 1386 3395 dignoscere
1434 3341 1449 3379 :
1502 3334 1557 3380 at
1621 3325 1673 3380 id
1729 3326 1782 3380 in

242 3417 556 3471 multitudine
608 3418 948 3484 contingere,
987 3417 1249 3488 possibile
1308 3434 1415 3473 non
1467 3429 1573 3475 est.
1611 3421 1788 3490 Atque

243 3507 371 3572 ideo,
397 3525 658 3579 nunquam
700 3512 802 3564 hoc
839 3512 981 3564 Deus
1025 3512 1091 3565 ab
1122 3511 1373 3567 omnibus
1411 3513 1676 3583 exigeret.
1722 3513 1792 3570 Ει

241 3600 288 3655 id
316 3603 430 3656 item
460 3603 597 3673 quod
640 3605 879 3658 dicitur:
910 3602 1046 3660 Circi
1079 3622 1243 3658 ca'cos
1276 3616 1568 3674 sequentes
1600 3605 1789 3675 prteri—

239 3694 381 3763 pitari
427 3696 833 3764 periclitantur,
867 3698 1067 3766 quique
1112 3696 1368 3751 Ecclesiae
1403 3698 1785 3754 inobedientes

240 3798 370 3852 sunt,
404 3804 516 3842 cum
548 3790 783 3844 ethnicis
826 3805 929 3843 una
966 3789 1280 3860 ejiciuntur,
1320 3790 1499 3843 locum
1549 3806 1653 3844 non
1690 3790 1786 3845 ha-

242 3879 393 3946 beret,
431 3882 472 3935 si
517 3882 814 3936 Ecclesium
861 3883 1539 3954 dignoscerefbonumque
1576 3899 1608 3938 a
1646 3885 1785 3942 malo

241 3970 540 4039 discernere,
574 3973 831 4042 possibile
864 3990 965 4027 non
1003 3985 1171 4029 esset.

302 4061 486 4129 Nempe
518 4075 568 4118 et
602 4065 655 4118 in
683 4065 805 4119 ﬁdei
843 4064 1119 4133 Syntbolo,
1148 4066 1287 4119 sicut
1327 4066 1434 4120 alia
1464 4068 1530 4119 ad
1558 4069 1782 4122 salutem

243 4156 520 4207 necessaria
570 4156 639 4210 ab
688 4157 787 4220 eis,
827 4166 885 4210 ut
935 4158 1320 4223 conﬁteantur,
1371 4160 1649 4229 exigitur:
1687 4160 1783 4226 ita,

241 4254 284 4297 ct
308 4262 451 4299 uitam
484 4256 746 4314 sanctam,
784 4247 1117 4314 catholicam,
1148 4260 1201 4304 et
1227 4249 1572 4318 apostolicam
1601 4249 1788 4305 Eccle-

170 4402 175 4407 ὓ
240 4337 355 4390 siam
380 4339 641 4405 conﬁteri,
677 4341 1068 4410 requiruntur:
1116 4343 1180 4396 ad
1222 4357 1382 4411 quam
1427 4344 1491 4396 de
1530 4343 1786 4399 omnibus

239 4430 424 4517 scilicet
460 4434 803 4487 detinituram
830 4433 1165 4487 admittimur
1205 4451 1222 4488 :
1260 4446 1313 4488 et
1376 4434 1462 4489 cui
1504 4436 1787 4505 obtempe-

244 4531 436 4589 rantes,
493 4525 764 4578 molestiis
824 4533 879 4578 et
935 4524 1209 4595 scrupulis
1268 4524 1423 4579 liberi
1483 4527 1781 4581 evadimus.

1891 2042 2035 2091 mur,
2076 2026 2345 2092 Ecclesia,
2379 2030 2446 2085 de
2471 2030 2740 2100 ambiguis
2769 2031 3006 2086 salubria
3036 2041 3085 2086 et
3132 2046 3277 2086 certa
3310 2036 3484 2103 audin

1891 2121 2018 2170 turi.
2058 2117 2401 2173 Manifestum
2445 2120 2593 2174 enim
2644 2130 2747 2187 est,
2796 2122 2921 2189 quia
2967 2135 3061 2175 eos
3099 2124 3317 2192 quidem
3367 2124 3460 2190 qui

1891 2216 2018 2264 tunc
2051 2211 2099 2264 ei
2132 2212 2600 2272 contradixerunt.
2626 2222 2678 2266 et
2706 2227 2877 2279 usque
2909 2214 2975 2264 ad
3007 2212 3322 2281 sanguinem
3371 2215 3463 2266 ad-

1890 2316 2078 2357 versus
2125 2302 2378 2368 literescs,
2425 2319 2561 2372 quas
2592 2305 2677 2357 illa
2734 2305 2972 2371 fovebat,
3023 2306 3266 2360 rcluctati
3314 2318 3463 2372 sunt,

1892 2396 2127 2449 maxime
2160 2396 2364 2451 idcirco
2396 2398 2749 2461 admiramur,
2792 2399 2842 2451 in
2886 2406 3201 2467 tantumque
3245 2415 3272 2451 a
3311 2400 3464 2453 nobis

1889 2485 2061 2545 abest.
2096 2486 2340 2541 inﬁdeles
2375 2496 2430 2541 et
2477 2476 2727 2541 ethnicos
2766 2501 2883 2550 eos,
2924 2485 3066 2556 quod
3111 2485 3183 2538 illi
3227 2502 3329 2539 non
3362 2488 3464 2539 ob-

1891 2579 2336 2645 temperaverint,
2362 2588 2577 2649 putare,
2605 2594 2661 2633 ut
2691 2579 2854 2635 etiam
2885 2580 3067 2634 debito
3097 2581 3302 2633 honore
3336 2593 3503 2647 ιιι-οη

1890 2684 2213 2739 sequamur,
2246 2679 2411 2739 atque
2453 2671 2612 2726 annis
2651 2670 2879 2743 singulis
2907 2671 3120 2725 illorum
3151 2672 3317 2725 festos
3345 2671 3464 2724 dies

1889 2756 2253 2824 celebremus,
2314 2757 2755 2828 mediatoresque
2807 2777 2907 2832 pro
2959 2762 3114 2818 nobis
3165 2766 3232 2818 ad
3297 2764 3463 2820 Deum

1890 2847 2258 2913 proferamus.
3324 2852 3331 2853 ⁷

1960 2936 2026 2991 Et
2046 2950 2201 3009 certe
2246 2939 2553 3007 Nestorius,
2591 2956 2657 2996 ac
2690 2941 2955 3011 Pyrrhus,
2998 2953 3052 3000 et
3090 2947 3271 3001 ueteri
3313 2947 3465 3002 Con-

1890 3030 2392 3100 stantinOpotitanze
2450 3034 2602 3090 sedis
2668 3034 2967 3101 antistites,
3032 3039 3270 3094 lneretici
3334 3049 3463 3097 tunc

1891 3124 2169 3192 temporis,
2213 3139 2336 3180 cum
2384 3126 2531 3182 omni
2569 3142 2689 3196 qua:
2723 3131 2825 3183 sub
2857 3129 2989 3197 ipsis
3018 3139 3135 3185 erat
3190 3131 3459 3201 Ecclesia,

1890 3229 2011 3269 cum
2048 3226 2249 3278 essent,
2296 3233 2354 3272 se
2401 3218 2550 3287 ipsos
2590 3228 2770 3276 tamen
2808 3221 3107 3278 Ecclesiam
3143 3225 3291 3279 illaut
3343 3242 3465 3282 esse

1890 3308 2229 3369 asserebant,
2258 3324 2421 3378 quam
2453 3312 2709 3367 omnibus
2759 3316 3089 3382 sequendam
3143 3332 3238 3385 per
3280 3319 3461 3371 omnia

1890 3399 2230 3465 dictitabant,
2258 3416 2464 3471 eosque
2510 3404 2614 3458 sibi
2643 3405 2736 3473 qui
2776 3421 2881 3461 non
2910 3408 3368 3479 obtemperarent,
3405 3421 3464 3467 ut

1890 3490 2141 3551 ethnicos
2180 3501 2236 3546 ct
2276 3494 2593 3563 publicanos
2643 3499 2959 3569 puniebant.
3017 3502 3120 3569 Qui
3174 3518 3303 3558 vero
3358 3505 3462 3561 illis

1888 3582 2351 3656 obtemperavere,
2426 3604 2522 3645 eos
2575 3606 2674 3647 nos
2731 3593 2970 3659 perditos
3023 3596 3398 3653 existimamus
3443 3616 3459 3653 :

1888 3686 2207 3749 quantoque
2240 3681 2306 3735 ad
2362 3682 2695 3751 impietatem
2751 3684 2904 3740 fuere
2952 3688 3255 3756 proniores,
3311 3701 3462 3745 tanto

1890 3775 1959 3831 ab
1993 3774 2239 3830 Ecclesia
2289 3776 2476 3844 maiori
2520 3777 2790 3846 supplicio
2825 3778 3003 3834 allecti
3057 3792 3181 3835 sunt
3208 3823 3221 3844 ,
3264 3794 3314 3837 et
3368 3784 3471 3852 qui

1891 3867 2001 3923 illis
2040 3880 2456 3935 consenserunt,
2489 3874 2836 3928 anathemate
2865 3874 3077 3927 multati
3121 3884 3269 3929 sunt.

1959 3962 2178 4019 Nullum
2213 3980 2339 4019 vero
2374 3966 2645 4030 novimus,
2682 3967 2797 4035 qni,
2822 3967 3013 4036 quovis
3046 3976 3303 4038 tempore,
3339 3985 3461 4022 cum

1888 4055 1954 4111 de
1983 4055 2090 4110 ﬁde
2136 4056 2533 4126 diSputaretur,
2580 4058 2838 4112 Romanre
2884 4056 3141 4112 Ecclesiae
3190 4059 3466 4126 obletttpc-

1889 4162 2035 4213 rans,
2083 4147 2315 4202 similem
2365 4148 2646 4217 exceperit
2686 4149 3113 4203 damnationem.
3170 4149 3283 4204 imo
3333 4168 3463 4205 vero

1888 4241 2068 4296 nullus
2095 4240 2197 4305 est,
2233 4241 2322 4311 qui
2356 4250 2485 4296 tunc
2518 4240 2782 4295 adversus
2813 4241 3036 4309 quidem
3074 4242 3464 4299 Constantino-

1888 4335 2183 4406 politanam
2221 4334 2521 4390 Ecclesium
2559 4344 2745 4404 aperte
2781 4335 3083 4396 resisteret,
3119 4336 3245 4401 quin
3275 4347 3328 4389 et
3358 4335 3464 4389 ltu-

1887 4410 2102 4491 manam
2133 4426 2433 4481 Ecclesium
2478 4426 2801 4491 intueretur,
2836 4426 3086 4495 illiusque
3115 4426 3180 4479 de
3218 4426 3321 4480 ﬁde
3349 4428 3463 4496 opi-

1888 4523 2130 4585 nionem,
2164 4532 2224 4574 ut
2264 4520 2510 4574 veritatis
2540 4535 2602 4574 ac
2632 4520 2851 4590 pietatis
2881 4519 3215 4587 exemplum,
3262 4517 3463 4585 quibus

242 4612 393 4677 Quam
426 4616 585 4669 etiam
620 4632 648 4668 a
686 4602 942 4669 ﬁdelibus
973 4615 1227 4670 omnibus
1263 4602 1510 4685 agnosci,
1558 4627 1615 4670 ut
1659 4632 1785 4687 pos-
1817 4611 1858 4665 ι)
1889 4611 2319 4677 contradicebat,
2347 4620 2667 4680 opponeret,
2708 4625 2941 4679 eamque
2976 4619 3165 4663 contra
3207 4608 3461 4663 inimicos

242 4708 377 4761 sibile
416 4719 469 4763 et
509 4710 878 4764 necessarium
914 4709 1169 4779 exigitur.
1228 4709 1293 4763 Et
1338 4709 1455 4764 sine
1507 4725 1611 4781 qua
1692 4726 1791 4767 nec

246 4798 453 4854 ﬁdelium
509 4800 823 4855 communio
871 4801 1057 4854 haberi
1110 4810 1308 4869 potest,
1348 4817 1445 4856 nec
1477 4816 1791 4855 sacramen-

247 4899 397 4943 torum
436 4893 640 4947 virtute
693 4892 898 4962 perfrui
936 4893 1199 4957 valemus,
1238 4907 1336 4947 nec
1392 4906 1489 4963 per
1531 4893 1644 4961 ipsa
1697 4908 1789 4947 ca-

240 4981 323 5047 piti
375 4980 647 5047 Ecclesiae,
698 4981 839 5052 quod
888 4978 1140 5038 Christus
1193 4994 1298 5048 est,
1348 4987 1513 5039 uniri.
1566 4985 1682 5038 Non
1732 4984 1787 5037 in

241 5069 416 5137 verbis,
455 5073 549 5128 sed
598 5075 679 5128 in-
702 5074 866 5130 rebus
896 5074 1150 5131 Ecclesia:
1184 5076 1388 5130 Christi
1436 5077 1625 5146 positae
1659 5085 1786 5131 sunt

242 5179 332 5217 [ΡΞ.

300 5260 567 5326 Quamvis,
594 5262 695 5318 etsi
730 5262 823 5333 qui
867 5263 1093 5318 ubilibet
1122 5277 1394 5318 terrarum
1427 5263 1646 5330 iuerint,
1693 5265 1783 5334 qui

241 5351 296 5403 de
322 5352 415 5407 ﬁde
450 5355 569 5409 aliis
607 5355 711 5408 alia
768 5356 1099 5418 dicentibus,
1147 5369 1275 5409 vera
1335 5354 1433 5424 ipsi
1486 5356 1788 5421 senserint,

241 5444 514 5503 laudabiles
545 5448 763 5518 quidem
796 5449 973 5514 luere,
1006 5463 1064 5503 se
1096 5450 1267 5518 ipsos,
1309 5457 1364 5502 ttt
1396 5455 1601 5518 partem
1644 5446 1787 5501 rete-

242 5547 400 5591 rentes
446 5542 509 5593 ad
561 5540 881 5608 Eaclesiam,
924 5551 1089 5611 atque
1129 5542 1253 5596 inde
1299 5541 1405 5596 sibi
1459 5541 1592 5610 ipsis
1644 5538 1791 5593 stilli-

243 5626 445 5698 cicntes,
496 5634 570 5687 illi
621 5650 720 5704 per
752 5636 934 5689 omnia
979 5649 1097 5705 qua:
1156 5635 1225 5689 ad
1280 5635 1441 5690 ﬁdem
1491 5622 1791 5702 pertinent,

248 5724 384 5789 uniti,
422 5737 471 5779 et
508 5728 629 5782 aliis
676 5742 891 5798 quoque
930 5728 1032 5784 hoc
1072 5728 1253 5794 modo,
1302 5732 1421 5796 quas
1461 5739 1587 5781 vera
1641 5730 1787 5790 sunt,

312 5902 347 5931 "
382 5902 514 5958 l‘sal.
558 5921 616 5970 tt,
661 5905 715 5961 8.

1887 4704 2093 4758 sociam
2136 4702 2645 4771 auxiliatricemque
2698 4701 3001 4770 prtelerret.
3050 4699 3112 4754 Et
3144 4715 3287 4755 nunc
3327 4717 3464 4768 quu-

1885 4811 2031 4866 que,
2087 4809 2212 4848 cum
2266 4794 2678 4850 adversantium
2736 4793 3027 4847 obscurum
3095 4809 3289 4846 nomen
3349 4792 3460 4857 sit,

1885 4887 2248 4945 communiter
2289 4900 2350 4940 ac
2382 4886 2630 4955 privatim
2664 4885 2776 4951 illa,
2806 4895 2860 4939 et
2903 4884 3124 4950 colitur,
3153 4894 3205 4937 et
3239 4898 3464 4937 corona-

1886 4990 1977 5038 tur
2008 4999 2022 5037 :
2055 4991 2110 5034 ut
2141 4992 2195 5037 et
2240 4982 2366 5035 hinc
2400 4979 2748 5050 perspicuum
2793 4978 2885 5041 sit,
2922 4978 3064 5031 hanc
3108 4990 3230 5030 csse
3283 4976 3464 5029 Eccle-

1892 5078 2052 5142 siam,
2080 5076 2190 5140 cui,
2224 5075 2319 5144 qui
2355 5086 2458 5128 non
2486 5074 2843 5141 obtemperat,
2872 5070 3164 5140 gentilibus
3204 5076 3257 5122 et
3288 5068 3461 5136 publi-

1893 5171 2043 5225 Canis
2088 5167 2388 5223 Salvatoris
2438 5165 2707 5219 sententia
2764 5170 3209 5216 connumeratur.
3252 5159 3459 5212 Princi-

1894 5263 2009 5331 pari
2054 5261 2274 5330 quidem
2326 5268 2375 5313 ct
2411 5256 2543 5310 alias
2588 5255 2886 5319 Ecclesias,
2933 5254 3017 5307 his
3047 5268 3167 5321 qum
3214 5250 3282 5305 ad
3314 5253 3460 5319 ipsas

1894 5354 2181 5422 pertinent,
2216 5360 2267 5402 ct
2317 5348 2417 5403 sub
2465 5347 2544 5401 eis
2576 5354 2724 5411 sunt,
2762 5343 2969 5412 hasque
2994 5354 3205 5394 'secure
3242 5350 3295 5392 et
3319 5339 3462 5407 judi—

1889 5460 2013 5499 care
2068 5451 2122 5498 el
2172 5441 2429 5509 dirigere,
2473 5453 2595 5493 cum
2646 5445 2858 5505 tempus
2903 5432 3091 5502 Cllgit,
3141 5431 3356 5500 quando
3392 5429 3461 5482 ad

1890 5552 2051 5592 unam
2120 5550 2312 5589 omnes
2369 5530 2700 5594 referuntur,
2762 5525 3130 5580 arbitrandnm
3189 5531 3290 5576 est.
3352 5522 3458 5576 Sed

1892 5629 1993 5685 nisi
2021 5627 2283 5681 adversus
2318 5631 2482 5692 caput
2510 5620 2880 5683 obluctentur,
2912 5613 3172 5677 maxime,
3206 5626 3328 5667 cum
3354 5610 3459 5663 illis

1893 5719 2221 5785 diﬁercntia,
2251 5717 2317 5773 de
2362 5714 2483 5770 ﬁdei
2515 5710 2860 5769 confessione
2908 5706 3092 5763 fuerit.
3125 5703 3281 5760 Tunc
3317 5702 3457 5759 enim
