3920 6548
413 416 506 485 25!

412 625 557 679 tione
603 630 859 685 decidunt
892 650 905 686 :
945 645 1232 707 metusque
1278 648 1382 706 est,
1423 657 1491 696 ne
1530 650 1773 714 praecisis
1811 670 1985 710 mem--

410 715 524 771 bris
547 756 562 782 ,
611 735 789 789 neque
838 723 1013 779 solum
1046 727 1274 784 absente
1311 732 1490 789 debita
1537 743 1853 809 concordia,
1887 746 1983 801 sed

409 806 571 861 etiam
600 821 867 876 prarsente
895 818 1253 876 maximarum
1298 839 1475 881 rerum
1509 836 1980 907 contradictione;

408 908 605 965 pra:ter
634 901 711 965 id,
750 907 893 974 quod
930 909 1065 963 nihil
1091 914 1318 981 possint.
1346 920 1645 986 gentilibus
1673 929 1833 982 etiam
1883 901 1982 1000 pu;

406 988 744 1063 blicanisque
768 1011 1246 1061 conuumereutur.
1279 1009 1497 1074 Quanto
1523 1016 1665 1069 enim
1697 1019 1763 1072 de
1804 988 1975 1091 ina-jo-

406 1079 559 1137 ribus
613 1090 976 1146 contradictio
1024 1094 1217 1163 fuerit,
1288 1111 1463 1159 tanto»
1488 1114 1543 1161 et
1596 1112 1983 1171 condemnatio

406 1172 645 1230 deterior
687 1188 794 1233 est.
847 1180 1033 1252 Neque
1073 1191 1217 1243 enim
1263 1201 1470 1248 tantum
1507 1199 1573 1253 de
1604 1206 1979 1261 communibus

404 1260 527 1319 istis
555 1264 878 1325 differentiis
907 1280 1204 1342 putandum
1245 1293 1348 1351 est,
1386 1301 1413 1340 a
1443 1286 1727 1347 Salvature
1758 1306 1976 1350 senten-

405 1353 559 1421 tiam,
592 1359 736 1426 quod
778 1360 1036 1421 Ecclesia:
1070 1369 1553 1443 obtemperantium
1596 1386 1689 1447 sit,
1741 1400 1979 1453 pronun-

404 1443 591 1498 tiatam
628 1460 769 1515 esse,
814 1466 1075 1520 quantum
1106 1458 1175 1514 de
1203 1462 1522 1532 majoribus,
1569 1480 1622 1524 et
1659 1443 1778 1541 qua:
1816 1475 1974 1543 primi

403 1533 459 1589 in
512 1535 754 1596 Ecclesia
808 1549 1115 1604 consistunt
1171 1556 1412 1622 ordinis;
1470 1561 1648 1628 qualia
1707 1576 1854 1630 sunt,
1896 1566 1976 1623 .de

404 1623 771 1698 dogmatibus,
807 1649 871 1689 ex
902 1638 1100 1705 quibus
1131 1652 1213 1697 est
1237 1646 1399 1700 etiam
1434 1623 1502 1704 de
1530 1654 1712 1711 sancti~
1738 1623 1978 1723 Spiritus

403 1720 755 1783 processione
812 1730 1207 1798 contradictio,
1272 1751 1370 1805 per
1429 1755 1593 1808 quam
1655 1753 1806 1801 tanto
1864 1748 1974 1817 jam

404 1816 648 1878 tempore
687 1814 945 1874 Ecclesia:
982 1822 1260 1893 dissipata:
1298 1839 1447 1884 sunt.

475 1900 681 1966 Quibus
716 1909 961 1975 profecto
990 1914 1061 1969 ita
1101 1920 1565 1990 contingentibus,
1597 1942 1703 1983 non
1734 1933 1893 1987 modo
1920 1933 1973 1987 in
2006 1916 2050 1972 Β

404 1989 718 2063 integritate
766 2015 795 2053 a
852 2006 1027 2073 capite
1074 1989 1349 2077 Ecclesiae,
1386 2016 1529 2083 quod
1581 2018 1836 2078 Christus
1868 2035 1972 2092 est,

388 2096 508 2137 non
544 2086 806 2145 viviﬁcari
838 2102 892 2148 et
930 2097 1254 2167 coalescere,
1288 2118 1474 2159 verum
1507 2119 1560 2162 et
1591 2113 1732 2177 quod
1775 2114 1974 2172 habere

398 2175 742 2248 videbantur,
768 2184 838 2239 ab
880 2187 1014 2255 ipsis
1056 2192 1261 2248 auferri
1310 2175 1743 2257 contestantibus
1794 2208 1971 2273 rebus,

399 2281 622 2326 necesse
664 2282 770 2328 est.
806 2277 888 2333 Ab
930 2294 996 2334 eo
1040 2284 1183 2338 enim
1217 2324 1233 2351 ,
1279 2290 1371 2357 qui
1428 2306 1532 2345 non
1568 2294 1719 2351 habet
1753 2306 1803 2350 et
1834 2299 1972 2367 quod

396 2357 585 2415 habere
611 2364 837 2435 videtur,
868 2374 1144 2440 auferetur
1169 2377 1233 2429 ab
1261 2394 1319 2431 eo
1349 2382 1416 2435 η.

464 2452 783 2523 Propterea,
813 2462 916 2515 etsi
975 2480 1079 2518 non
1128 2468 1381 2533 pluribus
1415 2490 1479 2528 ex
1532 2476 1692 2535 Patre
1733 2493 1785 2536 et
1833 2483 1969 2541 Filio

395 2546 691 2608 procedere
741 2548 1000 2619 Spiritum
1041 2569 1288 2615 sauctmn
1337 2579 1522 2619 verum
1569 2586 1709 2638 esse,
1749 2586 1967 2632 contra-

397 2634 615 2704 riasque
650 2641 889 2698 rationes
938 2648 1070 2702 nihil
1112 2652 1312 2719 dicere,
1353 2668 1628 2716 ostensum
1677 2677 1840 2731 esset,
1879 2685 1965 2726 res

393 2726 510 2796 ipsa
547 2730 802 2790 Ecclesia:
852 2746 1060 2808 tamen,
1113 2754 1169 2797 ut
1198 2746 1402 2803 dictum
1457 2761 1562 2819 est,
1592 2755 1802 2811 alubios
1837 2775 1963 2827 pcr-

393 2819 627 2876 suadere
679 2824 984 2894 suiﬁceret,
1036 2836 1327 2906 omniaque
1375 2841 1444 2895 ab
1498 2842 1609 2912 ipsa
1668 2848 1960 2919 declarata,

391 2908 639 2978 singulos
690 2914 827 2972 nihil
884 2923 1203 2979 reluctando
1252 2908 1532 2997 suscipere
1578 2935 1816 3005 deceret,
1863 2908 1958 2996 sed

390 2999 830 3062 Christianorum
862 3015 1104 3068 onmium
1135 3029 1301 3088 caput
1328 3022 1500 3092 ipsam
1541 3027 1873 3096 arbitrando,
1907 3041 1962 3089 et

392 3107 553 3161 quam
590 3096 645 3151 in
697 3098 818 3155 ﬁdei
873 3104 1151 3174 Symbolo,
1187 3126 1369 3178 unum,
1411 3127 1679 3184 sanctam,
1731 3124 1960 3178 catholi-

387 3200 506 3239 cam
539 3200 594 3241 et
626 3194 975 3259 apostolicam
1012 3199 1305 3271 Ecclesium
1334 3210 1661 3277 accepimus,
1687 3228 1804 3268 eam
1837 3231 1957 3273 esse

385 3280 700 3345 asserendo,
726 3283 799 3338 ita
826 3288 1151 3346 catholicam
1179 3294 1335 3349 ﬁderit
1365 3302 1662 3371 continere,
1686 3309 1954 3376 conﬁteri,

387 3367 475 3422 illa
511 3373 777 3429 tutissime
826 3379 1076 3447 ducente,
1124 3386 1360 3444 maxime
1405 3392 1451 3445 si
1496 3396 1618 3462 quis
1668 3397 1830 3453 etiam
1883 3402 1953 3457 ad

387 3462 668 3527 nationum
724 3470 1150 3541 multitudinem,
1196 3464 1316 3549 qua
1354 3483 1497 3539 illaut
1553 3492 1820 3558 sequitur,
1868 3495 1954 3549 in-

387 3561 602 3609 tueatur
632 3574 646 3611 :
680 3559 924 3627 plurimis
956 3567 1176 3635 quidem
1216 3572 1266 3625 iu
1299 3574 1382 3630 his
1415 3576 1644 3635 humana
1675 3598 1739 3639 ae
1772 3584 1951 3642 divina

384 3643 670 3714 sapientia,
722 3662 984 3721 quantum
1038 3659 1241 3717 homini
1276 3668 1535 3733 possibile
1585 3681 1688 3735 est,
1743 3689 1954 3735 summe

380 3737 795 3808 excellentibus,
828 3746 1078 3814 plurimis
1122 3753 1250 3809 item
1292 3757 1345 3811 in
1377 3751 1558 3816 sacro'
1583 3773 1639 3819 et
1694 3768 1950 3838 religioso

381 3827 566 3885 habitu
602 3847 697 3901 per
743 3841 1070 3895 monasteria
1107 3845 1447 3917 degentibus,
1478 3862 1534 3908 et
1567 3855 1620 3909 in
1674 3827 1823 3928 legev
1841 3861 1951 3916 Do-

382 3922 513 3976 mini
547 3923 634 3979 die
670 3939 733 3981 ac
765 3936 922 3985 nocte
957 3933 1363 3996 meditantibus.
1402 3944 1508 3999 Sed
1550 3922 1946 4009 tamen'osten-

379 4025 503 4065 sum
555 4024 661 4078 est,
718 4015 885 4073 fuisse
935 4029 1168 4094 tempus,
1220 4034 1436 4098 quando
1468 4035 1727 4094 Ecclesia
1774 4043 1942 4100 unita:

378 4117 555 4169 erant,
587 4118 642 4162 et
668 4109 789 4166 ﬁdei
825 4110 1141 4186 Symbolum
1190 4126 1331 4193 apud
1366 4126 1523 4183 istam
1556 4131 1852 4203 legebatur,
1884 4148 1945 4194 ut

378 4198 536 4252 modo
567 4201 783 4272 legitur.
1612 4198 1635 4203 ⁷
1742 4223 1745 4227 ’

449 4287 911 4354 Quemadmodum
966 4303 1137 4373 igitur
1203 4307 1288 4363 his
1332 4311 1423 4379 qui
1481 4314 1655 4383 primo
1690 4317 1941 4377 Ecclesia:

378 4381 617 4435 membra
652 4387 894 4445 dividere
926 4393 1195 4461 volebant,
1229 4406 1283 4452 et
1330 4417 1425 4470 pro
1456 4405 1566 4459 suis
1597 4408 1881 4463 desideriis
1910 4428 1938 4463 a

375 4473 648 4526 communi
708 4488 851 4534 (δαείη
913 4481 1171 4539 Ecclesia:
1224 4488 1704 4560 abscindebantur,
1760 4500 1938 4555 nullus

1673 445 2075 517 MANUELIS
2115 422 2420 527 darem:

412 536 878 604 pcrniciosissime
907 542 1095 603 divisa:
1122 562 1153 601 a
1184 549 1383 620 capitis
1414 552 1620 621 glutino
1652 569 1704 614 et
1736 562 1981 619 viviﬁca-
2010 571 2055 625 Α

2084 576 2376 641 praescindi
2428 579 2682 647 patietur.
2726 581 2909 653 Neque
2960 586 3104 641 enim
3152 589 3393 656 proiecto
3443 596 3656 653 consiiii

2087 664 2303 730 fuisset,
2338 670 2421 723 vel
2468 674 2682 740 quando
2715 675 2969 733 Ecclesia:
3004 680 3167 735 unita:
3212 689 3371 737 erant
3422 681 3475 737 in
3533 687 3653 744 ﬁdei

2083 756 2447 827 confessione,
2487 763 2626 816 nulla
2659 770 2959 834 prmsertjm
2992 774 3257 841 probabili
3287 778 3497 841 ratione
3537 780 3647 835 dis-

2089 850 2391 935 cessionem
2420 857 2699 925 suadente,
2745 876 2865 916 cum
2901 862 2985 919 his
3009 866 3100 935 qui
3132 877 3333 923 temere
3361 869 3651 941 ferrentur,

2082 940 2240 993 simul
2270 926 2435 997 dividi
2464 965 2475 1012 ί
2512 948 2592 1002 vel
2626 964 2746 1004 eum
2780 952 2864 1007 his
2907 956 2996 1023 qui
3031 957 3194 1011 modo
3228 968 3352 1015 sunt
3382 970 3473 1014 aut
3497 974 3651 1017 antea

2081 1031 2300 1089 fuerunt
2338 1039 2656 1110 adversarii,
2700 1044 2806 1099 nilo
2838 1058 2999 1116 paeto
3040 1053 3367 1107 commorari
3397 1070 3412 1111 :
3443 1070 3563 1109 cum
3600 1068 3653 1110 ct

2083 1125 2259 1188 modo,
2284 1134 2337 1179 et
2375 1136 2501 1184 tunc
2540 1135 2819 1201 aequaliter
2865 1138 2984 1193 ﬁdei
3019 1143 3231 1211 negotia
3271 1159 3330 1199 se
3365 1144 3605 1200 habeant
3635 1161 3650 1200 :

2080 1226 2452 1290 quantumque
2501 1225 2694 1279 attinet
2743 1228 2809 1283 ad
2846 1244 3095 1285 verarum
3139 1248 3317 1289 rerqu
3363 1233 3652 1305 judicium,

2083 1308 2221 1375 apud
2260 1312 2554 1376 prudentes
2584 1317 2715 1371 nihil
2745 1318 3018 1378 diﬁ'erant.

2154 1397 2247 1453 Est
2298 1414 2477 1457 autem
2516 1421 2646 1461 sane
2702 1408 3098 1481 irrationabile,
3152 1416 3236 1472 his
3267 1418 3360 1488 qui
3394 1436 3651 1490 prresnnt,

2083 1489 2222 1543 alias
2257 1507 2315 1545 se
2356 1494 2512 1549 aliter
2557 1497 2901 1569 habentibus,
2936 1514 2991 1559 ut
3024 1505 3144 1573 illos
3186 1489 3416 1580 impetus
3450 1515 3650 1583 tulerit,

2078 1585 2479 1654 priesciudique
2525 1591 2592 1644 ab
2630 1590 2874 1649 Ecclesia
2924 1597 3289 1667 cupientibus,
3320 1605 3457 1659 velle
3491 1614 3543 1660 et
3596 1622 3652 1662 se

2078 1690 2183 1728 una
2230 1680 2543 1747 praesciudi.
2599 1683 2770 1750 Quasi
2809 1672 2860 1740 in
2908 1688 3121 1745 illorum
3168 1704 3433 1762 potestate
3463 1698 3555 1761 sit,
3597 1708 3653 1753 nt

2076 1767 2229 1832 libet,
2277 1780 2566 1843 utrumque
2619 1793 2819 1846 agere;
2871 1790 2923 1835 et
2955 1796 3059 1851 qua
3098 1785 3259 1840 velint
3292 1796 3519 1843 caeteros
3553 1790 3643 1842 du-

2078 1876 2225 1928 cere,
2251 1863 2416 1919 veluti
2448 1870 2738 1938 mancipia,
2767 1874 2974 1928 sublata
3017 1876 3096 1931 eis
3130 1876 3182 1931 in
3216 1886 3421 1934 tantum
3459 1882 3649 1935 volun~

2080 1955 2205 2010 tatis
2275 1960 2668 2030 sententiaeque
2714 1963 2986 2033 libertate,
3017 1980 3075 2022 nt
3121 1985 3296 2039 neque
3341 1974 3646 2029 centrarias

2078 2060 2255 2101 rerum
2314 2053 2638 2110 mutationes
2700 2057 2779 2113 eis
2838 2059 3150 2117 discernere
3211 2066 3402 2130 liceat,
3470 2083 3646 2137 neque

2076 2149 2279 2196 rectam
2320 2147 2645 2201 sententiam
2673 2149 2894 2220 eligere,
2919 2166 3201 2225 pravazque
3228 2157 3504 2223 prteferre.

2143 2254 2331 2313 Nullus
2360 2273 2489 2330 ergo
2521 2261 2626 2317 erit
2661 2272 2766 2318 tam
2801 2265 3023 2338 iniquus
3046 2269 3231 2341 jndex,
3272 2284 3328 2328 ut
3364 2276 3470 2332 illis
3511 2280 3644 2349 qui-

2074 2344 2195 2400 dem
2226 2357 2279 2401 et
2309 2349 2468 2405 saluti
2498 2354 2772 2409 contraria
2802 2356 2965 2414 licere
3006 2364 3225 2433 aggredi
3269 2375 3496 2433 statuat,
3531 2344 3639 2424 ca:-

2074 2439 2204 2494 teris
2232 2450 2413 2496 autem
2459 2443 2622 2498 saluti
2664 2455 2718 2501 et
2744 2450 3025 2508 securitati
3060 2468 3173 2508 sua:
3209 2456 3641 2523 consulentibus,

2070 2548 2176 2587 non
2232 2532 2400 2589 licere
2455 2537 2598 2605 quod
2652 2538 2723 2593 sit
2781 2541 3008 2600 rationis
3062 2546 3284 2617 eligere.
3336 2547 3528 2620 Neque
3569 2553 3643 2608 illi

2068 2621 2309 2690 quidem,
2337 2636 2558 2693 propter
2588 2643 2741 2683 suam
2772 2630 3046 2689 levitatem
3083 2646 3139 2691 et
3184 2641 3639 2707 inconstantiam,

2066 2712 2186 2767 sine
2234 2714 2340 2767 ulla
2395 2716 2602 2773 ratione
2636 2721 2900 2779 unitatem
2950 2727 3278 2796 dividentes,
3325 2733 3640 2801 opinionem

2065 2805 2367 2871 prudentiae
2402 2805 2707 2877 habebunt;
2760 2814 2852 2883 qui
2906 2830 3032 2873 vero
3074 2818 3217 2877 bane
3252 2824 3472 2878 omnino
3524 2840 3640 2880 ser-

2064 2908 2194 2949 vare
2237 2895 2540 2965 elegerunt,
2599 2903 2839 2961 deterius
2895 2912 3234 2970 consuluisse
3285 2914 3639 2973 videbuntur.

2065 2984 2235 3043 Multo
2270 2991 2415 3045 enim
2455 2993 2630 3064 magis
2664 2996 2747 3051 his
2778 2999 2868 3068 qui
2905 3001 2958 3055 in
2996 3004 3137 3059 bono
3166 3008 3389 3064 unitatis
3424 3026 3641 3080 perma-

2062 3088 2212 3142 nent,
2247 3080 2361 3135 sive
2392 3084 2557 3139 etiam
2607 3088 2675 3142 ad
2710 3089 2856 3146 illam
2901 3095 3149 3163 redeunt,
3178 3098 3267 3168 jus
3300 3110 3466 3171 atque
3496 3104 3638 3158 ratio

2060 3171 2256 3236 aderit,
2294 3189 2454 3244 quam
2494 3178 2581 3235 his
2618 3182 2711 3250 qui
2761 3194 2949 3240 contra
2981 3202 3140 3244 omne
3190 3191 3274 3246 las
3308 3208 3639 3265 omnemque

1985 3250 2029 3312 C
2060 3276 2307 3318 normam
2349 3266 2521 3323 divisa
2568 3268 2808 3328 Ecclesia
2854 3280 3215 3336 communiter
3257 3290 3312 3338 et
3355 3284 3635 3353 privatim,

2064 3356 2347 3412 seditionis
2394 3373 2458 3414 ac
2493 3360 2794 3430 divisionis,
2832 3366 3206 3439 maiorumque
3251 3375 3494 3428 onminm
3539 3390 3633 3427 au-

2063 3458 2241 3504 ctores
2275 3446 2429 3507 ﬁunt.
2459 3450 2517 3507 Si
2567 3455 2711 3510 enim
2746 3457 2831 3513 his
2862 3459 3025 3515 dividi
3067 3477 3165 3531 pro
3193 3464 3469 3522 voluntate
3500 3468 3633 3522 lice-

2063 3535 2162 3604 bit,
2199 3549 2253 3594 et
2305 3540 2415 3597 illis
2447 3544 2658 3601 ratione
2705 3546 2869 3604 licere
2918 3566 3021 3606 non
3058 3553 3223 3609 dividi
3274 3556 3513 3613 dabitur.
3569 3558 3635 3612 Et

2061 3629 2223 3684 simul
2264 3635 2610 3701 perspicuum
2648 3646 2759 3704 est,
2780 3641 2906 3710 quia
2935 3642 3077 3697 nulla
3118 3646 3356 3715 synodus
3393 3665 3632 3719 unquatu

2061 3702 2202 3775 facta
2233 3731 2338 3784 est,
2377 3722 2431 3778 in
2465 3740 2569 3794 qua
2602 3702 2932 3785 declaratum
2974 3732 3047 3787 sit
3089 3702 3398 3792 Odcidentis
3448 3740 3633 3793 Eccle-

2061 3811 2196 3868 siam
2245 3813 2550 3871 literctiCam
2592 3832 2732 3884 esse,
2766 3819 3115 3891 Romanoque
3145 3826 3412 3895 pontiﬁci,
3451 3830 3631 3885 eccle-

2060 3906 2293 3962 siasticis
2340 3909 2444 3963 sibi
2495 3910 2563 3965 ab
2610 3909 2766 3967 initio
2796 3917 3071 3972 concessis
3119 3919 3415 3989 privilegiis
3460 3920 3627 3989 iustis

2059 4001 2133 4053 uti
2168 4016 2275 4055 non
2322 4000 2519 4069 licere;
2550 4018 2723 4075 neque
2755 4004 2857 4072 illi,
2887 4006 3040 4077 juxta
3074 4010 3332 4068 Ecclesiae
3368 4014 3625 4085 antiquas

2057 4092 2390 4156 sanctiones,
2417 4108 2609 4150 omnes
2632 4097 2855 4153 obedire
2892 4109 3197 4169 oportere..'

2078 4266 2083 4269 τ
2126 4201 2225 4257 Est
2251 4219 2383 4275 ergo
2407 4205 2781 4265 irrationabile
2818 4221 2873 4267 et
2906 4212 3392 4283 inconsideratum,
3420 4219 3623 4275 discis-

2052 4293 2262 4349 siouem
2325 4297 2469 4352 nulla
2520 4300 2786 4368 probabili
2845 4306 3056 4360 ratione
3103 4308 3405 4375 suadente,
3444 4330 3624 4384 neque

2052 4387 2259 4454 synodo
2312 4386 2417 4438 ulla
2477 4399 2666 4443 contra
2722 4390 2867 4446 illam
2918 4395 3215 4452 Ecclesium
3265 4401 3374 4457 ullo
3406 4402 3457 4458 in
3500 4405 3621 4460 loco

2044 4478 2368 4531 sententiam
2394 4479 2633 4547 ferente;
2660 4496 2753 4539 eos
2784 4487 2956 4555 sequi,
2987 4504 3124 4558 quos
3156 4491 3404 4547 voluntas
3430 4505 3486 4549 et
3518 4512 3617 4563 sua

379 4572 556 4615 manu,
612 4577 666 4618 ει
730 4571 938 4628 mione
991 4577 1245 4645 pmdiws
1294 4585 1626 4651 consemire,
1671 4589 1939 4658 simulque
1970 4591 2017 4650 ι)
2046 4566 2235 4622 levitas
2268 4571 2609 4637 circumfert,
2642 4574 2885 4647 nihilque
2920 4581 3157 4635 Validum
3199 4599 3263 4639 ac
3295 4586 3618 4644 rationabile

374 4662 495 4701 cum
550 4652 652 4709 ilfis
683 4657 922 4716 abscindi
976 4666 1229 4735 voluisse,
1263 4686 1384 4725 cum
1438 4676 1579 4729 nulla
1622 4677 1671 4733 id
1706 4682 1941 4737 rationa-

372 4736 497 4793 bilis
537 4748 751 4801 occasio
782 4764 1099 4821 suggereret
1135 4774 1147 4810 :
1200 4760 1294 4813 sed
1330 4771 1426 4815 aut
1470 4764 1786 4823 divisionem
1839 4788 1937 4839 po-

373 4827 479 4883 tius
525 4832 785 4903 impedire
832 4845 1169 4912 tentavisset,
1215 4856 1355 4904 sicut
1387 4851 1600 4919 plurimi
1634 4865 1758 4912 tunc
1804 4827 1938 4917 tein-

370 4924 540 4988 poris,
594 4928 685 4994 qui
740 4946 837 4999 pro
893 4935 1122 4992 veritate
1173 4948 1227 4995 ct
1266 4940 1522 4998 Ecclesia:
1554 4951 1935 5009 communione

366 5023 678 5073 steterunt:
717 5031 810 5077 aut
847 5026 1049 5082 malitia
1092 5029 1459 5091 invalescente
1487 5040 1810 5110 exterisque
1838 5059 1934 5113 per

370 5107 665 5175 praecipitia
691 5113 967 5180 euntibus,
994 5121 1111 5185 ipse
1137 5135 1303 5190 super
1334 5132 1541 5193 petram
1571 5107 1743 5197 stans,
1768 5144 1932 5204 atque

368 5195 621 5252 unionem
670 5215 831 5269 quam
884 5205 999 5261 heri
1033 5217 1086 5263 et
1134 5212 1528 5272 nudiustertius
1558 5232 1679 5275 cum
1718 5228 1931 5282 caeteris

365 5289 584 5344 amabat
628 5302 791 5363 atque
817 5295 1142 5366 honorabat,
1178 5318 1425 5373 servans,
1464 5307 1718 5366 Ecclesia:
1746 5316 1927 5373 unitus

361 5392 506 5435 esset
537 5400 550 5436 :
587 5383 659 5437 ita
694 5396 748 5439 et
776 5404 940 5458 nunc,
978 5392 1024 5447 si
1057 5396 1178 5463 quis
1225 5412 1284 5452 se
1334 5386 1506 5463 ipsum
1563 5419 1626 5459 eo
1663 5416 1925 5479 tempore,

359 5490 468 5543 quo
507 5475 762 5535 Ecclesia:
807 5481 994 5540 divisa:
1041 5499 1187 5555 sunt,
1233 5492 1402 5548 fuisse
1457 5496 1686 5564 ﬁngens,
1722 5504 1788 5556 ad
1842 5518 1927 5559 res

356 5578 481 5618 cum
520 5569 730 5625 ratione
762 5576 1033 5643 respiciat,
1059 5579 1218 5635 saluti
1262 5594 1314 5637 et
1357 5590 1633 5645 securitati
1663 5607 1774 5649 sua:
1804 5611 1927 5665 pro—

356 5657 613 5725 Spicicns,
656 5662 803 5719 nulla
839 5668 1050 5729 ratione
1089 5672 1157 5730 ab
1205 5675 1627 5739 Occitentalium
1684 5685 1921 5744 Ecclesia

428 5842 473 5871 "
495 5841 685 5899 Matth.
713 5864 836 5914 xxv,
869 5851 961 5907 2f).

2044 4659 2305 4727 inferunt,
2359 4664 2466 4717 imo
2505 4673 2557 4719 et
2596 4665 2829 4735 plurima
2862 4671 3081 4740 quidem
3130 4673 3278 4742 ﬁdei,
3311 4678 3617 4735 catholico-

2042 4765 2269 4820 rumque
2303 4753 2607 4819 doctorum,
2664 4771 2728 4811 ex
2768 4762 3039 4829 superﬂua
3078 4773 3130 4818 et
3184 4765 3327 4819 fatua
3383 4778 3614 4823 conten-

2042 4839 2211 4908 tione,
2242 4844 2437 4911 partim
2472 4845 2751 4914 auferunt,
2778 4851 2971 4918 partim
3002 4863 3189 4909 contra
3230 4858 3440 4926 seipsos
3475 4875 3611 4915 con-

2040 4933 2177 4988 ﬁteri
2210 4945 2499 5003 coguntur.
2553 4938 2844 4997 Enimvero
2877 4945 3020 5013 quod
3052 4958 3245 5016 putant
3288 4950 3400 5015 isti,
3433 4954 3607 5022 pluri-

2037 5040 2155 5081 mos
2188 5030 2555 5086 contentionis
2586 5047 2697 5087 suae
2742 5036 2918 5091 socios
2953 5041 3238 5110 episcopos
3291 5044 3606 5111 opinionem

2035 5135 2190 5174 suam
2220 5120 2354 5176 satis
2379 5123 2663 5189 roborare,
2689 5127 2974 5184 ridiculum
2998 5143 3079 5187 est
3111 5150 3125 5188 :
3152 5136 3442 5207 quasinou
3466 5139 3607 5207 apud

2034 5208 2331 5266 Romanam
2367 5212 2660 5270 Ecclesium
2694 5219 2932 5288 episcopi
2961 5223 3126 5278 totius
3165 5226 3313 5280 orbis
3342 5228 3603 5284 ordinen-

2033 5308 2142 5367 tnr,
2178 5301 2267 5370 qui
2320 5304 2401 5357 vel
2454 5305 2760 5362 nominibus
2804 5310 2948 5378 ipsas
2993 5313 3283 5383 dignitates
3310 5330 3597 5386 exornent,

2031 5389 2275 5448 Ecclesia
2343 5395 2622 5466 antiquum
2684 5399 2930 5456 ordinem
3008 5418 3106 5471 per
3171 5408 3353 5461 omnia
3415 5422 3598 5467 custo-

2029 5484 2226 5537 dieute.

2104 5596 2278 5653 Porro
2317 5601 2361 5654 si
2396 5601 2538 5670 quis,
2568 5604 2710 5673 quod
2752 5604 2866 5664 loca
2902 5608 3014 5677 ipsa
3046 5626 3150 5666 non
3182 5620 3421 5679 teneant,
3454 5614 3597 5683 obji-

2029 5705 2151 5749 ccre
2182 5692 2332 5761 velit,
2365 5693 2595 5762 primum
2639 5697 2857 5767 quidem
2890 5715 2997 5759 non
3042 5716 3106 5757 ex
3144 5701 3263 5761 loco
3296 5706 3597 5763 sacerdotis
