3920 6548
258 431 351 493 253

1268 433 1668 494 ADVERSUS
1701 433 2021 497 GRAECOS
2054 436 2199 505 LIB.
2242 438 2346 501 IV.

3355 438 3460 501 254

258 543 465 615 dignitas
488 540 807 596 habcnlibns
831 542 1109 610 ρτοτεηῑις
1139 543 1292 597 alii"
1320 546 1463 599 enim
1490 556 1541 599 Cl
1566 546 1654 615 qui
1688 546 1785 599 ista
1816 552 1859 607 Α
1892 549 2697 622 lum'pcrtinaciterbujusmodi
2728 549 2937 606 veritati
2963 550 3196 604 indicere
3216 568 3227 604 :
3247 550 3457 615 Quanta

257 636 438 697 dicunt,
476 647 603 685 suos
629 633 912 699 episcopos
938 632 1145 697 tollent,
1195 634 1285 703 qui
1326 636 1629 689 nominibus
1655 636 1786 691 solis

253 726 573 795 participant,
625 724 782 777 rebus
835 725 1028 794 privati
1065 743 1081 783 :
1120 726 1391 797 simulque
1434 730 1500 780 ab
1548 728 1636 781 illo
1667 730 1784 796 epi-

253 820 504 883 scopatum
538 812 811 879 consequi,
848 827 878 864 a
924 829 1030 882 quo
1063 824 1116 867 et
1159 815 1278 868 aliis
1309 816 1561 870 omnibus
1596 832 1781 871 sacer-

253 905 363 958 dotii
390 902 617 969 dignitas
660 913 760 964 est.
798 914 968 956 totum
1007 905 1251 971 profecto
1279 907 1436 960 valet.
1484 906 1690 962 Deinde
1729 917 1786 962 et

249 998 323 1065 qni
354 996 589 1047 ridentur
618 996 829 1049 tbronis
858 996 1165 1064 prmsidere,
1205 1012 1234 1050 a
1265 998 1459 1067 quibus
1494 1001 1785 1053 nominau-

248 1100 339 1151 tur,
377 1084 685 1154 dignitatem
725 1086 857 1140 solis
906 1088 1215 1142 nominibus
1251 1091 1371 1143 sino
1423 1092 1584 1144 rebus
1629 1092 1789 1144 ador-

247 1189 512 1240 nant,cum
556 1175 809 1231 civitates
842 1177 969 1246 ipszc
1021 1187 1145 1233 ante
1185 1179 1476 1246 plurimum
1529 1183 1787 1249 temporis

244 1270 299 1321 ab
325 1265 616 1322 inﬁdelibus
639 1276 806 1336 captae
845 1282 910 1323 ac
946 1270 1046 1323 sub
1073 1271 1263 1341 jngunt
1306 1272 1484 1327 missae
1520 1282 1663 1326 sunt.
1706 1273 1782 1326 Ex

244 1376 332 1427 quo
385 1361 437 1411 lit
494 1368 554 1411 ut
622 1360 897 1430 imperitia
952 1363 1175 1427 sensim,
1233 1373 1287 1417 et
1341 1364 1676 1430 rusticitate,
1734 1373 1803 1419 eti

174 1498 181 1513 ε
242 1465 409 1505 cetera
467 1465 681 1504 morum
738 1452 1087 1522 corruptione
1132 1463 1434 1518 crescente,
1467 1469 1533 1508 ne
1577 1456 1785 1525 simpli-

245 1548 435 1608 cissima
470 1546 689 1610 quidem
740 1544 864 1599 ﬁdei
898 1548 1035 1614 apud
1063 1545 1186 1601 illos
1216 1549 1519 1602 rudimenta
1556 1563 1787 1602 noscan-

242 1650 342 1697 tur,
372 1635 689 1703 nominaque
717 1636 915 1703 potius,
945 1650 1105 1706 quam
1136 1652 1192 1691 re
1219 1637 1510 1693 Christiani
1544 1638 1613 1692 ibi
1650 1640 1785 1692 sint.

297 1729 342 1780 Si
376 1729 528 1794 igitur
555 1729 662 1781 hos
711 1728 913 1784 habere
953 1732 1247 1785 concordes
1282 1746 1537 1801 magnum
1582 1730 1781 1800 aliquid

241 1820 294 1872 ad
323 1819 634 1872 divisionem
664 1819 837 1884 valet;
867 1828 920 1874 et
954 1817 1265 1875 Occidentis
1300 1822 1542 1877 Ecclesia
1590 1823 1788 1877 nihilu-

243 1912 389 1963 minus
425 1915 646 1964 easdem
704 1926 802 1979 pro
851 1926 910 1967 se
959 1914 1218 1981 proferet,
1271 1924 1437 1984 atque
1486 1930 1551 1971 eo
1592 1917 1783 1987 magis,

245 2018 328 2071 quo
355 2010 400 2054 et
434 2000 693 2057 doctores
734 2008 920 2057 sacros
951 2019 1046 2074 pro
1084 2020 1141 2059 se
1176 2005 1418 2061 habent:
1460 2016 1514 2060 et
1549 2006 1651 2076 ipsi
1690 2023 1785 2076 per

246 2108 307 2153 se,
336 2092 394 2144 de
420 2092 626 2160 quibus
675 2093 981 2161 culpantur,
1015 2097 1276 2151 rationem
1337 2094 1500 2152 facile
1555 2098 1784 2152 reddere

211 2191 471 2251 \pnssunt:
508 2184 778 2251 quocirca
822 2201 979 2241 nemo
1013 2201 1124 2241 sua:
1151 2186 1343 2242 salutis
1380 2189 1595 2251 avidus,
1620 2190 1784 2258 eliget

257 2292 335 2327 una
366 2292 473 2330 cum
521 2278 644 2331 suis
696 2277 887 2344 dividi,
938 2278 1135 2348 partim
1185 2279 1401 2349 quidem
1458 2295 1781 2351 persuasum

249 2365 433 2428 liabt'lls,
475 2363 741 2420 Ecclesiae
786 2381 882 2436 per
908 2368 1087 2422 omnia
1119 2369 1599 2440 obtemperandum
1635 2386 1779 2436 esse,

241 2469 284 2509 et
323 2457 401 2523 qui
438 2473 540 2510 non
587 2458 943 2528 obtemperet,
974 2474 1099 2514 eum
1152 2461 1293 2515 inter
1338 2462 1588 2517 ethnicos
1618 2462 1783 2531 proji-

237 2549 492 2612 ciendum;
555 2551 762 2617 partim
810 2564 975 2612 vero.
1032 2550 1431 2607 confessionem
1484 2553 1552 2608 de
1599 2556 1777 2610 sancti

239 2642 439 2709 Spiritus
475 2642 836 2711 processione
862 2657 927 2697 ex
974 2642 1135 2699 Patre
1160 2652 1214 2698 et
1244 2644 1401 2709 Filio,
1439 2646 1685 2713 plurimis
1712 2663 1781 2702 ex

237 2734 347 2786 locis
373 2747 543 2786 veram
587 2747 730 2800 esse,
772 2744 827 2790 et
855 2735 1020 2789 saluti
1053 2736 1409 2791 necessariam
1435 2737 1780 2795 animadver-

236 2838 351 2879 tens.

293 2917 483 2982 Quibus
518 2919 799 2974 veraciter
824 2934 887 2974 ac
920 2920 1147 2976 firmiter
1181 2921 1464 2991 subjectis,
1506 2939 1779 2995 nunquam

236 3009 449 3077 profecto
480 3011 640 3065 circa
683 3012 958 3067 exteriora
1006 3015 1314 3069 turbabitur
1348 3016 1507 3085 hujus
1535 3017 1780 3072 veritatis

231 3102 497 3156 studiosus.
539 3101 689 3158 Aliis
730 3103 945 3173 quidem
978 3114 1195 3174 propter
1228 3108 1671 3163 consuetudinem
1710 3112 1777 3165 ab

1886 642 2083 698 divinae
2111 643 2497 713 indignationis
2534 643 2968 697 animadversio?
2995 653 3196 711 quanta
3235 644 3457 695 damna-

1888 733 1956 788 tis
1990 735 2074 789 his
2100 735 2190 801 qui
2226 743 2480 790 auctores
2511 733 2764 789 falsitatis
2794 733 3225 803 przecesserunt?
3251 742 3457 801 quanta

1890 828 2016 881 item
2048 829 2402 897 sequentibus
2432 827 2709 881 inferenda
2744 827 2863 881 est?
2892 827 2981 896 qui
3012 839 3275 895 quantum
3318 824 3370 876 in
3401 838 3461 878 se

1888 929 1993 984 est,
2046 931 2333 971 commune
2385 932 2601 987 corpus
2640 918 2903 971 Ecclesia
2966 918 3231 979 dividunt,
3288 928 3460 981 seque

1888 1010 2037 1081 ipsos
2090 1010 2272 1063 lacera
2298 1009 2568 1065 Ecclesia:
2613 1008 2852 1063 membra
2889 1008 3225 1062 constituunt
3270 1024 3285 1060 :
3334 1006 3456 1060 Non

1886 1102 2058 1155 solum
2114 1103 2272 1161 enim.
2331 1102 2525 1170 inquit.
2559 1101 2649 1169 qui
2697 1100 2840 1153 mala
2894 1098 3233 1170 faciuul,sed
3273 1107 3323 1153 et
3367 1098 3459 1165 qui

1886 1195 2042 1246 malis
2094 1195 2446 1257 consentiunt,
2501 1192 2651 1263 digni
2702 1200 2827 1245 sunt
2878 1201 3042 1244 morte
3074 1192 3144 1246 ’⁸.
3201 1188 3335 1243 Nam
3390 1192 3458 1242 de

1888 1286 2060 1339 otioso
2109 1286 2259 1338 verbo
2310 1285 2573 1338 rationem
2624 1281 2886 1337 reddituri
2928 1295 3113 1334 sumus
3134 1278 3220 1333 ’δε
3257 1288 3311 1333 et
3342 1279 3457 1331 sine

1886 1378 1993 1447 [ide
2044 1376 2287 1445 possibifc
2335 1393 2436 1428 non
2472 1386 2548 1430 est
2578 1376 2787 1445 placere
2842 1374 2971 1439 Deo,
3020 1383 3078 1426 ιιι
3126 1372 3199 1426 ait
3251 1371 3455 1424 Paulus

1887 1470 2161 1539 apostolus
2202 1470 2269 1523 ⁸⁵.
2323 1466 2387 1519 Et
2437 1485 2603 1521 crocus
2652 1469 2698 1523 si
2746 1481 2942 1521 ca'cunt
2988 1466 3169 1523 ducat,
3212 1461 3361 1515 ambo
3398 1461 3455 1512 in

1890 1562 2093 1630 foveam
2126 1561 2320 1614 cadunt
2345 1560 2425 1623 ";
2458 1568 2715 1627 quantum
2770 1558 2821 1611 in
2873 1554 3176 1625 hnjnsmodi
3215 1551 3457 1607 caecitate

1892 1650 2196 1722 periculum
2238 1651 2345 1705 illis
2382 1665 2502 1703 esse
2542 1648 2894 1709 arbitramur.
2939 1647 3027 1716 qui
3063 1656 3207 1701 tanta
3240 1644 3456 1698 levitate

1888 1745 2160 1807 feruntur,
2195 1756 2256 1795 ac
2294 1742 2529 1794 maxime
2559 1740 2795 1808 prmlatis
2827 1739 3100 1801 Ecclesiae,
3144 1750 3276 1804 quos
3312 1736 3454 1806 vigi-

1894 1837 2005 1891 lare
2034 1850 2131 1905 pro
2172 1833 2294 1887 aliis
2324 1831 2522 1885 Paulus
2561 1830 2788 1893 monuit,
2837 1839 3023 1897 utpote
3058 1828 3321 1881 rationem
3355 1840 3455 1896 pro

1819 1923 1858 1979 Β
1889 1929 1995 1985 illis
2045 1925 2349 1981 reddituros
2388 1922 2435 1955 ”
2476 1937 2489 1975 ε
2527 1931 2578 1975 et
2627 1937 2653 1973 a
2688 1922 2903 1989 quibus,
2954 1920 3054 1974 nisi
3096 1919 3452 1989 vigilaverint,

1883 2022 2111 2076 aliorum
2166 2015 2408 2086 sanguis,
2449 2014 2603 2084 juxta
2652 2014 2947 2084 Scriptura:
2987 2013 3330 2076 sententiam,
3364 2016 3432 2067 re

1884 2114 2133 2181 quirelur
2163 2109 2252 2161 ’⁸7

1955 2202 2326 2273 Rccogitanda
2367 2203 2494 2257 item
2531 2207 2613 2255 est
2644 2198 2960 2254 Scribarum
3020 2195 3452 2251 Pharismorum-

1883 2310 1991 2365 que
2022 2294 2435 2357 condemnatio;
2475 2293 2617 2361 quod
2649 2304 2821 2359 neque
2854 2289 2952 2360 ipsi
2988 2287 3448 2358 ingrediebantur,

1882 2397 1939 2443 ct
1985 2387 2076 2457 qui
2124 2385 2417 2439 voluissent
2451 2382 2684 2454 ingredi,
2733 2382 2873 2437 viam
2911 2380 3156 2435 veritatis
3199 2378 3453 2448 prohibe-

1884 2478 2107 2533 bant”.
2160 2476 2216 2530 Si
2252 2485 2428 2530 autem
2474 2475 2906 2545 Chrysostomus
2952 2468 3295 2526 beatissimus
3350 2484 3449 2538 pro

1884 2566 2057 2620 vidua:
2097 2565 2218 2635 jure
2250 2566 2304 2618 in
2361 2573 2568 2618 tantum
2622 2574 2810 2617 contra
2870 2560 3099 2631 injurias
3147 2558 3447 2626 potentium

1883 2660 2141 2728 perstitit,
2190 2669 2247 2710 ut
2299 2666 2352 2710 et
2407 2659 2533 2711 sede
2573 2663 2627 2709 et
2685 2654 2904 2708 civitate
2955 2653 3245 2721 fugaretnr,
3290 2649 3447 2719 quasi

1883 2750 2149 2821 quispiam
2212 2748 2430 2816 iniquus
2463 2755 2515 2799 et
2550 2745 2793 2814 perditus
2828 2759 2842 2801 :
2893 2742 3164 2814 quomodo
3198 2756 3303 2794 non
3350 2755 3448 2809 pro

1880 2840 2004 2911 jure
2057 2838 2301 2893 veritatis
2352 2853 2415 2892 ac
2470 2836 2589 2889 fidei
2649 2834 2829 2889 omnia
2881 2842 2934 2887 et
2987 2834 3167 2887 facere
3225 2840 3282 2887 et
3333 2830 3446 2901 pati

1886 2941 2129 3002 prompte
2163 2940 2214 2985 et
2243 2930 2498 2983 alacriter
2527 2927 2823 2982 convenit?
2866 2925 3001 2994 imo,
3038 2924 3308 2993 quomodo
3338 2938 3447 2977 non

1885 3022 2264 3079 imitari-decet
2286 3033 2538 3075 sanctum
2580 3019 2958 3081 Athanasium,
2987 3017 3076 3086 qui
3114 3032 3235 3071 cum
3264 3030 3362 3084 per
3390 3015 3445 3068 id

1886 3115 2145 3181 temporis
2190 3113 2403 3177 Oriens,
2452 3122 2614 3181 atque
2664 3110 2931 3166 Occidens
2960 3111 3023 3164 de
3052 3108 3364 3163 substantia.-
3390 3115 3445 3160 et

233 3192 366 3244 initio
406 3192 725 3257 concessis;
777 3192 899 3245 aliis
946 3207 1070 3247 vero
1102 3195 1225 3247 item
1268 3193 1587 3258 immutatis,
1636 3196 1778 3249 sicut

1889 3223 2117 3268 persona:
2164 3206 2380 3260 nomine
2408 3205 2781 3269 contenderet,
2815 3203 3008 3272 hisque
3048 3200 3269 3272 syllabis
3310 3199 3447 3254 ﬁnes

235 3294 279 3339 et
312 3287 360 3339 in
402 3285 613 3355 legibus
644 3285 895 3341 civilibus
932 3287 1215 3357 contingit,
1249 3288 1371 3341 ideo
1413 3288 1555 3357 quod
1586 3303 1783 3361 secun-

236 3376 345 3429 dum
374 3387 615 3446 tempora
650 3376 784 3430 alias
814 3377 969 3433 aliter
997 3376 1202 3447 aliquid
1232 3378 1460 3445 eluceat,
1494 3382 1636 3447 quod
1671 3381 1781 3434 rei-

236 3469 440 3536 publica
469 3469 749 3538 expediat.
783 3468 933 3524 Sicut
958 3469 1124 3525 etiam
1156 3472 1348 3525 medici
1380 3472 1590 3526 vivendi
1615 3473 1782 3526 ratio-

237 3575 341 3615 nem
375 3560 504 3615 alias
531 3560 700 3613 aliam
728 3569 994 3625 statuunt,
1028 3571 1085 3615 ut
1117 3562 1219 3616 illis
1241 3577 1330 3616 ars
1380 3576 1477 3631 pro
1514 3565 1778 3617 utentium

236 3651 443 3706 utilitate
491 3648 807 3707 dictaverit.
863 3650 989 3705 Huic
1038 3662 1219 3707 autem
1275 3653 1476 3707 nullam
1516 3654 1782 3709 inducunt

234 3741 341 3797 fidei
376 3743 802 3812 corruptionem.
841 3740 1032 3797 Nullus
1082 3744 1225 3797 enim
1276 3759 1510 3813 unquam
1560 3755 1781 3814 propter

234 3835 479 3887 exteriora
508 3834 643 3899 ista,
670 3830 1075 3902 quomodolihet
1106 3849 1165 3888 se
1189 3835 1443 3899 habeant,
1471 3836 1586 3891 sive
1614 3836 1777 3891 etiam

234 3940 433 3996 propter
464 3928 915 3984 consuetudinem
962 3930 1196 3999 aliquam
1244 3942 1303 3985 ut
1332 3932 1617 3986 haereticus
1648 3906 1782 3986 insi-

234 4020 443 4074 mttlatus
475 4028 582 4073 est.

292 4111 446 4179 Igitur
484 4129 613 4167 cum
646 4114 970 4169 sententiam
1003 4116 1069 4171 de
1112 4125 1303 4171 saneto
1336 4115 1540 4184 Spiritu
1596 4116 1667 4169 ita
1715 4129 1777 4171 se

234 4200 433 4267 habere,
478 4214 536 4258 ut
569 4205 737 4259 sentit
782 4205 1145 4260 Occidentalis
1200 4206 1465 4271 Ecclesia,
1529 4204 1777 4277 plurimis

208 4290 509 4349 ‘rationibus
540 4304 823 4350 ostensum
851 4297 943 4357 sit,
964 4296 1167 4365 justum
1201 4297 1442 4365 profecto
1472 4313 1577 4351 non
1610 4306 1715 4363 εει,
1744 4312 1775 4350 a

234 4386 387 4447 rapite
430 4387 593 4438 veluti
624 4387 938 4452 languente.
982 4389 1125 4455 ipsos
1158 4390 1386 4455 primum
1432 4390 1575 4442 circa
1613 4387 1772 4442 fidem

1884 3310 2041 3354 terra!
2071 3298 2251 3351 collidi
2285 3297 2745 3364 periclitarentur,
2779 3293 3011 3347 medium
3059 3307 3118 3346 se
3163 3289 3444 3359 objicieus,

1884 3399 2144 3456 uirosque
2183 3386 2433 3455 placavit,
2472 3384 2753 3454 indignum
2788 3391 2981 3451 putans
3029 3395 3121 3436 eos
3170 3378 3237 3433 de
3267 3379 3445 3433 nomi-

1882 3480 2053 3539 nibus,
2096 3476 2401 3544 digladiari,
2437 3489 2557 3543 qua
2609 3472 2677 3526 ad
2728 3471 2971 3525 eamdem
3032 3468 3442 3539 intelligentiam

1880 3572 2081 3634 ferunt,
2110 3570 2209 3624 etsi
2243 3567 2683 3638 pronuntiatione
2710 3563 2927 3618 differre
2957 3563 3263 3617 videantur.
3290 3560 3443 3626 Quod

1881 3662 1930 3716 si
1972 3670 2170 3731 praeter
2212 3659 2552 3715 dilectionem
2610 3656 2877 3709 tradidero
2923 3670 3114 3722 corpus
3148 3668 3344 3715 meum,
3387 3659 3448 3703 ut

1884 3754 2095 3817 ardeat,
2129 3752 2260 3806 nihil
2289 3750 2417 3805 mihi
2457 3748 2670 3819 prodest
2701 3748 2741 3813 ⁸,
2779 3756 2832 3801 et
2861 3761 2979 3815 qua:
3010 3745 3121 3799 illic
3160 3743 3226 3797 de
3267 3740 3448 3797 chari-

1884 3856 1995 3902 tate
2021 3846 2157 3901 dixit
2185 3842 2479 3913 Apostolus
2504 3858 2519 3896 :
2560 3839 2833 3910 quomodo
2862 3844 3035 3891 tutum
3068 3850 3193 3890 esse
3226 3832 3444 3902 poterit,

1882 3939 1968 3994 bis
2002 3939 2094 4008 qui
2132 3948 2167 3989 ιι
2196 3934 2631 3989 Christianorum
2660 3944 2822 4000 grege
2848 3942 2955 3982 non
2995 3926 3169 4007 solum
3202 3924 3450 3977 dividun-

1884 4041 1992 4095 tur,
2019 4044 2203 4084 verum
2238 4036 2291 4081 et
2334 4026 2399 4079 de
2431 4024 2534 4079 fide
2571 4032 2759 4079 contra
2792 4036 3009 4074 omnem
3043 4019 3307 4074 rationem
3346 4015 3450 4070 ini-

1882 4120 2175 4177 micissime
2220 4118 2287 4171 ab
2324 4117 2406 4171 eis
2444 4114 2750 4169 dissident?

1954 4212 2216 4278 Utriuque
2242 4208 2419 4280 igitur.
2452 4222 2546 4271 pro
2577 4207 2824 4263 veritate.
2852 4218 3056 4272 proque
3087 4210 3269 4255 nostra
3304 4200 3446 4267 ipso-

1880 4322 1995 4360 rum
2024 4302 2490 4363 seettritate,circa
2511 4297 2561 4351 id
2589 4297 2732 4366 quod
2780 4296 3188 4363 cxpedit,omne
3208 4292 3446 4345 studium

1877 4409 2197 4460 omnemque
2225 4390 2555 4459 diligentiam
2587 4390 2873 4441 ostendere
2906 4398 3128 4439 necesse
3152 4390 3233 4437 est
3266 4398 3280 4434 :
3316 4381 3448 4434 nihil

233 4485 543 4541 a-grotantcs
587 4478 895 4544 praescindi,
940 4489 1103 4546 atque
1151 4478 1224 4532 ita
1269 4480 1335 4531 de
1379 4480 1627 4533 maximis
1658 4482 1776 4534 sine
1809 4478 1855 4537 Ι)
1882 4484 2178 4541 inventioni
2228 4482 2336 4535 veri
2396 4478 2774 4550 pra-ferendo,
2830 4490 3002 4544 neque
3055 4476 3105 4527 id
3172 4472 3446 4542 patiendo,

235 4568 419 4618 ratione
470 4569 792 4636 periclitari.
826 4567 1019 4622 Mirum
1072 4571 1215 4623 enim
1248 4580 1352 4634 cst,
1385 4571 1430 4623 si
1478 4574 1600 4639 quis
1642 4572 1779 4626 adeo

236 4653 292 4703 sit
334 4657 523 4721 audax,
576 4666 632 4709 ut
667 4672 789 4710 cum
827 4666 973 4710 tanta
1027 4659 1159 4721 sint,
1202 4674 1321 4728 qua:
1368 4662 1437 4713 ad
1490 4662 1775 4714 utilitatem

234 4747 560 4812 compellunt,
608 4747 722 4814 ipse
759 4763 863 4801 non
897 4747 1075 4803 solum
1109 4749 1299 4813 dividi,
1344 4753 1437 4805 sed
1472 4762 1521 4805 et
1558 4751 1775 4820 opinio-

235 4848 315 4886 nes
345 4838 574 4890 maxime
601 4840 905 4894 contrarias
935 4840 1150 4906 tuendo,
1180 4841 1247 4896 de
1288 4857 1385 4896 sua
1430 4843 1610 4898 salute
1656 4857 1778 4912 spe-

236 4939 341 4979 rare
372 4931 589 4982 audeat.
635 4928 941 4984 Suﬂiciebat
984 4931 1128 4987 enim
1162 4933 1229 4987 ad
1280 4932 1601 5001 periculum,
1651 4947 1780 5002 pro-

237 5024 341 5086 pter
386 5022 717 5089 superbiam,
772 5023 853 5076 vel
909 5022 1068 5077 aliam
1127 5024 1419 5093 quamlibet
1472 5022 1777 5092 ltujusmodi

238 5123 433 5187 causam
464 5112 719 5167 Ecclus-he
748 5128 854 5167 non
889 5114 1345 5183 obtemperando,
1377 5113 1446 5167 ab
1482 5098 1594 5183 ipsa
1620 5129 1781 5183 sepa-

239 5199 354 5252 rari.
412 5202 481 5255 At
529 5218 680 5282 vero,
734 5206 798 5257 dc
829 5205 1177 5273 proccssioue
1222 5206 1395 5260 sancti
1437 5206 1672 5273 Spiritus
1711 5205 1779 5260 ab

240 5289 338 5357 ipsa
365 5292 753 5362 dissentiendo,
778 5307 998 5366 propter
1028 5298 1168 5351 hanc
1195 5300 1429 5353 maxime
1456 5300 1775 5352 sententiam

240 5379 423 5446 dividi;
470 5400 630 5452 quam
663 5386 753 5454 qui
804 5395 983 5456 negat,
1027 5402 1250 5442 necesse
1290 5398 1374 5444 est
1424 5397 1479 5443 ut
1523 5390 1777 5455 plurima,

240 5487 341 5540 qua:
367 5475 430 5530 de
461 5477 565 5533 fide
604 5495 863 5533 concessa
913 5492 1061 5543 sunt,
1096 5480 1259 5535 simul
1313 5490 1489 5549 neget,
1526 5493 1585 5535 ut
1612 5496 1776 5550 supe-

243 5563 340 5618 rius
368 5566 719 5623 monstratum
752 5584 853 5638 est,
889 5582 940 5626 et
982 5588 1077 5639 per
1108 5572 1249 5626 hanc
1300 5572 1619 5625 divisionem
1668 5573 1783 5627 bcl-

304 5768 344 5800 ”
367 5772 516 5825 Rom.
553 5790 593 5832 ι.
629 5776 717 5829 32.
794 5778 838 5807 ⁸⁵
872 5776 1057 5829 Matth.
1094 5793 1188 5837 xu,
1213 5777 1302 5830 56.

247 5777 593 5856 nn"l{_om.ut.
794 5778 838 5807 ”
872 5777 1057 5856 Matth.
1094 5777 1302 5856 utﬁt}.
1380 5779 1425 5808 ”
1449 5777 1609 5831 liebr.
1652 5794 1722 5843 x1,
1748 5777 1801 5834 6.

247 5835 323 5890 ΞΟ.
395 5844 438 5873 ’θ
506 5843 687 5900 Matth.
754 5862 911 5907 xsm.
972 5848 1049 5902 l5.

1134 5853 1146 5878 ‘
1182 5848 1198 5900 l
1235 5848 1357 5903 Cur.
1394 5865 1511 5907 aut.
1552 5851 1605 5903 5.

1883 4579 2025 4649 quod
2080 4573 2373 4644 tnulti,qui
2428 4574 2697 4625 exteriora
2754 4566 3089 4622 incommoda
3148 4576 3202 4621 et
3253 4567 3448 4619 damna

1886 4671 2311 4741 pertimescunt,
2358 4675 2520 4731 atque
2556 4662 2697 4725 ideo,
2751 4670 2938 4714 contra
2996 4659 3223 4712 salutem
3291 4671 3445 4710 suam

1886 4764 2118 4817 scientes
2170 4772 2234 4813 ac
2279 4758 2567 4826 prudentes
2604 4762 2854 4821 pergunt,
2894 4749 3243 4803 stolidissime
3295 4761 3447 4808 sane,

1884 4851 2163 4905 vilissimis
2211 4852 2611 4902 rebus‘tautam
2656 4859 2789 4906 rem,
2820 4843 3061 4910 adeoque
3092 4839 3449 4895 necessariam

1888 4941 2209 5009 prodentes,
2264 4936 2418 5003 quasi
2482 4936 2587 4989 Deo
2639 4934 2799 4987 etiam
2865 4932 3009 4985 vires
3059 4940 3271 4982 nostras
3319 4928 3448 4982 ali‘e~

1886 5038 2113 5095 ctusque
2168 5026 2344 5077 cordis
2400 5024 2710 5091 ignorante;
2776 5021 2871 5075 sed
2928 5018 3069 5072 ultro
3126 5018 3302 5086 potius
3352 5031 3449 5069 nos

1886 5098 2217 5185 ingerendo,
2267 5124 2431 5183 atque
2484 5113 2549 5166 ad
2602 5113 2737 5166 alios
2778 5110 3204 5180 proﬁciscendo,
3242 5106 3286 5158 si
3322 5105 3449 5173 quid

1888 5212 2025 5263 forte
2056 5209 2121 5263 de
2152 5217 2301 5261 tanta
2336 5221 2390 5260 re
2412 5207 2691 5259 commode
2722 5203 2961 5272 proferre
2992 5203 3217 5271 possint.

1956 5300 2113 5354 Omni
2151 5301 2314 5368 igitur
2348 5298 2731 5366 anticipatione
2771 5295 2947 5358 liberi,
2984 5303 3145 5361 atque
3184 5292 3253 5344 ab
3300 5289 3448 5344 omni

1890 5391 2250 5446 contentionis
2300 5389 2430 5442 vitio
2487 5387 2699 5451 remoti,
2737 5386 2966 5453 fretique
3016 5386 3103 5437 υρί
3158 5382 3448 5450 adjutorie,
3508 5402 3517 5409 -

1892 5485 2025 5538 nihil
2054 5484 2370 5536 omittamus
2402 5482 2693 5547 diligentia:
2725 5499 2737 5533 :
2780 5480 3021 5546 iniquum
3082 5490 3213 5529 sane
3265 5474 3447 5527 existi-

1890 5586 2117 5643 mantes,
2147 5576 2364 5631 humani
2399 5574 2634 5649 quidem,
2685 5572 2812 5626 lucri
2862 5570 3056 5641 gratia,
3100 5569 3251 5635 longa
3281 5566 3449 5621 maris

3047 5772 3092 5803 ’³
3130 5770 3324 5825 Ezcclt.
3360 5784 3448 5834 ιιι,

1882 5777 2139 5831 “Matth.
2172 5794 2260 5842 xv,
2297 5778 2383 5833 ii.
2459 5777 2502 5807 "
2535 5774 2695 5829 licbr.
2758 5789 2879 5839 xm,
2918 5773 2971 5827 7.
