3920 6610
371 477 487 543 255

1629 458 2026 524 MANUELIS
2050 459 2356 521 CALEC/E

3501 445 3605 508 256

372 568 542 640 spatia
592 571 923 622 mercatores
967 561 1242 630 navigare,
1272 557 1554 615 veritatem
1579 564 1758 611 autem
1790 553 1936 619 ﬁdei,

2060 575 2173 637 lixi,
2232 578 2440 628 remoto
2479 567 2849 627 contentionis
2886 565 3089 630 studio,
3137 574 3259 633 qua:
3301 557 3442 616 dicta
3478 568 3605 614 sunt

375 668 525 715 tanto
543 664 764 728 propter
787 656 932 711 illam
959 650 1193 708 conﬂato
1216 649 1380 717 bello,
1413 647 1691 718 praeterire
1711 663 1732 700 ι
1763 660 1939 716 neque

280 758 283 761 '
374 751 541 819 hujus
588 747 974 807 inventionem,
1010 742 1240 825 ejusque
1297 741 1528 801 lucrum.
1578 737 1832 808 plurimis
1880 744 1939 793 et

374 841 620 912 pecuniis
674 848 731 895 et
787 836 1064 893 laboribus
1116 848 1462 906 praeponere,
1522 831 1759 891 maxime
1815 844 1939 884 cum

375 939 594 1001 prnpter
634 930 773 983 hanc
804 927 912 981 vita
947 926 1100 981 nobis
1129 934 1331 983 aeterna
1362 924 1665 994 proveniat,
1698 920 1790 989 qui
1819 918 1941 973 ﬂuis

373 1037 459 1082 est
487 1021 680 1077 divina:
707 1008 853 1077 circa
899 1020 1187 1079 humanam
1218 1025 1468 1073 naturam
1502 1011 1940 1084 dispensationis.

374 1113 832 1184 Quemadmodum
855 1111 998 1167 enim
1022 1111 1114 1181 qui
1149 1124 1251 1167 non
1282 1106 1466 1172 credit,
1506 1108 1627 1175 jam
1668 1105 1942 1172 judicatus

375 1209 511 1270 σιμ.
555 1205 681 1261 hinc
723 1203 872 1259 enim
921 1202 1033 1272 jam
1084 1198 1450 1259 damnationis
1495 1196 1706 1252 initium
1735 1194 1942 1259 sumit,

376 1308 435 1357 et
483 1298 579 1369 qui
626 1280 858 1365 ignorat,
882 1291 1214 1364 ignorabitur
1237 1290 1258 1324 ³
1287 1307 1301 1346 :
1331 1289 1407 1345 ita
1458 1287 1557 1343 Dei
1599 1288 1656 1342 in
1694 1287 1797 1342 hac
1833 1284 1945 1339 vita

378 1387 781 1457 contemplatio,
815 1385 1057 1440 futuram
1082 1382 1237 1438 nobis
1268 1379 1553 1451 pollicetur
1581 1393 1598 1443 ;
1632 1384 1688 1431 et
1711 1375 1797 1432 his
1825 1389 1947 1445 qum

383 1466 450 1537 de
484 1481 593 1536 Deo
625 1480 714 1534 hic
739 1480 1059 1539 creduntur,
1082 1483 1137 1535 et
1164 1482 1222 1529 ut
1248 1472 1502 1543 possibile
1523 1478 1625 1536 est,
1650 1457 1948 1539 apprehen—

381 1574 604 1637 duntur,
639 1570 856 1626 carneis
901 1568 1091 1625 solutis
1138 1564 1391 1632 nexibus,
1427 1562 1674 1619 veritatis
1704 1558 1949 1617 succedit

382 1658 747 1734 pulchritudo.
795 1659 1194 1728 Enigmatibus
1264 1656 1482 1726 quidem
1533 1652 1791 1719 veritati;
1843 1652 1950 1707 fido

382 1767 514 1810 vero
549 1760 603 1806 et
635 1764 732 1820 spe
760 1764 940 1805 rerum
972 1745 1292 1805 substantia;
1343 1742 1693 1811 cedentibus,
1724 1740 1949 1813 speculo

383 1843 547 1913 hujus
573 1841 817 1910 corporis
842 1841 1041 1896 soluto.

2042 666 2237 734 legere,
2267 665 2474 719 intente
2502 662 2653 716 velit.

2042 776 2051 782 ·
2109 753 2369 810 Obtestor
2401 761 2582 807 autem
2638 758 2695 808 et
2722 762 2914 805 moneo
2941 759 3129 819 omnes
3156 743 3248 813 qui
3278 742 3380 797 ista
3414 741 3603 796 lecturi

2041 848 2170 907 sint,
2216 859 2283 899 ne
2320 844 2498 900 ferant
2543 846 2802 912 graviter,
2830 841 2875 896 si
2907 836 3147 910 ejusdem
3198 850 3381 890 secum
3413 831 3600 900 patria:

2042 943 2095 992 et
2133 936 2346 1008 generis
2369 947 2490 992 eum
2528 934 2651 998 sim,
2680 933 2950 987 diversum
2980 929 3047 983 ab
3079 926 3187 982 illis
3225 927 3348 991 iter,
3377 924 3607 978 veritate

2041 1028 2380 1091 ostendente,
2408 1039 2640 1098 pergere
2668 1022 2951 1098 voluerim.
2986 1018 3249 1093 Optabam
3291 1024 3459 1078 certe,
3508 1016 3606 1068 sub

2042 1134 2152 1174 uno
2184 1125 2401 1188 pastore
2440 1096 2607 1172 unum
2652 1096 2794 1170 ovile
2845 1128 2989 1179 esse,
3027 1125 3330 1180 omnesque
3382 1104 3606 1161 vinculo

2043 1209 2347 1266 dilectionis
2393 1208 2672 1276 astrictos,
2694 1216 2763 1261 aut
2797 1206 2870 1260 ait
2895 1204 3097 1259 Paulus
3126 1201 3168 1267 δ,
3200 1201 3342 1255 idem
3374 1196 3607 1262 sentire;

2044 1316 2220 1372 neque
2248 1313 2372 1356 esse
2421 1299 2738 1366 schismata,
2770 1295 3042 1353 scandalis
3085 1307 3244 1364 quam
3295 1289 3610 1359 longissime

2046 1393 2270 1462 fugatis.
2315 1390 2406 1446 Sic
2453 1391 2595 1445 enim
2641 1398 2697 1445 et
2747 1389 2859 1458 ipse
2906 1402 3026 1443 cum
3065 1386 3278 1440 creteris
3333 1383 3390 1436 in
3440 1395 3609 1434 unum

2047 1501 2245 1557 corpus
2297 1484 2630 1554 compactis,
2680 1491 2731 1538 et
2795 1496 2961 1537 unum
3033 1487 3195 1548 caput
3265 1475 3610 1538 habentibus,

2048 1582 2286 1637 maxima
2342 1579 2524 1649 quieto
2588 1574 3041 1646 tranquillissime
3101 1571 3314 1626 fruerer
3366 1585 3380 1621 :
3435 1580 3611 1633 neque

2048 1674 2207 1730 modo
2257 1671 2521 1743 profecto,
2568 1685 2688 1723 cum
2746 1667 2927 1723 doceri
2967 1664 3173 1729 malim,
3210 1669 3264 1716 et
3320 1674 3459 1729 opus
3510 1657 3640 1710 ha-.

2046 1767 2226 1830 beam,
2250 1763 2485 1821 doctoris
2512 1760 2742 1816 oilicium
2776 1758 2906 1813 mihi
2938 1755 3157 1811 minime
3191 1751 3433 1808 omnium
3467 1762 3607 1805 cou-

2050 1855 2276 1909 vcniens
2302 1863 2597 1909 sumerem.

1062 1936 1296 1993 constat,
1328 1937 1382 1984 et
1407 1941 1502 1983 eos
1523 1926 1616 1997 qui
1648 1925 1737 1987 hic
1764 1925 1818 1981 in
1844 1893 1948 1983 fide

2118 1946 2198 2001 Ex
2246 1960 2354 2033 qu?
2387 1945 2616 1999 fortasse
2647 1956 2751 1997 non
2784 1942 3043 2003 deerunt,
3088 1938 3179 2007 qui
3223 1952 3309 1991 mc
3335 1937 3615 2005 iactantia:

385 2027 668 2093 falluntur,
697 2040 871 2096 neque
918 2038 1097 2081 veram
1135 2022 1234 2081 Dei
1263 2021 1551 2077 scientiam
1599 2033 1945 2087 consequun-

336 2162 347 2169 .
386 2130 496 2186 tur,
530 2133 597 2175 ne
647 2119 829 2173 futura
866 2116 1081 2185 quidem
1133 2113 1223 2169 illa
1256 2113 1628 2183 speculatione
1657 2110 1945 2174 fr'uituros,

387 2211 482 2269 sed
511 2208 766 2279 profanos
795 2208 932 2270 fore,
959 2204 1203 2275 atquein
1242 2202 1462 2259 sinistra
1495 2207 1650 2269 parte
1677 2200 1950 2278 collocap-

388 2303 506 2357 dos.
541 2299 598 2354 Si
633 2300 797 2370 igitur
847 2298 1037 2352 beatus
1084 2294 1393 2361 Stephanus
1423 2292 1536 2364 (89)
1574 2307 1671 2361 pro
1705 2290 1952 2347 Salvato-

388 2393 466 2451 ris
510 2392 765 2461 imagine,
798 2389 1121 2459 plurimique
1147 2401 1244 2456 per
1278 2386 1332 2440 id
1366 2384 1650 2457 temporis,
1681 2384 1851 2453 usque
1881 2382 1950 2439 ad

389 2492 617 2539 mortem
650 2482 1015 2538 constantiam
1064 2494 1215 2535 suam
1247 2474 1602 2534 ostenderunt
1636 2490 1652 2530 :
1680 2483 1736 2530 et
1778 2483 1950 2539 certe,

387 2591 514 2631 cum
550 2590 636 2631 res
669 2574 788 2643 ipsa
835 2586 940 2645 non
974 2568 1284 2625 immediate
1312 2568 1461 2623 circa
1508 2566 1666 2623 fidem
1697 2564 1958 2635 primam-

390 2682 499 2739 que
524 2665 885 2736 theologiam,
935 2661 1029 2717 sed
1078 2660 1224 2717 circa
1283 2655 1704 2728 dispensationis
1761 2654 1957 2711 divinat

390 2765 790 2813 sacramentum
823 2761 990 2815 esset,
1017 2764 1192 2823 neque
1217 2748 1399 2805 statim
1428 2747 1570 2803 circa
1606 2744 1732 2810 hoc,
1756 2743 1957 2813 injuria

389 2850 595 2918 quippe
622 2846 797 2903 solum
831 2844 899 2900 ad
932 2841 1323 2900 humanitatem
1352 2836 1689 2892 referebatur
1717 2832 1954 2898 Christi;

395 2941 571 2995 uenor
600 2937 741 2991 enim
776 2934 1055 3006 imaginis,
1087 2930 1242 3003 juxta
1273 2944 1528 2998 maguum
1563 2925 1847 2989 Basiliam,
1889 2923 1956 2978 ad

318 3033 331 3037 ’
394 3030 721 3102 primitivam
768 3026 995 3084 formam
1024 3031 1271 3097 penetrat
1312 3040 1325 3076 :
1367 3030 1559 3077 contra
1597 3026 1778 3077 tamen
1823 3018 1959 3072 ima-

395 3122 579 3194 ginum
618 3126 1017 3192 Oppugnatores
1039 3113 1400 3171 constantiam
1424 3126 1597 3182 usque
1626 3110 1693 3166 ad
1728 3118 1973 3167 mortem.

2047 2046 2103 2093 et
2130 2031 2514 2093 ostentationis
2543 2032 2858 2089 insimulent
2882 2048 2899 2099 ;
2946 2031 3203 2102 quoniam
3254 2043 3381 2083 vero
3409 2044 3619 2083 necesse

2047 2137 2144 2191 est,
2176 2136 2234 2182 ut
2281 2126 2494 2182 veniant
2545 2124 2800 2180 scandala
2842 2126 2900 2191 ';
2953 2129 3156 2191 oportet
3201 2120 3362 2183 enim,
3420 2118 3618 2189 inquit,

2048 2222 2269 2276 hiemes
2296 2234 2429 2281 esse,
2460 2226 2522 2272 ut
2552 2218 2643 2289 qui
2673 2218 2724 2271 in
2772 2215 2915 2271 vobis
2945 2215 3151 2285 probati
3195 2213 3302 2268 sint
3351 2211 3622 2272 manifesti

2050 2315 2180 2384 ﬁant
2205 2313 2250 2377 ⁸,
2291 2311 2624 2383 vigilareque
2655 2322 3094 2379 unumquemque
3141 2322 3366 2364 necesse
3396 2315 3515 2369 est,
3553 2319 3621 2360 ne

2051 2405 2301 2478 plurimis
2344 2402 2547 2474 passim
2596 2398 3015 2457 circumferatur
3057 2401 3363 2464 erroribus,
3390 2408 3441 2455 et
3497 2388 3622 2452 aliis

2052 2495 2158 2549 alia
2198 2492 2531 2555 dicentibus,
2575 2489 2691 2560 ipse
2721 2493 2846 2543 dum
2876 2488 3087 2554 nescit,
3125 2487 3342 2542 amittat
3386 2488 3566 2543 omnia
3604 2503 3620 2540 :

2053 2584 2178 2641 Sine
2210 2582 2317 2652 fide
2359 2582 2496 2635 enim
2542 2578 2864 2649 impossibile
2899 2588 2974 2632 est
3006 2574 3211 2646 placere
3259 2576 3442 2642 Deo';
3494 2587 3627 2631 tunc
3727 2642 3739 2652 .

2054 2675 2299 2744 profecto
2351 2668 2669 2742 urgentibus
2733 2668 3023 2729 scandatis.
3081 2668 3379 2739 prudentia
3434 2668 3625 2731 fuerit,

2052 2764 2203 2820 omni
2235 2761 2497 2832 temporis
2527 2760 2933 2831 anticipatione,
2969 2761 3117 2816 omni
3158 2759 3400 2830 populari
3454 2758 3590 2814 fatui
3613 2789 3626 2801 -

2057 2865 2166 2911 tate
2194 2855 2430 2920 omissis,
2469 2854 2643 2924 ipsam
2676 2854 2730 2909 in
2785 2855 2960 2924 seipsa
3009 2853 3297 2907 verborum
3333 2853 3619 2907 veritatem

2058 2947 2344 3018 inspicere,
2399 2956 2453 3002 et
2509 2946 2820 3017 diligentius
2869 2945 3243 3010 considerare,
3290 2944 3624 3019 Patrumque
3664 2973 3673 2977 -
3770 2956 3771 2963 ‘

2054 3040 2259 3112 regulis
2305 3054 2400 3111 per
2448 3039 2627 3095 o’mnia
2696 3038 2983 3104 intentum,
3040 3052 3365 3108 quocunque
3421 3038 3625 3093 veritas

2055 3132 2293 3198 duxerit,
2334 3132 2507 3202 sequi.
2543 3131 2655 3187 Hoc
2691 3131 2833 3187 enim
2869 3130 3116 3201 plurimis
3144 3132 3329 3198 etiam,
3357 3132 3449 3201 qui
3488 3147 3630 3200 prac-

397 3212 774 3269 ostenderunt.
807 3211 1064 3276 Quaenam
1115 3206 1276 3263 modo
1325 3204 1602 3270 alacritas,
1648 3202 1791 3273 quod
1841 3209 1967 3258 sui:
1988 3223 2033 3288 ο
2063 3227 2370 3287 cesserunt,
2397 3219 2653 3277 Ecclesiae
2673 3219 2967 3289 magistris,
2994 3218 3262 3290 prioribus
3293 3220 3627 3289 temporibus

397 3307 569 3369 dium,
600 3306 741 3377 quod
773 3302 963 3367 robur,
986 3314 1082 3371 pro
1105 3299 1332 3357 veritate
1359 3296 1633 3368 proposita
1666 3296 1734 3352 de
1765 3303 1958 3350 sancto

399 3397 602 3466 Spiritu
633 3395 701 3451 ab
727 3394 806 3449 eis
851 3407 947 3462 pro
980 3392 1177 3446 merito
1201 3389 1413 3449 ostendi
1455 3396 1653 3459 potest,
1691 3386 1784 3458 qui
1813 3386 1959 3441 veri-

400 3491 529 3544 tatis
554 3497 825 3544 amatores
861 3493 1013 3551 sunt,
1061 3482 1482 3551 securitatisque
1532 3494 1645 3537 suae
1670 3493 1734 3534 ac
1769 3477 1960 3557 salutis

400 3593 582 3633 curam
613 3587 828 3647 gerunt,
863 3589 960 3645 pro
990 3586 1095 3642 qua
1125 3572 1302 3628 omnis
1346 3571 1508 3635 ratio,
1556 3569 1733 3625 omnis
1757 3581 1962 3631 sermo,

401 3686 667 3742 omneque
702 3677 1106 3727 sacramentum
1140 3666 1338 3727 divina:
1379 3662 1803 3741 dispensationis
1839 3647 1962 3717 est?

474 3765 671 3829 Habes,
701 3779 821 3832 qua:
864 3762 930 3818 de
957 3758 1305 3832 processione
1336 3757 1505 3823 sancti
1545 3754 1783 3825 Spiritus
1824 3748 1965 3822 peti-

404 3859 498 3921 sti,
553 3854 814 3925 prolixius
875 3854 1113 3923 quidem,
1173 3866 1335 3922 quam
1391 3848 1546 3905 initio
1604 3846 1962 3909 institueram,

405 3945 675 4015 exposita,
696 3944 791 4003 sed
818 3957 1036 3999 ttecessa
1048 3943 1149 4007 rio,
1173 3952 1229 3996 ut
1253 3955 1397 4007 reor,
1424 3939 1542 4010 ipsa
1572 3937 1799 3995 materia
1827 3937 1969 3994 hanc

407 4037 776 4107 prolixitatem
826 4048 1171 4104 suggerente.
1202 4032 1260 4087 Si
1290 4046 1423 4102 ergo
1452 4027 1780 4086 sulIieienter
1822 4029 1967 4086 dicta

405 4138 554 4192 sunt,
580 4142 814 4198 agamus
834 4125 943 4181 Deo
984 4126 1220 4193 gratias;
1253 4125 1335 4181 sin
1367 4138 1495 4180 vero
1517 4122 1697 4181 minus
1718 4136 1879 4192 quam
1912 4129 1971 4177 ιιι

408 4220 773 4276 studiosorum
815 4217 1093 4274 industriae
1131 4218 1287 4287 plene
1327 4214 1666 4274 satisfactum
1718 4214 1811 4280 sit,
1873 4225 1971 4283 no-

407 4322 581 4365 stram
617 4310 1012 4373 infirmitatem,
1039 4324 1145 4364 non
1181 4308 1419 4363 materiae
1459 4306 1627 4376 ipsius
1658 4303 1971 4361 Sententiae.

406 4420 515 4473 que
548 4404 862 4472 dignitatem
895 4402 950 4455 in
976 4401 1133 4468 culpa
1163 4414 1284 4455 esse
1315 4400 1515 4454 sciant.
1548 4396 1642 4451 illa
1668 4399 1811 4452 enim
1845 4409 1970 4451 cum

407 4510 509 4564 per
560 4494 795 4563 seipsam
835 4507 960 4547 vera
1011 4491 1114 4554 sit,
1170 4495 1478 4545 sunt-torum
1533 4490 1695 4545 etiam
1749 4487 1966 4543 Patrum

408 4585 737 4643 testimoniis
771 4583 982 4639 nititur.
1027 4581 1266 4648 Quorum
1315 4595 1414 4636 nos
1448 4579 1775 4646 sententias,
1806 4589 1968 4649 atque

407 4676 476 4732 de
518 4676 620 4730 hac
661 4690 717 4731 re
745 4675 1081 4744 Opinionem,
1112 4684 1168 4728 ut
1198 4673 1407 4747 petisti,
1449 4682 1807 4741 exponentes,
1839 4671 1972 4726 nihil

409 4781 440 4820 a
472 4766 624 4821 nobis
658 4765 790 4834 ipsis
815 4764 1043 4830 dixisse,
1093 4764 1186 4835 qui
1232 4773 1380 4823 recte
1427 4763 1787 4832 reputaverit,
1822 4763 1973 4818 inve-

412 4859 546 4913 niet.
579 4858 890 4913 Breviorem
927 4866 1107 4913 autem
1164 4856 1217 4910 iu
1272 4854 1591 4925 exponendo
1623 4854 1811 4921 fuisse,
1842 4853 1971 4910 dum

412 4933 662 5003 celeriicr
689 4947 918 5019 Singulis
950 4947 1106 5017 quasi
1136 4944 1581 5016 supervolitaudo
1633 4945 1863 5015 negotiis
1888 4959 1974 5001 me

408 5039 671 5108 expedire
700 5042 878 5108 cupio,
906 5028 1494 5109 neque'neeessariuui
1530 5047 1660 5107 puto
1692 5038 1972 5095 immorari

409 5130 685 5198 omnibus,
720 5147 842 5186 cum
871 5130 1091 5200 plurimi
1119 5129 1285 5185 multa
1313 5131 1378 5185 de
1414 5130 1563 5186 hisce
1593 5118 1971 5194 disseruérint,

413 5221 607 5274 merito
632 5220 903 5289 quispiam
938 5218 1159 5287 culpare
1182 5217 1373 5288 possit.
1400 5220 1472 5274 Es
1508 5218 1593 5274 his
1622 5226 1826 5286 tamen,
1854 5234 1977 5290 quae

366 5312 375 5319 ‘
412 5311 555 5365 dicta
592 5322 740 5376 sunt,
774 5327 1035 5382 quorsum
1076 5310 1278 5367 veritas
1319 5312 1610 5381 propositae
1657 5312 1973 5381 quaestionis

415 5402 703 5469 respiciat,
756 5418 881 5458 cum
932 5402 1169 5463 maxime
1224 5403 1531 5460 necessaria
1577 5405 1972 5472 comprehensa

413 5492 546 5560 sint,
575 5496 827 5553 facillime
868 5496 1105 5566 conspici
1136 5498 1335 5567 poterit
1369 5513 1386 5553 ε
1418 5496 1465 5554 si
1497 5497 1681 5566 modo,
1705 5505 1766 5555 ut
1806 5496 1966 5553 initio

456 5649 507 5679 "
545 5648 703 5703 Joztn.
737 5663 817 5713 ιιι,
850 5646 937 5704 l8.
1012 5648 1074 5704 ³1
1127 5649 1253 5705 Cor.
1276 5665 1384 5716 xw,
1443 5652 1533 5707 58.
1608 5659 1630 5693 δ
1664 5652 1862 5721 Ephes.
1884 5666 1959 5716 tv,
2016 5651 2070 5705 5.

458 5733 495 5778 ι,
536 5721 607 5775 ϐω
665 5717 686 5749 ⁸
717 5717 892 5774 Galat.
916 5719 961 5778 1.
992 5720 1080 5778 10.
1156 5723 1175 5753 ’
1215 5722 1373 5777 Rom.
1406 5737 1525 5778 vttt.
1598 5725 1652 5778 6.
1729 5722 1772 5753 ¹⁰
1794 5723 1915 5778 Act.
1945 5722 2092 5778 v.29

415 5732 495 5782 XI,
536 5721 607 5775 ϐω
665 5717 686 5749 ⁸
717 5717 1080 5787 Galat.l,10,
1156 5723 1175 5753 ’
1215 5722 1373 5777 Rom.
1406 5737 1525 5789 vut,

2060 3312 2319 3383 contigit;
2352 3311 2469 3383 qui,
2497 3326 2619 3368 cum
2645 3324 2789 3382 saepe
2816 3312 2895 3366 eis
2924 3310 3126 3366 veritas
3158 3311 3315 3367 aliter
3337 3326 3397 3367 se
3422 3312 3628 3367 habere

2063 3418 2223 3473 quam
2270 3403 2573 3460 communis
2614 3412 2758 3459 esset
2788 3402 2989 3472 opinio,
3031 3403 3145 3458 visa
3192 3402 3406 3468 fuisset,
3450 3396 3633 3471 ipsius

2065 3493 2161 3546 toti
2194 3493 2417 3560 fiebant,
2447 3492 2953 3563 periciitanletnque
2984 3494 3158 3550 modis
3185 3495 3436 3549 omnibus
3464 3494 3631 3560 juva-

2064 3585 2193 3641 bant
2241 3598 2305 3639 ac
2343 3585 2665 3654 discerptum
2696 3585 3070 3641 revocabant:
3115 3575 3169 3639 ét
3216 3593 3629 3640 contemnentes

2064 3676 2266 3743 omnia,
2300 3674 2431 3745 igni,
2463 3677 2508 3731 si
2547 3690 2774 3748 necesse
2798 3687 2963 3740 esset,
2997 3690 3061 3731 ac
3090 3674 3255 3741 ferro,
3309 3676 3629 3732 dirissimiso

2066 3783 2170 3839 que
2204 3768 2483 3839 suppliciis
2523 3767 2725 3831 aﬂecti,
2776 3767 3105 3837 superabant
3144 3786 3158 3821 :
3206 3747 3367 3838 quad
3392 3778 3509 3822 erat
3542 3769 3627 3822 sui

2066 3861 2248 3930 oﬂlcii,
2275 3862 2557 3931 impleotes
2579 3861 2940 3933 posterisque,
2959 3860 3227 3927 quomodo
3254 3859 3627 3925 hujutcemocti

2068 3952 2471 4023 mergentibus
2527 3951 2762 4014 casibus,
2823 3966 2884 4006 se
2937 3964 3126 4022 gerere
3178 3951 3478 4026 deberent,
3544 3949 3629 4003 sui

2070 4027 2327 4112 exemplo
2346 4041 2782 4112 praescribentes.
2816 4040 2873 4094 Si
2913 4040 3129 4108 quidem
3158 4038 3327 4109 igitur
3370 4030 3633 4129 possibile

2068 4140 2235 4198 esset,
2270 4131 2379 4186 Deo
2413 4143 2517 4185 una
2564 4138 2618 4183 et
2649 4127 2957 4183 hominibus
2992 4128 3225 4195 placere,
3248 4127 3543 4196 optandum
3581 4129 3630 4179 l.l

2070 4225 2315 4295 profecto
2335 4223 2504 4292 magis
2532 4231 2588 4277 et
2616 4221 2977 4291 expetendum
3006 4228 3174 4285 esset,
3212 4219 3498 4286 nullusque
3527 4217 3630 4271 sibi

2074 4315 2301 4368 alterum
2342 4314 2395 4367 in
2447 4313 2547 4366 hac
2582 4326 2640 4366 re
2682 4310 2924 4381 praeferri
2959 4310 3138 4366 vellet.
3189 4308 3452 4375 Quoniam
3506 4320 3632 4361 vero

2074 4407 2283 4462 duobus
2320 4404 2580 4469 dominis,
2625 4404 2853 4457 invicem
2898 4400 3211 4464 contrariis,
3241 4402 3450 4455 servire
3512 4401 3633 4468 pos-

2074 4493 2231 4547 sibile
2261 4508 2362 4545 non
2393 4499 2478 4546 est
2509 4507 2525 4546 :
2572 4489 2634 4546 Si
2672 4492 2835 4557 enim,
2887 4491 3082 4560 inquit,
3121 4489 3416 4544 hominibus
3454 4494 3629 4558 place-

2071 4599 2203 4642 rem.
2235 4582 2428 4637 Christi
2481 4596 2657 4635 servus
2716 4596 2817 4635 non
2877 4597 3041 4635 essent
3071 4581 3092 4612 ⁸
3125 4596 3143 4645 ;
3190 4588 3291 4635 et:
3342 4579 3632 4634 Prudentia
3668 4640 3671 4641 ν

2069 4675 2266 4739 carnis,
2292 4675 2511 4728 inimica
2535 4682 2612 4727 est
2642 4672 2798 4729 Deo.”
2830 4671 3052 4727 Obedire
3080 4681 3279 4737 oportet
3305 4673 3471 4741 utagis
3507 4672 3632 4734 Deo,
3721 4668 3727 4678 ’

2067 4782 2228 4836 quam
2284 4765 2581 4821 hominibus
2613 4763 2693 4829 ";
2762 4766 3013 4834 quodque
3066 4770 3290 4819 sanctus
3340 4762 3625 4823 Maximus,

2070 4872 2193 4912 cum
2220 4871 2250 4911 a
2279 4855 2488 4911 civibus
2533 4856 2650 4911 suis
2683 4854 3093 4918 criminaretur,
3129 4852 3452 4924 prarvalcnte
3480 4851 3631 4921 'apttd

2069 4965 2165 5006 eos
2208 4948 2686 5007 Monotheletarum
2735 4949 2950 5014 haeresi,
2983 4947 3243 5017 quoniam
3296 4944 3627 5001 Occidentaii

2073 5041 2328 5098 Ecclesia:
2359 5041 2681 5111 applicatus,
2718 5040 2833 5096 suis
2867 5039 3298 5100 eontradieebat,
3326 5040 3403 5091 ait
3432 5055 3446 5090 :
3483 5035 3632 5101 Quod

2072 5133 2271 5189 scilicet
2312 5142 2561 5201 utrosque
2599 5132 2878 5201 diligeret;
2915 5130 3035 5185 illos
3081 5120 3315 5200 quidem,
3351 5137 3407 5182 ut
3457 5128 3632 5181 ortho-

2076 5226 2263 5289 doxae,
2301 5225 2430 5277 istos
2457 5232 2655 5288 autem,
2686 5232 2743 5276 ut
2772 5222 3150 5291 homoglossas,
3181 5222 3233 5276 id
3263 5230 3347 5277 est
3391 5221 3629 5290 ejusdem

2040 5325 2258 5373 'secuut
2293 5316 2526 5383 lingua;
2579 5314 2632 5370 id
2667 5329 2811 5369 nunc
2840 5328 3057 5383 quoque
3106 5314 3392 5368 dicendum
3428 5313 3496 5365 ad
3542 5326 3630 5366 eos

2078 5407 2173 5478 qui
2202 5408 2575 5467 criminantur.
2605 5404 2778 5460 Amici
2809 5406 2949 5460 enim
2977 5404 3076 5458 viri
3107 5401 3456 5460 existimandi
3484 5409 3630 5467 sunt,

2079 5498 2387 5553 amiciorem
2461 5511 2587 5553 vero
2622 5511 2845 5553 necesse
2882 5488 2965 5552 est
3028 5494 3297 5550 arbitrari
3332 5493 3629 5548 veritatem.
3674 5498 3679 5503 ‘

2145 5649 2384 5707 'Mattlt.
2442 5665 2598 5715 xvm,
2644 5649 2675 5701 7
2775 5649 2797 5679 ⁸
2843 5649 2862 5703 l
2902 5646 3027 5703 Cor.
3077 5663 3151 5715 at,
3224 5645 3311 5713 ιο,
3386 5645 3408 5678 ⁷
3471 5643 3626 5698 llcbr.

490 5863 599 5933 (89)
629 5863 685 5922 S.
719 5861 1022 5934 Stephanus
1045 5867 1226 5934 iunior.
1248 5878 1449 5934 martyr
1509 5843 1609 5924 sub
1667 5866 2033 5930 Copronvmo.
2070 5864 2139 5922 ob
2164 5862 2537 5921 defensionem
2575 5863 2895 5922 imaginum.
