3882 6540
243 372 331 438 25⁸1
949 372 1048 432 DE
1089 371 1464 433 ESSENTIA
1500 373 1595 434 ET
1632 371 2140 437 Ol‘ERATlONE.
2169 397 2236 407 —
2261 371 2682 434 l‘R/EFATIO.
3321 368 3429 437 258

297 484 454 555 Neque
488 486 696 558 jusmm
745 498 867 540 esse
911 487 1237 556 putavimus,
1271 486 1384 539 sive
1435 485 1759 555 indulgendo
1794 495 1835 547 Α
1868 485 2246 555 debilibusque
2279 486 2653 555 deprehensis,
2692 485 3063 556 exhaustaque
3097 500 3164 540 ex
3216 486 3430 544 illorum

239 577 470 641 amicitizn,
517 578 629 632 sive
683 577 1036 646 quorumdam
1088 578 1270 646 jurgia
1322 578 1750 642 extimescenda,
1867 577 2063 630 annuis
2113 574 2231 629 fulsi
2283 577 2556 646 Opinione,
2613 577 2666 632 id
2723 578 3101 640 lucrabuntur,
3134 587 3194 631 ut
3240 589 3433 634 contra

239 678 371 735 atque
420 668 667 737 utrinque
714 667 970 721 humanm
1023 667 1262 738 passioni
1322 681 1512 721 manus
1567 667 1763 727 dando,
1869 669 2146 723 veritatem
2173 677 2317 722 stare
2347 669 2750 738 pertimescant.
2783 668 2877 724 Sin
2921 683 3053 722 vero
3075 680 3130 722 et
3162 669 3431 738 quispiam

237 761 446 815 veritatis
478 757 676 814 omissa
731 762 964 822 ratioae,
1007 769 1189 814 nostra
1234 759 1402 830 magis
1453 752 1767 828 quamqua:
1871 759 2036 814 fuerit
2091 762 2414 832 intelligens,
2461 770 2553 813 aut
2609 760 2892 829 requirens
2947 759 3136 823 Deutu,
3189 757 3434 828 profecto

239 851 310 904 Dei
340 859 453 906 sunt
501 867 564 906 ac
617 850 851 922 proximi
909 850 1196 919 inspicere,
1245 861 1298 904 et
1345 851 1497 904 nobis
1535 849 1663 918 ipsis
1712 859 1766 903 et
1872 867 2047 922 neque
2079 853 2336 922 optimam
2377 851 2516 905 hanc
2565 856 2911 904 mutationum
2961 851 3264 905 erubescet.
3297 848 3434 902 Nam

236 943 320 997 illis
347 959 402 996 ex
453 943 668 997 silentio
701 946 886 997 nostro
923 941 1241 996 detrimenta
1284 954 1617 1009 comparare.
1661 940 1766 994 Sed
1863 946 2017 1015 juxta
2054 944 2357 1013 theologum
2382 939 2724 1014 Greg'orium,
2756 941 2873 994 Non
2911 943 3036 997 mali
3063 941 3305 1007 mutatio,
3342 941 3433 996 sed

234 1031 396 1102 partim
423 1033 637 1100 quidem
672 1033 918 1088 timorem
966 1033 1081 1098 Dei,
1131 1033 1230 1088 etsi
1280 1034 1423 1087 dictu
1456 1034 1628 1086 audax
1663 1042 1765 1095 est,
1870 1038 1998 1090 mali
2035 1038 2327 1090 obseruatio
2361 1035 2509 1089 habet
2542 1035 2944 1104 turpitudinem.

235 1137 336 1179 ³0³8
361 1127 537 1180 οοηιθε
578 1127 841 1182 Ιιτιδεηιθε
863 1167 877 1192 ν
921 1129 1112 1198 Pani!“
1148 1144 1295 1191 ναΐου
1329 1143 1446 1195 (tum
1479 1128 1546 1182 Sil
1583 1127 1767 1182 υοῙιιιι·
1940 1123 2009 1183 Ut
2042 1130 2200 1198 igitur
2231 1129 2336 1182 illis
2370 1137 2423 1183 et
2457 1127 2610 1182 nobis
2643 1143 2748 1181 non
2811 1111 3029 1180 minima
3071 1128 3436 1182 emolumenta

236 1229 302 1270 tas
325 1220 426 1288 ejus
469 1219 604 1273 bona
641 1229 690 1273 et
723 1221 848 1274 bene
879 1220 1114 1290 placens,
1152 1238 1258 1275 non
1296 1222 1632 1288 ignorantes,
1682 1233 1769 1273 so-
1869 1222 2545 1292 qumreremus,veritalem
2574 1220 2828 1273 omnibus
2855 1217 3205 1287 praetulimus,
3229 1219 3437 1286 ipsum.

235 1309 416 1378 Iamque
447 1310 571 1366 inde
615 1311 829 1366 laudem
864 1321 1206 1380 expetentes,
1235 1311 1447 1364 etiamsi
1483 1309 1765 1381 premendi
1875 1329 1980 1384 que
2006 1311 2263 1382 Spiritum
2295 1322 2540 1367 sanetum
2571 1313 2908 1375 invocantes,
2941 1311 3009 1364 dc
3046 1310 3162 1378 ipso
3191 1310 3359 1376 loqui,
3387 1320 3436 1363 te

232 1402 460 1468 angustiis
493 1402 691 1470 Simus;
727 1403 904 1456 Olnnia
948 1403 1081 1457 nihil
1149 1403 1483 1466 ωίῑειίιικηο,
1523 1402 1615 1455 80d
1662 1401 1770 1454 άῖε-
1872 1416 2147 1471 monente,
2188 1405 2548 1472 suscepimus.
2582 1403 2698 1457 Non
2743 1403 3070 1457 dissimulari
3118 1404 3438 1456 anmmtiure

232 1508 401 1559 Ρθηθτε
436 1509 719 1548 εοτιιιοηεε
751 1493 801 1546 3"
825 1493 1054 1563 Ῐυάῖυῖο,
1077 1508 1284 1564 proque
1317 1493 1514 1568 illis.“
1539 1491 1769 1561 tWOXimi
1873 1499 2014 1553 vobis
2046 1513 2247 1552 otunem
2295 1497 2562 1550 ceritatem
2614 1505 2661 1550 et
2712 1494 2993 1549 consilium
3050 1493 3164 1546 Dei.
3219 1489 3436 1546 Utinam

233 1585 508 1649 άιιρειὶοιιρ,
544 1586 728 1639 cumia
779 1585 1089 1641 necessario
1141 1583 1446 1640 adhibenda
1485 1583 1780 1639 arbitrari.’
1873 1605 2001 1645 vero
2034 1588 2102 1644 ad
2150 1605 2340 1646 eorum
2371 1587 2464 1658 qui
2514 1587 2706 1643 lceturi
2757 1595 2904 1650 sunt,
2952 1584 3237 1640 utilitatem
3287 1582 3441 1636 lalmr

234 1673 516 1729 Audendum
564 1679 763 1744 quippe
808 1685 910 1740 est,
961 1678 1122 1731 etiam
1160 1676 1508 1742 contristare,
1553 1675 1596 1730 si
1633 1690 1767 1744 opus

1902 1692 2055 1740 .oster
2108 1683 2211 1738 iste
2266 1677 2533 1752 proﬁciat,
2581 1689 2637 1734 nt
2667 1688 2722 1734 et
2766 1681 2854 1748 qui
2898 1675 3148 1739 seminat,
3203 1675 3435 1728 fructum

235 1771 308 1825 sit.
335 1781 392 1821 ac
423 1766 606 1831 vetbo,
638 1768 802 1822 veluti
837 1768 1001 1829 ferro,
1027 1769 1291 1840 turgentia
1323 1767 1544 1822 vulnera
1567 1767 1772 1822 rescin-
1801 1829 1840 1842 κ
1875 1783 2060 1840 ntetat,
2113 1783 2165 1828 et
2194 1772 2284 1842 qui
2317 1781 2632 1840 congregat,
2677 1769 2978 1823 mercedem
3038 1765 3292 1834 accipiat,
3325 1779 3442 1814 om-

231 1857 354 1920 dt-re,
380 1869 534 1926 atque
569 1875 691 1914 cum
729 1859 995 1914 charitate
1022 1875 1234 1914 curare.
1799 1829 1841 1885 Β
1877 1876 2082 1930 nesque
2113 1860 2275 1916 simul
2303 1860 2582 1915 cmlestem
2625 1856 2991 1927 ingrediantur
3021 1853 3270 1922 patriam,
3311 1850 3445 1902 frui-

290 1951 394 2016 Quo
426 1950 586 2015 facto,
611 1951 874 2006 eduohus
901 1949 1130 2006 alterum
1166 1950 1457 2021 continget.
1488 1951 1598 2006 Aut
1623 1951 1766 2006 enim
1879 1955 1984 2009 turi
2041 1954 2236 2023 gaudio
2270 1952 2479 2006 Domini
2529 1951 2725 2012 nostri,
2772 1950 2822 2002 in
2862 1947 3076 2005 laudem
3114 1954 3168 1998 et.
3218 1943 3443 2019 gloriam

232 2042 495 2108 quietiores
526 2053 577 2097 et
610 2043 852 2098 mitiores
882 2039 946 2098 ad
977 2045 1453 2098 contradiceudum
1478 2043 1629 2109 fient,
1675 2053 1771 2099 aut
1879 2045 2041 2099 unius
2071 2043 2159 2098 Dei
2184 2041 2359 2098 Patris
2385 2049 2438 2096 et
2467 2041 2588 2095 Filii
2613 2051 2668 2096 et,
2690 2038 2922 2110 Spiritus
2944 2035 3138 2099 sancti,
3165 2044 3360 2088 sauctze
3393 2044 3448 2085 et.

235 2133 494 2188 contrariis
522 2173 538 2199 ,
594 2150 713 2205 quae
735 2133 1127 2204 zobjiciuntur,
1177 2135 1478 2191 rationibus
1539 2135 1771 2192 inlirmis
1879 2135 2054 2191 beata:
2083 2117 2388 2198 Trinitatis,
2415 2135 2680 2203 uniusque
2709 2143 2762 2189 et
2797 2119 2936 2188 verae
2971 2128 3213 2182 Deitatis.
3250 2127 3444 2180 Anth.

242 2335 3445 2380 W:

887 2531 1862 2706 MANUELIS
1991 2528 2773 2764 CALEC/E

1552 2833 1555 2836 ·
1655 2822 2005 2910 LIBER

661 3033 844 3150 DE
974 3028 1664 3150 ESSENT’IA
1766 3035 1947 3148 ET
2057 3033 2194 3148 Oi

1552 2833 1555 2836 ·
1655 2822 2005 2910 LIBER
2632 2867 2638 2873 -

1475 3031 1664 3149 ΓἸΑ
1766 3035 1947 3148 ΕΤ
2057 3011 3008 3151 ΟΡΕΒΑΤΙΟΝΕ.

1140 3395 1538 3462 FRANCISCI
1589 3393 2034 3458 COMBEFISII
2095 3395 2534 3460 PRxEFATIO.

1294 3540 1546 3605 (Biblioth.
1570 3543 1682 3595 PP.
1716 3544 1918 3595 Λυδίαν.
1949 3554 2069 3596 που.
2090 3549 2206 3594 tam.
2240 3540 2346 3606 II.)

301 3688 462 3760 ipsius
538 3689 803 3746 blanuclis
857 3689 1066 3746 Calecm
1111 3701 1220 3755 res,
1265 3699 1501 3758 quantas
1561 3688 1779 3756 assequi
1810 3691 1852 3753 α
1887 3685 2096 3753 Quanta
2122 3687 2354 3758 denique
2381 3703 2445 3743 ex
2495 3686 2881 3744 Palamitarum
2933 3689 3047 3758 ipsa
3089 3690 3294 3761 synodo
3335 3690 3458 3762 ipse

249 3780 409 3847 liceat,
484 3783 843 3838 vindicandas
907 3781 1234 3836 charissimo
1292 3777 1650 3834 commilitoni
1721 3775 1785 3834 ac
1887 3777 2111 3834 Calecas
2145 3793 2415 3848 recenset,
2464 3781 2744 3852 solideque
2809 3781 3096 3848 eunt‘utat;
3143 3797 3206 3838 ac
3254 3785 3344 3854 qui
3403 3786 3456 3838 in

248 3884 455 3944 utraque
478 3874 1063 3946 patresira‘(san¢tioris
1109 3869 1570 3927 sciliCetinStituti
1601 3872 1787 3941 reique
1887 3873 2074 3928 eadem
2109 3887 2271 3928 arena
2302 3883 2523 3929 strenue
2552 3874 2872 3930 dimicantes
2920 3889 3020 3946 pro
3073 3875 3300 3930 veritate
3345 3886 3456 3930 ste-

245 3965 511 4037 litterariae)
537 3967 704 4033 socio,
739 3967 830 4037 qui
861 3967 1191 4036 scriptorum
1238 3963 1446 4033 ordinis
1492 3962 1785 4017 bibliothe-
1889 3973 2094 4030 terunt,
2130 3958 2444 4020 Barlaamus
2499 3967 2816 4036 monachus,
2877 3968 3218 4039 Acindynus,
3283 3967 3462 4038 Mpho

248 4071 350 4111 cam
391 4061 668 4130 elogiaqne
741 4058 990 4124 adornet,
1051 4055 1118 4111 ιι.
1167 4053 1228 4110 Ρ.
1286 4053 1490 4109 Jacobo
1580 4053 1785 4123 Quetil‘,
1887 4055 2366 4119 hicromouachus,
2393 4057 2483 4126 qui
2521 4069 2570 4113 et
2599 4058 2900 4114 Demetrius
2951 4061 3250 4132 (iydonius,
3297 4059 3458 4115 Joan-

249 4145 568 4220 hujusipslns
596 4153 777 4220 operis
804 4146 1198 4205 aemolitionis
1232 4149 1364 4203 mihi
1402 4145 1638 4202 Inarime
1691 4156 1788 4199 att-
1889 4161 1985 4201 nes
2043 4147 2468 4216 Cyparissiotus,
2523 4150 2698 4204 dictus
2755 4150 3008 4220 Sapiens,
3079 4153 3233 4222 cujus
3283 4163 3459 4208 exstat

250 4243 389 4306 ctori,
423 4243 567 4312 quasi
600 4243 876 4312 specimen
898 4243 1186 4312 quoddam,
1215 4240 1332 4310 ejus
1397 4239 1565 4308 ipsius
1625 4249 1786 4308 quam
1886 4242 2086 4309 grande
2116 4241 2366 4297 volumen
2394 4242 2444 4295 in
2468 4233 2914 4300 Christianissimi
2941 4247 3080 4316 regis
3109 4247 3457 4310 bibliotheca.

250 4327 416 4387 iisdem
440 4336 748 4389 auctoribus
776 4347 872 4388 sua
925 4329 1302 4388 lucubratione
1353 4328 1618 4386 allaturus
1682 4337 1786 4392 est,
1891 4333 1990 4386 hoc
2021 4345 2356 4400 argumento,
2394 4348 2591 4404 prteter
2621 4336 2707 4391 illa
2758 4352 2875 4406 qua:
2904 4338 3022 4407 cjus
3047 4338 3239 4394 Latine
3283 4341 3457 4394 solum

253 4419 389 4486 lucis,
411 4423 646 4494 relinquo
671 4441 684 4479 :
711 4423 828 4493 ipse
856 4425 921 4478 ad
951 4437 1082 4492 opus
1131 4425 1310 4494 ipsum
1361 4421 1593 4484 Calecze,
1646 4420 1788 4489 quod
1887 4423 2097 4494 vulgata
2126 4435 2270 4488 sunt,
2303 4436 2627 4497 exstantqne
2649 4428 2834 4484 Graece
2864 4444 3028 4500 penes
3057 4429 3122 4485 R.
3151 4430 3211 4484 P.
3239 4429 3458 4486 Petrum

252 4514 478 4586 exRegia
499 4514 828 4572 bibliotheca
861 4520 914 4571 in
950 4515 1208 4570 manibus
1230 4523 1334 4580 est,
1402 4514 1558 4583 piane
1609 4513 1788 4568 erudi-
1889 4515 2191 4572 Possinium
2252 4515 2385 4572 S.J.
2442 4518 2650 4575 Romm.
2707 4519 2950 4574 Aliorum
3007 4522 3170 4577 etiam
3209 4524 3456 4592 quaedam

255 4611 443 4669 tum,ac
471 4621 568 4677 quo
595 4608 1038 4663 nocentissimum
1086 4606 1353 4675 sequioris
1379 4603 1601 4660 Graecia:
1637 4619 1784 4660 erro-
1889 4609 2056 4662 relert
2086 4605 2196 4663 Leo
2223 4609 2473 4674 Allatius,
2507 4619 2616 4664 tum
2653 4611 2791 4665 libro
2825 4609 2902 4666 De
2942 4629 3198 4668 consensu
3258 4617 3458 4668 utrius-

256 4705 350 4745 rern
379 4697 681 4762 gravissime
709 4695 974 4761 confutat,
1021 4697 1216 4768 stylum
1272 4707 1546 4751 converto.
1892 4716 1990 4770 que
2020 4699 2273 4754 Ecclesia:
2331 4700 2530 4756 Grtcca:
2589 4702 2794 4771 pariter
2856 4718 2918 4757 ac
2956 4703 3183 4770 Latiare,
3244 4717 3353 4760 tum
3417 4706 3457 4759 Il

314 4780 496 4855 Nempe
557 4788 764 4842 coaluit
854 4788 998 4842 inter
1067 4786 1423 4855 simpliciores
1473 4785 1789 4851 monachos,
1891 4801 2034 4845 torno
2065 4789 2283 4864 Graecia:
2307 4807 2418 4846 suae
2483 4793 2813 4857 orthodoxe,
2845 4796 3198 4849 tnmdemum
3251 4797 3306 4848 in
3359 4813 3459 4852 sua

260 4871 623 4943 disciplinarum
675 4880 859 4943 rudes,
909 4878 1056 4932 \‘eiut
1101 4877 1407 4947 Theophili,
1479 4874 1788 4946 Epiphanii,
1891 4881 1954 4935 de
1984 4885 2310 4952 Symeonum
2342 4882 2609 4948 scriptisa
2643 4896 2724 4934 me
2768 4899 2936 4951 nuper
2953 4885 3167 4952 vulgata
3195 4881 3461 4949 Dintritva,

261 4961 531 5044 Hieronymi
559 4971 923 5040 temporibus,
974 4969 1649 5039 Anthropomorphitarum
1699 4983 1787 5022 er-
1821 5041 1849 5046 _
1891 4987 2009 5040 quae
2042 4969 2127 5026 hie
2165 4982 2408 5040 repetere
2448 4971 2667 5042 longum
2721 4973 2881 5037 foret,
2929 4989 2992 5029 ac
3040 4986 3220 5030 actum
3271 4993 3454 5046 agere.

272 5066 366 5120 ror,
389 5041 494 5114 sive
526 5064 685 5138 etiam
711 5060 1177 5126 Massalianorum,
1208 5061 1297 5129 qui
1322 5062 1404 5114 vel
1449 5061 1680 5114 humana
1701 5059 1786 5114 vel
1820 5041 1863 5096 υ
1892 5060 2007 5114 Non
2043 5059 2246 5130 pigebit
2289 5068 2468 5113 tamen
2501 5041 2724 5116 Joannis
2778 5063 3098 5130 patriarcha:
3143 5041 3459 5121 Constanti-

263 5150 348 5202 alia
377 5147 601 5209 sensibili
633 5155 815 5225 specie
851 5154 1014 5209 Detun
1039 5167 1182 5218 esse,
1223 5167 1392 5222 caque
1447 5149 1584 5208 viris
1625 5147 1788 5220 spiri-
1894 5151 2201 5222 nopolitani
2229 5151 2482 5218 Tomum,
2511 5153 2687 5222 ipsum
2753 5154 3078 5222 breviorem,
3127 5143 3460 5222 exscribere,

265 5244 435 5300 talibus
459 5247 507 5302 in
538 5249 785 5303 oratione
812 5257 871 5302 se
925 5249 1277 5316 conspicuum
1335 5247 1538 5309 facere,
1601 5245 1792 5298 existi-
1891 5259 2000 5312 quo
2032 5243 2077 5298 is
2110 5259 2458 5298 suecrescens
2487 5242 2722 5300 Palamte
2747 5248 2940 5317 dogma
2988 5250 3177 5316 elidit;
3209 5264 3271 5304 ac
3329 5265 3454 5302 num

266 5346 476 5404 marem;
509 5339 584 5394 sic
643 5339 804 5409 paulo
840 5339 1097 5408 sequiore
1145 5335 1584 5408 (PallacOIOgorum
1631 5331 1792 5390 circi-
1892 5349 1958 5390 eo
1987 5329 2280 5404 respiciens
2317 5344 2501 5388 noster
2551 5332 2794 5398 Calecas,
2820 5335 2939 5404 ipso
2990 5336 3173 5405 operis
3229 5337 3310 5390 sui
3364 5352 3470 5391 ex-

269 5433 357 5494 ter)
395 5437 565 5493 atate,
609 5427 997 5487 Palamltarnm
1059 5429 1248 5500 insana
1306 5425 1469 5483 nimis
1516 5425 1789 5492 deliratio,
1895 5424 2051 5480 ordio
2075 5425 2232 5479 aliter
2259 5439 2376 5480 eam
2407 5423 2727 5492 Ecclesiam,
2755 5424 2894 5480 haud
2939 5427 3009 5480 ita
3058 5427 3266 5495 pridem
3334 5443 3463 5482 scn-

268 5515 670 5586 distinguendum
696 5517 932 5576 divinam
972 5521 1226 5574 virtutem
1259 5519 1325 5573 ab
1353 5518 1468 5588 ejus
1511 5517 1785 5583 essentia;
1895 5516 2036 5572 sisse
2107 5513 2238 5571 dicit
2295 5529 2358 5569 ac
2412 5513 2754 5582 decrevisse;
2827 5530 2925 5572 nec
2989 5532 3174 5572 veram
3234 5504 3468 5587 proinde

270 5605 484 5671 qurcipsa
517 5609 695 5664 Deitas
723 5609 792 5662 sit
822 5618 875 5662 et
913 5606 1178 5671 incrcata,
1231 5606 1446 5675 Deoqne
1501 5604 1788 5668 naturalis,
1900 5609 2196 5665 Ecclesium
2231 5623 2370 5673 esse,
2407 5623 2525 5678 quae
2575 5608 2656 5663 sic
2711 5609 2866 5664 tidem
2927 5619 3118 5666 mutet.
3196 5612 3465 5668 Joannem

271 5705 561 5756 thcseuna
593 5702 754 5754 rebus
813 5700 1177 5753 communicet
1221 5713 1284 5752 ac
1341 5695 1610 5760 videatur,
1677 5695 1791 5764 ipsa
1897 5701 2072 5771 ipsum
2103 5701 2444 5770 proscribunt
2476 5699 2769 5766 Palamitte,
2834 5699 3002 5756 'l‘omo
3035 5703 3120 5756 illo
3165 5705 3269 5759 sub
3321 5705 3466 5760 Can-

279 5786 456 5846 penitus
524 5791 1018 5846 incommuuicabili
1093 5789 1329 5846 essentia
1398 5802 1459 5844 ac
1518 5787 1792 5844 invisibili.
1904 5804 2186 5858 tacuzenu,
2221 5809 2378 5862 quem
2428 5790 2652 5851 Calceus
2704 5807 2768 5851 ac
2802 5795 2957 5851 relati
2989 5796 3080 5851 alii
3124 5797 3464 5867 itttpttgttattt.
