  <div class='ocr_page' id='page_1' title='image "/cluster/home/n/w/nwhite01/storage/ocr_20150623/152/hvd.32044019208404/139.png"; bbox 0 0 3920 6604; ppageno 0'>
   <div class='ocr_carea' id='block_1_1' title="bbox 413 431 518 495">
    <p class='ocr_par' dir='ltr' id='par_1_1' title="bbox 413 431 518 495">
     <span class='ocr_line' id='line_1_1' title="bbox 413 431 518 495; baseline 0 -1"><span class='ocrx_word' id='word_1_1' title='bbox 413 431 518 495; x_wconf 75' lang='grc'><strong><em>259</em></strong></span> 
     </span>
    </p>
   </div>
   <div class='ocr_carea' id='block_1_2' title="bbox 1673 424 2415 487">
    <p class='ocr_par' dir='ltr' id='par_1_2' title="bbox 1673 424 2415 487">
     <span class='ocr_line' id='line_1_2' title="bbox 1673 424 2415 487; baseline 0.001 -3"><span class='ocrx_word' id='word_1_2' title='bbox 1673 424 2072 485; x_wconf 77' lang='lat' dir='ltr'><strong><em>MANUELIS</em></strong></span> <span class='ocrx_word' id='word_1_3' title='bbox 2110 424 2415 487; x_wconf 63' lang='lat' dir='ltr'><strong>CALECE</strong></span> 
     </span>
    </p>
   </div>
   <div class='ocr_carea' id='block_1_3' title="bbox 3580 416 3698 482">
    <p class='ocr_par' dir='ltr' id='par_1_3' title="bbox 3580 416 3698 482">
     <span class='ocr_line' id='line_1_3' title="bbox 3580 416 3698 482; baseline -0.034 -1"><span class='ocrx_word' id='word_1_4' title='bbox 3580 416 3698 482; x_wconf 77' lang='lat'><strong><em>260</em></strong></span> 
     </span>
    </p>
   </div>
   <div class='ocr_carea' id='block_1_4' title="bbox 415 513 1998 616">
    <p class='ocr_par' dir='ltr' id='par_1_4' title="bbox 415 540 1988 616">
     <span class='ocr_line' id='line_1_4' title="bbox 415 540 1988 616; baseline -0.005 -14"><span class='ocrx_word' id='word_1_5' title='bbox 415 547 506 602; x_wconf 84' lang='lat' dir='ltr'><strong><em>Sic</em></strong></span> <span class='ocrx_word' id='word_1_6' title='bbox 540 559 669 616; x_wconf 81' lang='lat' dir='ltr'><strong><em>ergo</em></strong></span> <span class='ocrx_word' id='word_1_7' title='bbox 703 543 898 600; x_wconf 84' lang='lat' dir='ltr'><strong><em>habet:</em></strong></span> <span class='ocrx_word' id='word_1_8' title='bbox 922 543 1026 595; x_wconf 78' lang='grc' dir='ltr'>Τὸν</span> <span class='ocrx_word' id='word_1_9' title='bbox 1057 541 1324 612; x_wconf 74' lang='grc' dir='ltr'>Παλαμᾶν</span> <span class='ocrx_word' id='word_1_10' title='bbox 1359 540 1456 594; x_wconf 68' lang='grc' dir='ltr'><strong><em>καὶ</em></strong></span> <span class='ocrx_word' id='word_1_11' title='bbox 1485 541 1611 604; x_wconf 75' lang='grc' dir='ltr'><strong><em>τοὺς</em></strong></span> <span class='ocrx_word' id='word_1_12' title='bbox 1637 542 1988 612; x_wconf 78' lang='grc' dir='ltr'>ὁμόρφρονας</span> 
     </span>
    </p>
   </div>
   <div class='ocr_carea' id='block_1_5' title="bbox 2106 513 3701 616">
    <p class='ocr_par' dir='ltr' id='par_1_5' title="bbox 2106 513 3701 610">
     <span class='ocr_line' id='line_1_5' title="bbox 2106 513 3701 610; baseline 0.001 -19"><span class='ocrx_word' id='word_1_13' title='bbox 2106 549 2326 600; x_wconf 74' lang='lat' dir='ltr'><strong><em>lcstalur</em></strong></span> <span class='ocrx_word' id='word_1_14' title='bbox 2361 536 2666 610; x_wconf 78' lang='lat' dir='ltr'><strong><em>Cypariss.,</em></strong></span> <span class='ocrx_word' id='word_1_15' title='bbox 2701 535 2801 591; x_wconf 89' lang='lat' dir='ltr'><strong><em>etsi</em></strong></span> <span class='ocrx_word' id='word_1_16' title='bbox 2840 535 2942 591; x_wconf 73' lang='lat' dir='ltr'><strong><em>ille</em></strong></span> <span class='ocrx_word' id='word_1_17' title='bbox 2957 535 3182 592; x_wconf 78' lang='lat' dir='ltr'><strong><em>Callisto</em></strong></span> <span class='ocrx_word' id='word_1_18' title='bbox 3213 513 3535 591; x_wconf 79' lang='lat' dir='ltr'><strong><em>successore</em></strong></span> <span class='ocrx_word' id='word_1_19' title='bbox 3560 549 3701 604; x_wconf 88' lang='lat' dir='ltr'><strong><em>pro-</em></strong></span> 
     </span>
    </p>
   </div>
   <div class='ocr_carea' id='block_1_6' title="bbox 413 638 1990 708">
    <p class='ocr_par' dir='ltr' id='par_1_6' title="bbox 413 638 1990 708">
     <span class='ocr_line' id='line_1_6' title="bbox 413 638 1990 708; baseline -0.004 -12"><span class='ocrx_word' id='word_1_20' title='bbox 413 639 604 707; x_wconf 82' lang='grc' dir='ltr'><strong><em>αὖτοῦ,</em></strong></span> <span class='ocrx_word' id='word_1_21' title='bbox 637 645 726 695; x_wconf 76' lang='grc' dir='ltr'><strong><em>καὶ</em></strong></span> <span class='ocrx_word' id='word_1_22' title='bbox 762 641 937 693; x_wconf 76' lang='grc' dir='ltr'>πάντα</span> <span class='ocrx_word' id='word_1_23' title='bbox 966 638 1031 692; x_wconf 67' lang='grc' dir='ltr'>τὰ</span> <span class='ocrx_word' id='word_1_24' title='bbox 1059 639 1234 708; x_wconf 78' lang='grc' dir='ltr'><strong><em>ἀσεϐῆ</em></strong></span> <span class='ocrx_word' id='word_1_25' title='bbox 1265 639 1445 691; x_wconf 78' lang='grc' dir='ltr'>αὐτῶν</span> <span class='ocrx_word' id='word_1_26' title='bbox 1468 639 1714 708; x_wconf 74' lang='grc' dir='ltr'>δόγματα</span> <span class='ocrx_word' id='word_1_27' title='bbox 1738 679 1755 705; x_wconf 86' lang='grc'><em>,</em></span> <span class='ocrx_word' id='word_1_28' title='bbox 1790 638 1990 692; x_wconf 65' lang='lat' dir='ltr'><strong><em>cincto-</em></strong></span> 
     </span>
    </p>
   </div>
   <div class='ocr_carea' id='block_1_7' title="bbox 415 729 1991 805">
    <p class='ocr_par' dir='ltr' id='par_1_7' title="bbox 415 729 1991 805">
     <span class='ocr_line' id='line_1_7' title="bbox 415 729 1991 805; baseline -0.002 -18"><span class='ocrx_word' id='word_1_29' title='bbox 415 751 573 805; x_wconf 83' lang='grc' dir='ltr'>τερον</span> <span class='ocrx_word' id='word_1_30' title='bbox 603 733 658 787; x_wconf 83' lang='grc' dir='ltr'><strong><em>δὲ</em></strong></span> <span class='ocrx_word' id='word_1_31' title='bbox 690 735 884 798; x_wconf 76' lang='grc' dir='ltr'>εἰπεῖν,</span> <span class='ocrx_word' id='word_1_32' title='bbox 930 731 1384 803; x_wconf 73' lang='grc' dir='ltr'>παραληρήματα</span> <span class='ocrx_word' id='word_1_33' title='bbox 1415 772 1430 798; x_wconf 86' lang='grc'><em>,</em></span> <span class='ocrx_word' id='word_1_34' title='bbox 1462 731 1588 794; x_wconf 79' lang='grc' dir='ltr'><strong><em>τούς</em></strong></span> <span class='ocrx_word' id='word_1_35' title='bbox 1619 749 1676 784; x_wconf 77' lang='grc' dir='ltr'>τε</span> <span class='ocrx_word' id='word_1_36' title='bbox 1710 729 1991 784; x_wconf 78' lang='grc' dir='ltr'><strong><em>ἐκδικοῦν-</em></strong></span> 
     </span>
    </p>
   </div>
   <div class='ocr_carea' id='block_1_8' title="bbox 415 813 1990 894">
    <p class='ocr_par' dir='ltr' id='par_1_8' title="bbox 415 813 1990 894">
     <span class='ocr_line' id='line_1_8' title="bbox 415 813 1990 894; baseline -0.003 -17"><span class='ocrx_word' id='word_1_37' title='bbox 415 842 517 888; x_wconf 83' lang='grc' dir='ltr'><strong><em>τας</em></strong></span> <span class='ocrx_word' id='word_1_38' title='bbox 551 825 647 877; x_wconf 79' lang='grc' dir='ltr'><strong><em>καὶ</em></strong></span> <span class='ocrx_word' id='word_1_39' title='bbox 678 813 1128 893; x_wconf 76' lang='grc' dir='ltr'><strong><em>ὲκλαμϐἀνὸντας</em></strong></span> <span class='ocrx_word' id='word_1_40' title='bbox 1156 825 1249 877; x_wconf 74' lang='grc' dir='ltr'><strong><em>καὶ</em></strong></span> <span class='ocrx_word' id='word_1_41' title='bbox 1274 823 1667 894; x_wconf 80' lang='grc' dir='ltr'><strong><em>ἐκδεχομένους</em></strong></span> <span class='ocrx_word' id='word_1_42' title='bbox 1693 823 1760 876; x_wconf 80' lang='grc' dir='ltr'><strong><em>τὰ</em></strong></span> <span class='ocrx_word' id='word_1_43' title='bbox 1793 824 1850 874; x_wconf 77' lang='grc' dir='ltr'>ἐν</span> <span class='ocrx_word' id='word_1_44' title='bbox 1910 822 1990 891; x_wconf 82' lang='grc' dir='ltr'><strong><em>τῷ</em></strong></span> 
     </span>
    </p>
   </div>
   <div class='ocr_carea' id='block_1_9' title="bbox 416 901 1993 987">
    <p class='ocr_par' dir='ltr' id='par_1_9' title="bbox 416 901 1993 987">
     <span class='ocr_line' id='line_1_9' title="bbox 416 901 1993 987; baseline -0.001 -18"><span class='ocrx_word' id='word_1_45' title='bbox 416 916 584 987; x_wconf 86' lang='grc' dir='ltr'><strong><em>Τόμῳ</em></strong></span> <span class='ocrx_word' id='word_1_46' title='bbox 615 917 758 971; x_wconf 76' lang='grc' dir='ltr'>κατὰ</span> <span class='ocrx_word' id='word_1_47' title='bbox 787 916 885 986; x_wconf 85' lang='grc' dir='ltr'><strong><em>τὴν</em></strong></span> <span class='ocrx_word' id='word_1_48' title='bbox 909 901 1091 970; x_wconf 74' lang='grc' dir='ltr'>αὐτῶν</span> <span class='ocrx_word' id='word_1_49' title='bbox 1124 917 1430 986; x_wconf 69' lang='grc' dir='ltr'><strong><em>ἐξήγησιν,⁴</em></strong></span> <span class='ocrx_word' id='word_1_50' title='bbox 1465 915 1668 985; x_wconf 82' lang='grc' dir='ltr'>μᾶλλον</span> <span class='ocrx_word' id='word_1_51' title='bbox 1721 915 1777 968; x_wconf 83' lang='grc' dir='ltr'><strong><em>δὲ</em></strong></span> <span class='ocrx_word' id='word_1_52' title='bbox 1828 915 1993 984; x_wconf 77' lang='grc' dir='ltr'>φλυα-</span> 
     </span>
    </p>
   </div>
   <div class='ocr_carea' id='block_1_10' title="bbox 427 1004 1988 1079">
    <p class='ocr_par' dir='ltr' id='par_1_10' title="bbox 427 1004 1988 1079">
     <span class='ocr_line' id='line_1_10' title="bbox 427 1004 1988 1079; baseline -0.003 -17"><span class='ocrx_word' id='word_1_53' title='bbox 427 1011 573 1079; x_wconf 80' lang='grc' dir='ltr'>ρίαν,</span> <span class='ocrx_word' id='word_1_54' title='bbox 601 1010 695 1063; x_wconf 70' lang='grc' dir='ltr'><strong><em>καὶ</em></strong></span> <span class='ocrx_word' id='word_1_55' title='bbox 732 1010 792 1062; x_wconf 80' lang='grc' dir='ltr'>οὐ</span> <span class='ocrx_word' id='word_1_56' title='bbox 826 1009 948 1063; x_wconf 76' lang='grc' dir='ltr'><strong><em>κατ’</em></strong></span> <span class='ocrx_word' id='word_1_57' title='bbox 990 1011 1202 1063; x_wconf 79' lang='grc' dir='ltr'>ἔννοιαν</span> <span class='ocrx_word' id='word_1_58' title='bbox 1234 1007 1518 1079; x_wconf 81' lang='grc' dir='ltr'><strong><em>Θεοπρεπῆ</em></strong></span> <span class='ocrx_word' id='word_1_59' title='bbox 1557 1008 1652 1061; x_wconf 71' lang='grc' dir='ltr'><strong><em>καὶ</em></strong></span> <span class='ocrx_word' id='word_1_60' title='bbox 1687 1004 1988 1078; x_wconf 80' lang='grc' dir='ltr'>ὀρθόδοξον,</span> 
     </span>
    </p>
   </div>
   <div class='ocr_carea' id='block_1_11' title="bbox 383 1096 1993 1170">
    <p class='ocr_par' dir='ltr' id='par_1_11' title="bbox 383 1096 1993 1170">
     <span class='ocr_line' id='line_1_11' title="bbox 383 1096 1993 1170; baseline -0.002 -16"><span class='ocrx_word' id='word_1_61' title='bbox 383 1099 517 1154; x_wconf 75' lang='grc' dir='ltr'><strong><em>”καὶ</em></strong></span> <span class='ocrx_word' id='word_1_62' title='bbox 545 1100 730 1164; x_wconf 81' lang='grc' dir='ltr'><strong><em>καθὼς</em></strong></span> <span class='ocrx_word' id='word_1_63' title='bbox 761 1101 811 1154; x_wconf 83' lang='lat' dir='ltr'><strong><em>oi</em></strong></span> <span class='ocrx_word' id='word_1_64' title='bbox 845 1102 946 1170; x_wconf 80' lang='grc' dir='ltr'><strong><em>τῆς</em></strong></span> <span class='ocrx_word' id='word_1_65' title='bbox 994 1099 1324 1168; x_wconf 73' lang='grc' dir='ltr'><strong><em>Ἐκκλησίας</em></strong></span> <span class='ocrx_word' id='word_1_66' title='bbox 1376 1099 1661 1168; x_wconf 73' lang='grc' dir='ltr'><strong><em>φωστῆρες</em></strong></span> <span class='ocrx_word' id='word_1_67' title='bbox 1707 1097 1802 1150; x_wconf 76' lang='grc' dir='ltr'><strong><em>καὶ</em></strong></span> <span class='ocrx_word' id='word_1_68' title='bbox 1843 1096 1993 1150; x_wconf 74' lang='grc' dir='ltr'><strong><em>διδά-</em></strong></span> 
     </span>
    </p>
   </div>
   <div class='ocr_carea' id='block_1_12' title="bbox 417 1170 1992 1262">
    <p class='ocr_par' dir='ltr' id='par_1_12' title="bbox 417 1170 1992 1262">
     <span class='ocr_line' id='line_1_12' title="bbox 417 1170 1992 1262; baseline -0.004 -17"><span class='ocrx_word' id='word_1_69' title='bbox 417 1193 631 1259; x_wconf 73' lang='grc' dir='ltr'><strong><em>σκαλοι,</em></strong></span> <span class='ocrx_word' id='word_1_70' title='bbox 669 1187 751 1255; x_wconf 75' lang='grc' dir='ltr'>οἷς</span> <span class='ocrx_word' id='word_1_71' title='bbox 791 1192 886 1247; x_wconf 76' lang='grc' dir='ltr'><strong><em>καὶ</em></strong></span> <span class='ocrx_word' id='word_1_72' title='bbox 936 1193 1097 1262; x_wconf 79' lang='grc' dir='ltr'>ἡμεῖς</span> <span class='ocrx_word' id='word_1_73' title='bbox 1131 1192 1387 1261; x_wconf 78' lang='grc' dir='ltr'><strong><em>ἑπόμενοι</em></strong></span> <span class='ocrx_word' id='word_1_74' title='bbox 1416 1189 1509 1244; x_wconf 70' lang='grc' dir='ltr'><strong><em>καὶ</em></strong></span> <span class='ocrx_word' id='word_1_75' title='bbox 1547 1170 1992 1254; x_wconf 61' lang='grc' dir='ltr'><strong><em>ἀκολουθοῦντες,</em></strong></span> 
     </span>
    </p>
   </div>
   <div class='ocr_carea' id='block_1_13' title="bbox 419 1278 1994 1355">
    <p class='ocr_par' dir='ltr' id='par_1_13' title="bbox 419 1278 1994 1355">
     <span class='ocr_line' id='line_1_13' title="bbox 419 1278 1994 1355; baseline -0.006 -17"><span class='ocrx_word' id='word_1_76' title='bbox 419 1286 491 1340; x_wconf 75' lang='grc' dir='ltr'><strong><em>τὰ</em></strong></span> <span class='ocrx_word' id='word_1_77' title='bbox 528 1285 639 1338; x_wconf 86' lang='grc' dir='ltr'>τῶν</span> <span class='ocrx_word' id='word_1_78' title='bbox 668 1285 845 1353; x_wconf 80' lang='grc' dir='ltr'><strong><em>ἁγίων</em></strong></span> <span class='ocrx_word' id='word_1_79' title='bbox 877 1284 1018 1355; x_wconf 75' lang='grc' dir='ltr'><strong><em>ῥητὰ</em></strong></span> <span class='ocrx_word' id='word_1_80' title='bbox 1051 1283 1440 1354; x_wconf 76' lang='grc' dir='ltr'>ἑνεγρὰψαμεν</span> <span class='ocrx_word' id='word_1_81' title='bbox 1465 1283 1523 1336; x_wconf 77' lang='grc' dir='ltr'>ἐν</span> <span class='ocrx_word' id='word_1_82' title='bbox 1550 1281 1629 1352; x_wconf 80' lang='grc' dir='ltr'><strong><em>τῷ</em></strong></span> <span class='ocrx_word' id='word_1_83' title='bbox 1657 1281 1846 1351; x_wconf 74' lang='grc' dir='ltr'><strong><em>Τόμῳ,</em></strong></span> <span class='ocrx_word' id='word_1_84' title='bbox 1899 1278 1994 1330; x_wconf 78' lang='grc' dir='ltr'><strong><em>καὶ</em></strong></span> 
     </span>
    </p>
   </div>
   <div class='ocr_carea' id='block_1_14' title="bbox 428 1370 1994 1448">
    <p class='ocr_par' dir='ltr' id='par_1_14' title="bbox 428 1370 1994 1448">
     <span class='ocr_line' id='line_1_14' title="bbox 428 1370 1994 1448; baseline -0.004 -18"><span class='ocrx_word' id='word_1_85' title='bbox 428 1378 636 1441; x_wconf 80' lang='grc' dir='ltr'><strong><em>πάντας</em></strong></span> <span class='ocrx_word' id='word_1_86' title='bbox 659 1378 782 1440; x_wconf 80' lang='grc' dir='ltr'><strong><em>τοὺς</em></strong></span> <span class='ocrx_word' id='word_1_87' title='bbox 811 1377 878 1430; x_wconf 79' lang='grc' dir='ltr'><strong><em>δι’</em></strong></span> <span class='ocrx_word' id='word_1_88' title='bbox 909 1376 1040 1430; x_wconf 78' lang='grc' dir='ltr'><strong><em>αὐτὸ</em></strong></span> <span class='ocrx_word' id='word_1_89' title='bbox 1073 1375 1252 1439; x_wconf 79' lang='grc' dir='ltr'><strong><em>τοῦτο,</em></strong></span> <span class='ocrx_word' id='word_1_90' title='bbox 1285 1375 1453 1448; x_wconf 72' lang='grc' dir='ltr'>ἤγουν</span> <span class='ocrx_word' id='word_1_91' title='bbox 1478 1375 1559 1428; x_wconf 82' lang='grc' dir='ltr'><strong><em>ὅτι</em></strong></span> <span class='ocrx_word' id='word_1_92' title='bbox 1591 1373 1667 1445; x_wconf 84' lang='grc' dir='ltr'><strong>μὴ</strong></span> <span class='ocrx_word' id='word_1_93' title='bbox 1693 1370 1994 1444; x_wconf 79' lang='grc' dir='ltr'>παραδεχό-</span> 
     </span>
    </p>
   </div>
   <div class='ocr_carea' id='block_1_15' title="bbox 425 1460 1991 1538">
    <p class='ocr_par' dir='ltr' id='par_1_15' title="bbox 425 1460 1991 1538">
     <span class='ocr_line' id='line_1_15' title="bbox 425 1460 1991 1538; baseline -0.003 -18"><span class='ocrx_word' id='word_1_94' title='bbox 425 1469 565 1538; x_wconf 80' lang='grc' dir='ltr'><strong>μεθα</strong></span> <span class='ocrx_word' id='word_1_95' title='bbox 587 1467 656 1520; x_wconf 73' lang='grc' dir='ltr'><strong><em>τὰ</em></strong></span> <span class='ocrx_word' id='word_1_96' title='bbox 688 1468 909 1521; x_wconf 79' lang='grc' dir='ltr'>τοιαῦτα</span> <span class='ocrx_word' id='word_1_97' title='bbox 939 1467 1117 1521; x_wconf 78' lang='grc' dir='ltr'>αὐτῶν</span> <span class='ocrx_word' id='word_1_98' title='bbox 1149 1467 1620 1538; x_wconf 78' lang='grc' dir='ltr'><strong><em>παραληρὴματα,</em></strong></span> <span class='ocrx_word' id='word_1_99' title='bbox 1651 1460 1727 1518; x_wconf 82' lang='grc' dir='ltr'>ὧν</span> <span class='ocrx_word' id='word_1_100' title='bbox 1770 1464 1838 1519; x_wconf 76' lang='grc' dir='ltr'><strong>τὰ</strong></span> <span class='ocrx_word' id='word_1_101' title='bbox 1890 1466 1991 1533; x_wconf 72' lang='grc' dir='ltr'><strong><em>μὲν</em></strong></span> 
     </span>
    </p>
   </div>
   <div class='ocr_carea' id='block_1_16' title="bbox 421 1555 1990 1628">
    <p class='ocr_par' dir='ltr' id='par_1_16' title="bbox 421 1555 1990 1628">
     <span class='ocr_line' id='line_1_16' title="bbox 421 1555 1990 1628; baseline -0.003 -17"><span class='ocrx_word' id='word_1_102' title='bbox 421 1557 811 1625; x_wconf 77' lang='grc' dir='ltr'><strong><em>ἀπεστάλησαν</em></strong></span> <span class='ocrx_word' id='word_1_103' title='bbox 842 1557 977 1626; x_wconf 79' lang='grc' dir='ltr'>ἡμῖν</span> <span class='ocrx_word' id='word_1_104' title='bbox 1010 1557 1141 1628; x_wconf 82' lang='grc' dir='ltr'>παρ’</span> <span class='ocrx_word' id='word_1_105' title='bbox 1173 1558 1378 1624; x_wconf 79' lang='grc' dir='ltr'>αὐτῶν,</span> <span class='ocrx_word' id='word_1_106' title='bbox 1405 1557 1473 1610; x_wconf 72' lang='grc' dir='ltr'>τὰ</span> <span class='ocrx_word' id='word_1_107' title='bbox 1511 1557 1566 1609; x_wconf 83' lang='grc' dir='ltr'><strong><em>δὲ</em></strong></span> <span class='ocrx_word' id='word_1_108' title='bbox 1599 1555 1693 1609; x_wconf 74' lang='grc' dir='ltr'><strong><em>κάὶ</em></strong></span> <span class='ocrx_word' id='word_1_109' title='bbox 1721 1555 1849 1625; x_wconf 83' lang='grc' dir='ltr'>παρ’</span> <span class='ocrx_word' id='word_1_110' title='bbox 1875 1555 1990 1607; x_wconf 80' lang='grc' dir='ltr'><strong><em>ἑτέ-</em></strong></span> 
     </span>
    </p>
   </div>
   <div class='ocr_carea' id='block_1_17' title="bbox 426 1647 1993 1720">
    <p class='ocr_par' dir='ltr' id='par_1_17' title="bbox 426 1647 1993 1720">
     <span class='ocr_line' id='line_1_17' title="bbox 426 1647 1993 1720; baseline -0.003 -18"><span class='ocrx_word' id='word_1_111' title='bbox 426 1667 534 1718; x_wconf 80' lang='grc' dir='ltr'>ρων</span> <span class='ocrx_word' id='word_1_112' title='bbox 569 1648 1038 1718; x_wconf 73' lang='grc' dir='ltr'><strong><em>ἀνεφανξσθησαν,</em></strong></span> <span class='ocrx_word' id='word_1_113' title='bbox 1071 1649 1448 1720; x_wconf 67' lang='grc' dir='ltr'><strong><em>τολμήσαντας</em></strong></span> <span class='ocrx_word' id='word_1_114' title='bbox 1495 1647 1860 1709; x_wconf 73' lang='grc' dir='ltr'><strong><em>ἁκανονίςτως</em></strong></span> <span class='ocrx_word' id='word_1_115' title='bbox 1897 1648 1993 1698; x_wconf 75' lang='grc' dir='ltr'><strong><em>καὶ</em></strong></span> 
     </span>
    </p>
   </div>
   <div class='ocr_carea' id='block_1_18' title="bbox 420 1738 1993 1812">
    <p class='ocr_par' dir='ltr' id='par_1_18' title="bbox 420 1738 1993 1812">
     <span class='ocr_line' id='line_1_18' title="bbox 420 1738 1993 1812; baseline -0.002 -19"><span class='ocrx_word' id='word_1_116' title='bbox 420 1741 665 1812; x_wconf 74' lang='grc' dir='ltr'><strong><em>ἀκρὶτως</em></strong></span> <span class='ocrx_word' id='word_1_117' title='bbox 696 1741 974 1811; x_wconf 59' lang='grc' dir='ltr'>ἀποκὸψαι</span> <span class='ocrx_word' id='word_1_118' title='bbox 1002 1741 1062 1793; x_wconf 77' lang='grc' dir='ltr'><strong><em>τὸ</em></strong></span> <span class='ocrx_word' id='word_1_119' title='bbox 1091 1741 1441 1812; x_wconf 66' lang='grc' dir='ltr'><strong><em>μνημόσυνόν</em></strong></span> <span class='ocrx_word' id='word_1_120' title='bbox 1478 1759 1604 1810; x_wconf 72' lang='grc' dir='ltr'><strong><em>μου,</em></strong></span> <span class='ocrx_word' id='word_1_121' title='bbox 1650 1739 1726 1807; x_wconf 79' lang='grc' dir='ltr'><strong><em>τῷ</em></strong></span> <span class='ocrx_word' id='word_1_122' title='bbox 1763 1739 1869 1791; x_wconf 61' lang='grc' dir='ltr'><strong><em>ἀπὶ</em></strong></span> <span class='ocrx_word' id='word_1_123' title='bbox 1895 1738 1993 1807; x_wconf 75' lang='grc' dir='ltr'><strong><em>τῆς</em></strong></span> 
     </span>
    </p>
   </div>
   <div class='ocr_carea' id='block_1_19' title="bbox 425 1828 1991 1902">
    <p class='ocr_par' dir='ltr' id='par_1_19' title="bbox 425 1828 1991 1902">
     <span class='ocr_line' id='line_1_19' title="bbox 425 1828 1991 1902; baseline -0.003 -19"><span class='ocrx_word' id='word_1_124' title='bbox 425 1828 748 1901; x_wconf 75' lang='grc' dir='ltr'><strong><em>ζωαρχικῆς</em></strong></span> <span class='ocrx_word' id='word_1_125' title='bbox 774 1832 871 1884; x_wconf 80' lang='grc' dir='ltr'><strong><em>καὶ</em></strong></span> <span class='ocrx_word' id='word_1_126' title='bbox 896 1831 1058 1898; x_wconf 82' lang='grc' dir='ltr'><strong>ἁγίας</strong></span> <span class='ocrx_word' id='word_1_127' title='bbox 1093 1829 1326 1902; x_wconf 82' lang='grc' dir='ltr'><strong><em>Τριάδος</em></strong></span> <span class='ocrx_word' id='word_1_128' title='bbox 1358 1831 1542 1901; x_wconf 81' lang='grc' dir='ltr'>δεσμῴ</span> <span class='ocrx_word' id='word_1_129' title='bbox 1580 1830 1991 1884; x_wconf 70' lang='grc' dir='ltr'><strong><em>καουποϐέελλο-</em></strong></span> 
     </span>
    </p>
   </div>
   <div class='ocr_carea' id='block_1_20' title="bbox 425 1921 1990 1995">
    <p class='ocr_par' dir='ltr' id='par_1_20' title="bbox 425 1921 1990 1995">
     <span class='ocr_line' id='line_1_20' title="bbox 425 1921 1990 1995; baseline 0 -21"><span class='ocrx_word' id='word_1_130' title='bbox 425 1939 551 1992; x_wconf 82' lang='grc' dir='ltr'><strong><em>μεν,</em></strong></span> <span class='ocrx_word' id='word_1_131' title='bbox 597 1921 692 1974; x_wconf 76' lang='grc' dir='ltr'><strong><em>καὶ</em></strong></span> <span class='ocrx_word' id='word_1_132' title='bbox 749 1922 826 1993; x_wconf 86' lang='grc' dir='ltr'><strong><em>τῷ</em></strong></span> <span class='ocrx_word' id='word_1_133' title='bbox 880 1923 1186 1992; x_wconf 77' lang='grc' dir='ltr'><strong><em>ἀναθέματι</em></strong></span> <span class='ocrx_word' id='word_1_134' title='bbox 1229 1925 1698 1995; x_wconf 75' lang='grc' dir='ltr'><strong><em>παραπέμπομεν.</em></strong></span> <span class='ocrx_word' id='word_1_135' title='bbox 1753 1923 1818 1976; x_wconf 81' lang='grc' dir='ltr'><strong>Ἠ</strong></span> <span class='ocrx_word' id='word_1_136' title='bbox 1855 1922 1990 1975; x_wconf 78' lang='grc' dir='ltr'><strong><em>ὑπο-</em></strong></span> 
     </span>
    </p>
   </div>
   <div class='ocr_carea' id='block_1_21' title="bbox 423 2009 1995 2083">
    <p class='ocr_par' dir='ltr' id='par_1_21' title="bbox 423 2009 1995 2083">
     <span class='ocr_line' id='line_1_21' title="bbox 423 2009 1995 2083; baseline -0.001 -19"><span class='ocrx_word' id='word_1_137' title='bbox 423 2011 611 2082; x_wconf 78' lang='grc' dir='ltr'>γραφὴ</span> <span class='ocrx_word' id='word_1_138' title='bbox 641 2029 656 2044; x_wconf 88' lang='grc'><strong>·</strong></span> <span class='ocrx_word' id='word_1_139' title='bbox 707 2012 960 2082; x_wconf 63' lang='grc' dir='ltr'><strong><em>Ἰωάννης</em></strong></span> <span class='ocrx_word' id='word_1_140' title='bbox 1000 2011 1131 2080; x_wconf 80' lang='grc' dir='ltr'><strong><em>ἐλέῳ</em></strong></span> <span class='ocrx_word' id='word_1_141' title='bbox 1184 2011 1318 2065; x_wconf 84' lang='grc' dir='ltr'>Θεοῦ</span> <span class='ocrx_word' id='word_1_142' title='bbox 1351 2012 1781 2083; x_wconf 76' lang='grc' dir='ltr'><strong><em>ἀρχιεπίσκοπος</em></strong></span> <span class='ocrx_word' id='word_1_143' title='bbox 1841 2009 1995 2064; x_wconf 81' lang='grc' dir='ltr'><strong><em>Κων-</em></strong></span> 
     </span>
    </p>
   </div>
   <div class='ocr_carea' id='block_1_22' title="bbox 426 2101 1996 2175">
    <p class='ocr_par' dir='ltr' id='par_1_22' title="bbox 426 2101 1996 2175">
     <span class='ocr_line' id='line_1_22' title="bbox 426 2101 1996 2175; baseline -0.001 -19"><span class='ocrx_word' id='word_1_144' title='bbox 426 2103 948 2170; x_wconf 80' lang='grc' dir='ltr'><strong><em>σταντινουπόλεως,</em></strong></span> <span class='ocrx_word' id='word_1_145' title='bbox 993 2104 1119 2167; x_wconf 82' lang='grc' dir='ltr'>νέας</span> <span class='ocrx_word' id='word_1_146' title='bbox 1182 2103 1426 2175; x_wconf 77' lang='grc' dir='ltr'><strong><em>Ῥώμης,’</em></strong></span> <span class='ocrx_word' id='word_1_147' title='bbox 1469 2104 1564 2156; x_wconf 82' lang='grc' dir='ltr'><strong><em>καὶ</em></strong></span> <span class='ocrx_word' id='word_1_148' title='bbox 1615 2101 1996 2172; x_wconf 73' lang='grc' dir='ltr'><strong><em>οἰκουμενικδς</em></strong></span> 
     </span>
    </p>
   </div>
   <div class='ocr_carea' id='block_1_23' title="bbox 423 2194 1996 2268">
    <p class='ocr_par' dir='ltr' id='par_1_23' title="bbox 423 2194 1996 2268">
     <span class='ocr_line' id='line_1_23' title="bbox 423 2194 1996 2268; baseline -0.001 -20"><span class='ocrx_word' id='word_1_149' title='bbox 423 2195 786 2268; x_wconf 79' lang='grc' dir='ltr'><strong><em>πατριάρχης.</em></strong></span> <span class='ocrx_word' id='word_1_150' title='bbox 818 2195 1098 2252; x_wconf 84' lang='lat' dir='ltr'><strong><em>Palamam</em></strong></span> <span class='ocrx_word' id='word_1_151' title='bbox 1134 2197 1350 2266; x_wconf 78' lang='lat' dir='ltr'><strong><em>ejusque</em></strong></span> <span class='ocrx_word' id='word_1_152' title='bbox 1403 2205 1710 2260; x_wconf 79' lang='lat' dir='ltr'><strong><em>sectatores,</em></strong></span> <span class='ocrx_word' id='word_1_153' title='bbox 1741 2205 1786 2249; x_wconf 85' lang='lat' dir='ltr'><strong><em>et</em></strong></span> <span class='ocrx_word' id='word_1_154' title='bbox 1821 2194 1996 2248; x_wconf 79' lang='lat' dir='ltr'><strong><em>omnia</em></strong></span> 
     </span>
    </p>
   </div>
   <div class='ocr_carea' id='block_1_24' title="bbox 420 2289 1997 2360">
    <p class='ocr_par' dir='ltr' id='par_1_24' title="bbox 420 2289 1997 2360">
     <span class='ocr_line' id='line_1_24' title="bbox 420 2289 1997 2360; baseline -0.002 -16"><span class='ocrx_word' id='word_1_155' title='bbox 420 2289 634 2344; x_wconf 84' lang='lat' dir='ltr'><strong><em>illorum</em></strong></span> <span class='ocrx_word' id='word_1_156' title='bbox 669 2290 828 2356; x_wconf 85' lang='lat' dir='ltr'><strong><em>impia</em></strong></span> <span class='ocrx_word' id='word_1_157' title='bbox 855 2289 1134 2360; x_wconf 84' lang='lat' dir='ltr'><strong><em>dogmata,</em></strong></span> <span class='ocrx_word' id='word_1_158' title='bbox 1163 2305 1254 2343; x_wconf 86' lang='lat' dir='ltr'><strong><em>seu</em></strong></span> <span class='ocrx_word' id='word_1_159' title='bbox 1292 2290 1464 2343; x_wconf 75' lang='lat' dir='ltr'><strong><em>verius</em></strong></span> <span class='ocrx_word' id='word_1_160' title='bbox 1522 2296 1880 2358; x_wconf 85' lang='lat' dir='ltr'><strong><em>nugamenta;</em></strong></span> <span class='ocrx_word' id='word_1_161' title='bbox 1905 2302 1997 2341; x_wconf 82' lang='lat' dir='ltr'><strong><em>nec</em></strong></span> 
     </span>
    </p>
   </div>
   <div class='ocr_carea' id='block_1_25' title="bbox 423 2375 1998 2452">
    <p class='ocr_par' dir='ltr' id='par_1_25' title="bbox 423 2375 1998 2452">
     <span class='ocr_line' id='line_1_25' title="bbox 423 2375 1998 2452; baseline -0.001 -18"><span class='ocrx_word' id='word_1_162' title='bbox 423 2397 526 2435; x_wconf 85' lang='lat' dir='ltr'><strong><em>non</em></strong></span> <span class='ocrx_word' id='word_1_163' title='bbox 552 2375 874 2452; x_wconf 79' lang='lat' dir='ltr'><strong><em>defensores,</em></strong></span> <span class='ocrx_word' id='word_1_164' title='bbox 942 2391 989 2434; x_wconf 81' lang='lat' dir='ltr'><strong><em>et</em></strong></span> <span class='ocrx_word' id='word_1_165' title='bbox 1049 2381 1140 2450; x_wconf 87' lang='lat' dir='ltr'><strong><em>qui</em></strong></span> <span class='ocrx_word' id='word_1_166' title='bbox 1209 2381 1591 2449; x_wconf 82' lang='lat' dir='ltr'><strong><em>astipulantur,</em></strong></span> <span class='ocrx_word' id='word_1_167' title='bbox 1645 2378 1998 2448; x_wconf 80' lang='lat' dir='ltr'><strong><em>recipiumqne</em></strong></span> 
     </span>
    </p>
   </div>
   <div class='ocr_carea' id='block_1_26' title="bbox 421 2471 1997 2542">
    <p class='ocr_par' dir='ltr' id='par_1_26' title="bbox 421 2471 1997 2542">
     <span class='ocr_line' id='line_1_26' title="bbox 421 2471 1997 2542; baseline -0.002 -16"><span class='ocrx_word' id='word_1_168' title='bbox 421 2489 538 2542; x_wconf 78' lang='lat' dir='ltr'><strong><em>qua:</em></strong></span> <span class='ocrx_word' id='word_1_169' title='bbox 566 2475 619 2526; x_wconf 86' lang='lat' dir='ltr'><strong><em>in</em></strong></span> <span class='ocrx_word' id='word_1_170' title='bbox 653 2471 814 2527; x_wconf 81' lang='lat' dir='ltr'><strong><em>Temo</em></strong></span> <span class='ocrx_word' id='word_1_171' title='bbox 847 2471 1128 2535; x_wconf 81' lang='lat' dir='ltr'><strong><em>habentur,</em></strong></span> <span class='ocrx_word' id='word_1_172' title='bbox 1160 2472 1445 2525; x_wconf 79' lang='lat' dir='ltr'><strong><em>secundant</em></strong></span> <span class='ocrx_word' id='word_1_173' title='bbox 1484 2487 1664 2524; x_wconf 81' lang='lat' dir='ltr'><strong><em>eorum</em></strong></span> <span class='ocrx_word' id='word_1_174' title='bbox 1707 2471 1997 2539; x_wconf 78' lang='lat' dir='ltr'><strong><em>expositio-</em></strong></span> 
     </span>
    </p>
   </div>
   <div class='ocr_carea' id='block_1_27' title="bbox 423 2561 1996 2642">
    <p class='ocr_par' dir='ltr' id='par_1_27' title="bbox 423 2561 1996 2642">
     <span class='ocr_line' id='line_1_27' title="bbox 423 2561 1996 2642; baseline -0.004 -24"><span class='ocrx_word' id='word_1_175' title='bbox 423 2581 562 2630; x_wconf 74' lang='lat' dir='ltr'><strong><em>nem,</em></strong></span> <span class='ocrx_word' id='word_1_176' title='bbox 595 2564 700 2618; x_wconf 88' lang='lat' dir='ltr'><strong><em>imo</em></strong></span> <span class='ocrx_word' id='word_1_177' title='bbox 725 2562 1196 2632; x_wconf 84' lang='lat' dir='ltr'><strong><em>vaniloquentiam,</em></strong></span> <span class='ocrx_word' id='word_1_178' title='bbox 1241 2575 1287 2616; x_wconf 86' lang='lat' dir='ltr'><strong><em>et</em></strong></span> <span class='ocrx_word' id='word_1_179' title='bbox 1316 2579 1417 2616; x_wconf 83' lang='lat' dir='ltr'><strong><em>non</em></strong></span> <span class='ocrx_word' id='word_1_180' title='bbox 1448 2561 1732 2616; x_wconf 80' lang='lat' dir='ltr'><strong><em>secundant</em></strong></span> <span class='ocrx_word' id='word_1_181' title='bbox 1763 2575 1996 2642; x_wconf 57' lang='lat' dir='ltr'><strong><em>sensum,</em></strong></span> 
     </span>
    </p>
   </div>
   <div class='ocr_carea' id='block_1_28' title="bbox 423 2649 1992 2726">
    <p class='ocr_par' dir='ltr' id='par_1_28' title="bbox 423 2649 1992 2726">
     <span class='ocr_line' id='line_1_28' title="bbox 423 2649 1992 2726; baseline -0.002 -20"><span class='ocrx_word' id='word_1_182' title='bbox 423 2656 515 2726; x_wconf 85' lang='lat' dir='ltr'><strong><em>qui</em></strong></span> <span class='ocrx_word' id='word_1_183' title='bbox 553 2654 715 2707; x_wconf 85' lang='lat' dir='ltr'><strong><em>Deum</em></strong></span> <span class='ocrx_word' id='word_1_184' title='bbox 764 2653 965 2718; x_wconf 85' lang='lat' dir='ltr'><strong><em>deceat,</em></strong></span> <span class='ocrx_word' id='word_1_185' title='bbox 1033 2663 1085 2708; x_wconf 80' lang='lat' dir='ltr'><strong><em>et</em></strong></span> <span class='ocrx_word' id='word_1_186' title='bbox 1137 2653 1486 2707; x_wconf 77' lang='lat' dir='ltr'><strong><em>orthodoxam</em></strong></span> <span class='ocrx_word' id='word_1_187' title='bbox 1559 2659 1684 2706; x_wconf 81' lang='lat' dir='ltr'><strong><em>etut</em></strong></span> <span class='ocrx_word' id='word_1_188' title='bbox 1740 2649 1992 2703; x_wconf 69' lang='lat' dir='ltr'><strong><em>Ecclesia:</em></strong></span> 
     </span>
    </p>
   </div>
   <div class='ocr_carea' id='block_1_29' title="bbox 427 2743 2000 2817">
    <p class='ocr_par' dir='ltr' id='par_1_29' title="bbox 427 2743 2000 2817">
     <span class='ocr_line' id='line_1_29' title="bbox 427 2743 2000 2817; baseline -0.003 -18"><span class='ocrx_word' id='word_1_189' title='bbox 427 2748 632 2801; x_wconf 79' lang='lat' dir='ltr'><strong><em>lumina</em></strong></span> <span class='ocrx_word' id='word_1_190' title='bbox 672 2758 716 2800; x_wconf 89' lang='lat' dir='ltr'><strong><em>et</em></strong></span> <span class='ocrx_word' id='word_1_191' title='bbox 749 2746 991 2817; x_wconf 83' lang='lat' dir='ltr'><strong><em>magistri</em></strong></span> <span class='ocrx_word' id='word_1_192' title='bbox 1021 2747 1350 2801; x_wconf 80' lang='lat' dir='ltr'><strong><em>tradiderunt</em></strong></span> <span class='ocrx_word' id='word_1_193' title='bbox 1375 2762 1394 2810; x_wconf 83' lang='lat'><strong><em>;</em></strong></span> <span class='ocrx_word' id='word_1_194' title='bbox 1418 2760 1644 2815; x_wconf 86' lang='lat' dir='ltr'><strong><em>quorum</em></strong></span> <span class='ocrx_word' id='word_1_195' title='bbox 1695 2759 1789 2797; x_wconf 89' lang='lat' dir='ltr'><strong><em>nos</em></strong></span> <span class='ocrx_word' id='word_1_196' title='bbox 1845 2743 2000 2796; x_wconf 78' lang='lat' dir='ltr'><strong><em>mti-</em></strong></span> 
     </span>
    </p>
   </div>
   <div class='ocr_carea' id='block_1_30' title="bbox 425 2837 1996 2909">
    <p class='ocr_par' dir='ltr' id='par_1_30' title="bbox 425 2837 1996 2909">
     <span class='ocr_line' id='line_1_30' title="bbox 425 2837 1996 2909; baseline -0.003 -18"><span class='ocrx_word' id='word_1_197' title='bbox 425 2843 527 2909; x_wconf 83' lang='lat' dir='ltr'><strong><em>giis</em></strong></span> <span class='ocrx_word' id='word_1_198' title='bbox 558 2839 858 2893; x_wconf 77' lang='lat' dir='ltr'><strong><em>insistentes</em></strong></span> <span class='ocrx_word' id='word_1_199' title='bbox 897 2847 962 2890; x_wconf 83' lang='lat' dir='ltr'><strong><em>&#39;et</em></strong></span> <span class='ocrx_word' id='word_1_200' title='bbox 1019 2837 1303 2902; x_wconf 78' lang='lat' dir='ltr'><strong><em>sententias</em></strong></span> <span class='ocrx_word' id='word_1_201' title='bbox 1359 2848 1645 2906; x_wconf 79' lang='lat' dir='ltr'><strong><em>sequentes,</em></strong></span> <span class='ocrx_word' id='word_1_202' title='bbox 1691 2847 1996 2891; x_wconf 89' lang='lat' dir='ltr'><strong><em>sanctorum</em></strong></span> 
     </span>
    </p>
   </div>
   <div class='ocr_carea' id='block_1_31' title="bbox 429 2929 2002 3000">
    <p class='ocr_par' dir='ltr' id='par_1_31' title="bbox 429 2929 2002 3000">
     <span class='ocr_line' id='line_1_31' title="bbox 429 2929 2002 3000; baseline 0 -14"><span class='ocrx_word' id='word_1_203' title='bbox 429 2936 574 2987; x_wconf 81' lang='lat' dir='ltr'><strong><em>dicta</em></strong></span> <span class='ocrx_word' id='word_1_204' title='bbox 602 2935 655 2984; x_wconf 88' lang='lat' dir='ltr'><strong><em>in</em></strong></span> <span class='ocrx_word' id='word_1_205' title='bbox 687 2930 849 2984; x_wconf 86' lang='lat' dir='ltr'><strong><em>Tanto</em></strong></span> <span class='ocrx_word' id='word_1_206' title='bbox 882 2929 1231 2999; x_wconf 83' lang='lat' dir='ltr'><strong><em>digessimus;</em></strong></span> <span class='ocrx_word' id='word_1_207' title='bbox 1261 2939 1570 2999; x_wconf 86' lang='lat' dir='ltr'><strong><em>cunctosque</em></strong></span> <span class='ocrx_word' id='word_1_208' title='bbox 1601 2929 1746 2995; x_wconf 85' lang='lat' dir='ltr'><strong><em>illos,</em></strong></span> <span class='ocrx_word' id='word_1_209' title='bbox 1792 2931 1884 3000; x_wconf 85' lang='lat' dir='ltr'><strong><em>qui</em></strong></span> <span class='ocrx_word' id='word_1_210' title='bbox 1939 2935 2002 2986; x_wconf 85' lang='lat' dir='ltr'><strong><em>ob</em></strong></span> 
     </span>
    </p>
   </div>
   <div class='ocr_carea' id='block_1_32' title="bbox 429 3022 2000 3093">
    <p class='ocr_par' dir='ltr' id='par_1_32' title="bbox 429 3022 2000 3093">
     <span class='ocr_line' id='line_1_32' title="bbox 429 3022 2000 3093; baseline -0.003 -11"><span class='ocrx_word' id='word_1_211' title='bbox 429 3042 547 3082; x_wconf 88' lang='lat' dir='ltr'><strong><em>eam</em></strong></span> <span class='ocrx_word' id='word_1_212' title='bbox 581 3026 746 3093; x_wconf 88' lang='lat' dir='ltr'><strong><em>ipsam</em></strong></span> <span class='ocrx_word' id='word_1_213' title='bbox 783 3037 908 3087; x_wconf 79' lang='lat' dir='ltr'><strong><em>rem,</em></strong></span> <span class='ocrx_word' id='word_1_214' title='bbox 946 3022 1086 3092; x_wconf 81' lang='lat' dir='ltr'><strong><em>quod</em></strong></span> <span class='ocrx_word' id='word_1_215' title='bbox 1111 3037 1292 3077; x_wconf 81' lang='lat' dir='ltr'><strong><em>eorum</em></strong></span> <span class='ocrx_word' id='word_1_216' title='bbox 1342 3033 1657 3092; x_wconf 71' lang='lat' dir='ltr'><strong><em>nugamenta</em></strong></span> <span class='ocrx_word' id='word_1_217' title='bbox 1707 3037 1809 3076; x_wconf 87' lang='lat' dir='ltr'><strong><em>non</em></strong></span> <span class='ocrx_word' id='word_1_218' title='bbox 1867 3025 2000 3078; x_wconf 83' lang='lat' dir='ltr'><strong><em>reci-</em></strong></span> 
     </span>
    </p>
   </div>
   <div class='ocr_carea' id='block_1_33' title="bbox 431 3113 1998 3187">
    <p class='ocr_par' dir='ltr' id='par_1_33' title="bbox 431 3113 1998 3187">
     <span class='ocr_line' id='line_1_33' title="bbox 431 3113 1998 3187; baseline -0.001 -15"><span class='ocrx_word' id='word_1_219' title='bbox 431 3119 625 3187; x_wconf 80' lang='lat' dir='ltr'><strong><em>pimus,</em></strong></span> <span class='ocrx_word' id='word_1_220' title='bbox 650 3131 769 3186; x_wconf 72' lang='lat' dir='ltr'><strong><em>qua:</em></strong></span> <span class='ocrx_word' id='word_1_221' title='bbox 791 3115 984 3182; x_wconf 85' lang='lat' dir='ltr'><strong><em>partim</em></strong></span> <span class='ocrx_word' id='word_1_222' title='bbox 1001 3115 1099 3183; x_wconf 84' lang='lat' dir='ltr'><strong><em>ipsi</em></strong></span> <span class='ocrx_word' id='word_1_223' title='bbox 1129 3113 1558 3180; x_wconf 75' lang='lat' dir='ltr'><strong><em>transmiserunt,</em></strong></span> <span class='ocrx_word' id='word_1_224' title='bbox 1585 3117 1783 3181; x_wconf 81' lang='lat' dir='ltr'><strong><em>partim</em></strong></span> <span class='ocrx_word' id='word_1_225' title='bbox 1836 3118 1998 3171; x_wconf 82' lang='lat' dir='ltr'><strong><em>etiam</em></strong></span> 
     </span>
    </p>
   </div>
   <div class='ocr_carea' id='block_1_34' title="bbox 2095 625 3701 699">
    <p class='ocr_par' dir='ltr' id='par_1_34' title="bbox 2095 625 3701 699">
     <span class='ocr_line' id='line_1_34' title="bbox 2095 625 3701 699; baseline 0 -15"><span class='ocrx_word' id='word_1_226' title='bbox 2095 630 2364 699; x_wconf 81' lang='lat' dir='ltr'><strong><em>mitigatus</em></strong></span> <span class='ocrx_word' id='word_1_227' title='bbox 2424 641 2542 696; x_wconf 87' lang='lat' dir='ltr'><strong><em>cst;</em></strong></span> <span class='ocrx_word' id='word_1_228' title='bbox 2613 629 2991 698; x_wconf 81' lang='lat' dir='ltr'><strong><em>Coccinnsque</em></strong></span> <span class='ocrx_word' id='word_1_229' title='bbox 3050 638 3104 682; x_wconf 91' lang='lat' dir='ltr'><strong><em>ct</em></strong></span> <span class='ocrx_word' id='word_1_230' title='bbox 3153 625 3331 684; x_wconf 85' lang='lat' dir='ltr'><strong><em>Nilus.</em></strong></span> <span class='ocrx_word' id='word_1_231' title='bbox 3416 627 3701 698; x_wconf 81' lang='lat' dir='ltr'><strong><em>Quodque</em></strong></span> 
     </span>
    </p>
   </div>
   <div class='ocr_carea' id='block_1_35' title="bbox 2094 719 3700 790">
    <p class='ocr_par' dir='ltr' id='par_1_35' title="bbox 2094 719 3700 790">
     <span class='ocr_line' id='line_1_35' title="bbox 2094 719 3700 790; baseline 0 -16"><span class='ocrx_word' id='word_1_232' title='bbox 2094 721 2426 777; x_wconf 83' lang='lat' dir='ltr'><strong><em>Thaborium</em></strong></span> <span class='ocrx_word' id='word_1_233' title='bbox 2467 721 2650 776; x_wconf 83' lang='lat' dir='ltr'><strong><em>lumen</em></strong></span> <span class='ocrx_word' id='word_1_234' title='bbox 2711 721 2926 776; x_wconf 78' lang='lat' dir='ltr'><strong><em>illustre</em></strong></span> <span class='ocrx_word' id='word_1_235' title='bbox 2981 719 3288 790; x_wconf 72' lang='lat' dir='ltr'><strong><em>exemplum</em></strong></span> <span class='ocrx_word' id='word_1_236' title='bbox 3349 719 3524 775; x_wconf 80' lang='lat' dir='ltr'><strong><em>visum</em></strong></span> <span class='ocrx_word' id='word_1_237' title='bbox 3605 729 3700 774; x_wconf 84' lang='lat' dir='ltr'><strong><em>cst</em></strong></span> 
     </span>
    </p>
   </div>
   <div class='ocr_carea' id='block_1_36' title="bbox 2093 805 3696 880">
    <p class='ocr_par' dir='ltr' id='par_1_36' title="bbox 2093 805 3696 880">
     <span class='ocr_line' id='line_1_36' title="bbox 2093 805 3696 880; baseline -0.001 -13"><span class='ocrx_word' id='word_1_238' title='bbox 2093 811 2396 876; x_wconf 76' lang='lat' dir='ltr'><strong><em>Palnmitis.</em></strong></span> <span class='ocrx_word' id='word_1_239' title='bbox 2435 813 2512 868; x_wconf 88' lang='lat' dir='ltr'><strong><em>sic</em></strong></span> <span class='ocrx_word' id='word_1_240' title='bbox 2539 813 2808 868; x_wconf 69' lang='lat' dir='ltr'><strong><em>distinctae</em></strong></span> <span class='ocrx_word' id='word_1_241' title='bbox 2855 812 3074 868; x_wconf 82' lang='lat' dir='ltr'><strong><em>virtutis</em></strong></span> <span class='ocrx_word' id='word_1_242' title='bbox 3107 814 3174 866; x_wconf 89' lang='lat' dir='ltr'><strong><em>ab</em></strong></span> <span class='ocrx_word' id='word_1_243' title='bbox 3217 805 3488 879; x_wconf 74' lang='lat' dir='ltr'><strong><em>essentia,</em></strong></span> <span class='ocrx_word' id='word_1_244' title='bbox 3560 825 3696 880; x_wconf 66' lang='lat' dir='ltr'><strong><em>qua:</em></strong></span> 
     </span>
    </p>
   </div>
   <div class='ocr_carea' id='block_1_37' title="bbox 2098 903 3697 977">
    <p class='ocr_par' dir='ltr' id='par_1_37' title="bbox 2098 903 3697 977">
     <span class='ocr_line' id='line_1_37' title="bbox 2098 903 3697 977; baseline -0.001 -18"><span class='ocrx_word' id='word_1_245' title='bbox 2098 905 2231 977; x_wconf 89' lang='lat' dir='ltr'><strong><em>ipsis</em></strong></span> <span class='ocrx_word' id='word_1_246' title='bbox 2262 907 2541 976; x_wconf 80' lang='lat' dir='ltr'><strong><em>corporeis</em></strong></span> <span class='ocrx_word' id='word_1_247' title='bbox 2572 904 2744 963; x_wconf 89' lang='lat' dir='ltr'><strong><em>oculis</em></strong></span> <span class='ocrx_word' id='word_1_248' title='bbox 2773 905 2883 960; x_wconf 87' lang='lat' dir='ltr'><strong><em>visa</em></strong></span> <span class='ocrx_word' id='word_1_249' title='bbox 2909 906 3001 972; x_wconf 83' lang='lat' dir='ltr'><strong><em>sit,</em></strong></span> <span class='ocrx_word' id='word_1_250' title='bbox 3029 914 3083 958; x_wconf 91' lang='lat' dir='ltr'><strong><em>et</em></strong></span> <span class='ocrx_word' id='word_1_251' title='bbox 3134 904 3411 970; x_wconf 73' lang='lat' dir='ltr'><strong><em>divinitas,</em></strong></span> <span class='ocrx_word' id='word_1_252' title='bbox 3463 903 3697 960; x_wconf 81' lang='lat' dir='ltr'><strong><em>occulta</em></strong></span> 
     </span>
    </p>
   </div>
   <div class='ocr_carea' id='block_1_38' title="bbox 2094 997 3696 1069">
    <p class='ocr_par' dir='ltr' id='par_1_38' title="bbox 2094 997 3696 1069">
     <span class='ocr_line' id='line_1_38' title="bbox 2094 997 3696 1069; baseline -0.001 -18"><span class='ocrx_word' id='word_1_253' title='bbox 2094 997 2354 1064; x_wconf 76' lang='lat' dir='ltr'><strong><em>essentia,</em></strong></span> <span class='ocrx_word' id='word_1_254' title='bbox 2391 1013 2564 1069; x_wconf 87' lang='lat' dir='ltr'><strong><em>eoque</em></strong></span> <span class='ocrx_word' id='word_1_255' title='bbox 2614 1008 2933 1068; x_wconf 79' lang='lat' dir='ltr'><strong><em>argumento</em></strong></span> <span class='ocrx_word' id='word_1_256' title='bbox 2976 997 3248 1068; x_wconf 79' lang='lat' dir='ltr'><strong><em>duplicem</em></strong></span> <span class='ocrx_word' id='word_1_257' title='bbox 3301 999 3696 1069; x_wconf 75' lang='lat' dir='ltr'><strong><em>dogmaticum</em></strong></span> 
     </span>
    </p>
   </div>
   <div class='ocr_carea' id='block_1_39' title="bbox 2094 1091 3690 1162">
    <p class='ocr_par' dir='ltr' id='par_1_39' title="bbox 2094 1091 3690 1162">
     <span class='ocr_line' id='line_1_39' title="bbox 2094 1091 3690 1162; baseline -0.001 -18"><span class='ocrx_word' id='word_1_258' title='bbox 2094 1103 2403 1146; x_wconf 82' lang='lat' dir='ltr'><strong><em>sermonem</em></strong></span> <span class='ocrx_word' id='word_1_259' title='bbox 2427 1091 2596 1146; x_wconf 87' lang='lat' dir='ltr'><strong><em>edidit</em></strong></span> <span class='ocrx_word' id='word_1_260' title='bbox 2621 1091 2891 1156; x_wconf 79' lang='lat' dir='ltr'><strong><em>Palamas.</em></strong></span> <span class='ocrx_word' id='word_1_261' title='bbox 2917 1091 3073 1147; x_wconf 85' lang='lat' dir='ltr'><strong><em>libuit</em></strong></span> <span class='ocrx_word' id='word_1_262' title='bbox 3115 1092 3201 1146; x_wconf 88' lang='lat' dir='ltr'><strong><em>hic</em></strong></span> <span class='ocrx_word' id='word_1_263' title='bbox 3249 1101 3690 1162; x_wconf 70' lang='lat' dir='ltr'><strong><em>repratseutare,</em></strong></span> 
     </span>
    </p>
   </div>
   <div class='ocr_carea' id='block_1_40' title="bbox 2093 1182 3698 1255">
    <p class='ocr_par' dir='ltr' id='par_1_40' title="bbox 2093 1182 3698 1255">
     <span class='ocr_line' id='line_1_40' title="bbox 2093 1182 3698 1255; baseline 0.001 -19"><span class='ocrx_word' id='word_1_264' title='bbox 2093 1182 2253 1252; x_wconf 83' lang='lat' dir='ltr'><strong><em>quasi</em></strong></span> <span class='ocrx_word' id='word_1_265' title='bbox 2284 1182 2350 1236; x_wconf 86' lang='lat' dir='ltr'><strong><em>ad</em></strong></span> <span class='ocrx_word' id='word_1_266' title='bbox 2380 1184 2653 1252; x_wconf 87' lang='lat' dir='ltr'><strong><em>specimen</em></strong></span> <span class='ocrx_word' id='word_1_267' title='bbox 2678 1182 2945 1238; x_wconf 66' lang='lat' dir='ltr'><strong><em>doctrina</em></strong></span> <span class='ocrx_word' id='word_1_268' title='bbox 2965 1198 3030 1238; x_wconf 86' lang='lat' dir='ltr'><strong><em>ac</em></strong></span> <span class='ocrx_word' id='word_1_269' title='bbox 3050 1194 3212 1239; x_wconf 50' lang='grc' dir='ltr'><strong>δοριξ</strong></span> <span class='ocrx_word' id='word_1_270' title='bbox 3232 1183 3332 1255; x_wconf 88' lang='lat' dir='ltr'><strong><em>(a).</em></strong></span> <span class='ocrx_word' id='word_1_271' title='bbox 3373 1183 3565 1239; x_wconf 75' lang='lat' dir='ltr'><strong><em>Nostri</em></strong></span> <span class='ocrx_word' id='word_1_272' title='bbox 3591 1184 3698 1238; x_wconf 81' lang='lat' dir='ltr'><strong><em>Dei</em></strong></span> 
     </span>
    </p>
   </div>
   <div class='ocr_carea' id='block_1_41' title="bbox 2097 1275 3698 1347">
    <p class='ocr_par' dir='ltr' id='par_1_41' title="bbox 2097 1275 3698 1347">
     <span class='ocr_line' id='line_1_41' title="bbox 2097 1275 3698 1347; baseline -0.001 -15"><span class='ocrx_word' id='word_1_273' title='bbox 2097 1275 2346 1332; x_wconf 73' lang='lat' dir='ltr'><strong><em>eﬂ‘ectum</em></strong></span> <span class='ocrx_word' id='word_1_274' title='bbox 2378 1276 2589 1332; x_wconf 89' lang='lat' dir='ltr'><strong><em>ordinis</em></strong></span> <span class='ocrx_word' id='word_1_275' title='bbox 2610 1275 2909 1344; x_wconf 81' lang='lat' dir='ltr'><strong><em>superioris</em></strong></span> <span class='ocrx_word' id='word_1_276' title='bbox 2941 1276 3204 1346; x_wconf 81' lang='lat' dir='ltr'><strong><em>(speciem</em></strong></span> <span class='ocrx_word' id='word_1_277' title='bbox 3237 1277 3449 1340; x_wconf 77' lang='lat' dir='ltr'><strong><em>scilicet</em></strong></span> <span class='ocrx_word' id='word_1_278' title='bbox 3476 1276 3698 1347; x_wconf 61' lang='lat' dir='ltr'><strong><em>gloriae</em></strong></span> 
     </span>
    </p>
   </div>
   <div class='ocr_carea' id='block_1_42' title="bbox 2094 1367 3694 1440">
    <p class='ocr_par' dir='ltr' id='par_1_42' title="bbox 2094 1367 3694 1440">
     <span class='ocr_line' id='line_1_42' title="bbox 2094 1367 3694 1440; baseline 0.001 -16"><span class='ocrx_word' id='word_1_279' title='bbox 2094 1385 2208 1425; x_wconf 85' lang='lat' dir='ltr'><strong><em>sam</em></strong></span> <span class='ocrx_word' id='word_1_280' title='bbox 2237 1377 2290 1422; x_wconf 91' lang='lat' dir='ltr'><strong><em>et</em></strong></span> <span class='ocrx_word' id='word_1_281' title='bbox 2321 1367 2500 1434; x_wconf 77' lang='grc' dir='ltr'>δόξαν,</span> <span class='ocrx_word' id='word_1_282' title='bbox 2541 1371 2592 1423; x_wconf 90' lang='lat' dir='ltr'><strong><em>in</em></strong></span> <span class='ocrx_word' id='word_1_283' title='bbox 2623 1385 2727 1440; x_wconf 85' lang='lat' dir='ltr'><strong><em>qua</em></strong></span> <span class='ocrx_word' id='word_1_284' title='bbox 2759 1369 2902 1425; x_wconf 82' lang='lat' dir='ltr'><strong><em>Deus</em></strong></span> <span class='ocrx_word' id='word_1_285' title='bbox 2935 1371 3108 1426; x_wconf 84' lang='lat' dir='ltr'><strong><em>videri</em></strong></span> <span class='ocrx_word' id='word_1_286' title='bbox 3140 1381 3456 1436; x_wconf 84' lang='lat' dir='ltr'><strong><em>censeatur,</em></strong></span> <span class='ocrx_word' id='word_1_287' title='bbox 3479 1372 3694 1426; x_wconf 82' lang='lat' dir='ltr'><strong><em>intimo</em></strong></span> 
     </span>
    </p>
   </div>
   <div class='ocr_carea' id='block_1_43' title="bbox 2061 1459 3695 1532">
    <p class='ocr_par' dir='ltr' id='par_1_43' title="bbox 2061 1459 3695 1532">
     <span class='ocr_line' id='line_1_43' title="bbox 2061 1459 3695 1532; baseline 0.003 -21"><span class='ocrx_word' id='word_1_288' title='bbox 2061 1461 2065 1464; x_wconf 63' lang='grc'><em>“</em></span> <span class='ocrx_word' id='word_1_289' title='bbox 2094 1461 2329 1532; x_wconf 83' lang='lat' dir='ltr'><strong><em>quodam</em></strong></span> <span class='ocrx_word' id='word_1_290' title='bbox 2358 1459 2473 1526; x_wconf 87' lang='lat' dir='ltr'><strong><em>ejus</em></strong></span> <span class='ocrx_word' id='word_1_291' title='bbox 2490 1461 2796 1529; x_wconf 72' lang='lat' dir='ltr'><strong><em>prazsentia:</em></strong></span> <span class='ocrx_word' id='word_1_292' title='bbox 2826 1476 2986 1517; x_wconf 84' lang='lat' dir='ltr'><strong><em>sensu</em></strong></span> <span class='ocrx_word' id='word_1_293' title='bbox 3021 1463 3312 1531; x_wconf 76' lang='lat' dir='ltr'><strong><em>gustuque)</em></strong></span> <span class='ocrx_word' id='word_1_294' title='bbox 3339 1464 3695 1525; x_wconf 61' lang='lat' dir='ltr'><strong><em>existimant,</em></strong></span> 
     </span>
    </p>
   </div>
   <div class='ocr_carea' id='block_1_44' title="bbox 2095 1551 3701 1628">
    <p class='ocr_par' dir='ltr' id='par_1_44' title="bbox 2095 1551 3701 1628">
     <span class='ocr_line' id='line_1_44' title="bbox 2095 1551 3701 1628; baseline 0.002 -22"><span class='ocrx_word' id='word_1_295' title='bbox 2095 1554 2306 1622; x_wconf 86' lang='lat' dir='ltr'><strong><em>qualem</em></strong></span> <span class='ocrx_word' id='word_1_296' title='bbox 2329 1551 2574 1628; x_wconf 68' lang='lat' dir='ltr'><strong><em>_mortali</em></strong></span> <span class='ocrx_word' id='word_1_297' title='bbox 2645 1553 2948 1622; x_wconf 61' lang='lat' dir='ltr'><strong><em>praesertim</em></strong></span> <span class='ocrx_word' id='word_1_298' title='bbox 2999 1567 3250 1622; x_wconf 89' lang='lat' dir='ltr'><strong><em>corpore,</em></strong></span> <span class='ocrx_word' id='word_1_299' title='bbox 3305 1555 3399 1609; x_wconf 92' lang='lat' dir='ltr'><strong><em>Dei</em></strong></span> <span class='ocrx_word' id='word_1_300' title='bbox 3450 1569 3701 1609; x_wconf 76' lang='lat' dir='ltr'><strong><em>tiiunere</em></strong></span> 
     </span>
    </p>
   </div>
   <div class='ocr_carea' id='block_1_45' title="bbox 2097 1643 3694 1718">
    <p class='ocr_par' dir='ltr' id='par_1_45' title="bbox 2097 1643 3694 1718">
     <span class='ocr_line' id='line_1_45' title="bbox 2097 1643 3694 1718; baseline 0.002 -19"><span class='ocrx_word' id='word_1_301' title='bbox 2097 1644 2334 1699; x_wconf 77' lang='lat' dir='ltr'><strong><em>nancisci</em></strong></span> <span class='ocrx_word' id='word_1_302' title='bbox 2379 1643 2538 1698; x_wconf 88' lang='lat' dir='ltr'><strong><em>licet:</em></strong></span> <span class='ocrx_word' id='word_1_303' title='bbox 2571 1659 2676 1697; x_wconf 90' lang='lat' dir='ltr'><strong><em>non</em></strong></span> <span class='ocrx_word' id='word_1_304' title='bbox 2712 1651 2770 1698; x_wconf 88' lang='lat' dir='ltr'><strong><em>ut</em></strong></span> <span class='ocrx_word' id='word_1_305' title='bbox 2798 1644 2889 1699; x_wconf 90' lang='lat' dir='ltr'><strong><em>illa</em></strong></span> <span class='ocrx_word' id='word_1_306' title='bbox 2916 1644 3137 1701; x_wconf 82' lang='lat' dir='ltr'><strong><em>claritas</em></strong></span> <span class='ocrx_word' id='word_1_307' title='bbox 3167 1657 3220 1702; x_wconf 91' lang='lat' dir='ltr'><strong><em>et</em></strong></span> <span class='ocrx_word' id='word_1_308' title='bbox 3242 1647 3418 1717; x_wconf 77' lang='lat' dir='ltr'><strong><em>fulgor</em></strong></span> <span class='ocrx_word' id='word_1_309' title='bbox 3453 1648 3532 1705; x_wconf 92' lang='lat' dir='ltr'><strong><em>sit</em></strong></span> <span class='ocrx_word' id='word_1_310' title='bbox 3567 1649 3694 1718; x_wconf 85' lang='lat' dir='ltr'><strong><em>ipsa</em></strong></span> 
     </span>
    </p>
   </div>
   <div class='ocr_carea' id='block_1_46' title="bbox 2098 1727 3736 1808">
    <p class='ocr_par' dir='ltr' id='par_1_46' title="bbox 2098 1727 3736 1808">
     <span class='ocr_line' id='line_1_46' title="bbox 2098 1727 3736 1808; baseline 0.002 -18"><span class='ocrx_word' id='word_1_311' title='bbox 2098 1737 2186 1791; x_wconf 85' lang='lat' dir='ltr'><strong><em>Dei</em></strong></span> <span class='ocrx_word' id='word_1_312' title='bbox 2222 1737 2462 1792; x_wconf 82' lang='lat' dir='ltr'><strong><em>essentia</em></strong></span> <span class='ocrx_word' id='word_1_313' title='bbox 2495 1745 2548 1791; x_wconf 94' lang='lat' dir='ltr'><strong><em>et</em></strong></span> <span class='ocrx_word' id='word_1_314' title='bbox 2578 1735 2838 1792; x_wconf 79' lang='lat' dir='ltr'><strong><em>divinitas</em></strong></span> <span class='ocrx_word' id='word_1_315' title='bbox 2869 1737 3132 1804; x_wconf 86' lang='lat' dir='ltr'><strong><em>increata,</em></strong></span> <span class='ocrx_word' id='word_1_316' title='bbox 3165 1741 3215 1794; x_wconf 92' lang='lat' dir='ltr'><strong><em>in</em></strong></span> <span class='ocrx_word' id='word_1_317' title='bbox 3247 1755 3407 1808; x_wconf 86' lang='lat' dir='ltr'><strong><em>quam</em></strong></span> <span class='ocrx_word' id='word_1_318' title='bbox 3453 1727 3736 1797; x_wconf 48' lang='lat' dir='ltr'><strong><em>senten:</em></strong></span> 
     </span>
    </p>
   </div>
   <div class='ocr_carea' id='block_1_47' title="bbox 2099 1827 3703 1898">
    <p class='ocr_par' dir='ltr' id='par_1_47' title="bbox 2099 1827 3703 1898">
     <span class='ocr_line' id='line_1_47' title="bbox 2099 1827 3703 1898; baseline 0.002 -16"><span class='ocrx_word' id='word_1_319' title='bbox 2099 1831 2225 1882; x_wconf 74' lang='lat' dir='ltr'><strong><em>tium</em></strong></span> <span class='ocrx_word' id='word_1_320' title='bbox 2248 1828 2436 1882; x_wconf 83' lang='lat' dir='ltr'><strong><em>adduci</em></strong></span> <span class='ocrx_word' id='word_1_321' title='bbox 2457 1845 2513 1882; x_wconf 78' lang='lat' dir='ltr'><strong><em>se</em></strong></span> <span class='ocrx_word' id='word_1_322' title='bbox 2531 1843 2723 1898; x_wconf 83' lang='lat' dir='ltr'><strong><em>passus</em></strong></span> <span class='ocrx_word' id='word_1_323' title='bbox 2740 1839 2821 1885; x_wconf 90' lang='lat' dir='ltr'><strong><em>cst</em></strong></span> <span class='ocrx_word' id='word_1_324' title='bbox 2843 1827 2952 1884; x_wconf 88' lang='lat' dir='ltr'><strong><em>Leo</em></strong></span> <span class='ocrx_word' id='word_1_325' title='bbox 2965 1829 3193 1886; x_wconf 84' lang='lat' dir='ltr'><strong><em>Allatius</em></strong></span> <span class='ocrx_word' id='word_1_326' title='bbox 3214 1831 3306 1886; x_wconf 92' lang='lat' dir='ltr'><strong><em>lib.</em></strong></span> <span class='ocrx_word' id='word_1_327' title='bbox 3337 1831 3411 1886; x_wconf 84' lang='lat' dir='ltr'><strong><em>De</em></strong></span> <span class='ocrx_word' id='word_1_328' title='bbox 3426 1849 3703 1887; x_wconf 79' lang='lat' dir='ltr'><strong><em>consensu</em></strong></span> 
     </span>
    </p>
   </div>
   <div class='ocr_carea' id='block_1_48' title="bbox 2098 1920 3703 1993">
    <p class='ocr_par' dir='ltr' id='par_1_48' title="bbox 2098 1920 3703 1993">
     <span class='ocr_line' id='line_1_48' title="bbox 2098 1920 3703 1993; baseline 0.004 -19"><span class='ocrx_word' id='word_1_329' title='bbox 2098 1924 2369 1991; x_wconf 83' lang='lat' dir='ltr'><strong><em>utriusque</em></strong></span> <span class='ocrx_word' id='word_1_330' title='bbox 2399 1920 2672 1988; x_wconf 64' lang='lat' dir='ltr'><strong><em>Ecclesia,</em></strong></span> <span class='ocrx_word' id='word_1_331' title='bbox 2735 1923 2888 1993; x_wconf 85' lang='lat' dir='ltr'><strong><em>cujus</em></strong></span> <span class='ocrx_word' id='word_1_332' title='bbox 2920 1933 3100 1980; x_wconf 89' lang='lat' dir='ltr'><strong><em>tamen</em></strong></span> <span class='ocrx_word' id='word_1_333' title='bbox 3151 1925 3484 1982; x_wconf 85' lang='lat' dir='ltr'><strong><em>incommodi</em></strong></span> <span class='ocrx_word' id='word_1_334' title='bbox 3536 1925 3703 1980; x_wconf 75' lang='lat' dir='ltr'><strong><em>defu-</em></strong></span> 
     </span>
    </p>
   </div>
   <div class='ocr_carea' id='block_1_49' title="bbox 2097 2012 3699 2083">
    <p class='ocr_par' dir='ltr' id='par_1_49' title="bbox 2097 2012 3699 2083">
     <span class='ocr_line' id='line_1_49' title="bbox 2097 2012 3699 2083; baseline 0.004 -18"><span class='ocrx_word' id='word_1_335' title='bbox 2097 2013 2488 2083; x_wconf 74' lang='lat' dir='ltr'><strong><em>gicndicausa,</em></strong></span> <span class='ocrx_word' id='word_1_336' title='bbox 2547 2012 2828 2070; x_wconf 70' lang='lat' dir='ltr'><strong><em>Palamita:</em></strong></span> <span class='ocrx_word' id='word_1_337' title='bbox 2877 2030 3028 2071; x_wconf 86' lang='lat' dir='ltr'><strong><em>suam</em></strong></span> <span class='ocrx_word' id='word_1_338' title='bbox 3079 2017 3220 2074; x_wconf 87' lang='lat' dir='ltr'><strong><em>banc</em></strong></span> <span class='ocrx_word' id='word_1_339' title='bbox 3273 2018 3699 2074; x_wconf 81' lang='lat' dir='ltr'><strong><em>distinctionem</em></strong></span> 
     </span>
    </p>
   </div>
   <div class='ocr_carea' id='block_1_50' title="bbox 2059 2106 3703 2186">
    <p class='ocr_par' dir='ltr' id='par_1_50' title="bbox 2059 2106 3703 2186">
     <span class='ocr_line' id='line_1_50' title="bbox 2059 2106 3703 2186; baseline 0.005 -28"><span class='ocrx_word' id='word_1_340' title='bbox 2059 2171 2074 2186; x_wconf 81' lang='lat'><strong><em>_</em></strong></span> <span class='ocrx_word' id='word_1_341' title='bbox 2099 2107 2314 2186; x_wconf 80' lang='lat' dir='ltr'><strong><em>virtutis</em></strong></span> <span class='ocrx_word' id='word_1_342' title='bbox 2352 2115 2407 2161; x_wconf 91' lang='lat' dir='ltr'><strong><em>et</em></strong></span> <span class='ocrx_word' id='word_1_343' title='bbox 2439 2106 2695 2162; x_wconf 57' lang='lat' dir='ltr'><strong><em>essentia;</em></strong></span> <span class='ocrx_word' id='word_1_344' title='bbox 2728 2108 3022 2163; x_wconf 90' lang='lat' dir='ltr'><strong><em>commenti</em></strong></span> <span class='ocrx_word' id='word_1_345' title='bbox 3062 2119 3210 2176; x_wconf 89' lang='lat' dir='ltr'><strong><em>sunt,</em></strong></span> <span class='ocrx_word' id='word_1_346' title='bbox 3258 2120 3316 2166; x_wconf 93' lang='lat' dir='ltr'><strong><em>ut</em></strong></span> <span class='ocrx_word' id='word_1_347' title='bbox 3354 2119 3560 2167; x_wconf 89' lang='lat' dir='ltr'><strong><em>auctor</em></strong></span> <span class='ocrx_word' id='word_1_348' title='bbox 3615 2119 3703 2166; x_wconf 87' lang='lat' dir='ltr'><strong><em>est</em></strong></span> 
     </span>
    </p>
   </div>
   <div class='ocr_carea' id='block_1_51' title="bbox 2097 2181 3701 2274">
    <p class='ocr_par' dir='ltr' id='par_1_51' title="bbox 2097 2181 3701 2274">
     <span class='ocr_line' id='line_1_51' title="bbox 2097 2181 3701 2274; baseline 0.002 -22"><span class='ocrx_word' id='word_1_349' title='bbox 2097 2181 2281 2253; x_wconf 75' lang='lat' dir='ltr'><strong><em>noster</em></strong></span> <span class='ocrx_word' id='word_1_350' title='bbox 2307 2197 2550 2262; x_wconf 84' lang='lat' dir='ltr'><strong><em>Calecas,</em></strong></span> <span class='ocrx_word' id='word_1_351' title='bbox 2593 2206 2647 2252; x_wconf 92' lang='lat' dir='ltr'><strong><em>et</em></strong></span> <span class='ocrx_word' id='word_1_352' title='bbox 2698 2212 2764 2252; x_wconf 90' lang='lat' dir='ltr'><strong><em>ne</em></strong></span> <span class='ocrx_word' id='word_1_353' title='bbox 2815 2196 3124 2254; x_wconf 66' lang='lat' dir='ltr'><strong><em>hlassaliani</em></strong></span> <span class='ocrx_word' id='word_1_354' title='bbox 3173 2200 3442 2265; x_wconf 86' lang='lat' dir='ltr'><strong><em>audirent.</em></strong></span> <span class='ocrx_word' id='word_1_355' title='bbox 3517 2201 3701 2274; x_wconf 81' lang='lat' dir='ltr'><strong><em>ipsam</em></strong></span> 
     </span>
    </p>
   </div>
   <div class='ocr_carea' id='block_1_52' title="bbox 2099 2287 3703 2363">
    <p class='ocr_par' dir='ltr' id='par_1_52' title="bbox 2099 2287 3703 2363">
     <span class='ocr_line' id='line_1_52' title="bbox 2099 2287 3703 2363; baseline 0.003 -21"><span class='ocrx_word' id='word_1_356' title='bbox 2099 2287 2191 2342; x_wconf 89' lang='lat' dir='ltr'><strong><em>Dei</em></strong></span> <span class='ocrx_word' id='word_1_357' title='bbox 2222 2289 2515 2342; x_wconf 84' lang='lat' dir='ltr'><strong><em>essentiam</em></strong></span> <span class='ocrx_word' id='word_1_358' title='bbox 2549 2288 2720 2344; x_wconf 87' lang='lat' dir='ltr'><strong><em>videri</em></strong></span> <span class='ocrx_word' id='word_1_359' title='bbox 2766 2287 3215 2345; x_wconf 82' lang='lat' dir='ltr'><strong><em>existimantesin</em></strong></span> <span class='ocrx_word' id='word_1_360' title='bbox 3240 2290 3441 2349; x_wconf 78' lang='lat' dir='ltr'><strong><em>divinis</em></strong></span> <span class='ocrx_word' id='word_1_361' title='bbox 3471 2293 3703 2363; x_wconf 58' lang='lat' dir='ltr'><strong><em>appariv</em></strong></span> 
     </span>
    </p>
   </div>
   <div class='ocr_carea' id='block_1_53' title="bbox 2100 2381 2362 2436">
    <p class='ocr_par' dir='ltr' id='par_1_53' title="bbox 2100 2381 2362 2436">
     <span class='ocr_line' id='line_1_53' title="bbox 2100 2381 2362 2436; baseline -0.015 -1"><span class='ocrx_word' id='word_1_362' title='bbox 2100 2381 2362 2436; x_wconf 82' lang='lat' dir='ltr'><strong><em>tionibus.</em></strong></span> 
     </span>
    </p>
   </div>
   <div class='ocr_carea' id='block_1_54' title="bbox 2171 2471 3697 2546">
    <p class='ocr_par' dir='ltr' id='par_1_54' title="bbox 2171 2471 3697 2546">
     <span class='ocr_line' id='line_1_54' title="bbox 2171 2471 3697 2546; baseline 0.003 -19"><span class='ocrx_word' id='word_1_363' title='bbox 2171 2471 2375 2528; x_wconf 80' lang='lat' dir='ltr'><strong><em>Practer</em></strong></span> <span class='ocrx_word' id='word_1_364' title='bbox 2423 2471 2698 2527; x_wconf 79' lang='lat' dir='ltr'><strong><em>Palumam</em></strong></span> <span class='ocrx_word' id='word_1_365' title='bbox 2726 2473 2867 2528; x_wconf 90' lang='lat' dir='ltr'><strong><em>alius</em></strong></span> <span class='ocrx_word' id='word_1_366' title='bbox 2903 2473 3184 2546; x_wconf 75' lang='lat' dir='ltr'><strong><em>theologus</em></strong></span> <span class='ocrx_word' id='word_1_367' title='bbox 3211 2484 3294 2532; x_wconf 88' lang='lat' dir='ltr'><strong><em>est</em></strong></span> <span class='ocrx_word' id='word_1_368' title='bbox 3324 2476 3418 2533; x_wconf 91' lang='lat' dir='ltr'><strong><em>illo</em></strong></span> <span class='ocrx_word' id='word_1_369' title='bbox 3469 2477 3697 2545; x_wconf 86' lang='lat' dir='ltr'><strong><em>senior,</em></strong></span> 
     </span>
    </p>
   </div>
   <div class='ocr_carea' id='block_1_55' title="bbox 2099 2563 3748 2637">
    <p class='ocr_par' dir='ltr' id='par_1_55' title="bbox 2099 2563 3748 2637">
     <span class='ocr_line' id='line_1_55' title="bbox 2099 2563 3748 2637; baseline 0.002 -15"><span class='ocrx_word' id='word_1_370' title='bbox 2099 2563 2330 2637; x_wconf 85' lang='lat' dir='ltr'><strong><em>Symeon</em></strong></span> <span class='ocrx_word' id='word_1_371' title='bbox 2362 2564 2531 2620; x_wconf 91' lang='lat' dir='ltr'><strong><em>abbas</em></strong></span> <span class='ocrx_word' id='word_1_372' title='bbox 2553 2565 2722 2620; x_wconf 89' lang='lat' dir='ltr'><strong><em>sancti</em></strong></span> <span class='ocrx_word' id='word_1_373' title='bbox 2751 2563 3038 2621; x_wconf 81' lang='lat' dir='ltr'><strong><em>Mamantis</em></strong></span> <span class='ocrx_word' id='word_1_374' title='bbox 3073 2567 3127 2622; x_wconf 91' lang='lat' dir='ltr'><strong><em>in</em></strong></span> <span class='ocrx_word' id='word_1_375' title='bbox 3149 2565 3698 2636; x_wconf 82' lang='lat' dir='ltr'><strong><em>Xerocerco,dictus</em></strong></span> <span class='ocrx_word' id='word_1_376' title='bbox 3738 2584 3748 2592; x_wconf 75' lang='lat'><strong>‘</strong></span> 
     </span>
    </p>
   </div>
   <div class='ocr_carea' id='block_1_56' title="bbox 2100 2644 3703 2731">
    <p class='ocr_par' dir='ltr' id='par_1_56' title="bbox 2100 2644 3703 2731">
     <span class='ocr_line' id='line_1_56' title="bbox 2100 2644 3703 2731; baseline 0.002 -18"><span class='ocrx_word' id='word_1_377' title='bbox 2100 2658 2214 2713; x_wconf 84' lang='lat' dir='ltr'><strong><em>suis</em></strong></span> <span class='ocrx_word' id='word_1_378' title='bbox 2236 2656 2419 2725; x_wconf 78' lang='lat' dir='ltr'><strong><em>iunior</em></strong></span> <span class='ocrx_word' id='word_1_379' title='bbox 2439 2644 2725 2727; x_wconf 73' lang='lat' dir='ltr'><strong><em>theologus</em></strong></span> <span class='ocrx_word' id='word_1_380' title='bbox 2755 2673 2769 2710; x_wconf 90' lang='lat'><strong>:</strong></span> <span class='ocrx_word' id='word_1_381' title='bbox 2803 2657 2956 2726; x_wconf 86' lang='lat' dir='ltr'><strong><em>cujus</em></strong></span> <span class='ocrx_word' id='word_1_382' title='bbox 3001 2657 3121 2714; x_wconf 84' lang='lat' dir='ltr'><strong><em>Vita</em></strong></span> <span class='ocrx_word' id='word_1_383' title='bbox 3172 2657 3450 2714; x_wconf 82' lang='lat' dir='ltr'><strong><em>fusissime</em></strong></span> <span class='ocrx_word' id='word_1_384' title='bbox 3478 2661 3703 2731; x_wconf 79' lang='lat' dir='ltr'><strong><em>scripta</em></strong></span> 
     </span>
    </p>
   </div>
   <div class='ocr_carea' id='block_1_57' title="bbox 2099 2748 3698 2815">
    <p class='ocr_par' dir='ltr' id='par_1_57' title="bbox 2099 2748 3698 2815">
     <span class='ocr_line' id='line_1_57' title="bbox 2099 2748 3698 2815; baseline 0.002 -12"><span class='ocrx_word' id='word_1_385' title='bbox 2099 2749 2287 2804; x_wconf 86' lang='lat' dir='ltr'><strong><em>Niceta</em></strong></span> <span class='ocrx_word' id='word_1_386' title='bbox 2325 2748 2569 2804; x_wconf 88' lang='lat' dir='ltr'><strong><em>Stbetato</em></strong></span> <span class='ocrx_word' id='word_1_387' title='bbox 2595 2758 2836 2815; x_wconf 89' lang='lat' dir='ltr'><strong><em>auctore,</em></strong></span> <span class='ocrx_word' id='word_1_388' title='bbox 2869 2757 3045 2802; x_wconf 80' lang='lat' dir='ltr'><strong><em>exstat</em></strong></span> <span class='ocrx_word' id='word_1_389' title='bbox 3075 2750 3128 2804; x_wconf 93' lang='lat' dir='ltr'><strong><em>in</em></strong></span> <span class='ocrx_word' id='word_1_390' title='bbox 3175 2748 3300 2806; x_wconf 84' lang='lat' dir='ltr'><strong><em>cod.</em></strong></span> <span class='ocrx_word' id='word_1_391' title='bbox 3344 2750 3500 2807; x_wconf 84' lang='lat' dir='ltr'><strong><em>card.</em></strong></span> <span class='ocrx_word' id='word_1_392' title='bbox 3551 2751 3698 2806; x_wconf 73' lang='lat' dir='ltr'><strong><em>Max.</em></strong></span> 
     </span>
    </p>
   </div>
   <div class='ocr_carea' id='block_1_58' title="bbox 2101 2837 3702 2912">
    <p class='ocr_par' dir='ltr' id='par_1_58' title="bbox 2101 2837 3702 2912">
     <span class='ocr_line' id='line_1_58' title="bbox 2101 2837 3702 2912; baseline 0.001 -17"><span class='ocrx_word' id='word_1_393' title='bbox 2101 2856 2248 2895; x_wconf 88' lang='lat' dir='ltr'><strong><em>nunc</em></strong></span> <span class='ocrx_word' id='word_1_394' title='bbox 2269 2839 2439 2908; x_wconf 73' lang='lat' dir='ltr'><strong><em>Regio</em></strong></span> <span class='ocrx_word' id='word_1_395' title='bbox 2466 2854 2480 2892; x_wconf 91' lang='lat'><strong>:</strong></span> <span class='ocrx_word' id='word_1_396' title='bbox 2513 2837 2700 2908; x_wconf 79' lang='lat' dir='ltr'><strong><em>fuique</em></strong></span> <span class='ocrx_word' id='word_1_397' title='bbox 2731 2846 2926 2893; x_wconf 87' lang='lat' dir='ltr'><strong><em>auctor</em></strong></span> <span class='ocrx_word' id='word_1_398' title='bbox 2953 2838 3297 2895; x_wconf 84' lang='lat' dir='ltr'><strong><em>Henscbenio</em></strong></span> <span class='ocrx_word' id='word_1_399' title='bbox 3327 2851 3382 2897; x_wconf 89' lang='lat' dir='ltr'><strong><em>et</em></strong></span> <span class='ocrx_word' id='word_1_400' title='bbox 3407 2842 3702 2912; x_wconf 78' lang='lat' dir='ltr'><strong><em>Papebro-</em></strong></span> 
     </span>
    </p>
   </div>
   <div class='ocr_carea' id='block_1_59' title="bbox 2100 2927 3701 2996">
    <p class='ocr_par' dir='ltr' id='par_1_59' title="bbox 2100 2927 3701 2996">
     <span class='ocr_line' id='line_1_59' title="bbox 2100 2927 3701 2996; baseline -0.002 -9"><span class='ocrx_word' id='word_1_401' title='bbox 2100 2931 2224 2987; x_wconf 89' lang='lat' dir='ltr'><strong><em>chio</em></strong></span> <span class='ocrx_word' id='word_1_402' title='bbox 2245 2927 2367 2984; x_wconf 75' lang='lat'><strong><em>8.1.</em></strong></span> <span class='ocrx_word' id='word_1_403' title='bbox 2384 2943 2449 2982; x_wconf 89' lang='lat' dir='ltr'><strong><em>ne</em></strong></span> <span class='ocrx_word' id='word_1_404' title='bbox 2479 2927 2606 2982; x_wconf 80' lang='lat' dir='ltr'><strong><em>Vitis</em></strong></span> <span class='ocrx_word' id='word_1_405' title='bbox 2625 2936 2926 2982; x_wconf 78' lang='lat' dir='ltr'><strong><em>sanctorum</em></strong></span> <span class='ocrx_word' id='word_1_406' title='bbox 2947 2927 3000 2982; x_wconf 92' lang='lat' dir='ltr'><strong><em>in</em></strong></span> <span class='ocrx_word' id='word_1_407' title='bbox 3019 2944 3118 2984; x_wconf 84' lang='lat' dir='ltr'><strong><em>suo</em></strong></span> <span class='ocrx_word' id='word_1_408' title='bbox 3141 2928 3333 2984; x_wconf 79' lang='lat' dir='ltr'><strong><em>Martio</em></strong></span> <span class='ocrx_word' id='word_1_409' title='bbox 3352 2931 3701 2996; x_wconf 88' lang='lat' dir='ltr'><strong><em>insererent,</em></strong></span> 
     </span>
    </p>
   </div>
   <div class='ocr_carea' id='block_1_60' title="bbox 2099 3020 3703 3092">
    <p class='ocr_par' dir='ltr' id='par_1_60' title="bbox 2099 3020 3703 3092">
     <span class='ocr_line' id='line_1_60' title="bbox 2099 3020 3703 3092; baseline 0.002 -16"><span class='ocrx_word' id='word_1_410' title='bbox 2099 3036 2204 3092; x_wconf 87' lang='lat' dir='ltr'><strong><em>qua</em></strong></span> <span class='ocrx_word' id='word_1_411' title='bbox 2230 3020 2542 3088; x_wconf 84' lang='lat' dir='ltr'><strong><em>suspicione</em></strong></span> <span class='ocrx_word' id='word_1_412' title='bbox 2577 3020 2808 3083; x_wconf 78' lang='lat' dir='ltr'><strong><em>laborat,</em></strong></span> <span class='ocrx_word' id='word_1_413' title='bbox 2831 3031 2888 3075; x_wconf 91' lang='lat' dir='ltr'><strong><em>et</em></strong></span> <span class='ocrx_word' id='word_1_414' title='bbox 2935 3029 3188 3091; x_wconf 89' lang='lat' dir='ltr'><strong><em>tanquam</em></strong></span> <span class='ocrx_word' id='word_1_415' title='bbox 3252 3022 3300 3078; x_wconf 88' lang='lat' dir='ltr'><strong><em>is</em></strong></span> <span class='ocrx_word' id='word_1_416' title='bbox 3337 3021 3507 3078; x_wconf 79' lang='lat' dir='ltr'><strong><em>fuerit</em></strong></span> <span class='ocrx_word' id='word_1_417' title='bbox 3573 3021 3703 3080; x_wconf 81' lang='lat' dir='ltr'><strong><em>fons</em></strong></span> 
     </span>
    </p>
   </div>
   <div class='ocr_carea' id='block_1_61' title="bbox 2103 3111 3699 3186">
    <p class='ocr_par' dir='ltr' id='par_1_61' title="bbox 2103 3111 3699 3186">
     <span class='ocr_line' id='line_1_61' title="bbox 2103 3111 3699 3186; baseline 0.002 -18"><span class='ocrx_word' id='word_1_418' title='bbox 2103 3115 2280 3168; x_wconf 88' lang='lat' dir='ltr'><strong><em>omnis</em></strong></span> <span class='ocrx_word' id='word_1_419' title='bbox 2306 3113 2563 3168; x_wconf 79' lang='lat' dir='ltr'><strong><em>Palamici</em></strong></span> <span class='ocrx_word' id='word_1_420' title='bbox 2596 3112 2826 3169; x_wconf 88' lang='lat' dir='ltr'><strong><em>erroris.</em></strong></span> <span class='ocrx_word' id='word_1_421' title='bbox 2857 3111 3018 3167; x_wconf 86' lang='lat' dir='ltr'><strong><em>Eram</em></strong></span> <span class='ocrx_word' id='word_1_422' title='bbox 3052 3123 3229 3178; x_wconf 75' lang='lat' dir='ltr'><strong><em>tamen</em></strong></span> <span class='ocrx_word' id='word_1_423' title='bbox 3256 3115 3346 3170; x_wconf 90' lang='lat' dir='ltr'><strong><em>hic</em></strong></span> <span class='ocrx_word' id='word_1_424' title='bbox 3377 3131 3699 3186; x_wconf 65' lang='lat' dir='ltr'><strong><em>repraesen-</em></strong></span> 
     </span>
    </p>
   </div>
   <div class='ocr_carea' id='block_1_62' title="bbox 432 3205 3702 3286">
    <p class='ocr_par' dir='ltr' id='par_1_62' title="bbox 432 3205 3702 3286">
     <span class='ocr_line' id='line_1_62' title="bbox 432 3205 3702 3286; baseline -0.001 -23"><span class='ocrx_word' id='word_1_425' title='bbox 432 3211 661 3264; x_wconf 87' lang='lat' dir='ltr'><strong><em>aliorum</em></strong></span> <span class='ocrx_word' id='word_1_426' title='bbox 686 3207 940 3262; x_wconf 79' lang='lat' dir='ltr'><strong><em>relatione</em></strong></span> <span class='ocrx_word' id='word_1_427' title='bbox 962 3205 1316 3276; x_wconf 84' lang='lat' dir='ltr'><strong><em>cognouimus,</em></strong></span> <span class='ocrx_word' id='word_1_428' title='bbox 1341 3214 1525 3260; x_wconf 80' lang='lat' dir='ltr'><strong><em>contra</em></strong></span> <span class='ocrx_word' id='word_1_429' title='bbox 1545 3221 1769 3261; x_wconf 80' lang='lat' dir='ltr'><strong><em>canones</em></strong></span> <span class='ocrx_word' id='word_1_430' title='bbox 1828 3207 2000 3262; x_wconf 80' lang='lat' dir='ltr'><strong><em>nulla-</em></strong></span> <span class='ocrx_word' id='word_1_431' title='bbox 2025 3225 2069 3286; x_wconf 71' lang='grc' dir='ltr'><strong><em>ο</em></strong></span> <span class='ocrx_word' id='word_1_432' title='bbox 2107 3215 2338 3271; x_wconf 88' lang='lat' dir='ltr'><strong><em>taturus,</em></strong></span> <span class='ocrx_word' id='word_1_433' title='bbox 2387 3205 2494 3261; x_wconf 90' lang='lat' dir='ltr'><strong><em>nisi</em></strong></span> <span class='ocrx_word' id='word_1_434' title='bbox 2538 3206 2708 3262; x_wconf 85' lang='lat' dir='ltr'><strong><em>moles</em></strong></span> <span class='ocrx_word' id='word_1_435' title='bbox 2737 3205 3053 3271; x_wconf 84' lang='lat' dir='ltr'><strong><em>obsisteret,</em></strong></span> <span class='ocrx_word' id='word_1_436' title='bbox 3107 3207 3330 3278; x_wconf 88' lang='lat' dir='ltr'><strong><em>ipseque</em></strong></span> <span class='ocrx_word' id='word_1_437' title='bbox 3373 3207 3702 3277; x_wconf 87' lang='lat' dir='ltr'><strong><em>sumptibus</em></strong></span> 
     </span>
    </p>
   </div>
   <div class='ocr_carea' id='block_1_63' title="bbox 433 3299 1998 3370">
    <p class='ocr_par' dir='ltr' id='par_1_63' title="bbox 433 3299 1998 3370">
     <span class='ocr_line' id='line_1_63' title="bbox 433 3299 1998 3370; baseline -0.003 -11"><span class='ocrx_word' id='word_1_438' title='bbox 433 3321 533 3370; x_wconf 88' lang='lat' dir='ltr'><strong><em>que</em></strong></span> <span class='ocrx_word' id='word_1_439' title='bbox 566 3303 692 3357; x_wconf 86' lang='lat' dir='ltr'><strong><em>recti</em></strong></span> <span class='ocrx_word' id='word_1_440' title='bbox 725 3319 787 3357; x_wconf 86' lang='lat' dir='ltr'><strong><em>ac</em></strong></span> <span class='ocrx_word' id='word_1_441' title='bbox 812 3299 948 3370; x_wconf 70' lang='lat' dir='ltr'><strong><em>(equi</em></strong></span> <span class='ocrx_word' id='word_1_442' title='bbox 996 3300 1154 3364; x_wconf 82' lang='lat' dir='ltr'><strong><em>libra,</em></strong></span> <span class='ocrx_word' id='word_1_443' title='bbox 1207 3299 1310 3354; x_wconf 86' lang='lat' dir='ltr'><strong><em>mei</em></strong></span> <span class='ocrx_word' id='word_1_444' title='bbox 1356 3299 1662 3352; x_wconf 87' lang='lat' dir='ltr'><strong><em>memoriam</em></strong></span> <span class='ocrx_word' id='word_1_445' title='bbox 1694 3300 1998 3355; x_wconf 74' lang='lat' dir='ltr'><strong><em>exscindere</em></strong></span> 
     </span>
    </p>
   </div>
   <div class='ocr_carea' id='block_1_64' title="bbox 435 3387 2000 3458">
    <p class='ocr_par' dir='ltr' id='par_1_64' title="bbox 435 3387 2000 3458">
     <span class='ocr_line' id='line_1_64' title="bbox 435 3387 2000 3458; baseline 0 -14"><span class='ocrx_word' id='word_1_446' title='bbox 435 3393 552 3444; x_wconf 88' lang='lat' dir='ltr'><strong><em>ausi</em></strong></span> <span class='ocrx_word' id='word_1_447' title='bbox 579 3400 720 3454; x_wconf 83' lang='lat' dir='ltr'><strong><em>sunt,</em></strong></span> <span class='ocrx_word' id='word_1_448' title='bbox 777 3389 996 3456; x_wconf 79' lang='lat' dir='ltr'><strong><em>viviﬁca:</em></strong></span> <span class='ocrx_word' id='word_1_449' title='bbox 1043 3395 1339 3457; x_wconf 66' lang='lat' dir='ltr'><strong><em>sanctaque</em></strong></span> <span class='ocrx_word' id='word_1_450' title='bbox 1379 3387 1652 3442; x_wconf 68' lang='lat' dir='ltr'><strong><em>Trinisatis</em></strong></span> <span class='ocrx_word' id='word_1_451' title='bbox 1689 3389 2000 3458; x_wconf 68' lang='lat' dir='ltr'><strong><em>subjiciam:</em></strong></span> 
     </span>
    </p>
   </div>
   <div class='ocr_carea' id='block_1_65' title="bbox 437 3477 2002 3550">
    <p class='ocr_par' dir='ltr' id='par_1_65' title="bbox 437 3477 2002 3550">
     <span class='ocr_line' id='line_1_65' title="bbox 437 3477 2002 3550; baseline -0.002 -13"><span class='ocrx_word' id='word_1_452' title='bbox 437 3483 663 3550; x_wconf 75' lang='lat' dir='ltr'><strong><em>t-int&#39;ulo,</em></strong></span> <span class='ocrx_word' id='word_1_453' title='bbox 697 3499 762 3536; x_wconf 87' lang='lat' dir='ltr'><strong><em>ac</em></strong></span> <span class='ocrx_word' id='word_1_454' title='bbox 791 3483 1123 3535; x_wconf 77' lang='lat' dir='ltr'><strong><em>anathemate</em></strong></span> <span class='ocrx_word' id='word_1_455' title='bbox 1150 3481 1388 3549; x_wconf 80' lang='lat' dir='ltr'><strong><em>ferimus.</em></strong></span> <span class='ocrx_word' id='word_1_456' title='bbox 1421 3477 1798 3550; x_wconf 82' lang='lat' dir='ltr'><strong><em>Subscriptio:</em></strong></span> <span class='ocrx_word' id='word_1_457' title='bbox 1831 3481 2002 3536; x_wconf 86' lang='lat' dir='ltr'><strong><em>Joan-</em></strong></span> 
     </span>
    </p>
   </div>
   <div class='ocr_carea' id='block_1_66' title="bbox 439 3570 2002 3640">
    <p class='ocr_par' dir='ltr' id='par_1_66' title="bbox 439 3570 2002 3640">
     <span class='ocr_line' id='line_1_66' title="bbox 439 3570 2002 3640; baseline -0.002 -11"><span class='ocrx_word' id='word_1_458' title='bbox 439 3593 525 3629; x_wconf 88' lang='lat' dir='ltr'><strong><em>ncs</em></strong></span> <span class='ocrx_word' id='word_1_459' title='bbox 588 3575 679 3628; x_wconf 78' lang='lat' dir='ltr'><strong><em>Dei</em></strong></span> <span class='ocrx_word' id='word_1_460' title='bbox 741 3573 1104 3626; x_wconf 66' lang='lat' dir='ltr'><strong><em>misericordia</em></strong></span> <span class='ocrx_word' id='word_1_461' title='bbox 1157 3570 1573 3640; x_wconf 80' lang='lat' dir='ltr'><strong><em>archiepiscopus</em></strong></span> <span class='ocrx_word' id='word_1_462' title='bbox 1626 3571 2002 3626; x_wconf 79' lang='lat' dir='ltr'><strong><em>Constantino-</em></strong></span> 
     </span>
    </p>
   </div>
   <div class='ocr_carea' id='block_1_67' title="bbox 433 3663 2000 3732">
    <p class='ocr_par' dir='ltr' id='par_1_67' title="bbox 433 3663 2000 3732">
     <span class='ocr_line' id='line_1_67' title="bbox 433 3663 2000 3732; baseline 0.002 -16"><span class='ocrx_word' id='word_1_463' title='bbox 433 3663 647 3732; x_wconf 75' lang='lat' dir='ltr'><strong><em>poleos,</em></strong></span> <span class='ocrx_word' id='word_1_464' title='bbox 709 3680 852 3718; x_wconf 72' lang='lat' dir='ltr'><strong><em>nova:</em></strong></span> <span class='ocrx_word' id='word_1_465' title='bbox 897 3663 1113 3725; x_wconf 63' lang='lat' dir='ltr'><strong><em>Roma,</em></strong></span> <span class='ocrx_word' id='word_1_466' title='bbox 1177 3674 1224 3717; x_wconf 86' lang='lat' dir='ltr'><strong><em>et</em></strong></span> <span class='ocrx_word' id='word_1_467' title='bbox 1287 3663 1628 3722; x_wconf 67' lang='lat' dir='ltr'><strong><em>meantenicus</em></strong></span> <span class='ocrx_word' id='word_1_468' title='bbox 1675 3663 2000 3730; x_wconf 82' lang='lat' dir='ltr'><strong><em>patriarcha.</em></strong></span> 
     </span>
    </p>
   </div>
   <div class='ocr_carea' id='block_1_68' title="bbox 438 3755 2002 3824">
    <p class='ocr_par' dir='ltr' id='par_1_68' title="bbox 438 3755 2002 3824">
     <span class='ocr_line' id='line_1_68' title="bbox 438 3755 2002 3824; baseline 0.003 -14"><span class='ocrx_word' id='word_1_469' title='bbox 438 3755 638 3810; x_wconf 84' lang='lat' dir='ltr'><strong><em>Eodem</em></strong></span> <span class='ocrx_word' id='word_1_470' title='bbox 668 3755 790 3810; x_wconf 76' lang='lat' dir='ltr'><strong><em>fidei</em></strong></span> <span class='ocrx_word' id='word_1_471' title='bbox 836 3755 974 3821; x_wconf 65' lang='lat' dir='ltr'><strong><em>zelo,</em></strong></span> <span class='ocrx_word' id='word_1_472' title='bbox 1014 3755 1253 3824; x_wconf 77' lang='lat' dir='ltr'><strong><em>lgnatius</em></strong></span> <span class='ocrx_word' id='word_1_473' title='bbox 1302 3755 1609 3824; x_wconf 83' lang='lat' dir='ltr'><strong><em>patriarcha</em></strong></span> <span class='ocrx_word' id='word_1_474' title='bbox 1635 3755 2002 3814; x_wconf 84' lang='lat' dir='ltr'><strong><em>Antiochenus</em></strong></span> 
     </span>
    </p>
   </div>
   <div class='ocr_carea' id='block_1_69' title="bbox 442 3845 1999 3917">
    <p class='ocr_par' dir='ltr' id='par_1_69' title="bbox 442 3845 1999 3917">
     <span class='ocr_line' id='line_1_69' title="bbox 442 3845 1999 3917; baseline 0.002 -17"><span class='ocrx_word' id='word_1_475' title='bbox 442 3863 636 3901; x_wconf 74' lang='lat' dir='ltr'><strong><em>novam</em></strong></span> <span class='ocrx_word' id='word_1_476' title='bbox 671 3847 816 3902; x_wconf 86' lang='lat' dir='ltr'><strong><em>illam</em></strong></span> <span class='ocrx_word' id='word_1_477' title='bbox 879 3847 1122 3900; x_wconf 82' lang='lat' dir='ltr'><strong><em>ha-resim</em></strong></span> <span class='ocrx_word' id='word_1_478' title='bbox 1186 3847 1507 3914; x_wconf 88' lang='lat' dir='ltr'><strong><em>proscribit;</em></strong></span> <span class='ocrx_word' id='word_1_479' title='bbox 1557 3846 1710 3917; x_wconf 86' lang='lat' dir='ltr'><strong><em>cujus</em></strong></span> <span class='ocrx_word' id='word_1_480' title='bbox 1749 3845 1999 3915; x_wconf 89' lang='lat' dir='ltr'><strong><em>Tomum,</em></strong></span> 
     </span>
    </p>
   </div>
   <div class='ocr_carea' id='block_1_70' title="bbox 443 3935 2002 4008">
    <p class='ocr_par' dir='ltr' id='par_1_70' title="bbox 443 3935 2002 4008">
     <span class='ocr_line' id='line_1_70' title="bbox 443 3935 2002 4008; baseline 0.003 -18"><span class='ocrx_word' id='word_1_481' title='bbox 443 3941 586 4005; x_wconf 78' lang='lat' dir='ltr'><strong><em>quod</em></strong></span> <span class='ocrx_word' id='word_1_482' title='bbox 621 3938 782 4008; x_wconf 86' lang='lat' dir='ltr'><strong><em>paulo</em></strong></span> <span class='ocrx_word' id='word_1_483' title='bbox 817 3936 1095 4008; x_wconf 78' lang='lat' dir='ltr'><strong><em>prolixior,</em></strong></span> <span class='ocrx_word' id='word_1_484' title='bbox 1118 3935 1346 3991; x_wconf 78' lang='lat' dir='ltr'><strong><em>Allatius</em></strong></span> <span class='ocrx_word' id='word_1_485' title='bbox 1373 3953 1475 3992; x_wconf 91' lang='lat' dir='ltr'><strong><em>non</em></strong></span> <span class='ocrx_word' id='word_1_486' title='bbox 1523 3936 1712 3994; x_wconf 88' lang='lat' dir='ltr'><strong><em>edidit.</em></strong></span> <span class='ocrx_word' id='word_1_487' title='bbox 1765 3939 2002 3996; x_wconf 90' lang='lat' dir='ltr'><strong><em>Conten-</em></strong></span> 
     </span>
    </p>
   </div>
   <div class='ocr_carea' id='block_1_71' title="bbox 442 4025 2000 4097">
    <p class='ocr_par' dir='ltr' id='par_1_71' title="bbox 442 4025 2000 4097">
     <span class='ocr_line' id='line_1_71' title="bbox 442 4025 2000 4097; baseline 0.001 -14"><span class='ocrx_word' id='word_1_488' title='bbox 442 4031 574 4083; x_wconf 86' lang='lat' dir='ltr'><strong><em>tioni</em></strong></span> <span class='ocrx_word' id='word_1_489' title='bbox 608 4029 782 4084; x_wconf 88' lang='lat' dir='ltr'><strong><em>locum</em></strong></span> <span class='ocrx_word' id='word_1_490' title='bbox 831 4028 978 4083; x_wconf 88' lang='lat' dir='ltr'><strong><em>dedit</em></strong></span> <span class='ocrx_word' id='word_1_491' title='bbox 1026 4025 1342 4084; x_wconf 87' lang='lat' dir='ltr'><strong><em>Barlaamus</em></strong></span> <span class='ocrx_word' id='word_1_492' title='bbox 1397 4028 1627 4084; x_wconf 83' lang='lat' dir='ltr'><strong><em>Calaber</em></strong></span> <span class='ocrx_word' id='word_1_493' title='bbox 1682 4031 2000 4097; x_wconf 81' lang='lat' dir='ltr'><strong><em>monachus,</em></strong></span> 
     </span>
    </p>
   </div>
   <div class='ocr_carea' id='block_1_72' title="bbox 440 4121 1977 4195">
    <p class='ocr_par' dir='ltr' id='par_1_72' title="bbox 440 4121 1977 4195">
     <span class='ocr_line' id='line_1_72' title="bbox 440 4121 1977 4195; baseline 0.002 -21"><span class='ocrx_word' id='word_1_494' title='bbox 440 4123 523 4176; x_wconf 67' lang='lat' dir='ltr'><strong><em>vir</em></strong></span> <span class='ocrx_word' id='word_1_495' title='bbox 549 4122 818 4183; x_wconf 79' lang='lat' dir='ltr'><strong><em>eruditus.</em></strong></span> <span class='ocrx_word' id='word_1_496' title='bbox 849 4121 964 4195; x_wconf 86' lang='lat' dir='ltr'><strong><em>qui,</em></strong></span> <span class='ocrx_word' id='word_1_497' title='bbox 995 4130 1054 4176; x_wconf 88' lang='lat' dir='ltr'><strong><em>ut</em></strong></span> <span class='ocrx_word' id='word_1_498' title='bbox 1107 4135 1169 4177; x_wconf 88' lang='lat' dir='ltr'><strong><em>se</em></strong></span> <span class='ocrx_word' id='word_1_499' title='bbox 1233 4122 1621 4177; x_wconf 87' lang='lat' dir='ltr'><strong><em>monachorum</em></strong></span> <span class='ocrx_word' id='word_1_500' title='bbox 1681 4122 1977 4192; x_wconf 69' lang='lat' dir='ltr'><strong><em>disciplina:</em></strong></span> 
     </span>
    </p>
   </div>
   <div class='ocr_carea' id='block_1_73' title="bbox 435 4213 2005 4286">
    <p class='ocr_par' dir='ltr' id='par_1_73' title="bbox 435 4213 2005 4286">
     <span class='ocr_line' id='line_1_73' title="bbox 435 4213 2005 4286; baseline 0.002 -18"><span class='ocrx_word' id='word_1_501' title='bbox 435 4215 682 4282; x_wconf 79' lang='lat' dir='ltr'><strong><em>tradidit,</em></strong></span> <span class='ocrx_word' id='word_1_502' title='bbox 713 4229 900 4269; x_wconf 91' lang='lat' dir='ltr'><strong><em>eorum</em></strong></span> <span class='ocrx_word' id='word_1_503' title='bbox 922 4229 1135 4270; x_wconf 89' lang='lat' dir='ltr'><strong><em>errores</em></strong></span> <span class='ocrx_word' id='word_1_504' title='bbox 1159 4213 1363 4269; x_wconf 82' lang='lat' dir='ltr'><strong><em>detexit</em></strong></span> <span class='ocrx_word' id='word_1_505' title='bbox 1391 4229 1454 4270; x_wconf 90' lang='lat' dir='ltr'><strong><em>ac</em></strong></span> <span class='ocrx_word' id='word_1_506' title='bbox 1483 4214 1749 4284; x_wconf 77' lang='lat' dir='ltr'><strong><em>traduxit;</em></strong></span> <span class='ocrx_word' id='word_1_507' title='bbox 1806 4216 2005 4286; x_wconf 87' lang='lat' dir='ltr'><strong><em>quibus</em></strong></span> 
     </span>
    </p>
   </div>
   <div class='ocr_carea' id='block_1_74' title="bbox 444 4305 2004 4379">
    <p class='ocr_par' dir='ltr' id='par_1_74' title="bbox 444 4305 2004 4379">
     <span class='ocr_line' id='line_1_74' title="bbox 444 4305 2004 4379; baseline 0 -17"><span class='ocrx_word' id='word_1_508' title='bbox 444 4305 716 4374; x_wconf 75' lang='lat' dir='ltr'><strong><em>l’alamas,</em></strong></span> <span class='ocrx_word' id='word_1_509' title='bbox 745 4309 1180 4379; x_wconf 86' lang='lat' dir='ltr'><strong><em>archiepiscopus</em></strong></span> <span class='ocrx_word' id='word_1_510' title='bbox 1209 4307 1248 4361; x_wconf 87' lang='grc' dir='ltr'>Τ</span> <span class='ocrx_word' id='word_1_511' title='bbox 1255 4308 1726 4372; x_wconf 83' lang='lat' dir='ltr'><strong><em>hessalonicensis,</em></strong></span> <span class='ocrx_word' id='word_1_512' title='bbox 1777 4322 1835 4363; x_wconf 87' lang='lat' dir='ltr'><strong><em>se</em></strong></span> <span class='ocrx_word' id='word_1_513' title='bbox 1884 4309 2004 4362; x_wconf 87' lang='lat' dir='ltr'><strong><em>vin-</em></strong></span> 
     </span>
    </p>
   </div>
   <div class='ocr_carea' id='block_1_75' title="bbox 440 4398 2001 4470">
    <p class='ocr_par' dir='ltr' id='par_1_75' title="bbox 440 4398 2001 4470">
     <span class='ocr_line' id='line_1_75' title="bbox 440 4398 2001 4470; baseline -0.004 -16"><span class='ocrx_word' id='word_1_514' title='bbox 440 4401 614 4455; x_wconf 85' lang='lat' dir='ltr'><strong><em>dicem</em></strong></span> <span class='ocrx_word' id='word_1_515' title='bbox 641 4411 693 4456; x_wconf 89' lang='lat' dir='ltr'><strong><em>ct</em></strong></span> <span class='ocrx_word' id='word_1_516' title='bbox 724 4409 1000 4456; x_wconf 85' lang='lat' dir='ltr'><strong><em>auctorem</em></strong></span> <span class='ocrx_word' id='word_1_517' title='bbox 1025 4399 1277 4470; x_wconf 67' lang='lat' dir='ltr'><strong><em>praebuit,</em></strong></span> <span class='ocrx_word' id='word_1_518' title='bbox 1331 4398 1784 4468; x_wconf 75' lang='lat' dir='ltr'><strong><em>Barlaamumque</em></strong></span> <span class='ocrx_word' id='word_1_519' title='bbox 1828 4398 2001 4467; x_wconf 83' lang='lat' dir='ltr'><strong><em>ipsum</em></strong></span> 
     </span>
    </p>
   </div>
   <div class='ocr_carea' id='block_1_76' title="bbox 436 4489 2003 4561">
    <p class='ocr_par' dir='ltr' id='par_1_76' title="bbox 436 4489 2003 4561">
     <span class='ocr_line' id='line_1_76' title="bbox 436 4489 2003 4561; baseline -0.002 -16"><span class='ocrx_word' id='word_1_520' title='bbox 436 4492 729 4561; x_wconf 87' lang='lat' dir='ltr'><strong><em>oppressit.</em></strong></span> <span class='ocrx_word' id='word_1_521' title='bbox 762 4492 1027 4547; x_wconf 88' lang='lat' dir='ltr'><strong><em>Damnato</em></strong></span> <span class='ocrx_word' id='word_1_522' title='bbox 1075 4491 1216 4544; x_wconf 90' lang='lat' dir='ltr'><strong><em>enim</em></strong></span> <span class='ocrx_word' id='word_1_523' title='bbox 1263 4490 1608 4556; x_wconf 86' lang='lat' dir='ltr'><strong><em>procacitatis</em></strong></span> <span class='ocrx_word' id='word_1_524' title='bbox 1653 4489 1705 4542; x_wconf 91' lang='lat' dir='ltr'><strong><em>in</em></strong></span> <span class='ocrx_word' id='word_1_525' title='bbox 1763 4490 2003 4544; x_wconf 85' lang='lat' dir='ltr'><strong><em>sanctius</em></strong></span> 
     </span>
    </p>
   </div>
   <div class='ocr_carea' id='block_1_77' title="bbox 2105 3298 3702 3371">
    <p class='ocr_par' dir='ltr' id='par_1_77' title="bbox 2105 3298 3702 3371">
     <span class='ocr_line' id='line_1_77' title="bbox 2105 3298 3702 3371; baseline 0 -18"><span class='ocrx_word' id='word_1_526' title='bbox 2105 3313 2336 3369; x_wconf 88' lang='lat' dir='ltr'><strong><em>parcens</em></strong></span> <span class='ocrx_word' id='word_1_527' title='bbox 2390 3299 2763 3371; x_wconf 78' lang='lat' dir='ltr'><strong><em>typographus</em></strong></span> <span class='ocrx_word' id='word_1_528' title='bbox 2824 3314 2889 3356; x_wconf 89' lang='lat' dir='ltr'><strong><em>ac</em></strong></span> <span class='ocrx_word' id='word_1_529' title='bbox 2940 3298 3230 3369; x_wconf 83' lang='lat' dir='ltr'><strong><em>bibliopola</em></strong></span> <span class='ocrx_word' id='word_1_530' title='bbox 3295 3299 3702 3356; x_wconf 86' lang='lat' dir='ltr'><strong><em>intercederet.</em></strong></span> 
     </span>
    </p>
   </div>
   <div class='ocr_carea' id='block_1_78' title="bbox 2103 3391 3700 3463">
    <p class='ocr_par' dir='ltr' id='par_1_78' title="bbox 2103 3391 3700 3463">
     <span class='ocr_line' id='line_1_78' title="bbox 2103 3391 3700 3463; baseline 0.001 -18"><span class='ocrx_word' id='word_1_531' title='bbox 2103 3391 2261 3446; x_wconf 84' lang='lat' dir='ltr'><strong><em>Libet</em></strong></span> <span class='ocrx_word' id='word_1_532' title='bbox 2320 3391 2538 3447; x_wconf 89' lang='lat' dir='ltr'><strong><em>interim</em></strong></span> <span class='ocrx_word' id='word_1_533' title='bbox 2596 3391 2714 3462; x_wconf 87' lang='lat' dir='ltr'><strong><em>ejus</em></strong></span> <span class='ocrx_word' id='word_1_534' title='bbox 2759 3391 2846 3447; x_wconf 89' lang='lat' dir='ltr'><strong><em>hic</em></strong></span> <span class='ocrx_word' id='word_1_535' title='bbox 2896 3399 3061 3462; x_wconf 85' lang='lat' dir='ltr'><strong><em>atque</em></strong></span> <span class='ocrx_word' id='word_1_536' title='bbox 3113 3391 3373 3448; x_wconf 78' lang='lat' dir='ltr'><strong><em>doctrinae</em></strong></span> <span class='ocrx_word' id='word_1_537' title='bbox 3422 3392 3700 3463; x_wconf 80' lang='lat' dir='ltr'><strong><em>majorem</em></strong></span> 
     </span>
    </p>
   </div>
   <div class='ocr_carea' id='block_1_79' title="bbox 2106 3483 3700 3556">
    <p class='ocr_par' dir='ltr' id='par_1_79' title="bbox 2106 3483 3700 3556">
     <span class='ocr_line' id='line_1_79' title="bbox 2106 3483 3700 3556; baseline 0 -16"><span class='ocrx_word' id='word_1_538' title='bbox 2106 3485 2380 3550; x_wconf 84' lang='lat' dir='ltr'><strong><em>notitiam,</em></strong></span> <span class='ocrx_word' id='word_1_539' title='bbox 2423 3485 2616 3552; x_wconf 89' lang='lat' dir='ltr'><strong><em>lector,</em></strong></span> <span class='ocrx_word' id='word_1_540' title='bbox 2645 3485 2912 3556; x_wconf 69' lang='lat' dir='ltr'><strong><em>praebere,</em></strong></span> <span class='ocrx_word' id='word_1_541' title='bbox 2943 3499 3102 3555; x_wconf 87' lang='lat' dir='ltr'><strong><em>quam</em></strong></span> <span class='ocrx_word' id='word_1_542' title='bbox 3141 3483 3234 3540; x_wconf 91' lang='lat' dir='ltr'><strong><em>ulli</em></strong></span> <span class='ocrx_word' id='word_1_543' title='bbox 3258 3493 3507 3556; x_wconf 85' lang='lat' dir='ltr'><strong><em>nostrum</em></strong></span> <span class='ocrx_word' id='word_1_544' title='bbox 3561 3487 3700 3540; x_wconf 87' lang='lat' dir='ltr'><strong><em>hac-</em></strong></span> 
     </span>
    </p>
   </div>
   <div class='ocr_carea' id='block_1_80' title="bbox 2107 3573 3700 3647">
    <p class='ocr_par' dir='ltr' id='par_1_80' title="bbox 2107 3573 3700 3647">
     <span class='ocr_line' id='line_1_80' title="bbox 2107 3573 3700 3647; baseline -0.003 -14"><span class='ocrx_word' id='word_1_545' title='bbox 2107 3587 2264 3633; x_wconf 87' lang='lat' dir='ltr'><strong><em>tenus</em></strong></span> <span class='ocrx_word' id='word_1_546' title='bbox 2299 3578 2625 3633; x_wconf 89' lang='lat' dir='ltr'><strong><em>habuerint:</em></strong></span> <span class='ocrx_word' id='word_1_547' title='bbox 2665 3578 2940 3647; x_wconf 89' lang='lat' dir='ltr'><strong><em>specimen</em></strong></span> <span class='ocrx_word' id='word_1_548' title='bbox 2982 3590 3199 3646; x_wconf 88' lang='lat' dir='ltr'><strong><em>quoque</em></strong></span> <span class='ocrx_word' id='word_1_549' title='bbox 3228 3591 3294 3630; x_wconf 79' lang='lat' dir='ltr'><strong><em>ex</em></strong></span> <span class='ocrx_word' id='word_1_550' title='bbox 3337 3575 3525 3630; x_wconf 84' lang='lat' dir='ltr'><strong><em>verbis</em></strong></span> <span class='ocrx_word' id='word_1_551' title='bbox 3577 3573 3700 3643; x_wconf 83' lang='lat' dir='ltr'><strong><em>ejus</em></strong></span> 
     </span>
    </p>
   </div>
   <div class='ocr_carea' id='block_1_81' title="bbox 2105 3667 3700 3740">
    <p class='ocr_par' dir='ltr' id='par_1_81' title="bbox 2105 3667 3700 3740">
     <span class='ocr_line' id='line_1_81' title="bbox 2105 3667 3700 3740; baseline -0.001 -16"><span class='ocrx_word' id='word_1_552' title='bbox 2105 3684 2397 3740; x_wconf 86' lang='lat' dir='ltr'><strong><em>apponere.</em></strong></span> <span class='ocrx_word' id='word_1_553' title='bbox 2435 3669 2577 3724; x_wconf 88' lang='lat' dir='ltr'><strong><em>unde</em></strong></span> <span class='ocrx_word' id='word_1_554' title='bbox 2608 3669 2691 3723; x_wconf 87' lang='lat' dir='ltr'><strong><em>vel</em></strong></span> <span class='ocrx_word' id='word_1_555' title='bbox 2729 3668 2867 3722; x_wconf 91' lang='lat' dir='ltr'><strong><em>tueri</em></strong></span> <span class='ocrx_word' id='word_1_556' title='bbox 2897 3677 2955 3722; x_wconf 91' lang='lat' dir='ltr'><strong><em>ut</em></strong></span> <span class='ocrx_word' id='word_1_557' title='bbox 3000 3667 3360 3724; x_wconf 77' lang='lat' dir='ltr'><strong><em>orthodoxam</em></strong></span> <span class='ocrx_word' id='word_1_558' title='bbox 3397 3667 3700 3736; x_wconf 86' lang='lat' dir='ltr'><strong><em>virumque</em></strong></span> 
     </span>
    </p>
   </div>
   <div class='ocr_carea' id='block_1_82' title="bbox 2105 3758 3696 3833">
    <p class='ocr_par' dir='ltr' id='par_1_82' title="bbox 2105 3758 3696 3833">
     <span class='ocr_line' id='line_1_82' title="bbox 2105 3758 3696 3833; baseline -0.004 -17"><span class='ocrx_word' id='word_1_559' title='bbox 2105 3761 2252 3833; x_wconf 90' lang='lat' dir='ltr'><strong><em>pium</em></strong></span> <span class='ocrx_word' id='word_1_560' title='bbox 2273 3777 2338 3816; x_wconf 89' lang='lat' dir='ltr'><strong><em>ac</em></strong></span> <span class='ocrx_word' id='word_1_561' title='bbox 2365 3761 2561 3815; x_wconf 82' lang='lat' dir='ltr'><strong><em>eximie</em></strong></span> <span class='ocrx_word' id='word_1_562' title='bbox 2584 3759 2878 3830; x_wconf 80' lang='lat' dir='ltr'><strong><em>spiritalem</em></strong></span> <span class='ocrx_word' id='word_1_563' title='bbox 2910 3759 3148 3829; x_wconf 88' lang='lat' dir='ltr'><strong><em>proclive</em></strong></span> <span class='ocrx_word' id='word_1_564' title='bbox 3216 3758 3309 3824; x_wconf 88' lang='lat' dir='ltr'><strong><em>sit,</em></strong></span> <span class='ocrx_word' id='word_1_565' title='bbox 3367 3758 3456 3814; x_wconf 86' lang='lat' dir='ltr'><strong><em>vel</em></strong></span> <span class='ocrx_word' id='word_1_566' title='bbox 3518 3759 3696 3815; x_wconf 81' lang='lat' dir='ltr'><strong><em>etiam</em></strong></span> 
     </span>
    </p>
   </div>
   <div class='ocr_carea' id='block_1_83' title="bbox 2105 3849 3694 3920">
    <p class='ocr_par' dir='ltr' id='par_1_83' title="bbox 2105 3849 3694 3920">
     <span class='ocr_line' id='line_1_83' title="bbox 2105 3849 3694 3920; baseline -0.005 -10"><span class='ocrx_word' id='word_1_567' title='bbox 2105 3863 2163 3910; x_wconf 88' lang='lat' dir='ltr'><strong><em>ut</em></strong></span> <span class='ocrx_word' id='word_1_568' title='bbox 2192 3853 2464 3909; x_wconf 88' lang='lat' dir='ltr'><strong><em>hominem</em></strong></span> <span class='ocrx_word' id='word_1_569' title='bbox 2497 3853 2776 3908; x_wconf 88' lang='lat' dir='ltr'><strong><em>seductum</em></strong></span> <span class='ocrx_word' id='word_1_570' title='bbox 2803 3865 2902 3906; x_wconf 90' lang='lat' dir='ltr'><strong><em>nec</em></strong></span> <span class='ocrx_word' id='word_1_571' title='bbox 2916 3865 3064 3906; x_wconf 63' lang='lat' dir='ltr'><strong><em>sanie</em></strong></span> <span class='ocrx_word' id='word_1_572' title='bbox 3088 3851 3288 3905; x_wconf 89' lang='lat' dir='ltr'><strong><em>mentis</em></strong></span> <span class='ocrx_word' id='word_1_573' title='bbox 3313 3849 3694 3920; x_wconf 87' lang='lat' dir='ltr'><strong><em>proscribere.</em></strong></span> 
     </span>
    </p>
   </div>
   <div class='ocr_carea' id='block_1_84' title="bbox 2104 3939 3694 4013">
    <p class='ocr_par' dir='ltr' id='par_1_84' title="bbox 2104 3939 3694 4013">
     <span class='ocr_line' id='line_1_84' title="bbox 2104 3939 3694 4013; baseline -0.005 -13"><span class='ocrx_word' id='word_1_574' title='bbox 2104 3945 2333 4000; x_wconf 86' lang='lat' dir='ltr'><strong><em>Pontani</em></strong></span> <span class='ocrx_word' id='word_1_575' title='bbox 2358 3943 2669 4013; x_wconf 85' lang='lat' dir='ltr'><strong><em>conjectura</em></strong></span> <span class='ocrx_word' id='word_1_576' title='bbox 2700 3944 2752 3997; x_wconf 89' lang='lat' dir='ltr'><strong><em>in</em></strong></span> <span class='ocrx_word' id='word_1_577' title='bbox 2808 3941 2908 3998; x_wconf 86' lang='lat' dir='ltr'><strong><em>viri</em></strong></span> <span class='ocrx_word' id='word_1_578' title='bbox 2959 3951 3140 4008; x_wconf 72' lang='lat' dir='ltr'><strong><em>aetate,</em></strong></span> <span class='ocrx_word' id='word_1_579' title='bbox 3192 3955 3356 3997; x_wconf 90' lang='lat' dir='ltr'><strong><em>causa</em></strong></span> <span class='ocrx_word' id='word_1_580' title='bbox 3421 3939 3694 4002; x_wconf 87' lang='lat' dir='ltr'><strong><em>carceris,</em></strong></span> 
     </span>
    </p>
   </div>
   <div class='ocr_carea' id='block_1_85' title="bbox 2103 4029 3696 4108">
    <p class='ocr_par' dir='ltr' id='par_1_85' title="bbox 2103 4029 3696 4108">
     <span class='ocr_line' id='line_1_85' title="bbox 2103 4029 3696 4108; baseline -0.006 -14"><span class='ocrx_word' id='word_1_581' title='bbox 2103 4034 2334 4108; x_wconf 82' lang='lat' dir='ltr'><strong><em>ejusque</em></strong></span> <span class='ocrx_word' id='word_1_582' title='bbox 2368 4037 2487 4088; x_wconf 87' lang='lat' dir='ltr'><strong><em>aliis</em></strong></span> <span class='ocrx_word' id='word_1_583' title='bbox 2511 4049 2616 4088; x_wconf 89' lang='lat' dir='ltr'><strong><em>non</em></strong></span> <span class='ocrx_word' id='word_1_584' title='bbox 2653 4035 2786 4089; x_wconf 88' lang='lat' dir='ltr'><strong><em>satis</em></strong></span> <span class='ocrx_word' id='word_1_585' title='bbox 2818 4033 2967 4098; x_wconf 84' lang='lat' dir='ltr'><strong><em>felix,</em></strong></span> <span class='ocrx_word' id='word_1_586' title='bbox 3009 4033 3208 4104; x_wconf 90' lang='lat' dir='ltr'><strong><em>quibus</em></strong></span> <span class='ocrx_word' id='word_1_587' title='bbox 3255 4032 3502 4102; x_wconf 66' lang='lat' dir='ltr'><strong><em>quaedam</em></strong></span> <span class='ocrx_word' id='word_1_588' title='bbox 3544 4029 3696 4085; x_wconf 85' lang='lat' dir='ltr'><strong><em>illius</em></strong></span> 
     </span>
    </p>
   </div>
   <div class='ocr_carea' id='block_1_86' title="bbox 2105 4120 3698 4197">
    <p class='ocr_par' dir='ltr' id='par_1_86' title="bbox 2105 4120 3698 4197">
     <span class='ocr_line' id='line_1_86' title="bbox 2105 4120 3698 4197; baseline -0.004 -12"><span class='ocrx_word' id='word_1_589' title='bbox 2105 4129 2295 4186; x_wconf 86' lang='lat' dir='ltr'><strong><em>Latine</em></strong></span> <span class='ocrx_word' id='word_1_590' title='bbox 2320 4126 2555 4197; x_wconf 77' lang='lat' dir='ltr'><strong><em>vulgavit</em></strong></span> <span class='ocrx_word' id='word_1_591' title='bbox 2587 4142 2652 4180; x_wconf 84' lang='lat' dir='ltr'><strong><em>cx</em></strong></span> <span class='ocrx_word' id='word_1_592' title='bbox 2682 4125 2960 4180; x_wconf 88' lang='lat' dir='ltr'><strong><em>codicibus</em></strong></span> <span class='ocrx_word' id='word_1_593' title='bbox 2992 4124 3287 4180; x_wconf 86' lang='lat' dir='ltr'><strong><em>Bavaricis.</em></strong></span> <span class='ocrx_word' id='word_1_594' title='bbox 3322 4120 3433 4178; x_wconf 90' lang='lat' dir='ltr'><strong><em>Leo</em></strong></span> <span class='ocrx_word' id='word_1_595' title='bbox 3453 4122 3698 4179; x_wconf 78' lang='lat' dir='ltr'><strong><em>Allatius</em></strong></span> 
     </span>
    </p>
   </div>
   <div class='ocr_carea' id='block_1_87' title="bbox 2105 4214 3692 4290">
    <p class='ocr_par' dir='ltr' id='par_1_87' title="bbox 2105 4214 3692 4290">
     <span class='ocr_line' id='line_1_87' title="bbox 2105 4214 3692 4290; baseline -0.008 -8"><span class='ocrx_word' id='word_1_596' title='bbox 2105 4240 2172 4282; x_wconf 76' lang='lat' dir='ltr'><strong><em>ex</em></strong></span> <span class='ocrx_word' id='word_1_597' title='bbox 2195 4223 2329 4279; x_wconf 74' lang='lat' dir='ltr'><strong><em>Vita:</em></strong></span> <span class='ocrx_word' id='word_1_598' title='bbox 2351 4237 2572 4277; x_wconf 84' lang='lat' dir='ltr'><strong><em>auctore</em></strong></span> <span class='ocrx_word' id='word_1_599' title='bbox 2605 4219 2852 4276; x_wconf 87' lang='lat' dir='ltr'><strong><em>Sthetato</em></strong></span> <span class='ocrx_word' id='word_1_600' title='bbox 2872 4219 2993 4290; x_wconf 90' lang='lat' dir='ltr'><strong><em>(nos</em></strong></span> <span class='ocrx_word' id='word_1_601' title='bbox 3023 4219 3366 4274; x_wconf 81' lang='lat' dir='ltr'><strong><em>Pectoratum</em></strong></span> <span class='ocrx_word' id='word_1_602' title='bbox 3393 4214 3692 4286; x_wconf 86' lang='lat' dir='ltr'><strong><em>dicimus),</em></strong></span> 
     </span>
    </p>
   </div>
   <div class='ocr_carea' id='block_1_88' title="bbox 2105 4307 3702 4386">
    <p class='ocr_par' dir='ltr' id='par_1_88' title="bbox 2105 4307 3702 4386">
     <span class='ocr_line' id='line_1_88' title="bbox 2105 4307 3702 4386; baseline -0.006 -16"><span class='ocrx_word' id='word_1_603' title='bbox 2105 4331 2268 4386; x_wconf 88' lang='lat' dir='ltr'><strong><em>quem</em></strong></span> <span class='ocrx_word' id='word_1_604' title='bbox 2299 4314 2747 4384; x_wconf 87' lang='lat' dir='ltr'><strong><em>liquetadversus</em></strong></span> <span class='ocrx_word' id='word_1_605' title='bbox 2783 4310 3008 4366; x_wconf 84' lang='lat' dir='ltr'><strong><em>Latinos</em></strong></span> <span class='ocrx_word' id='word_1_606' title='bbox 3033 4325 3158 4366; x_wconf 90' lang='lat' dir='ltr'><strong><em>cum</em></strong></span> <span class='ocrx_word' id='word_1_607' title='bbox 3211 4307 3473 4364; x_wconf 79' lang='lat' dir='ltr'><strong><em>Mieltaele</em></strong></span> <span class='ocrx_word' id='word_1_608' title='bbox 3519 4308 3702 4362; x_wconf 76' lang='lat' dir='ltr'><strong><em>Ceru-</em></strong></span> 
     </span>
    </p>
   </div>
   <div class='ocr_carea' id='block_1_89' title="bbox 2115 4398 3702 4478">
    <p class='ocr_par' dir='ltr' id='par_1_89' title="bbox 2115 4398 3702 4478">
     <span class='ocr_line' id='line_1_89' title="bbox 2115 4398 3702 4478; baseline -0.006 -15"><span class='ocrx_word' id='word_1_609' title='bbox 2115 4409 2254 4464; x_wconf 87' lang='lat' dir='ltr'><strong><em>lario</em></strong></span> <span class='ocrx_word' id='word_1_610' title='bbox 2280 4408 2571 4478; x_wconf 86' lang='lat' dir='ltr'><strong><em>plurimum</em></strong></span> <span class='ocrx_word' id='word_1_611' title='bbox 2603 4407 2931 4465; x_wconf 84' lang='lat' dir='ltr'><strong><em>decertasse.</em></strong></span> <span class='ocrx_word' id='word_1_612' title='bbox 2965 4417 3027 4458; x_wconf 91' lang='lat' dir='ltr'><strong><em>ac</em></strong></span> <span class='ocrx_word' id='word_1_613' title='bbox 3061 4400 3328 4456; x_wconf 85' lang='lat' dir='ltr'><strong><em>Cerularii</em></strong></span> <span class='ocrx_word' id='word_1_614' title='bbox 3365 4410 3559 4470; x_wconf 80' lang='lat' dir='ltr'><strong><em>partes</em></strong></span> <span class='ocrx_word' id='word_1_615' title='bbox 3608 4398 3702 4454; x_wconf 66' lang='grc' dir='ltr'><strong><em>[ος</em></strong></span> 
     </span>
    </p>
   </div>
   <div class='ocr_carea' id='block_1_90' title="bbox 2112 4498 3694 4569">
    <p class='ocr_par' dir='ltr' id='par_1_90' title="bbox 2112 4498 3694 4569">
     <span class='ocr_line' id='line_1_90' title="bbox 2112 4498 3694 4569; baseline -0.006 -15"><span class='ocrx_word' id='word_1_616' title='bbox 2112 4500 2274 4562; x_wconf 88' lang='lat' dir='ltr'><strong><em>visse,</em></strong></span> <span class='ocrx_word' id='word_1_617' title='bbox 2307 4498 2426 4567; x_wconf 79' lang='lat' dir='ltr'><strong><em>ejus</em></strong></span> <span class='ocrx_word' id='word_1_618' title='bbox 2459 4498 2684 4569; x_wconf 87' lang='lat' dir='ltr'><strong><em>propius</em></strong></span> <span class='ocrx_word' id='word_1_619' title='bbox 2745 4505 2962 4552; x_wconf 72' lang='lat' dir='ltr'><strong><em>:etatem</em></strong></span> <span class='ocrx_word' id='word_1_620' title='bbox 3007 4501 3233 4548; x_wconf 89' lang='lat' dir='ltr'><strong><em>venatus</em></strong></span> <span class='ocrx_word' id='word_1_621' title='bbox 3284 4503 3405 4557; x_wconf 86' lang='lat' dir='ltr'><strong><em>est;</em></strong></span> <span class='ocrx_word' id='word_1_622' title='bbox 3459 4506 3694 4546; x_wconf 83' lang='lat' dir='ltr'><strong><em>causam</em></strong></span> 
     </span>
    </p>
   </div>
   <div class='ocr_carea' id='block_1_91' title="bbox 437 4558 3692 4659">
    <p class='ocr_par' dir='ltr' id='par_1_91' title="bbox 437 4558 3692 4659">
     <span class='ocr_line' id='line_1_91' title="bbox 437 4558 3692 4659; baseline 0 -25"><span class='ocrx_word' id='word_1_623' title='bbox 437 4581 742 4638; x_wconf 80' lang='lat' dir='ltr'><strong><em>institutum</em></strong></span> <span class='ocrx_word' id='word_1_624' title='bbox 765 4583 1048 4659; x_wconf 70' lang='lat' dir='ltr'><strong><em>Barlaamo</em></strong></span> <span class='ocrx_word' id='word_1_625' title='bbox 1086 4581 1374 4646; x_wconf 81' lang='lat' dir='ltr'><strong><em>monach0,</em></strong></span> <span class='ocrx_word' id='word_1_626' title='bbox 1404 4595 1693 4651; x_wconf 70' lang='lat' dir='ltr'><strong><em>suppressa</em></strong></span> <span class='ocrx_word' id='word_1_627' title='bbox 1748 4580 1816 4634; x_wconf 76' lang='lat' dir='ltr'><strong><em>de</em></strong></span> <span class='ocrx_word' id='word_1_628' title='bbox 1875 4579 2004 4649; x_wconf 70' lang='grc' dir='ltr'><strong><em>ιιοε·</em></strong></span> <span class='ocrx_word' id='word_1_629' title='bbox 2034 4558 2081 4618; x_wconf 76' lang='lat' dir='ltr'><strong><em>D</em></strong></span> <span class='ocrx_word' id='word_1_630' title='bbox 2111 4603 2290 4646; x_wconf 86' lang='lat' dir='ltr'><strong><em>tamen</em></strong></span> <span class='ocrx_word' id='word_1_631' title='bbox 2317 4558 2578 4656; x_wconf 64' lang='lat' dir='ltr'><strong><em>carceris,</em></strong></span> <span class='ocrx_word' id='word_1_632' title='bbox 2607 4591 2749 4659; x_wconf 86' lang='lat' dir='ltr'><strong><em>quod</em></strong></span> <span class='ocrx_word' id='word_1_633' title='bbox 2795 4603 2920 4644; x_wconf 88' lang='lat' dir='ltr'><strong><em>eum</em></strong></span> <span class='ocrx_word' id='word_1_634' title='bbox 2960 4593 3312 4641; x_wconf 87' lang='lat' dir='ltr'><strong><em>monumenta</em></strong></span> <span class='ocrx_word' id='word_1_635' title='bbox 3359 4583 3692 4649; x_wconf 82' lang='lat' dir='ltr'><strong><em>defecerint,</em></strong></span> 
     </span>
    </p>
   </div>
   <div class='ocr_carea' id='block_1_92' title="bbox 436 4669 2004 4746">
    <p class='ocr_par' dir='ltr' id='par_1_92' title="bbox 436 4669 2004 4746">
     <span class='ocr_line' id='line_1_92' title="bbox 436 4669 2004 4746; baseline -0.002 -17"><span class='ocrx_word' id='word_1_636' title='bbox 436 4685 581 4731; x_wconf 87' lang='lat' dir='ltr'><strong><em>:nate</em></strong></span> <span class='ocrx_word' id='word_1_637' title='bbox 608 4675 832 4746; x_wconf 71' lang='lat' dir='ltr'><strong><em>qumStio</em></strong></span> <span class='ocrx_word' id='word_1_638' title='bbox 867 4685 970 4740; x_wconf 90' lang='lat' dir='ltr'><strong><em>est,</em></strong></span> <span class='ocrx_word' id='word_1_639' title='bbox 1006 4689 1073 4728; x_wconf 88' lang='lat' dir='ltr'><strong><em>ne</em></strong></span> <span class='ocrx_word' id='word_1_640' title='bbox 1103 4672 1348 4728; x_wconf 83' lang='lat' dir='ltr'><strong><em>Palamas</em></strong></span> <span class='ocrx_word' id='word_1_641' title='bbox 1383 4687 1559 4741; x_wconf 65' lang='lat' dir='ltr'><strong><em>pravas</em></strong></span> <span class='ocrx_word' id='word_1_642' title='bbox 1599 4671 1711 4738; x_wconf 88' lang='lat' dir='ltr'><strong><em>ipse</em></strong></span> <span class='ocrx_word' id='word_1_643' title='bbox 1741 4669 2004 4726; x_wconf 65' lang='lat' dir='ltr'><strong><em>doctrinae</em></strong></span> 
     </span>
    </p>
   </div>
   <div class='ocr_carea' id='block_1_93' title="bbox 439 4761 2006 4827">
    <p class='ocr_par' dir='ltr' id='par_1_93' title="bbox 439 4761 2006 4827">
     <span class='ocr_line' id='line_1_93' title="bbox 439 4761 2006 4827; baseline -0.003 -5"><span class='ocrx_word' id='word_1_644' title='bbox 439 4781 504 4822; x_wconf 70' lang='lat' dir='ltr'><strong><em>ac</em></strong></span> <span class='ocrx_word' id='word_1_645' title='bbox 554 4767 822 4822; x_wconf 59' lang='lat' dir='ltr'><strong><em>haeretica</em></strong></span> <span class='ocrx_word' id='word_1_646' title='bbox 877 4767 1168 4820; x_wconf 79' lang='lat' dir='ltr'><strong><em>damnatus</em></strong></span> <span class='ocrx_word' id='word_1_647' title='bbox 1214 4763 1408 4819; x_wconf 83' lang='lat' dir='ltr'><strong><em>abiret.</em></strong></span> <span class='ocrx_word' id='word_1_648' title='bbox 1455 4763 1678 4820; x_wconf 72' lang='lat' dir='ltr'><strong><em>Videud.</em></strong></span> <span class='ocrx_word' id='word_1_649' title='bbox 1733 4761 2006 4827; x_wconf 77' lang='lat' dir='ltr'><strong><em>Gregoras</em></strong></span> 
     </span>
    </p>
   </div>
   <div class='ocr_carea' id='block_1_94' title="bbox 439 4851 2008 4926">
    <p class='ocr_par' dir='ltr' id='par_1_94' title="bbox 439 4851 2008 4926">
     <span class='ocr_line' id='line_1_94' title="bbox 439 4851 2008 4926; baseline -0.002 -13"><span class='ocrx_word' id='word_1_650' title='bbox 439 4859 533 4913; x_wconf 89' lang='lat' dir='ltr'><strong><em>lib.</em></strong></span> <span class='ocrx_word' id='word_1_651' title='bbox 576 4875 645 4926; x_wconf 89' lang='grc' dir='ltr'><strong><em>ιι;</em></strong></span> <span class='ocrx_word' id='word_1_652' title='bbox 673 4857 964 4914; x_wconf 82' lang='lat' dir='ltr'><strong><em>Cantacuz.</em></strong></span> <span class='ocrx_word' id='word_1_653' title='bbox 993 4857 1088 4914; x_wconf 89' lang='lat' dir='ltr'><strong><em>lib.</em></strong></span> <span class='ocrx_word' id='word_1_654' title='bbox 1112 4873 1150 4913; x_wconf 86' lang='lat' dir='ltr'><strong><em>ll</em></strong></span> <span class='ocrx_word' id='word_1_655' title='bbox 1177 4855 1531 4910; x_wconf 83' lang='lat' dir='ltr'><strong><em>Historiarum</em></strong></span> <span class='ocrx_word' id='word_1_656' title='bbox 1559 4861 1615 4908; x_wconf 88' lang='lat' dir='ltr'><strong><em>et</em></strong></span> <span class='ocrx_word' id='word_1_657' title='bbox 1648 4855 1701 4909; x_wconf 92' lang='lat' dir='ltr'><strong><em>in</em></strong></span> <span class='ocrx_word' id='word_1_658' title='bbox 1736 4851 2008 4910; x_wconf 65' lang='lat' dir='ltr'><strong><em>Prooemio</em></strong></span> 
     </span>
    </p>
   </div>
   <div class='ocr_carea' id='block_1_95' title="bbox 435 4947 1999 5014">
    <p class='ocr_par' dir='ltr' id='par_1_95' title="bbox 435 4947 1999 5014">
     <span class='ocr_line' id='line_1_95' title="bbox 435 4947 1999 5014; baseline -0.004 -8"><span class='ocrx_word' id='word_1_659' title='bbox 435 4969 653 5008; x_wconf 86' lang='lat' dir='ltr'><strong><em>suarum</em></strong></span> <span class='ocrx_word' id='word_1_660' title='bbox 683 4953 1203 5014; x_wconf 76' lang='lat' dir='ltr'><strong><em>Contradietionum,</em></strong></span> <span class='ocrx_word' id='word_1_661' title='bbox 1227 4949 1484 5004; x_wconf 90' lang='lat' dir='ltr'><strong><em>adversus</em></strong></span> <span class='ocrx_word' id='word_1_662' title='bbox 1505 4947 1999 5003; x_wconf 84' lang='lat' dir='ltr'><strong><em>llieromonachum</em></strong></span> 
     </span>
    </p>
   </div>
   <div class='ocr_carea' id='block_1_96' title="bbox 435 5041 2010 5118">
    <p class='ocr_par' dir='ltr' id='par_1_96' title="bbox 435 5041 2010 5118">
     <span class='ocr_line' id='line_1_96' title="bbox 435 5041 2010 5118; baseline -0.003 -18"><span class='ocrx_word' id='word_1_663' title='bbox 435 5044 770 5101; x_wconf 75' lang='lat' dir='ltr'><strong><em>Prochorum</em></strong></span> <span class='ocrx_word' id='word_1_664' title='bbox 800 5045 1126 5118; x_wconf 80' lang='lat' dir='ltr'><strong><em>Cydonium,</em></strong></span> <span class='ocrx_word' id='word_1_665' title='bbox 1158 5041 1410 5099; x_wconf 86' lang='lat' dir='ltr'><strong><em>Demetrii</em></strong></span> <span class='ocrx_word' id='word_1_666' title='bbox 1439 5041 1684 5107; x_wconf 78' lang='lat' dir='ltr'><strong><em>fratrem,</em></strong></span> <span class='ocrx_word' id='word_1_667' title='bbox 1717 5041 1779 5096; x_wconf 88' lang='lat' dir='ltr'><strong><em>de</em></strong></span> <span class='ocrx_word' id='word_1_668' title='bbox 1807 5041 2010 5096; x_wconf 83' lang='lat' dir='ltr'><strong><em>lumine</em></strong></span> 
     </span>
    </p>
   </div>
   <div class='ocr_carea' id='block_1_97' title="bbox 435 5139 731 5194">
    <p class='ocr_par' dir='ltr' id='par_1_97' title="bbox 435 5139 731 5194">
     <span class='ocr_line' id='line_1_97' title="bbox 435 5139 731 5194; baseline 0.003 -1"><span class='ocrx_word' id='word_1_669' title='bbox 435 5139 516 5193; x_wconf 84' lang='lat' dir='ltr'><strong><em>Th</em></strong></span> <span class='ocrx_word' id='word_1_670' title='bbox 526 5140 731 5194; x_wconf 79' lang='lat' dir='ltr'><strong><em>aborio.</em></strong></span> 
     </span>
    </p>
   </div>
   <div class='ocr_carea' id='block_1_98' title="bbox 505 5223 2008 5299">
    <p class='ocr_par' dir='ltr' id='par_1_98' title="bbox 505 5223 2008 5299">
     <span class='ocr_line' id='line_1_98' title="bbox 505 5223 2008 5299; baseline -0.003 -17"><span class='ocrx_word' id='word_1_671' title='bbox 505 5228 596 5282; x_wconf 91' lang='lat' dir='ltr'><strong><em>Sic</em></strong></span> <span class='ocrx_word' id='word_1_672' title='bbox 626 5229 809 5299; x_wconf 89' lang='lat' dir='ltr'><strong><em>putida</em></strong></span> <span class='ocrx_word' id='word_1_673' title='bbox 857 5229 969 5282; x_wconf 83' lang='lat' dir='ltr'><strong><em>visa</em></strong></span> <span class='ocrx_word' id='word_1_674' title='bbox 1033 5226 1439 5281; x_wconf 83' lang='lat' dir='ltr'><strong><em>suntnonnulla</em></strong></span> <span class='ocrx_word' id='word_1_675' title='bbox 1473 5223 1704 5279; x_wconf 72' lang='lat' dir='ltr'><strong><em>Palauue</em></strong></span> <span class='ocrx_word' id='word_1_676' title='bbox 1760 5223 2008 5295; x_wconf 78' lang='lat' dir='ltr'><strong><em>dogmata</em></strong></span> 
     </span>
    </p>
   </div>
   <div class='ocr_carea' id='block_1_99' title="bbox 439 5317 2011 5391">
    <p class='ocr_par' dir='ltr' id='par_1_99' title="bbox 439 5317 2011 5391">
     <span class='ocr_line' id='line_1_99' title="bbox 439 5317 2011 5391; baseline -0.004 -17"><span class='ocrx_word' id='word_1_677' title='bbox 439 5337 501 5374; x_wconf 87' lang='lat' dir='ltr'><strong><em>ac</em></strong></span> <span class='ocrx_word' id='word_1_678' title='bbox 538 5329 888 5391; x_wconf 81' lang='lat' dir='ltr'><strong><em>nugamenta,</em></strong></span> <span class='ocrx_word' id='word_1_679' title='bbox 923 5329 976 5372; x_wconf 91' lang='lat' dir='ltr'><strong><em>ut</em></strong></span> <span class='ocrx_word' id='word_1_680' title='bbox 1015 5334 1274 5389; x_wconf 87' lang='lat' dir='ltr'><strong><em>sequaces</em></strong></span> <span class='ocrx_word' id='word_1_681' title='bbox 1303 5317 1647 5387; x_wconf 88' lang='lat' dir='ltr'><strong><em>postmodum</em></strong></span> <span class='ocrx_word' id='word_1_682' title='bbox 1687 5318 1864 5371; x_wconf 88' lang='lat' dir='ltr'><strong><em>conati</em></strong></span> <span class='ocrx_word' id='word_1_683' title='bbox 1897 5317 2011 5370; x_wconf 88' lang='lat' dir='ltr'><strong><em>sint</em></strong></span> 
     </span>
    </p>
   </div>
   <div class='ocr_carea' id='block_1_100' title="bbox 395 5407 2010 5477">
    <p class='ocr_par' dir='ltr' id='par_1_100' title="bbox 395 5407 2010 5477">
     <span class='ocr_line' id='line_1_100' title="bbox 395 5407 2010 5477; baseline -0.004 -13"><span class='ocrx_word' id='word_1_684' title='bbox 395 5409 414 5416; x_wconf 63' lang='grc'>⁷</span> <span class='ocrx_word' id='word_1_685' title='bbox 441 5421 532 5464; x_wconf 87' lang='lat' dir='ltr'><strong><em>aut</em></strong></span> <span class='ocrx_word' id='word_1_686' title='bbox 560 5411 703 5464; x_wconf 76' lang='lat' dir='ltr'><strong><em>illius</em></strong></span> <span class='ocrx_word' id='word_1_687' title='bbox 737 5424 932 5477; x_wconf 78' lang='lat' dir='ltr'><strong><em>negare</em></strong></span> <span class='ocrx_word' id='word_1_688' title='bbox 965 5419 1056 5462; x_wconf 87' lang='lat' dir='ltr'><strong><em>aut</em></strong></span> <span class='ocrx_word' id='word_1_689' title='bbox 1105 5411 1426 5477; x_wconf 78' lang='lat' dir='ltr'><strong><em>sublegere:</em></strong></span> <span class='ocrx_word' id='word_1_690' title='bbox 1490 5407 1646 5476; x_wconf 88' lang='lat' dir='ltr'><strong><em>cujus</em></strong></span> <span class='ocrx_word' id='word_1_691' title='bbox 1693 5407 1766 5459; x_wconf 83' lang='lat' dir='ltr'><strong><em>rei</em></strong></span> <span class='ocrx_word' id='word_1_692' title='bbox 1818 5417 2010 5475; x_wconf 63' lang='lat' dir='ltr'><strong><em>praeter</em></strong></span> 
     </span>
    </p>
   </div>
   <div class='ocr_carea' id='block_1_101' title="bbox 440 5490 2003 5570">
    <p class='ocr_par' dir='ltr' id='par_1_101' title="bbox 440 5490 2003 5570">
     <span class='ocr_line' id='line_1_101' title="bbox 440 5490 2003 5570; baseline -0.007 -11"><span class='ocrx_word' id='word_1_693' title='bbox 440 5515 683 5559; x_wconf 89' lang='lat' dir='ltr'><strong><em>nostrum</em></strong></span> <span class='ocrx_word' id='word_1_694' title='bbox 717 5490 1261 5570; x_wconf 68' lang='lat' dir='ltr'><strong><em>Calecam,locuple3i</em></strong></span> <span class='ocrx_word' id='word_1_695' title='bbox 1311 5501 1465 5556; x_wconf 86' lang='lat' dir='ltr'><strong><em>testis</em></strong></span> <span class='ocrx_word' id='word_1_696' title='bbox 1515 5501 1677 5556; x_wconf 82' lang='lat' dir='ltr'><strong><em>Joan.</em></strong></span> <span class='ocrx_word' id='word_1_697' title='bbox 1729 5497 2003 5569; x_wconf 76' lang='lat' dir='ltr'><strong><em>Cypariss.</em></strong></span> 
     </span>
    </p>
   </div>
   <div class='ocr_carea' id='block_1_102' title="bbox 434 5590 2007 5662">
    <p class='ocr_par' dir='ltr' id='par_1_102' title="bbox 434 5590 2007 5662">
     <span class='ocr_line' id='line_1_102' title="bbox 434 5590 2007 5662; baseline -0.004 -12"><span class='ocrx_word' id='word_1_698' title='bbox 434 5597 529 5650; x_wconf 88' lang='lat' dir='ltr'><strong><em>lib.</em></strong></span> <span class='ocrx_word' id='word_1_699' title='bbox 563 5613 598 5659; x_wconf 84' lang='grc' dir='ltr'><strong><em>ι,</em></strong></span> <span class='ocrx_word' id='word_1_700' title='bbox 627 5612 676 5650; x_wconf 89' lang='lat' dir='ltr'><strong><em>c.</em></strong></span> <span class='ocrx_word' id='word_1_701' title='bbox 701 5597 755 5656; x_wconf 73' lang='lat'><strong><em>2,</em></strong></span> <span class='ocrx_word' id='word_1_702' title='bbox 789 5611 816 5648; x_wconf 91' lang='lat' dir='ltr'><strong><em>a</em></strong></span> <span class='ocrx_word' id='word_1_703' title='bbox 846 5611 929 5649; x_wconf 87' lang='lat' dir='ltr'><strong><em>me</em></strong></span> <span class='ocrx_word' id='word_1_704' title='bbox 967 5596 1282 5662; x_wconf 73' lang='lat' dir='ltr'><strong><em>prtulnctus.</em></strong></span> <span class='ocrx_word' id='word_1_705' title='bbox 1321 5593 1450 5650; x_wconf 85' lang='lat' dir='ltr'><strong><em>Post</em></strong></span> <span class='ocrx_word' id='word_1_706' title='bbox 1483 5592 1758 5647; x_wconf 77' lang='lat' dir='ltr'><strong><em>Palamam</em></strong></span> <span class='ocrx_word' id='word_1_707' title='bbox 1785 5590 2007 5646; x_wconf 69' lang='lat' dir='ltr'><strong><em>haeresis</em></strong></span> 
     </span>
    </p>
   </div>
   <div class='ocr_carea' id='block_1_103' title="bbox 436 5684 2009 5774">
    <p class='ocr_par' dir='ltr' id='par_1_103' title="bbox 436 5684 2009 5774">
     <span class='ocr_line' id='line_1_103' title="bbox 436 5684 2009 5774; baseline -0.003 -33"><span class='ocrx_word' id='word_1_708' title='bbox 436 5689 706 5743; x_wconf 73' lang='lat' dir='ltr'><strong><em>antistites</em></strong></span> <span class='ocrx_word' id='word_1_709' title='bbox 749 5687 917 5752; x_wconf 83' lang='lat' dir='ltr'><strong><em>fuere,</em></strong></span> <span class='ocrx_word' id='word_1_710' title='bbox 974 5688 1236 5774; x_wconf 66' lang='lat' dir='ltr'><strong><em>Isidorus,</em></strong></span> <span class='ocrx_word' id='word_1_711' title='bbox 1301 5702 1459 5758; x_wconf 88' lang='lat' dir='ltr'><strong><em>quem</em></strong></span> <span class='ocrx_word' id='word_1_712' title='bbox 1521 5684 1680 5741; x_wconf 88' lang='lat' dir='ltr'><strong><em>Tomi</em></strong></span> <span class='ocrx_word' id='word_1_713' title='bbox 1737 5695 2009 5738; x_wconf 85' lang='lat' dir='ltr'><strong><em>auctorem</em></strong></span> 
     </span>
    </p>
   </div>
   <div class='ocr_carea' id='block_1_104' title="bbox 2111 4674 3697 4752">
    <p class='ocr_par' dir='ltr' id='par_1_104' title="bbox 2111 4674 3697 4752">
     <span class='ocr_line' id='line_1_104' title="bbox 2111 4674 3697 4752; baseline -0.005 -16"><span class='ocrx_word' id='word_1_714' title='bbox 2111 4697 2214 4737; x_wconf 88' lang='lat' dir='ltr'><strong><em>nec</em></strong></span> <span class='ocrx_word' id='word_1_715' title='bbox 2238 4683 2353 4752; x_wconf 87' lang='lat' dir='ltr'><strong><em>ipse</em></strong></span> <span class='ocrx_word' id='word_1_716' title='bbox 2373 4679 2589 4751; x_wconf 84' lang='lat' dir='ltr'><strong><em>assequi</em></strong></span> <span class='ocrx_word' id='word_1_717' title='bbox 2646 4681 2856 4751; x_wconf 90' lang='lat' dir='ltr'><strong><em>potuit;</em></strong></span> <span class='ocrx_word' id='word_1_718' title='bbox 2891 4676 3272 4746; x_wconf 80' lang='lat' dir='ltr'><strong><em>divinansque,</em></strong></span> <span class='ocrx_word' id='word_1_719' title='bbox 3304 4675 3549 4746; x_wconf 77' lang='lat' dir='ltr'><strong><em>ttigriOre</em></strong></span> <span class='ocrx_word' id='word_1_720' title='bbox 3583 4674 3697 4728; x_wconf 74' lang='grc' dir='ltr'>[οι--</span> 
     </span>
    </p>
   </div>
   <div class='ocr_carea' id='block_1_105' title="bbox 2113 4765 3692 4832">
    <p class='ocr_par' dir='ltr' id='par_1_105' title="bbox 2113 4765 3692 4832">
     <span class='ocr_line' id='line_1_105' title="bbox 2113 4765 3692 4832; baseline -0.008 -1"><span class='ocrx_word' id='word_1_721' title='bbox 2113 4776 2255 4832; x_wconf 87' lang='lat' dir='ltr'><strong><em>sitan</em></strong></span> <span class='ocrx_word' id='word_1_722' title='bbox 2321 4774 2532 4829; x_wconf 82' lang='lat' dir='ltr'><strong><em>calculo</em></strong></span> <span class='ocrx_word' id='word_1_723' title='bbox 2587 4772 2690 4826; x_wconf 82' lang='lat' dir='ltr'><strong><em>viri</em></strong></span> <span class='ocrx_word' id='word_1_724' title='bbox 2751 4771 3069 4826; x_wconf 86' lang='lat' dir='ltr'><strong><em>memoriam</em></strong></span> <span class='ocrx_word' id='word_1_725' title='bbox 3155 4765 3494 4824; x_wconf 77' lang='lat' dir='ltr'><strong><em>nOtavit.Ex</em></strong></span> <span class='ocrx_word' id='word_1_726' title='bbox 3570 4765 3692 4821; x_wconf 78' lang='lat' dir='ltr'><strong><em>Vita</em></strong></span> 
     </span>
    </p>
   </div>
   <div class='ocr_carea' id='block_1_106' title="bbox 2113 4863 2978 4937">
    <p class='ocr_par' dir='ltr' id='par_1_106' title="bbox 2113 4863 2978 4937">
     <span class='ocr_line' id='line_1_106' title="bbox 2113 4863 2978 4937; baseline -0.009 -13"><span class='ocrx_word' id='word_1_727' title='bbox 2113 4869 2297 4937; x_wconf 82' lang='lat' dir='ltr'><strong><em>itaque</em></strong></span> <span class='ocrx_word' id='word_1_728' title='bbox 2330 4868 2441 4922; x_wconf 64' lang='lat' dir='ltr'><strong><em>hinc</em></strong></span> <span class='ocrx_word' id='word_1_729' title='bbox 2499 4880 2709 4920; x_wconf 87' lang='lat' dir='ltr'><strong><em>summa</em></strong></span> <span class='ocrx_word' id='word_1_730' title='bbox 2758 4863 2978 4918; x_wconf 85' lang='lat' dir='ltr'><strong><em>habeto.</em></strong></span> 
     </span>
    </p>
   </div>
   <div class='ocr_carea' id='block_1_107' title="bbox 2185 4949 3692 5026">
    <p class='ocr_par' dir='ltr' id='par_1_107' title="bbox 2185 4949 3692 5026">
     <span class='ocr_line' id='line_1_107' title="bbox 2185 4949 3692 5026; baseline -0.005 -15"><span class='ocrx_word' id='word_1_731' title='bbox 2185 4957 2308 5013; x_wconf 88' lang='lat' dir='ltr'><strong><em>Fuit</em></strong></span> <span class='ocrx_word' id='word_1_732' title='bbox 2333 4957 2566 5026; x_wconf 79' lang='lat' dir='ltr'><strong><em>Sytneon</em></strong></span> <span class='ocrx_word' id='word_1_733' title='bbox 2597 4954 2888 5024; x_wconf 83' lang='lat' dir='ltr'><strong><em>Paphlago,</em></strong></span> <span class='ocrx_word' id='word_1_734' title='bbox 2920 4953 3118 5024; x_wconf 82' lang='lat' dir='ltr'><strong><em>Oppido</em></strong></span> <span class='ocrx_word' id='word_1_735' title='bbox 3151 4951 3338 5006; x_wconf 86' lang='lat' dir='ltr'><strong><em>Galata</em></strong></span> <span class='ocrx_word' id='word_1_736' title='bbox 3373 4949 3477 5022; x_wconf 86' lang='lat' dir='ltr'><strong><em>(sic</em></strong></span> <span class='ocrx_word' id='word_1_737' title='bbox 3515 4949 3692 5022; x_wconf 90' lang='lat' dir='ltr'><strong><em>dicto)</em></strong></span> 
     </span>
    </p>
   </div>
   <div class='ocr_carea' id='block_1_108' title="bbox 2111 5042 3690 5120">
    <p class='ocr_par' dir='ltr' id='par_1_108' title="bbox 2111 5042 3690 5120">
     <span class='ocr_line' id='line_1_108' title="bbox 2111 5042 3690 5120; baseline -0.005 -16"><span class='ocrx_word' id='word_1_738' title='bbox 2111 5047 2356 5120; x_wconf 82' lang='lat' dir='ltr'><strong><em>ingenuis</em></strong></span> <span class='ocrx_word' id='word_1_739' title='bbox 2378 5047 2716 5118; x_wconf 88' lang='lat' dir='ltr'><strong><em>parentibus,</em></strong></span> <span class='ocrx_word' id='word_1_740' title='bbox 2745 5044 2940 5099; x_wconf 86' lang='lat' dir='ltr'><strong><em>Basilio</em></strong></span> <span class='ocrx_word' id='word_1_741' title='bbox 2977 5053 3032 5098; x_wconf 88' lang='lat' dir='ltr'><strong><em>et</em></strong></span> <span class='ocrx_word' id='word_1_742' title='bbox 3073 5042 3473 5112; x_wconf 73' lang='lat' dir='ltr'><strong><em>Theolibanone</em></strong></span> <span class='ocrx_word' id='word_1_743' title='bbox 3496 5052 3690 5106; x_wconf 83' lang='lat' dir='ltr'><strong><em>natus,</em></strong></span> 
     </span>
    </p>
   </div>
   <div class='ocr_carea' id='block_1_109' title="bbox 2106 5133 3690 5205">
    <p class='ocr_par' dir='ltr' id='par_1_109' title="bbox 2106 5133 3690 5205">
     <span class='ocr_line' id='line_1_109' title="bbox 2106 5133 3690 5205; baseline -0.004 -10"><span class='ocrx_word' id='word_1_744' title='bbox 2106 5137 2308 5195; x_wconf 83' lang='lat' dir='ltr'><strong><em>Basilio</em></strong></span> <span class='ocrx_word' id='word_1_745' title='bbox 2365 5147 2421 5194; x_wconf 89' lang='lat' dir='ltr'><strong><em>et</em></strong></span> <span class='ocrx_word' id='word_1_746' title='bbox 2492 5135 2852 5193; x_wconf 85' lang='lat' dir='ltr'><strong><em>Constantino</em></strong></span> <span class='ocrx_word' id='word_1_747' title='bbox 2912 5133 3428 5205; x_wconf 74' lang='lat' dir='ltr'><strong><em>Porphyrogenitis;</em></strong></span> <span class='ocrx_word' id='word_1_748' title='bbox 3482 5143 3690 5203; x_wconf 86' lang='lat' dir='ltr'><strong><em>patruo</em></strong></span> 
     </span>
    </p>
   </div>
   <div class='ocr_carea' id='block_1_110' title="bbox 2111 5224 3692 5299">
    <p class='ocr_par' dir='ltr' id='par_1_110' title="bbox 2111 5224 3692 5299">
     <span class='ocr_line' id='line_1_110' title="bbox 2111 5224 3692 5299; baseline -0.006 -14"><span class='ocrx_word' id='word_1_749' title='bbox 2111 5231 2165 5286; x_wconf 90' lang='lat' dir='ltr'><strong><em>in</em></strong></span> <span class='ocrx_word' id='word_1_750' title='bbox 2207 5228 2329 5284; x_wconf 90' lang='lat' dir='ltr'><strong><em>aula</em></strong></span> <span class='ocrx_word' id='word_1_751' title='bbox 2356 5237 2574 5299; x_wconf 84' lang='lat' dir='ltr'><strong><em>pctcnte</em></strong></span> <span class='ocrx_word' id='word_1_752' title='bbox 2615 5236 2720 5281; x_wconf 87' lang='lat' dir='ltr'><strong><em>eta</em></strong></span> <span class='ocrx_word' id='word_1_753' title='bbox 2773 5241 2929 5281; x_wconf 84' lang='lat' dir='ltr'><strong><em>sacro</em></strong></span> <span class='ocrx_word' id='word_1_754' title='bbox 2992 5226 3261 5288; x_wconf 88' lang='lat' dir='ltr'><strong><em>cubiculo,</em></strong></span> <span class='ocrx_word' id='word_1_755' title='bbox 3309 5224 3424 5292; x_wconf 86' lang='lat' dir='ltr'><strong><em>ipse</em></strong></span> <span class='ocrx_word' id='word_1_756' title='bbox 3467 5237 3692 5292; x_wconf 81' lang='lat' dir='ltr'><strong><em>quoque</em></strong></span> 
     </span>
    </p>
   </div>
   <div class='ocr_carea' id='block_1_111' title="bbox 2109 5317 3687 5392">
    <p class='ocr_par' dir='ltr' id='par_1_111' title="bbox 2109 5317 3687 5392">
     <span class='ocr_line' id='line_1_111' title="bbox 2109 5317 3687 5392; baseline -0.006 -16"><span class='ocrx_word' id='word_1_757' title='bbox 2109 5318 2686 5392; x_wconf 87' lang='lat' dir='ltr'><strong><em>spatharocubicularii</em></strong></span> <span class='ocrx_word' id='word_1_758' title='bbox 2716 5332 2942 5372; x_wconf 88' lang='lat' dir='ltr'><strong><em>munere</em></strong></span> <span class='ocrx_word' id='word_1_759' title='bbox 2975 5317 3118 5371; x_wconf 89' lang='lat' dir='ltr'><strong><em>inter</em></strong></span> <span class='ocrx_word' id='word_1_760' title='bbox 3144 5323 3422 5372; x_wconf 86' lang='lat' dir='ltr'><strong><em>senatores</em></strong></span> <span class='ocrx_word' id='word_1_761' title='bbox 3441 5327 3687 5376; x_wconf 88' lang='lat' dir='ltr'><strong><em>merens,</em></strong></span> 
     </span>
    </p>
   </div>
   <div class='ocr_carea' id='block_1_112' title="bbox 2114 5404 3690 5499">
    <p class='ocr_par' dir='ltr' id='par_1_112' title="bbox 2114 5404 3690 5499">
     <span class='ocr_line' id='line_1_112' title="bbox 2114 5404 3690 5499; baseline -0.005 -33"><span class='ocrx_word' id='word_1_762' title='bbox 2114 5411 2214 5466; x_wconf 87' lang='lat' dir='ltr'><strong><em>etsi</em></strong></span> <span class='ocrx_word' id='word_1_763' title='bbox 2250 5409 2672 5478; x_wconf 75' lang='lat' dir='ltr'><strong><em>:ctatejuvenis,</em></strong></span> <span class='ocrx_word' id='word_1_764' title='bbox 2715 5421 2911 5479; x_wconf 88' lang='lat' dir='ltr'><strong><em>patruo</em></strong></span> <span class='ocrx_word' id='word_1_765' title='bbox 2940 5408 3090 5499; x_wconf 60' lang='lat' dir='ltr'><strong><em>chvi</em></strong></span> <span class='ocrx_word' id='word_1_766' title='bbox 3118 5410 3407 5470; x_wconf 78' lang='lat' dir='ltr'><strong><em>exstincto,</em></strong></span> <span class='ocrx_word' id='word_1_767' title='bbox 3459 5404 3690 5477; x_wconf 80' lang='lat' dir='ltr'><strong><em>Symeo-</em></strong></span> 
     </span>
    </p>
   </div>
   <div class='ocr_carea' id='block_1_113' title="bbox 2116 5499 3687 5568">
    <p class='ocr_par' dir='ltr' id='par_1_113' title="bbox 2116 5499 3687 5568">
     <span class='ocr_line' id='line_1_113' title="bbox 2116 5499 3687 5568; baseline -0.005 -12"><span class='ocrx_word' id='word_1_768' title='bbox 2116 5503 2202 5556; x_wconf 87' lang='lat' dir='ltr'><strong><em>nis</em></strong></span> <span class='ocrx_word' id='word_1_769' title='bbox 2229 5500 2455 5555; x_wconf 81' lang='lat' dir='ltr'><strong><em>Studiue</em></strong></span> <span class='ocrx_word' id='word_1_770' title='bbox 2485 5500 2613 5555; x_wconf 90' lang='lat' dir='ltr'><strong><em>dicti</em></strong></span> <span class='ocrx_word' id='word_1_771' title='bbox 2645 5499 2983 5556; x_wconf 71' lang='lat' dir='ltr'><strong><em>venerabilis</em></strong></span> <span class='ocrx_word' id='word_1_772' title='bbox 3021 5499 3248 5555; x_wconf 85' lang='lat' dir='ltr'><strong><em>censilio</em></strong></span> <span class='ocrx_word' id='word_1_773' title='bbox 3293 5511 3460 5568; x_wconf 75' lang='lat' dir='ltr'><strong><em>azque</em></strong></span> <span class='ocrx_word' id='word_1_774' title='bbox 3519 5510 3687 5567; x_wconf 87' lang='lat' dir='ltr'><strong><em>opera</em></strong></span> 
     </span>
    </p>
   </div>
   <div class='ocr_carea' id='block_1_114' title="bbox 2117 5589 3686 5662">
    <p class='ocr_par' dir='ltr' id='par_1_114' title="bbox 2117 5589 3686 5662">
     <span class='ocr_line' id='line_1_114' title="bbox 2117 5589 3686 5662; baseline -0.004 -16"><span class='ocrx_word' id='word_1_775' title='bbox 2117 5593 2294 5662; x_wconf 88' lang='lat' dir='ltr'><strong><em>(quem</em></strong></span> <span class='ocrx_word' id='word_1_776' title='bbox 2324 5601 2584 5662; x_wconf 84' lang='lat' dir='ltr'><strong><em>perpetuo</em></strong></span> <span class='ocrx_word' id='word_1_777' title='bbox 2639 5592 2953 5662; x_wconf 80' lang='lat' dir='ltr'><strong><em>magistrum</em></strong></span> <span class='ocrx_word' id='word_1_778' title='bbox 3000 5606 3063 5645; x_wconf 89' lang='lat' dir='ltr'><strong><em>ac</em></strong></span> <span class='ocrx_word' id='word_1_779' title='bbox 3127 5601 3338 5658; x_wconf 83' lang='lat' dir='ltr'><strong><em>patrem</em></strong></span> <span class='ocrx_word' id='word_1_780' title='bbox 3379 5589 3686 5659; x_wconf 77' lang='lat' dir='ltr'><strong><em>spiritalem</em></strong></span> 
     </span>
    </p>
   </div>
   <div class='ocr_carea' id='block_1_115' title="bbox 2115 5679 3688 5750">
    <p class='ocr_par' dir='ltr' id='par_1_115' title="bbox 2115 5679 3688 5750">
     <span class='ocr_line' id='line_1_115' title="bbox 2115 5679 3688 5750; baseline -0.004 -13"><span class='ocrx_word' id='word_1_781' title='bbox 2115 5681 2318 5750; x_wconf 84' lang='lat' dir='ltr'><strong><em>vocat),</em></strong></span> <span class='ocrx_word' id='word_1_782' title='bbox 2381 5683 2666 5738; x_wconf 81' lang='lat' dir='ltr'><strong><em>servientis</em></strong></span> <span class='ocrx_word' id='word_1_783' title='bbox 2717 5682 2906 5738; x_wconf 86' lang='lat' dir='ltr'><strong><em>habitu</em></strong></span> <span class='ocrx_word' id='word_1_784' title='bbox 2945 5683 2997 5736; x_wconf 91' lang='lat' dir='ltr'><strong><em>in</em></strong></span> <span class='ocrx_word' id='word_1_785' title='bbox 3033 5681 3297 5737; x_wconf 87' lang='lat' dir='ltr'><strong><em>Studiauo</em></strong></span> <span class='ocrx_word' id='word_1_786' title='bbox 3349 5679 3688 5734; x_wconf 86' lang='lat' dir='ltr'><strong><em>monasterio</em></strong></span> 
     </span>
    </p>
   </div>
   <div class='ocr_carea' id='block_1_116' title="bbox 484 5819 3686 5917">
    <p class='ocr_par' dir='ltr' id='par_1_116' title="bbox 484 5819 3686 5917">
     <span class='ocr_line' id='line_1_116' title="bbox 484 5819 3686 5917; baseline -0.003 -18"><span class='ocrx_word' id='word_1_787' title='bbox 484 5819 588 5906; x_wconf 62' lang='grc' dir='ltr'><strong><em>’(ηὶ</em></strong></span> <span class='ocrx_word' id='word_1_788' title='bbox 628 5850 762 5903; x_wconf 69' lang='lat' dir='ltr'><strong><em>Vide</em></strong></span> <span class='ocrx_word' id='word_1_789' title='bbox 808 5848 948 5904; x_wconf 79' lang='lat' dir='ltr'><strong><em>inter</em></strong></span> <span class='ocrx_word' id='word_1_790' title='bbox 989 5848 1223 5905; x_wconf 74' lang='lat' dir='ltr'><strong><em>Pal-ama:</em></strong></span> <span class='ocrx_word' id='word_1_791' title='bbox 1259 5848 1509 5905; x_wconf 88' lang='lat' dir='ltr'><strong><em>bomilias</em></strong></span> <span class='ocrx_word' id='word_1_792' title='bbox 1543 5859 1680 5917; x_wconf 77' lang='lat' dir='ltr'><strong><em>quas</em></strong></span> <span class='ocrx_word' id='word_1_793' title='bbox 1714 5846 1766 5899; x_wconf 89' lang='lat' dir='ltr'><strong><em>in</em></strong></span> <span class='ocrx_word' id='word_1_794' title='bbox 1806 5838 2077 5915; x_wconf 86' lang='lat' dir='ltr'><strong><em>superiori</em></strong></span> <span class='ocrx_word' id='word_1_795' title='bbox 2113 5854 2261 5894; x_wconf 86' lang='lat' dir='ltr'><strong><em>tomo</em></strong></span> <span class='ocrx_word' id='word_1_796' title='bbox 2295 5841 2605 5899; x_wconf 83' lang='lat' dir='ltr'><strong><em>recudimus</em></strong></span> <span class='ocrx_word' id='word_1_797' title='bbox 2656 5856 2720 5897; x_wconf 75' lang='lat' dir='ltr'><strong><em>ex</em></strong></span> <span class='ocrx_word' id='word_1_798' title='bbox 2755 5838 2992 5896; x_wconf 87' lang='lat' dir='ltr'><strong><em>editione</em></strong></span> <span class='ocrx_word' id='word_1_799' title='bbox 3032 5838 3332 5894; x_wconf 89' lang='lat' dir='ltr'><strong><em>novissima</em></strong></span> <span class='ocrx_word' id='word_1_800' title='bbox 3371 5832 3686 5903; x_wconf 75' lang='lat' dir='ltr'><strong><em>Hierosoly-</em></strong></span> 
     </span>
    </p>
   </div>
   <div class='ocr_carea' id='block_1_117' title="bbox 437 5919 878 5974">
    <p class='ocr_par' dir='ltr' id='par_1_117' title="bbox 437 5919 878 5974">
     <span class='ocr_line' id='line_1_117' title="bbox 437 5919 878 5974; baseline 0 -2"><span class='ocrx_word' id='word_1_801' title='bbox 437 5919 668 5974; x_wconf 68' lang='lat' dir='ltr'><strong><em>mitana.</em></strong></span> <span class='ocrx_word' id='word_1_802' title='bbox 729 5921 878 5974; x_wconf 69' lang='lat' dir='ltr'><strong><em>En&#39;r.</em></strong></span> 
     </span>
    </p>
   </div>
  </div>
