3882 6550
221 341 295 406 2‘1

218 465 413 522 tyrannm
443 447 633 516 induit,
669 448 880 520 subque
911 451 1004 506 illo
1065 454 1332 508 exercuit.
1370 449 1742 510 Eximimsan-
1775 467 1815 524 Α

215 543 380 598 uitatis
402 543 506 612 ipsa
535 541 756 597 exordia
781 560 794 597 :
831 543 898 598 iis
925 545 1319 600 monachorum
1344 547 1432 600 alii
1460 547 1740 611 delectati,

217 638 285 690 alii
310 633 500 687 oﬂ'ensi.
535 631 864 702 Praepositus
897 650 923 686 a
957 637 1230 692 severiore
1258 637 1538 708 disciplina
1569 654 1741 692 coita-

217 738 281 781 tus
299 739 524 788 avocare,
566 739 691 779 cum
720 740 824 779 non
847 736 1085 796 pareret,
1130 743 1160 782 e
1183 729 1515 783 monasterio
1567 730 1736 798 cjicit.

217 817 410 885 Symeon
439 814 764 870 Venerabilis
803 817 1041 871 Antonio
1085 819 1260 872 sancti
1330 818 1616 874 Mamautis
1686 820 1740 874 in

215 907 474 964 Xerocereo
525 909 816 979 praeposito
853 911 1218 974 commendat,
1274 911 1500 980 ejusque
1550 913 1603 966 in
1651 914 1742 966 illo

214 1008 366 1054 curam
398 999 550 1069 gerit,
586 1000 887 1055 monastico
917 1001 1104 1055 habitu
1132 1001 1327 1068 induit,
1381 1003 1744 1056 sanctioribus

221 1089 516 1142 documentis
573 1090 896 1144 communit.
965 1089 1063 1144 llic
1114 1091 1201 1144 ille
1240 1093 1434 1146 divinis
1471 1104 1744 1147 recreatur

216 1177 696 1241 visionibusjaltiore
735 1181 1193 1249 contemplatione
1219 1184 1325 1237 Deo
1357 1184 1699 1254 coniungitur
1725 1201 1738 1237 :

216 1273 339 1326 cibus
355 1273 720 1341 quotidianus,
754 1275 780 1325 ὀ
805 1273 1070 1337 ζωοποιδς
1099 1278 1264 1344 ἄρτος
1309 1276 1401 1328 καὶ
1434 1276 1491 1328 τὸ
1516 1271 1654 1343 αἷμα
1686 1275 1744 1328 τὸ

214 1363 361 1433 τίμιον
377 1358 465 1416 τοῦ
482 1363 720 1432 Χριστοῦ
753 1381 768 1396 ο
804 1366 968 1419 Panis
999 1367 1226 1435 riviﬁcus
1255 1375 1301 1420 et
1332 1368 1527 1422 Christi
1547 1370 1744 1438 preio-

214 1471 284 1508 sus
304 1457 536 1524 sanguis;
566 1455 738 1510 herbce
766 1466 815 1508 et
842 1458 1126 1526 legumina,
1171 1459 1362 1527 quibus
1391 1458 1517 1513 solis
1582 1461 1742 1513 vitam

213 1547 496 1603 sustentabat
563 1550 792 1618 exceptis
836 1550 1367 1620 diebusDominicis.
1425 1553 1742 1607 Arctissima

213 1641 428 1707 solitudo,
456 1640 719 1697 oratioiiis
761 1643 890 1713 juge
928 1645 1188 1709 studium,
1240 1644 1536 1714 Scriptura:
1559 1645 1743 1700 scdula

219 1735 373 1801 lectio,
405 1749 467 1788 ac.
492 1733 742 1790 Vitaruin
769 1735 1182 1800 monachorum,
1211 1736 1300 1805 qui
1326 1737 1603 1807 superiore
1627 1750 1743 1790 :evo

217 1827 467 1882 sanctitate
504 1827 870 1888 claruissent;
932 1827 1042 1882 diei
1099 1828 1275 1882 omnis
1332 1826 1744 1884 accuratissima

218 1918 535 1984 exercitatio,
592 1917 659 1971 ad
713 1932 922 1973 sacram
1001 1920 1440 1972 communionem
1496 1917 1735 1972 inaudita

248 2011 522 2080 reparatio,
555 2010 763 2066 dierum
818 2009 1280 2079 Quadragesimm,
1323 2008 1564 2078 exceptis
1610 2007 1749 2064 Sab-

245 2112 319 2156 ato
345 2113 392 2156 et
421 2102 723 2168 Dominica,
790 2102 993 2157 inedia.

273 2194 512 2250 Defuncto
534 2194 789 2262 Antonio,
829 2197 1044 2264 sanati
1077 2195 1362 2250 Mamantis
1414 2192 1753 2264 monasterio

219 2285 476 2356 prteﬁcitur
507 2299 568 2340 ac
588 2285 847 2341 sacerdos
881 2262 1162 2340 ordinatur
1193 2301 1223 2339 a
1263 2283 1488 2340 Nieolao
1513 2262 1754 2354 Chryso-

221 2378 353 2446 berge
376 2377 674 2447 patriarcha
701 2395 716 2433 :
753 2376 991 2446 Spiritus
1021 2378 1216 2442 sancti,
1249 2377 1501 2431 immensi
1531 2375 1754 2430 luminis

221 2472 387 2540 specie,
415 2472 710 2526 descensus
770 2471 824 2524 in
859 2478 1021 2539 caput
1061 2469 1336 2524 ordinati:
1384 2468 1523 2524 visio
1582 2468 1755 2522 ciilcm

222 2562 472 2617 familiaris
516 2564 658 2618 inter
703 2576 820 2617 rem
857 2576 1068 2616 sacram
1118 2577 1215 2630 per
1290 2576 1461 2615 annos
1519 2561 1754 2630 quadrn-

223 2655 343 2725 ginta
378 2663 496 2709 octo
522 2655 604 2710 sui
637 2645 956 2716 sacerdotii,
999 2652 1184 2718 καθὼς
1217 2653 1378 2715 αὐτὸς
1432 2653 1569 2720 πρός
1613 2668 1754 2717 τινα,

223 2745 283 2808 ὡς
309 2746 426 2816 περὶ
446 2745 602 2800 ἄλλου
632 2744 777 2808 τινὺς
811 2744 1000 2814 ἔλεγεν
1032 2744 1228 2798 ἑαυτὸν
1279 2743 1628 2816 ὐποκρύὸων·
1663 2743 1758 2797 καὶ

222 2838 495 2908 γεγραπται
523 2837 582 2889 ὲν
617 2839 731 2899 τοῖς
771 2835 938 2889 αὑτοῦ
980 2837 1423 2905 ’Λποφθέγμασι,
1449 2845 1503 2888 ut
1531 2837 1639 2902 ipse
1690 2836 1758 2887 ad

225 2930 470 3000 quemdam
501 2938 758 3001 tanquam
815 2928 880 2983 de
905 2927 1016 2982 alio
1038 2928 1266 2998 quodam
1319 2930 1600 2990 narrabat,
1655 2928 1756 2980 sei-

225 3037 352 3086 psum
389 3021 637 3088 tantisper
672 3019 942 3073 occultans
967 3034 986 3074 :
1010 3019 1332 3088 habeturque
1356 3018 1604 3086 scriptum
1627 3019 1762 3070 inter

1777 1793 1818 1851 ll

905 342 1004 404 na
1041 341 1411 406 ESSENTIA
1456 345 1551 405 El’
1587 317 2099 414 ornantum.
2143 320 2208 386 -'-
2252 318 2678 410 casuarte.

3297 353 3408 416 262

1845 439 2000 530 ὀρᾷν,
2033 460 2127 514 καὶ
2157 459 2318 514 αὑτὸν
2343 459 2435 515 τὸν
2468 461 2526 514 ὲν
2584 460 2698 524 τοῖς
2731 457 2925 529 δώροις
2960 459 3208 530 ἀοράτως
3266 479 3408 533 παρ-

1845 553 1998 618 όντα,
2030 552 2293 620 γνωστῶς
2324 550 2630 622 κεκτῆσθαι
2659 553 2715 603 ἐν
2743 552 2806 621 τῇ
2859 549 3052 622 καρδίᾳ
3095 548 3284 615 αὐτοῦ,
3323 550 3414 602 ἵνα

1849 646 1988 715 μετὰ
2021 644 2336 716 παρρησίας
2357 642 2580 697 δύναται
2610 643 2707 706 τὰς
2736 643 3023 713 ἱκετηρίας
3052 641 3411 711 προσφέρειν,

1847 733 1944 788 καὶ
1970 735 2044 797 ὡς
2072 735 2225 802 φίλος
2253 733 2394 803 φίλῳ
2422 733 2770 801 διαλέγεσθαι
2804 733 2880 802 τῷ
2928 731 3044 802 Θεῷ
3083 733 3177 786 καὶ
3216 733 3446 800 Πιτρὶ,’”

1847 829 1939 878 καὶ
1958 825 2340 896 ἀκατακρίτως
2361 824 2565 892 λέγειν,
2602 843 2620 875 ι
2650 824 2834 892 Πάτερ
2858 824 3037 893 ἡμῶν,
3058 824 3085 874 ὀ
3112 825 3301 889 ἐντοῖς
3321 823 3414 875 οὐ·

1851 917 2052 986 ρανοῖς,
2081 933 2098 966 ι
2127 914 2201 978 ὡς
2237 914 2327 966 τὸν
2359 913 2614 982 ἀληθινὸν
2641 913 2776 966 Θεὸν
2806 913 2902 965 καὶ
2940 911 3098 980 φύσει
3129 912 3258 964 sm
3285 912 3416 963 Υἱὸν

1845 1006 1940 1059 τοῦ
1957 1005 2118 1070 Θεοῦ,
2143 1005 2280 1076 ἔχων
2308 1005 2568 1058 οἰκοῦντα
2601 1007 2655 1055 ἐν
2679 1003 2882 1073 ἑαυτῷ,
2908 1003 2995 1056 διὰ
3026 1003 3414 1066 τοῦῦῑκοῦντος

1848 1098 2004 1168 ἁγίου
2029 1097 2342 1168 Πνεύματος
2374 1098 2430 1149 ὲν
2467 1093 2647 1165 ἑαυτῷ
2669 1111 2681 1123 ·
2708 1094 2910 1164 Sa’pius
2953 1105 3190 1163 rogatus,
3243 1095 3415 1162 qualis

1847 1192 2026 1244 debeat
2050 1206 2161 1244 esse
2199 1195 2465 1251 sacerdos,
2493 1191 2578 1241 ria:
2631 1193 2844 1241 tandem
2884 1197 3188 1258 compuncto
3238 1189 3416 1241 animo

1845 1297 2051 1356 gemens
2079 1281 2343 1348 respondit
2371 1296 2390 1334 :
2422 1277 2536 1332 "eu
2577 1280 2697 1333 me!
2755 1280 2949 1348 fratres
2977 1319 2993 1343 ,
3048 1279 3172 1348 quid
3225 1294 3306 1331 me
3358 1278 3421 1330 de
3491 1272 3493 1275 ’

1809 1391 1815 1398 ·
1847 1372 2140 1425 istiusmodi
2173 1373 2506 1441 interrogatis
2533 1372 2557 1424 ἶ)
2585 1371 2683 1425 Res
2711 1382 2787 1425 est
2845 1370 3137 1433 tremenda,
3185 1371 3261 1424 rel
3307 1371 3421 1438 ipso

1845 1465 2102 1534 cogitatu.
2163 1463 2302 1517 Sane
2361 1481 2454 1534 cqo
2496 1464 2904 1533 haudquaquam
2947 1464 3137 1531 dignas
3176 1465 3421 1514 sacerdos

1845 1571 1982 1619 sunt,
2035 1556 2156 1609 dum
2183 1556 2320 1608 sacri
2365 1556 2596 1608 muneris
2649 1570 2710 1607 ac
2768 1553 3042 1624 dignitatis
3101 1553 3421 1605 tremendum

1853 1648 2136 1720 fastigium
2175 1655 2567 1714 reputo:certo
2625 1656 2799 1700 tamen
2853 1645 3069 1698 humilis
3129 1661 3221 1712 ego
3281 1643 3418 1707 novi,

1845 1739 2017 1809 qualis
2039 1739 2216 1791 debeat
2250 1754 2356 1792 esse
2379 1739 2639 1791 sacerdos.
2687 1737 2921 1790 Primum
2952 1739 3157 1807 quidem
3210 1744 3419 1798 castus,

1850 1848 1952 1884 non
1974 1829 2140 1882 solum
2171 1843 2406 1894 corpore,
2426 1843 2603 1880 rerum
2632 1827 2825 1893 potiori
2857 1827 3006 1896 longe
3032 1827 3236 1880 ratione
3258 1827 3422 1879 etiam

1851 1922 2028 1974 animo
2065 1935 2127 1972 ac
2157 1931 2325 1970 mente
2355 1932 2375 1970 :
2417 1935 2477 1970 ac
2511 1917 2757 1971 exteriori
2799 1916 3004 1988 quidem
3054 1915 3427 1984 compositione

1852 2029 1915 2066 ac
1941 2011 2132 2074 indole,
2159 2009 2392 2075 humilis,
2453 2011 2617 2062 animi
2652 2018 2827 2062 autem
2890 2024 2952 2062 ac
3000 2008 3238 2062 interiori
3285 2017 3426 2061 statu

1851 2119 2108 2173 sensuque
2132 2111 2492 2167 compunctus.
2525 2099 2656 2153 Cum
2706 2116 2823 2154 rero
2863 2116 3032 2154 sacra:
3070 2115 3264 2153 menste
3290 2099 3428 2151 assi-

1855 2199 1970 2260 stit,
2006 2203 2175 2248 mente
2214 2195 2423 2260 quidem
2457 2193 2734 2259 Deitatem,
2787 2209 2940 2248 sensu
2989 2209 3111 2246 vero
3160 2191 3426 2259 proposita

1855 2290 1993 2343 dona
2029 2289 2259 2341 contueri
2291 2287 2456 2347 debet,
2497 2287 2766 2356 ipsumque
2814 2286 3177 2354 inaspectabili
3222 2286 3428 2338 ratione

1855 2382 1908 2436 in
1935 2382 2087 2434 donis
2115 2388 2442 2448 prementem,
2474 2380 2701 2434 scientite
2728 2394 2939 2434 munere
2963 2379 3173 2446 altaque
3195 2389 3427 2430 contem—
3505 2407 3512 2418 ι

1855 2470 2082 2540 platione
2120 2470 2175 2523 in
2235 2468 2391 2522 corde
2438 2484 2532 2520 suo
2593 2468 2873 2532 possidere,
2944 2475 3002 2520 ut
3056 2483 3172 2519 cum
3234 2464 3430 2534 ﬁducia

1857 2563 2010 2617 liccat
2046 2561 2455 2628 supplicationes
2483 2560 2694 2627 o/ferre,
2730 2575 2795 2612 ac
2827 2561 2962 2613 sicut
3017 2561 3217 2613 amicus
3261 2560 3433 2612 amico

1858 2655 2117 2726 loquitur,
2171 2669 2289 2707 cum
2353 2653 2458 2708 Deo
2530 2669 2821 2706 sermonem
2881 2653 3138 2721 conferre,
3189 2653 3435 2723 nulloque
3483 2672 3492 2679 ·

1850 2748 2044 2818 judicii
2075 2758 2218 2820 reatu
2243 2748 2434 2818 dicere,
2468 2765 2486 2798 ι
2517 2745 2676 2800 Pater
2714 2754 2911 2808 noster,
2937 2746 3023 2814 qui
3049 2762 3100 2799 es
3130 2746 3185 2799 in
3213 2746 3375 2809 cmlis,
3409 2763 3428 2796 ι

1859 2851 1916 2893 ut
1959 2840 2047 2906 qui
2068 2855 2242 2893 verum
2286 2837 2446 2891 Deum
2495 2847 2542 2890 et
2585 2846 2781 2890 natura
2857 2836 2948 2890 Dei
2998 2837 3217 2902 Filium,
3275 2837 3328 2892 in
3381 2854 3436 2892 se

1859 2933 2201 2992 habitantem,
2230 2946 2322 2998 per
2347 2928 2575 2997 Spiritus
2627 2929 2680 2982 in
2767 2930 2882 2998 ipso
2957 2929 3242 2983 habitantis
3300 2945 3438 2999 prte-

1861 3024 2080 3099 sentiam
2107 3023 2318 3076 habeat.
2356 3022 2601 3075 Deterret
2629 3023 2772 3076 serio
2806 3022 2872 3076 ab
2896 3021 3012 3091 ejus
3073 3021 3280 3075 ordinis
3311 3036 3434 3075 am-

223 3111 318 3182 ejus
343 3111 798 3181 Apophthegmata.
827 3109 920 3164 Sic
954 3107 1107 3164 Nilus
1136 3110 1202 3163 ad
1236 3110 1407 3178 ipsum
1434 3109 1760 3179 (lbrysosto-
1787 3144 1830 3202 ο
1863 3113 2288 3188 ιιῑιιιηοηεοιίοο
2334 3125 2470 3182 pene
2536 3113 2688 3166 vultu
2752 3115 2864 3177 ipse
2920 3114 3224 3177 celebrans,
3264 3123 3318 3167 et
3381 3113 3435 3168 in

225 3221 346 3257 ιιηιιιι
370 3207 546 3268 refert,
572 3205 719 3274 quod
750 3201 842 3257 ille
870 3201 1015 3256 velut
1055 3202 1123 3256 de
1161 3201 1266 3255 alio
1319 3200 1586 3271 loquitur,
1644 3213 1764 3254 cer-

226 3305 362 3349 nentc
387 3294 556 3348 locum
593 3294 783 3348 altaris
833 3294 1047 3363 plenum
1097 3293 1411 3350 coelestibus
1475 3291 1767 3366 Potestati-

229 3387 310 3438 bus
345 3387 434 3440 sub
463 3387 635 3455 ipsum
670 3384 930 3440 sacriﬁcii
986 3395 1218 3456 tempus.
1270 3385 1442 3442 Porro
1491 3380 1766 3439 sensibilis

229 3478 300 3532 hic
329 3477 547 3548 Spiritus
581 3478 851 3534 adventus
903 3493 969 3532 ac
1027 3479 1186 3545 visio,
1257 3476 1360 3532 etsi
1419 3491 1506 3530 res
1549 3473 1766 3528 insolita

229 3581 316 3634 est,
336 3573 676 3640 videaturque
700 3572 765 3626 ad
801 3569 1158 3628 Massalianos
1183 3568 1434 3627 nonnihil
1477 3567 1766 3630 inclinare,

229 3663 303 3729 qni
331 3663 400 3717 sic
436 3665 646 3720 divinas
665 3663 819 3730 quasi
850 3665 1006 3733 juges
1063 3663 1296 3719 visiones
1329 3665 1631 3731 iactarent:
1661 3673 1768 3713 non

229 3751 392 3806 desunt
418 3765 590 3808 tamen
633 3753 798 3808 etiam
832 3752 978 3807 inter
1024 3752 1327 3810 catholicos
1365 3750 1563 3807 similia
1584 3763 1773 3804 exeni-

231 3844 300 3913 pla
327 3846 406 3900 :in
440 3844 639 3901 Basilio
683 3855 740 3902 et
789 3846 1183 3916 Chrysostomo
1230 3844 1443 3913 alioque
1495 3843 1769 3914 episcopo,

231 3937 357 4005 cujus
389 3937 495 4006 jam
549 3955 658 3994 non
699 3938 944 3993 occurrit
1011 3951 1232 4003 nomen,
1270 3936 1552 4006 Agathone
1599 3937 1774 4004 ponti-

233 4029 345 4085 ﬁce:
372 4031 457 4101 qui
490 4046 680 4086 omnes
723 4029 953 4085 ministri
984 4029 1224 4093 lascivia,
1256 4029 1410 4085 solita
1442 4029 1543 4082 hac
1571 4027 1776 4082 visione

235 4121 389 4191 risque
455 4123 710 4184 familiari
771 4122 1096 4190 quandoque
1157 4121 1355 4192 privati
1401 4120 1676 4190 leguntur,
1712 4133 1775 4174 ac

238 4211 378 4267 donec
409 4213 492 4266 illa
519 4213 620 4266 fuit
657 4213 916 4267 coercita.
959 4211 1230 4266 Putabant
1278 4212 1376 4278 illi,
1432 4226 1536 4265 non
1593 4211 1771 4280 ipsum

237 4315 281 4356 se
307 4305 556 4373 Spiritum
610 4303 812 4369 videre,
867 4303 1008 4373 quod
1049 4301 1498 4358 Massalianorum
1553 4300 1775 4357 haeresis

239 4394 309 4456 sit,
330 4396 416 4450 sed
447 4396 658 4464 signum
689 4393 950 4450 sensibile
979 4395 1096 4465 ejus
1131 4397 1450 4464 prtescntice,
1505 4396 1621 4451 sive
1643 4393 1788 4449 illud-

239 4485 405 4552 lumen,
439 4489 549 4543 sive
579 4486 858 4557 qttodlzbet
921 4485 1066 4541 aliud
1110 4487 1290 4543 dicere
1311 4501 1536 4542 necesse
1569 4496 1675 4544 est.

295 4577 646 4634 Sacerdotalis
699 4579 942 4632 muneris
1004 4578 1585 4648 ingcnscxistimatio:
1622 4578 1757 4632 Πολ-

241 4668 368 4734 λάκις
396 4669 747 4742 ἐρωτώμενος
777 4671 932 4742 παρὰ
959 4687 1144 4734 τινων,
1178 4671 1359 4733 ὁποῖος
1397 4667 1536 4725 εἶναι
1570 4672 1774 4740 ὀφείλει

241 4762 466 4834 ὀιερεῦς,
501 4763 660 4832 μόλις
698 4763 837 4834 μετὰ
888 4761 1235 4827 κατανύξεως
1268 4763 1608 4836 ἀπεκρίνατο
1650 4763 1774 4818 στέο

245 4868 351 4917 νων,
374 4839 563 4922 Οῑμοιῑ
596 4853 850 4921 ἀδελφοίο
883 4853 938 4906 τι
969 4869 1036 4922 με
1064 4855 1194 4924 περὶ
1217 4854 1475 4909 τοιούτων
1495 4857 1774 4926 ἑρωτᾶτες

246 4944 335 4998 Καὶ
355 4944 412 4998 τὸ
437 4944 673 5016 πρᾶγμά
720 4945 836 4998 ἐστι
872 4941 1114 5012 ’φρικτὸν
1143 4947 1240 5001 καὶ
1267 4945 1581 5016 νοούμενον.
1632 4947 1777 5016 Ἐγὼ

247 5037 324 5100 μὲν
348 5036 512 5107 ἱερεὺς
528 5038 785 5107 οὐδαμῶς
817 5037 935 5106 ειμι
961 5035 1130 5102 ἄξιος,
1160 5038 1220 5090 τὸ
1247 5039 1477 5108 φρικτὸν
1494 5039 1594 5110 τῆς
1624 5040 1776 5110 ἱερᾶς

245 5124 414 5178 ὲννοῶν
440 5128 593 5192 ἁξξας
615 5146 628 5160 ο
669 5128 810 5196 πλὴν
837 5129 987 5198 ὅμως
1018 5128 1278 5198 ἀσφαλῶς
1307 5131 1335 5182 ὀ
1358 5131 1611 5206 ταπεινὸς
1632 5128 1774 5196 οἶδα,

249 5216 455 5281 ποταπὸς
480 5218 686 5287 ὀφείλει
718 5213 857 5271 εἶναι
908 5218 935 5269 ὀ
967 5219 1168 5289 ἱερεύς.
1201 5218 1426 5290 Πρῶτον
1455 5219 1554 5292 μὲν
1587 5220 1774 5290 ἁγνὸς,

253 5304 299 5355 οὖ
318 5306 383 5375 τῷ
404 5307 611 5378 σώματι
649 5309 830 5379 μόνον,
863 5308 1000 5362 ἀλλὰ
1038 5311 1220 5381 πολλῷ
1265 5311 1465 5380 μᾶλλον
1494 5312 1590 5366 καὶ
1641 5315 1776 5385 αὑτῇ

254 5397 306 5463 τῇ
331 5396 482 5470 ψυχῇ.
519 5401 591 5454 Οὐ
632 5402 792 5472 μόνον
831 5401 908 5466 δὲ,
939 5402 1079 5456 ἀλλὰ
1129 5403 1224 5456 καὶ
1273 5403 1459 5474 πάσης
1504 5405 1778 5475 ἁμαρτίας

256 5486 518 5560 ἀμέτοχος·
567 5494 662 5545 καὶ
692 5493 770 5562 τῷ
833 5494 932 5562 μὲν
966 5493 1167 5558 ἔξωθεν
1215 5495 1335 5566 ἦοει
1368 5495 1662 5564 ταπεινὸς,
1703 5497 1779 5568 τῷ

255 5574 298 5628 δὲ
321 5579 511 5638 ἔνδοθεν
537 5585 930 5655 καταστήματι
983 5586 1473 5658 συντετριμμένος.
1507 5587 1678 5644 Ὅταν
1724 5589 1779 5642 δὲ

258 5670 312 5736 τῇ
342 5670 447 5742 ἱερᾷ
474 5675 721 5747 τραπέζῃ
754 5676 1109 5746 παρίσταται,
1131 5677 1333 5746 νοερῶς
1363 5678 1462 5748 μὲν
1499 5679 1598 5751 τὴν
1649 5679 1780 5733 Θεό-

262 5773 390 5824 τῃτι,
424 5766 684 5835 αἰσθητῶς
740 5766 797 5819 δὲ
865 5768 932 5820 τὰ
977 5767 1315 5838 προκείμενα
1363 5769 1510 5839 δῶρα
1571 5771 1780 5842 ὀφείλει

1863 3222 2022 3280 quem
2049 3214 2292 3262 astantes
2319 3205 2405 3260 vis
2460 3212 2678 3276 possent
2739 3203 2998 3273 aspicere.
3067 3204 3190 3260 Visa
3243 3205 3440 3274 sacpius

1864 3299 2037 3355 nubes
2099 3296 2282 3352 lucida
2333 3310 2454 3365 qua:
2516 3303 2691 3350 totum
2763 3297 3039 3364 obtegeret
3089 3305 3318 3352 stantem
3383 3297 3438 3352 in

1865 3389 2096 3444 bernate.

1940 3479 2296 3533 Instauratum
2323 3477 2388 3531 ali
2421 3491 2486 3531 eo
2523 3474 2697 3532 sancti
2729 3474 3033 3543 Mamantis,
3059 3477 3146 3531 cui
3179 3485 3432 3547 prmerat,

1869 3571 2297 3638 monasterium;
2349 3579 2541 3625 auctus
2592 3569 2668 3624 illi
2708 3571 3095 3625 monachorum
3129 3586 3301 3639 grex;
3358 3571 3438 3624 vi-

1870 3665 2023 3721 sione
2047 3662 2204 3718 nubis
2231 3661 2418 3717 lucida:
2449 3663 2554 3717 alta
2591 3663 2833 3733 quaedam
2858 3676 3118 3718 concessa
3149 3663 3438 3732 sapientia,

1870 3749 2170 3828 doctusque
2219 3756 2347 3824 ξένοι
2404 3756 2527 3810 τινὰ
2573 3755 2668 3809 καὶ
2719 3755 3083 3826 κεκρυμμένα
3142 3755 3440 3825 μυστήρια.

1871 3849 2228 3916 Quamobrem
2265 3864 2328 3904 ex
2361 3865 2427 3906 co
2465 3859 2729 3930 tempore,
2766 3847 2868 3900 οὐκ
2926 3843 3072 3917 εἶχεν
3119 3846 3278 3908 αὐτὸς
3314 3847 3441 3898 ἑαυ-

1872 3943 1986 4008 τὸν,
2009 3942 2125 3997 ἀλλ’
2157 3945 2189 4014 ἡ
2223 3943 2316 3997 τοῦ
2347 3941 2478 3996 Θεοῦ
2511 3942 2672 4013 χάρις
2710 3942 2830 3994 ὅλον
2873 3941 3036 3994 αὐτὸν
3071 3943 3207 4011 πρὸς
3239 3941 3439 4013 ἑαυτὴν

1875 4036 2251 4099 ἐπισπάσασα,
2280 4037 2382 4104 τὴν
2415 4039 2510 4106 μὲν
2538 4037 2787 4105 γλῶτταν
2821 4036 2988 4092 αὑτοῦ
3021 4037 3275 4106 κάλαμον
3319 4037 3440 4102 ὀξυ-

1874 4126 2107 4193 γράφου,
2144 4125 2240 4193 τὴν
2266 4123 2320 4177 δὲ
2349 4125 2592 4178 διάνοιαν
2617 4125 2802 4196 πηγὴν
2848 4126 3038 4196 σοφίας
3070 4126 3206 4179 Θεοῦ
3247 4128 3442 4195 ἀπειρ-

1873 4217 2100 4284 γάσατο.
2135 4214 2233 4268 Διὰ
2262 4213 2420 4268 τοῦτο
2452 4217 2545 4268 καὶ
2568 4217 2789 4286 ἀμαθὴς
2815 4217 2889 4269 ὢν
2920 4218 3096 4287 πάντη
3134 4217 3242 4269 τῶν
3277 4217 3442 4285 οὐρα·

1876 4309 1967 4361 οεν
1999 4307 2356 4376 μαθημάτων,
2391 4307 2465 4370 t'o;
2494 4309 2521 4360 ὀ
2550 4309 2926 4379 ἡγαπημένος,
2981 4308 3274 4377 ὲθεολὸγει,
3349 4310 3441 4362 καὶ

1875 4399 1944 4452 τὰ
1972 4399 2068 4472 τῆς
2101 4397 2379 4465 θεολογίας
2432 4391 2586 4461 ὅλαις
2619 4399 2738 4464 νυξὶ
2770 4400 3112 4455 ἀνετάττετο.
3167 4399 3286 4467 Ipse
3339 4402 3441 4454 sei-

1798 4487 2019 4562 Dpsum
2066 4508 2168 4546 non
2225 4493 2464 4560 habebat,
2529 4495 2618 4548 sed
2639 4495 2734 4549 Dei
2794 4495 2970 4566 gratia
3019 4495 3088 4548 ad
3145 4511 3200 4550 se
3277 4502 3440 4547 totum

1876 4585 2135 4649 trahente,
2179 4586 2362 4656 lingua
2393 4585 2602 4656 quidem
2649 4586 2884 4640 calamus
2956 4586 3140 4640 scribta
3205 4585 3447 4641 velociter

1873 4679 2164 4746 scribentis,
2220 4695 2361 4732 mens
2393 4694 2536 4740 vero,
2606 4678 2724 4746 fons
2793 4677 2886 4732 Dei
2935 4678 3212 4747 sapientia:
3261 4677 3445 4745 eiecta

1873 4779 2006 4824 erat.
2042 4769 2250 4823 Idcirco
2285 4772 2465 4836 etiam,
2504 4771 2626 4825 licet
2655 4770 2884 4823 omnium
2919 4786 3134 4840 prorsus
3166 4785 3230 4822 ea:
3263 4768 3445 4823 swruli

1876 4877 1972 4913 usu
2008 4862 2411 4930 disciplinarum
2443 4862 2623 4926 rudis,
2705 4863 2920 4929 perinde
2983 4878 3044 4914 ac
3090 4860 3306 4914 dilectus
3356 4859 3447 4913 ille

1873 4952 2181 5021 discipulus,
2217 4969 2335 5023 qua:
2377 4954 2564 5008 diuina:
2605 4953 2838 5008 scientiis
2891 4963 3036 5016 sunt,
3095 4951 3302 5016 edebat,
3366 4961 3448 5003 to-

1875 5054 2055 5115 tasque
2104 5052 2277 5098 noctes
2329 5043 2624 5115 theologica
2674 5044 2980 5096 instruebat.
3027 5040 3147 5097 [Lee
3179 5051 3447 5094 tantarum

1879 5135 2163 5206 Symeonis
2189 5134 2628 5190 lucubrationum
2659 5134 2832 5204 origo.
2899 5133 3035 5187 llinc
3093 5131 3447 5193 Geobibzuto;

1879 5239 2102 5298 repente
2169 5227 2428 5297 magister
2512 5242 2575 5282 ac
2633 5229 2864 5296 scriptor
2927 5227 3159 5296 Syuieon
3237 5223 3445 5278 evasit:

1877 5335 2182 5391 quanquam
2208 5319 2340 5374 nihil
2365 5327 2532 5385 vetat,
2565 5320 2646 5374 vel
2691 5319 2736 5376 si
2781 5335 2810 5374 a
2841 5319 2949 5373 Deo
2980 5317 3285 5373 dederimus
3309 5315 3448 5371 hanc

1879 5412 2168 5476 visionem,
2201 5426 2370 5481 caque
2427 5411 2654 5466 aliusam
2715 5410 3056 5476 sapientiam,
3127 5408 3322 5476 aliquid
3383 5422 3448 5462 ex

1879 5505 2032 5575 genio
2057 5504 2228 5572 ipsum
2249 5502 2536 5567 addidisse,
2566 5503 2640 5557 uti
2668 5501 2780 5556 fere
2805 5501 2857 5553 in
2895 5496 3188 5560 Bernardo,
3241 5504 3448 5550 nostro-

1879 5610 1985 5666 que
2020 5594 2261 5661 Albcrto,
2291 5591 2370 5649 sic
2402 5594 2662 5649 divinitus
2689 5593 2862 5647 auctis
2907 5588 3157 5652 scientia,
3217 5603 3446 5657 quorum

1882 5695 2059 5738 tamen
2112 5684 2291 5738 omnia
2336 5697 2439 5736 non
2501 5683 2816 5751 probantur.

1825 5843 1836 5853 _
1952 5773 2087 5828 Hinc
2120 5773 2318 5829 crebrte
2351 5771 2632 5844 Symeonis
2675 5776 2740 5830 ad
2795 5789 2921 5830 suos
2987 5776 3299 5832 Cdtl‘CilCSGS
3351 5789 3480 5846 seu,
