3882 6552
465 373 572 436 233

1722 368 2120 431 MANUELIS
2158 369 2465 430 CALEC/E

3594 369 3701 431 2M

2881 437 2904 453 κ

461 502 782 560 parmttt‘scs,
825 487 1204 542 Studianorum
1264 485 1376 540 fere
1437 485 1818 540 monachorum
1874 487 2020 552 ritu;

2135 487 2544 556 ἑγκοπτὸμενος.
2597 487 2704 558 Τὴν
2736 487 2961 559 ἄπειρον
3011 485 3103 542 οῦν
3164 487 3455 559 συντριϐὴν
3501 489 3702 554 εἰδότες

459 591 618 651 atque
645 581 694 633 in
722 580 800 634 eis
848 580 1019 647 magni
1055 579 1349 643 prassertim
1377 577 1706 632 confessoris
1733 575 2019 642 Theodori,

458 686 562 739 quo
594 669 675 722 vel
707 669 933 722 maxime
971 667 1208 720 antistite
1258 667 1497 736 duceqne
1538 668 1846 720 monasticte
1871 681 2025 721 exer-

458 760 745 822 citationis,
831 757 1062 830 Symeon
1123 759 1472 828 gloriabatur.
1542 757 1736 812 Eorqu
1796 770 2022 828 peruesa

461 853 863 916 monachorum,
925 852 1027 905 sub
1097 867 1161 906 co
1218 851 1537 904 merentium
1600 866 1723 919 pars
1780 850 2022 921 (triginta

458 944 672 996 circiter
714 944 983 1012 monachi)
1016 943 1258 998 discissis
1305 943 1478 1014 palliis
1525 959 1624 996 una
1663 944 1891 998 coitione
1938 945 2021 998 vix

458 1054 562 1091 non
597 1040 855 1092 violentas
885 1039 1188 1108 injicicntes
1218 1055 1428 1106 manus,
1452 1050 1747 1110 enectoquc
1785 1049 2022 1109 pastore,

456 1131 694 1184 effractis
751 1124 1061 1183 moriaSterii
1150 1129 1381 1193 foribus,
1440 1131 1664 1184 tumultu
1692 1131 1742 1184 in
1797 1133 2027 1201 patriar-

459 1221 636 1273 cbium
670 1221 996 1290 irrumpunt,
1060 1220 1308 1291 querelas
1340 1220 1640 1277 eiiundunt.
1676 1224 1868 1276 Audita
1925 1223 2026 1295 Sy-

459 1313 664 1366 meonis
689 1313 1076 1376 satisfactione,
1111 1314 1334 1382 ejusque
1365 1314 1428 1367 ad
1465 1329 1593 1368 suos
1634 1314 1855 1384 probata
1926 1331 2052 1388 pa-.

459 1404 667 1465 ra-sti,
708 1405 944 1458 danmali
967 1406 1155 1458 exsilio
1183 1421 1212 1458 a
1243 1406 1558 1476 patriarcha
1619 1408 1852 1477 protervi
1912 1423 2026 1462 mo-

460 1485 646 1559 nachi;
681 1497 874 1562 vixque
903 1495 1186 1566 Symconis
1245 1512 1428 1568 rogatu
1474 1500 1721 1568 permissi
1781 1499 1834 1554 in
1894 1501 2026 1555 urbe

459 1601 697 1650 manere,
729 1588 1051 1641 monasterio
1087 1597 1264 1642 tamen
1296 1590 1525 1644 exclusi.
1559 1591 1789 1661 Symeon
1819 1593 1897 1647 sic
1925 1607 2022 1661 per

460 1678 644 1730 urbem
678 1677 950 1745 dispersos
1005 1679 1243 1747 singulos
1324 1681 1513 1734 adiens
1571 1680 1899 1747 demulcere,
1957 1681 2026 1736 ad

457 1782 621 1830 seque
686 1783 980 1830 revocare,
1027 1769 1285 1838 brevique
1341 1781 1486 1824 tanta
1555 1771 1640 1848 illa
1702 1774 2028 1828 humanitate

2123 576 2214 628 τοῦ
2251 577 2574 644 ἐπισκόπου,
2612 580 2706 633 καὶ
2758 578 2857 648 τὴν
2887 579 2942 630 ἐν
2971 578 3154 632 πένθει
3195 580 3382 639 τούτου
3435 581 3699 651 διάνοιαν,

2122 668 2181 719 ού
2217 669 2374 735 μόνον
2399 668 2730 740 συγγνώμην
2761 671 2984 741 ταχεῖαν
3000 671 3075 742 τῷ
3101 670 3258 724 πὰοει
3282 671 3534 740 διδοῦσιν,
3563 674 3704 730 ἀλλὰ

2123 762 2214 814 καὶ
2269 762 2491 832 μυρίαις
2544 761 2920 832 παρακλήσεσι
2965 761 3024 814 τδ
3069 763 3374 817 κατὼδυνον
3433 780 3699 836 παρακαο

2121 853 2304 906 λοῦσιν
2327 854 2492 907 αὑτοῦ
2521 855 2618 924 τῆς
2662 854 2859 925 ψυχῆς.
2900 854 3061 907 Ἀλλὰ
3089 853 3164 924 τῷ
3201 856 3535 928 περικαρδίῳ
3565 875 3702 928 κρα-

2123 946 2382 1015 τούμενος
2430 947 2457 998 ὁ
2485 946 2778 1007 ιπέσκοπος
2829 946 2994 1015 πόνῳ,
3035 947 3421 1017 ἀπαράκλητος
3482 948 3702 1018 ἔμενεν.

2135 1033 2373 1086 Ἐκεῖθεν
2397 1029 2491 1086 οὖν
2537 1032 2672 1102 πρὸς
2704 1034 2803 1104 τὴν
2851 1034 3264 1088 Κωνσταντίνου
3329 1039 3696 1106 μεγαλόπολιν

2123 1128 2212 1179 τὸν
2242 1127 2469 1179 ἕλκοντα
2519 1127 2879 1197 ἀποστρέφει.
2930 1126 3078 1198 Πεζῆ
3133 1129 3432 1183 τοίνυνκαὶ
3488 1134 3699 1203 ταύτην

2125 1221 2494 1289 ποιησάμενο;
2527 1220 2624 1292 τὴν
2647 1220 2890 1290 πορείαν,
2917 1220 3354 1291 ’καταλαμϐάνει
3386 1224 3484 1293 τὴν
3542 1223 3699 1294 βασι-

2124 1309 2416 1364 λεύουσανο
2440 1313 2536 1364 καὶ
2565 1312 2642 1375 εἰς
2673 1313 2771 1382 τὴν
2800 1314 3047 1383 μεγάλην
3105 1313 3197 1366 τοῦ
3251 1313 3385 1372 Θεοῦ
3441 1316 3700 1370 εἰσελθὼν

2139 1398 2493 1470 Ἐκκλησίαν,
2563 1391 2988 1472 ἐξομολογεῐται
3026 1405 3162 1473 μετὰ
3201 1402 3451 1474 δακρύων
3507 1405 3586 1476 τῷ
3636 1423 3700 1458 τε

2128 1492 2439 1565 πατριάρχῃ
2472 1494 2694 1558 καὶτοῖς
2722 1494 3039 1565 ἀρχιερεῦσι
3091 1495 3152 1548 τδ
3192 1495 3412 1566 πτῶμα,
3467 1498 3561 1551 καὶ
3600 1499 3701 1552 σὺν

2125 1584 2370 1655 τῷλόγῳ
2401 1586 2459 1638 τὸ
2488 1588 2585 1656 τῆς
2622 1587 2924 1658 ἐπισκοπῆς
2974 1587 3189 1660 ἀξίωμα
3231 1592 3370 1660 μετὰ
3419 1592 3516 1661 τῆς
3564 1593 3700 1646 ἀλύο

2129 1695 2265 1740 σεως
2293 1677 2632 1732 ἀποτίθεται.
2688 1679 2979 1748 Episcopus
3023 1697 3146 1751 ergo
3198 1690 3345 1736 tanta
3391 1685 3568 1752 pedcs,
3600 1687 3700 1740 via:

2127 1770 2202 1822 sic
2231 1769 2417 1840 longw,
2452 1770 2666 1838 planctu
2689 1772 2932 1841 luctuque
2953 1776 3169 1826 decurso
3203 1775 3406 1840 itinere,
3442 1775 3698 1829 Romam-

458 1873 520 1909 ac
600 1857 884 1911 sedulitate
947 1858 1014 1912 ad
1087 1859 1315 1912 cilicium
1369 1860 1686 1930 caulemque
1745 1864 2027 1919 universos
2061 1853 2226 1931 Bque
2258 1863 2485 1925 veniens,
2519 1864 2758 1915 trahente
2794 1879 2856 1915 ex
2903 1874 3089 1916 catena
3145 1865 3371 1932 (nuntio,
3442 1866 3699 1920 delictum

457 1949 622 2018 eugit.
654 1949 742 2000 ’Ev
773 1946 938 2018 ὀλίγῳ
968 1951 1174 2013 πάντας
1205 1951 1509 2021 συνήγαγεν
1542 1953 1569 2004 ὁ
1602 1953 1802 2021 ποιμὴν
1839 1951 1868 2005 ὁ
1925 1972 2022 2008 κα-

455 2039 566 2103 λὸς,
603 2041 695 2094 καὶ
724 2039 820 2109 τὴν
850 2041 984 2093 ίδίαν
1009 2039 1160 2103 αὖθις
1193 2041 1362 2111 αὐλὴν
1409 2043 1519 2102 τοῖς
1547 2042 1770 2110 ἡμέροις
1800 2043 1892 2096 καὶ
1921 2042 2024 2114 πρὸ

457 2130 683 2202 βραχέος
707 2132 1052 2202 ἁγριωΘεῖσι.
1079 2130 1372 2200 προὸάτοις
1420 2133 1695 2200 ἐγέμισεν.
1724 2132 1878 2187 Brevi
1898 2145 2027 2188 tem-

455 2239 576 2291 pore
636 2226 796 2275 bonus
863 2232 1042 2290 pastor
1092 2233 1305 2276 cunctos
1367 2228 1719 2293 congregavit,
1776 2242 2026 2294 suamque

458 2329 641 2366 rursus
676 2314 886 2367 caulam
908 2307 1195 2366 mansuetis
1257 2315 1433 2367 ovibus
1493 2317 1648 2384 paulo
1687 2326 1806 2370 ante
1851 2317 2025 2386 c/feris

457 2406 710 2475 implevit.
748 2405 861 2461 lloc
898 2405 1241 2474 sequentium
1281 2405 1566 2476 Sychu'rs
1623 2409 1900 2460 turbarum
1962 2423 2028 2465 ac

371 2503 378 2506 '
457 2494 812 2546 tcutatiouum
876 2493 1261 2554 rudimentum,
1323 2506 1420 2545 nec
1501 2494 1683 2562 dispar
1732 2495 2022 2548 admodum

456 2599 661 2648 causa;
722 2583 1022 2653 improbata
1068 2582 1320 2637 nimirum
1358 2585 1474 2652 ejus
1510 2586 1591 2638 vel
1621 2586 1914 2650 disciplina:
1946 2585 2027 2640 vel

458 2673 716 2728 doctrinae
747 2675 990 2744 quaedam
1029 2673 1228 2742 capita.
1259 2669 1395 2728 Vitae
1420 2685 1606 2730 auctor
1641 2691 1800 2729 unam
1851 2691 2025 2732 arces~

456 2769 528 2820 sit
596 2764 1118 2838 StcphauiSyncelli
1197 2765 1254 2819 in
1317 2757 1439 2820 eum
1491 2768 1768 2837 invidiam;
1799 2768 1864 2824 de
1920 2784 2026 2838 quo

457 2868 640 2928 postea
651 2896 666 2910 .

528 2951 781 3022 Disi'ipuli
807 2952 1090 3007 sanctitate
1118 2965 1180 3004 ac
1209 2951 1452 3006 moribus
1476 2950 1738 3019 celebres;
1767 2952 2028 3008 Arseuius

457 3045 571 3113 ipse
603 3043 892 3116 Paphlago,
917 3047 1218 3116 eunuchus,
1249 3059 1407 3116 quem
1440 3057 1494 3102 et
1527 3047 1777 3100 abdicata
1803 3047 2022 3100 detuum

459 3135 799 3203 prtcfectura,
825 3139 905 3194 sui
930 3138 1046 3194 loco
1070 3149 1336 3211 pastorem
1359 3137 1543 3198 voluit.
1579 3138 1689 3193 Viri
1717 3138 1983 3192 institutio
2007 3154 2025 3204 ;

2131 1969 2282 2022 pupa:
2323 1954 2616 2020 conﬁtetur,
2659 1953 2938 2023 Roma'que
2980 1957 3272 2009 constitutis
3303 1956 3577 2024 episcopis,
3611 1959 3694 2012 la-

2132 2047 2318 2100 mentis
2348 2048 2624 2113 etejulatu
2669 2047 2967 2106 crebrisque
2995 2049 3271 2118 gemitibus
3321 2043 3562 2102 intercisa
3614 2051 3705 2105 illi

2131 2138 2466 2208 confessionis
2493 2154 2631 2192 voce.
2667 2138 2981 2192 Immensum
3021 2140 3194 2208 itaque
3223 2141 3449 2210 episcopi
3496 2143 3704 2195 contri-

2134 2233 2326 2284 tionem
2360 2229 2613 2293 videntes,
2652 2230 2895 2298 luctuque
2919 2249 3224 2301 oppressum
3284 2234 3539 2298 animum,
3597 2251 3700 2288 ne-

2131 2321 2254 2374 dum
2284 2322 2489 2374 veniant
2519 2321 2675 2373 citius
2715 2321 2905 2374 delicta
2951 2321 3246 2391 indulgent,
3300 2339 3476 2377 verum
3535 2328 3702 2377 etiam

2131 2411 2244 2481 ejus
2280 2412 2444 2464 animi
2483 2410 2714 2464 dolorem
2755 2411 2921 2465 modis
2947 2413 3185 2465 omnibus
3209 2413 3452 2466 solantur
3475 2429 3536 2466 ac
3559 2414 3703 2465 deli-

2135 2507 2303 2557 niunt.
2348 2503 2446 2556 ille
2471 2514 2639 2556 tamen
2671 2505 2911 2574 graviore
2940 2504 3112 2559 cordis
3140 2507 3321 2560 dolore
3345 2516 3515 2560 tentus
3541 2519 3706 2573 atque

2133 2599 2372 2659 obrutus,
2411 2612 2611 2648 omnem
2638 2596 2834 2664 respuit
2862 2595 3294 2651 consolationem.
3357 2597 3489 2650 Inde
3535 2599 3710 2667 igitur

2135 2705 2309 2742 versus
2343 2704 2583 2757 magnam
2607 2685 2941 2742 Constantini
2966 2687 3167 2750 urbem,
3195 2688 3487 2743 trahentem
3518 2692 3702 2743 vertit.

2143 2780 2356 2850 Hocque
2387 2784 2518 2834 adeo
2550 2781 2652 2834 iter
2713 2777 2867 2849 pedes
2900 2778 3198 2848 conﬁciens,
3247 2781 3299 2832 in
3360 2782 3540 2833 urbem
3596 2798 3705 2832 ms-

2133 2886 2336 2945 gustam
2357 2875 2492 2927 venit
2513 2892 2530 2938 ;
2549 2875 2910 2942 ingressusque
2935 2868 3188 2940 Majorent
3218 2870 3530 2933 Ecclesium,
3562 2873 3706 2932 olTn-

2135 2983 2223 3020 sus
2269 2966 2540 3036 lacryntis,
2577 2965 2826 3019 delictum
2857 2963 3177 3028 patriarcha:
3229 2961 3508 3029 conﬁtetur
3555 2965 3708 3030 eique

2136 3057 2481 3111 assidentibus
2523 3055 2777 3124 episcopis
2808 3071 2826 3119 ;
2867 3055 3100 3122 interque
3122 3053 3298 3115 verba,
3329 3068 3446 3105 cum
3492 3061 3708 3116 catena,

2135 3145 2476 3215 episcopalem
2511 3145 2822 3214 dignitatem
2853 3142 3084 3212 deponit.
3128 3141 3340 3210 Insigne
3372 3140 3472 3195 hoc
3525 3141 3710 3210 patui-

457 3228 686 3286 fervoris
709 3233 942 3286 coercita
975 3233 1139 3288 nimia
1160 3233 1239 3288 vis
1261 3249 1277 3299 ;
1299 3233 1572 3288 insinuata
1603 3232 1855 3288 discretio
1878 3231 2029 3286 cibo-
2055 3218 2100 3281 C
2134 3239 2312 3293 ιθιιιίω
2341 3237 2673 3306 exemplum,
2725 3235 2950 3306 ejusque
2999 3233 3313 3303 disciplinac,
3367 3249 3473 3302 qua
3504 3247 3565 3287 se
3605 3233 3706 3302 ipsi

457 3322 1061 3392 rumqucindulgentia.
1091 3339 1210 3379 cum
1251 3323 1324 3378 ita
1360 3333 1548 3394 poscat
1580 3323 1873 3378 necessitas
1905 3335 2029 3377 cor-

456 3414 624 3483 poris.
665 3413 986 3469 ilierothcus
1019 3429 1085 3470 ex
1116 3415 1369 3485 episcopo
1403 3411 1720 3480 monachus,
1741 3409 2030 3485 Symeonis

457 3507 772 3576 discipulus.
831 3507 1090 3563 Abdicata
1123 3510 1278 3565 sedes
1313 3509 1648 3580 dignitasque
1681 3506 2026 3576 episcopalis,

459 3602 667 3670 nepotis
689 3615 753 3656 ex
775 3601 1069 3670 improviso
1123 3615 1362 3671 casuque
1396 3599 1709 3656 homicidio.
1735 3599 1893 3652 Adita
1921 3597 2031 3668 pri-

458 3709 604 3746 mum
636 3691 803 3748 Roma
839 3694 1169 3762 poenitentia:
1199 3706 1396 3757 causa;
1434 3701 1543 3745 tum
1573 3689 2031 3756 ConstantinOpo-

459 3786 524 3841 lis
566 3791 678 3857 ipsa
709 3800 846 3841 nova
881 3786 1071 3841 nostra.
1107 3783 1253 3838 Satis
1309 3784 1470 3837 cninr
1502 3798 1600 3853 per
1659 3797 1723 3836 ea
1787 3792 2028 3849 tempora

460 3880 677 3946 utrique
731 3877 1388 3952 Ecclesiaa‘convcniebat,
1445 3873 1862 3944 scpitoiuterim
1895 3872 2033 3927 Pho-

459 3973 607 4026 tiano
640 3971 950 4033 schismate,
996 3968 1336 4039 necduiuque
1371 3967 1634 4020 Ceru‘arii
1679 3964 2034 4018 turbulentis-

461 4064 581 4116 simi
611 4063 843 4116 hominis
869 4063 1080 4116 artibus
1103 4074 1165 4115 ac
1195 4059 1383 4114 fraude
1411 4060 1730 4113 instaurata.
1761 4057 2033 4112 Hactenus

460 4156 628 4221 enim,
648 4155 875 4208 utetiam
896 4163 1084 4208 auctor
1101 4163 1184 4208 est
1202 4153 1426 4207 Michael
1443 4152 1647 4208 Psellus
1671 4154 1724 4204 in
1749 4151 2030 4214 Oratione,

460 4250 574 4313 ejus
611 4261 706 4313 pro
737 4245 924 4300 funere
963 4242 1309 4310 Laudatoria,
1345 4243 1656 4298 decessores
1697 4241 1886 4296 mitius
1908 4254 2034 4294 cum

462 4338 670 4391 Latinis
696 4347 941 4404 egerant,
965 4350 1028 4390 ac
1057 4333 1171 4390 fere
1193 4335 1509 4405 ἀδιάφορον,
1542 4334 1802 4402 quidquid
1834 4333 2034 4386 alteru-

463 4433 530 4484 tri
557 4431 838 4492 sentirent,
872 4431 1078 4497 integra
1108 4428 1472 4482 Ecclesiarum
1504 4427 1906 4488 communione,
1935 4424 2034 4479 ha-

464 4524 696 4576 buerant
736 4539 748 4574 :
783 4518 926 4590 quod
979 4519 1234 4573 nimirum
1285 4514 1530 4572 eamdem
1581 4527 1843 4586 utrosque
1878 4515 2034 4571 fidem

465 4612 586 4666 aliis
613 4611 843 4678 aliisque
873 4610 1053 4665 verbis
1081 4609 1323 4678 profiteri
1364 4608 1672 4664 sentiebant
1699 4649 1714 4675 ,
1766 4609 1866 4664 etsi
1915 4624 2027 4664 non

465 4707 686 4760 deerant
719 4703 809 4772 qui
855 4702 1074 4757 Latinos
1103 4702 1359 4756 roderent
1406 4701 1723 4769 errorisque
1753 4701 2035 4756 insimula-

467 4807 585 4853 rcnt
607 4814 669 4852 ac
694 4796 1054 4852 traducerent.
1087 4792 1176 4849 Sic
1223 4808 1354 4863 ergo
1401 4802 1590 4848 auctor
1617 4794 1682 4847 de
1720 4794 1979 4864 episcopo
2007 4835 2022 4858 ,

465 4906 624 4961 quem
654 4891 792 4943 πάνυ
817 4888 1038 4957 Θεοφιλῆ
1067 4887 1157 4941 τὸν
1179 4888 1402 4958 τρόπον,
1420 4886 1514 4939 καὶ
1537 4886 1624 4939 τὸν
1646 4885 1759 4956 βίον
1787 4885 1925 4955 μετὰ
1944 4887 2037 4939 τοῦ

467 4981 630 5048 λόγου
657 4977 898 5045 καθαρὸν
956 4977 1048 5030 καὶ
1079 4977 1362 5048 ἐνάρετονο
1426 4976 1654 5030 moribus
1711 4977 2040 5046 religiosissi-

470 5089 633 5136 mum,
663 5074 870 5139 vitaque
894 5088 1009 5125 cum
1037 5072 1280 5125 doctrina
1308 5087 1370 5123 ac
1393 5070 1596 5140 eloquio
1617 5069 1820 5123 clarum
1843 5070 2042 5122 studio-

468 5180 704 5233 sumque,
739 5164 950 5215 dixerat
982 5179 996 5228 ;
1029 5175 1187 5230 quem
1236 5169 1290 5216 ct
1316 5161 1384 5216 ab
1421 5157 1712 5215 homicidio
1764 5160 1848 5213 vix
1900 5174 1932 5213 a
1982 5172 2043 5214 se

471 5255 628 5308 avelli
662 5253 778 5323 ejus
804 5267 996 5320 passus
1017 5261 1158 5307 esset
1185 5250 1382 5317 clerus,
1407 5251 1484 5306 sic
1509 5251 1598 5304 ille
1622 5252 1784 5320 digne
1804 5251 2044 5321 pastoris

471 5357 653 5415 partes
692 5344 949 5410 implebat
981 5340 1340 5412 εΔιαδραμὼν
1383 5333 1477 5393 οῦν
1507 5341 1598 5393 τὸν
1631 5337 1883 5393 τοσοῦτον
1919 5339 2043 5410 δρό-

472 5457 572 5509 μον
602 5437 739 5506 πεζῆ
761 5438 856 5502 τῆς
883 5435 1099 5506 μακρᾶς
1128 5433 1341 5502 ἐκείνης
1366 5431 1486 5486 ὀδοῦ
1513 5433 1540 5484 ὁ
1568 5432 1868 5494 ἐπίσκοπος
1895 5433 2036 5502 μετὰ

472 5529 718 5582 κοπετῶν
745 5529 838 5581 κα¹ι
861 5526 1134 5596 δακρύων,
1173 5523 1267 5577 καὶ
1288 5524 1386 5592 τὴν
1416 5521 1638 5592 Ῥώμην
1693 5521 2042 5589 καταλαΰὼν,

473 5621 578 5675 ὑπὸ
599 5620 690 5673 τοῦ
716 5619 900 5673 δούλου
945 5621 1002 5670 ἐν
1065 5615 1247 5670 ἁλύσει
1293 5614 1600 5684 ἑλκόμενος,
1636 5612 2044 5684 ἐξομολογεῖται

471 5714 533 5767 τὸ
577 5712 744 5782 πῶμα
773 5711 849 5780 τῷ
885 5711 1084 5780 πάππα
1114 5709 1336 5770 καὶτοῖς
1363 5709 1419 5760 ὲν
1461 5705 1648 5777 Ῥώμῃ
1695 5707 2039 5778 ἀρχιερεῦσι,

473 5807 688 5865 οοήνοις
717 5807 810 5859 καὶ
844 5807 1109 5867 οἰμωγαῖς
1140 5803 1236 5868 τὴν
1263 5800 1448 5869 φωνὴν
1474 5801 1568 5871 τῆς
1599 5801 2040 5872 ἑξομολογήσεως

2128 3330 2299 3387 Graeci
2339 3331 2649 3384 sacerdotes
2677 3329 2946 3394 abdicaui,
2981 3329 3068 3382 ubi
3094 3327 3292 3396 aliquid
3317 3367 3330 3383 .
3358 3325 3520 3380 etiam
3577 3339 3710 3380 casn

2129 3430 2223 3476 aut
2252 3420 2578 3490 ignorantia,
2608 3420 2659 3472 in
2680 3433 2916 3473 canones
2944 3417 3291 3485 deliquerint.
3320 3413 3529 3469 Novum
3565 3429 3709 3484 quo-

2130 3524 2234 3580 que
2260 3523 2358 3580 pro
2381 3523 2440 3562 ea
2459 3517 2636 3575 aetate,
2660 3507 3015 3565 observantia:
3037 3521 3163 3577 erga
3183 3506 3472 3560 Ecclesiam
3503 3505 3682 3559 Roma

2131 3616 2255 3654 nam
2289 3599 2518 3670 ejusque
2554 3599 2869 3664 antistitem,
2903 3596 3155 3652 Ecclesiae
3183 3597 3382 3652 Grtccze
3409 3598 3713 3652 documen-

2131 3702 2263 3746 tum.
2290 3689 2366 3745 Illi
2400 3689 2540 3745 facta
2560 3689 2851 3758 confessio,
2883 3690 2950 3744 ab
2977 3705 3043 3744 eo
3066 3703 3322 3744 concessa
3345 3688 3709 3757 indulgentia,

2131 3785 2439 3855 ablataque,
2476 3783 2784 3847 utvidetur,
2818 3781 2962 3837 sedis
2990 3781 3247 3853 dignitas,
3271 3779 3324 3834 ni
3363 3781 3478 3850 ipse
3511 3788 3713 3849 sponte

2133 3889 2254 3930 sese
2308 3875 2566 3928 abdicare
2614 3869 2916 3937 maluisset,
2973 3886 3039 3926 ac
3096 3871 3219 3926 vitae
3250 3871 3516 3939 reliquum
3569 3871 3711 3924 inter

2136 3966 2433 4020 monachos
2468 3963 2806 4034 paenitentia;
2833 3961 3108 4018 laboribus
3125 3961 3424 4016 subducere
3451 3976 3466 4013 :
3497 3957 3712 4012 delecto

2135 4055 2190 4109 in
2226 4070 2348 4110 eam
2384 4071 2495 4111 rem
2545 4053 2815 4125 Symeone
2843 4053 3003 4118 duce,
3037 4053 3140 4110 sub
3167 4065 3277 4122 quo
3308 4053 3470 4105 etiam
3503 4048 3708 4104 eximia

2133 4147 2212 4202 illi
2266 4148 2412 4202 edita
2459 4147 2764 4202 sanctitatis
2796 4144 3065 4214 exempla.
3119 4142 3224 4198 Sed
3252 4143 3318 4197 ad
3375 4141 3709 4212 Symeouetu

2135 4238 2436 4295 revocanda
2473 4239 2670 4294 oratio.

2206 4333 2492 4386 Annuente
2532 4329 2722 4400 Sergio
2753 4331 3081 4401 patriarcha,
3123 4331 3453 4401 praefecturas
3476 4343 3623 4384 onus
3662 4343 3710 4382 In

2135 4424 2421 4479 Arsenium
2474 4425 2669 4490 reiicit.
2698 4421 3032 4477 Docmnenta
3081 4423 3156 4478 illi
3209 4425 3410 4493 pariter
3449 4425 3714 4491 gregique

2137 4511 2351 4580 egregia
2385 4511 2604 4565 tradita.
2630 4509 2708 4566 Ex
2737 4511 2842 4578 illis
2868 4510 3168 4579 disciplinae
3185 4521 3346 4581 caput
3367 4524 3469 4565 non
3506 4511 3711 4580 pigebit

2141 4602 2414 4658 ascribere
2456 4618 2471 4667 ;
2512 4602 2654 4672 quod
2688 4602 2884 4672 ipsum,
2933 4615 3034 4658 nec
3067 4602 3224 4671 longe
3283 4601 3503 4657 remotis
3534 4603 3710 4658 verbis

2137 4691 2368 4748 habetur
2399 4703 2536 4749 orat.
2565 4693 2656 4759 24,
2691 4707 2756 4748 ex
2781 4693 2938 4748 editis
2966 4710 2995 4748 a
3019 4695 3266 4750 Pontano
3299 4706 3317 4747 :
3344 4693 3434 4764 Μὴ
3462 4695 3523 4747 ὲν
3547 4711 3711 4765 προς-

2139 4786 2354 4857 ποιήσει
2376 4785 2682 4857 πραότητος
2707 4784 2796 4838 διὰ
2813 4785 3034 4839 ἔπαινον
3057 4785 3164 4838 τῶν
3185 4785 3486 4855 ἀνθρώπων
3516 4785 3709 4854 μικροῦ

2141 4879 2463 4949 πράγματος
2494 4878 2577 4946 ἐφ’
2615 4877 2773 4946 ὕϐρει
2839 4879 3126 4948 γινομένου
3207 4879 3304 4932 τοῦ
3357 4877 3709 4948 εὐαγγελικοῦ

2143 4970 2282 5041 βίου,
2314 4971 2410 5024 καὶ
2441 4971 2539 5039 τῆς
2569 4971 2674 5024 τῶν
2704 4971 2954 5040 μοναχῶν
2984 4971 3392 5036 καταστάσεως,
3433 4987 3711 5040 καταφρο-

2141 5066 2327 5133 νήσεις
2351 5079 2366 5094 ο
2395 5062 2529 5116 ἀλλὰ
2561 5061 2652 5115 τὸν
2680 5063 2770 5118 σὸν
2806 5061 3142 5134 μιμούμενος
3170 5064 3402 5132 Χριστὸν
3429 5063 3530 5119 καὶ
3552 5063 3703 5128 Θεὸν,

2143 5157 2544 5228 ἒμδριμμένος,
2571 5156 2666 5210 καὶ
2698 5156 2890 5210 ἑαυτὸν
2916 5155 3140 5218 ἀπαθῶς
3165 5157 3540 5224 ἐκταράσσων,
3571 5156 3708 5210 ὲκδί-

2143 5265 2305 5317 κησιν
2355 5250 2506 5303 ποιοῦ
2561 5248 2670 5303 τῶν
2720 5249 2947 5304 ἐντολῶν
2967 5251 3060 5306 τοῦ
3114 5249 3272 5306 Θεοῦ.
3302 5250 3480 5303 Ἔστω
3510 5267 3593 5305 σοι
3624 5250 3708 5303 ἰπὶ

2144 5341 2361 5396 πάντων
2399 5345 2492 5399 καὶ
2518 5343 2610 5398 ἐπὶ
2635 5345 2698 5414 τῇ
2723 5342 3013 5409 ὲξεστάσει
3039 5343 3144 5398 τῶν
3176 5343 3454 5415 λογισμῶν
3479 5346 3704 5399 ἑκάστου

2145 5435 2419 5505 ἀκρίϐεια,
2464 5436 2538 5498 ὡς
2567 5436 2635 5491 ἂν
2660 5435 2858 5508 εἰδείης
2879 5437 3023 5496 τίνες
3075 5437 3176 5507 μὲν
3235 5437 3416 5492 αὐτῶν
3495 5439 3702 5492 δέονται

2145 5529 2240 5598 τῆς
2289 5528 2393 5582 τῶν
2433 5528 2740 5600 εὐχομένων
2783 5528 2878 5582 καὶ
2914 5527 3314 5583 κοινωνούντων
3371 5532 3696 5594 συστάσεως,

2148 5621 2294 5685 τίνες
2324 5621 2379 5675 δὲ
2410 5620 2745 5692 ἁφορισμοῦ,
2771 5622 2864 5674 καὶ
2894 5622 2987 5692 τῆς
3018 5622 3154 5692 μετὰ
3173 5620 3280 5675 τῶν
3309 5622 3702 5691 μετανοούντων

2148 5715 2376 5780 τάξεωςο
2407 5715 2494 5768 ἵνα
2551 5713 2627 5786 μὴ
2686 5713 2784 5784 τὴν
2843 5712 3173 5783 Ἐκκλησίαν
3227 5713 3365 5769 Θεοῦ
3417 5717 3538 5770 ἀντὶ
3583 5711 3703 5768 ναοῦ

2147 5808 2302 5874 ἁγίου
2363 5807 2624 5878 σπήλαιον
2669 5805 2959 5878 ma:in
3002 5808 3274 5878 πορνεῖον,
3322 5812 3380 5863 ἐν
3431 5801 3620 5877 γνώσει
3669 5804 3702 5874 ἢ
