3882 6556
191 415 266 476 353
871 405 966 468 DE
996 409 1364 468 ESSEN'TH
1407 405 1497 466 ET
1540 407 1704 467 OPEl

1811 385 2052 465 noue.
2099 429 2164 438 -—
2209 398 2604 460 PREFATIO

3271 390 3378 460 2“6

186 535 227 585 έν
244 527 416 597 nvo-7;.
440 527 687 592 mnia-5;,
732 525 822 576 καὶ
852 526 908 574 τὸ
938 525 1164 594 φοξερδν
1204 526 1291 576 ἐπὶ
1321 525 1492 594 τούτῳ
1531 525 1699 594 κρῖμα
1735 527 1772 582 Α
1808 519 1899 573 καὶ
1925 517 2178 572 κοινωνὸν
2212 517 2310 586 τῆς
2343 517 2506 570 αὑτοῦ
2541 515 2805 585 Θεὸτητός
2865 531 2922 567 τε
2963 514 3056 569 καὶ
3112 513 3387 583 βασιλείας

184 626 254 677 οῦκ
276 619 484 686 ἐκφεύξῃ
510 617 604 683 τῆς
636 616 803 686 ὀργῆς
825 617 915 668 τοῦ
940 617 1095 672 Θεοῦ,
1135 617 1396 680 Εύλαϐεῖς
1424 619 1694 684 ποιήσεις,

187 712 287 765 nsi
307 711 355 760 τὸ
376 707 774 776 γεγραμμένον,
803 709 928 768 τοὺς
961 708 1365 776 πνευματικούς
1398 725 1491 760 σου
1526 708 1694 770 υἱοὺς,

182 805 248 857 iui
266 801 470 864 διδάξεις
507 798 855 850 εὐλαϐεῖσθαι
891 799 1086 861 αὐτοὺς
1119 799 1224 852 ἀπὸ
1260 799 1366 851 τῶν
1390 798 1549 870 ἱερῶν
1603 798 1696 850 τοῦ

181 893 279 946 Θεοῦ
297 893 452 943 τόπων
475 889 610 959 ὁμοῦ
636 891 731 942 καὶ
758 890 990 953 σκευῶν,
1018 890 1113 942 καὶ
1137 891 1482 960 λειτουργίας
1507 891 1694 944 αὐτοῦ.

179 987 329 1045 Misisti;
363 983 462 1052 γὰρ
490 982 596 1034 [alii
623 984 733 1044 τοῖς
769 982 1087 1051 ἱερωμένοις
1125 982 1221 1034 καὶ
1250 983 1698 1056 ,εὐλαϐεστάτοις

180 1076 256 1128 τῶν
301 1075 550 1143 μοναχῶν,
592 1073 709 1138 τοῖς
770 1076 864 1127 καὶ
895 1074 1002 1126 τῶν
1034 1075 1349 1145 μυστηρίων
1391 1076 1697 1146 μετέχουσι,

177 1165 219 1217 τὸ
241 1164 470 1216 ἅπτεσθαι
498 1164 677 1216 αὐτῶν
726 1166 875 1236 παρὰ
911 1166 1016 1218 τῶν
1047 1168 1361 1220 ἀποστόλων
1397 1166 1695 1238 ἀφιερώθη.

175 1258 246 1309 Aa
286 1255 440 1308 ταῦτα
478 1257 534 1308 οὐ
576 1259 956 1327 συγχωρήσεις
1004 1261 1157 1322 πᾶσι,
1192 1261 1285 1312 καὶ
1338 1265 1448 1323 τοῖς
1511 1261 1700 1330 βουλο-

176 1346 334 1415 μένοις,
361 1347 443 1398 τὸν
467 1346 560 1398 τοῦ
590 1347 737 1399 Θείου
771 1347 1012 1417 βήματος
1036 1347 1263 1411 εἴσοδον,
1292 1347 1407 1400 ἀλλ’
1431 1347 1461 1418 ἢ
1492 1348 1700 1416 μόνοις,

172 1439 226 1498 ὡς
265 1439 476 1506 εἴρηται,
512 1441 628 1502 τοῖς
685 1440 1022 1510 ίερωμένοις,
1047 1442 1141 1492 καὶ
1196 1442 1548 1512 ἡγιασμένοις
1593 1441 1701 1494 τῶν

173 1531 388 1597 ἀδελφῶν.
435 1531 570 1598 Περὶ
620 1530 678 1583 δὲ
739 1533 849 1583 τῶν
909 1532 1112 1585 λοιπῶν
1150 1533 1258 1584 τῶν
1286 1533 1703 1586 λυσιτελούντων

173 1623 221 1688 σῇ
245 1623 298 1688 τῇ
330 1623 452 1689 μονῇ
492 1621 642 1689 ἔχεις
680 1621 776 1691 τὴν
825 1621 1178 1676 διδασκαλίαν
1233 1618 1455 1676 καὶτὸν
1495 1640 1705 1692 πατρο-

172 1713 426 1782 παράδοτον
460 1712 638 1766 τύπον
669 1715 826 1784 ἡμῶν
861 1716 921 1767 ἐν
962 1717 1027 1784 τῇ
1072 1715 1414 1784 θεοπνεύστῳ
1433 1713 1702 1767 διατυπώ-

172 1803 337 1854 σειτοῦ
376 1806 873 1876 μεγαλομάρτυρος
926 1808 1164 1878 Χριστοῦ
1198 1809 1293 1862 καὶ
1348 1805 1690 1878 ὀμολογητοῢ

175 1893 411 1962 Θεοδώρου
484 1896 584 1948 τοῦ
644 1898 824 1951 κοινοῦ
906 1901 1124 1972 Πατρὺς
1203 1901 1298 1953 καὶ
1385 1900 1707 1953 διδασκάλου

173 1987 295 2055 ήςςῶν
315 2004 368 2039 τε
411 1987 522 2041 τῶν
553 1989 757 2042 δούλων
805 1991 996 2057 αὑτοῦ,
1033 1993 1125 2045 καὶ
1180 1992 1274 2046 τοῦ
1303 1994 1451 2046 ὁσίου
1505 1995 1709 2063 πατρὶς

171 2077 289 2145 ἡμῶν
313 2078 396 2130 τοῦ
423 2080 790 2137 Στουδιώτουε
831 2081 908 2136 Ne
947 2084 1182 2138 lenitatis
1207 2097 1484 2154 praetextu,
1523 2087 1708 2141 huma-

175 2185 266 2219 tuun
291 2175 598 2239 aucupando
629 2173 860 2236 laudem,
894 2175 970 2229 vel
997 2177 1274 2229 minimum
1297 2178 1446 2246 quid,
1487 2180 1624 2248 quod
1653 2181 1706 2233 in

173 2261 261 2313 site
299 2267 603 2332 evangelica:
632 2277 904 2336 statusque
939 2271 1215 2322 monastici
1251 2270 1502 2340 injuriam
1533 2277 1706 2338 cedat,

177 2355 438 2420 neglexeris,
491 2362 584 2410 sed
641 2357 840 2412 Christi
877 2363 950 2414 tui
988 2361 1179 2430 Deique
1237 2365 1495 2430 imitator,
1547 2367 1708 2430 infre-

172 2460 295 2508 tuens,
333 2461 471 2514 teque
535 2449 645 2512 ipse
695 2451 1070 2518 imperturbate
1106 2456 1344 2518 turbans,
1409 2457 1696 2510 vindictam

175 2538 237 2602 fac
263 2541 618 2592 mandatorum
673 2540 788 2594 Dei.
853 2541 918 2596 In
951 2545 1217 2604 omnibus,
1279 2547 1705 2617 singulorumque

169 2628 439 2680 excutiendis
463 2629 679 2692 animis,
705 2647 871 2684 acrem
894 2633 1221 2701 diligentiam
1243 2635 1392 2700 habe,
1421 2647 1474 2688 ut
1501 2641 1704 2690 noveris

170 2724 339 2784 quinam
374 2723 587 2778 illorum
629 2727 680 2778 in
715 2727 956 2794 precibus
995 2728 1279 2782 consistere
1313 2749 1374 2782 ac
1409 2735 1706 2785 communi-

170 2827 260 2863 care
309 2831 500 2869 necesse
583 2819 858 2880 habeant;
907 2823 1120 2887 quinam
1193 2823 1294 2874 sint
1377 2826 1704 2892 segregandi,

169 2908 400 2977 cadentque
428 2926 550 2962 cum
611 2913 983 2978 penitentibus
1022 2913 1192 2966 classe
1247 2914 1590 2982 collocandi;
1644 2934 1706 2970 ne

173 2996 242 3049 Dei
271 2998 567 3062 Ecclesiam,
624 3018 720 3070 pro
752 3015 937 3057 sancto
1000 3004 1098 3057 Dei
1129 3005 1336 3071 templo,
1394 3009 1699 3072 speluncam

175 3089 398 3145 latronum
426 3107 516 3145 aut
568 3094 824 3165 lupanar,
861 3097 1030 3150 sciens
1060 3097 1138 3151 vel
1169 3101 1412 3168 ignorans
1477 3102 1705 3171 efficias;

1800 611 2200 682 ἀπειργάσατο,
2232 608 2576 678 gloriﬁcavit,
2607 610 2907 678 sociumque
2929 624 3038 662 sua:
3069 617 3179 661 tum
3211 609 3388 662 Deita-

1801 705 1870 757 tis
1894 715 2002 756 tum
2034 703 2178 772 regni
2201 702 2370 769 e/fecit
2401 702 2565 771 (quod
2597 701 2729 754 nihil
2761 703 2903 770 cogit
2934 707 3122 758 crasso
3156 696 3391 754 Paluina

1802 810 1959 850 sensu
1996 795 2246 860 intelligi,
2280 809 2342 847 ac
2373 794 2518 847 velut
2548 792 2648 845 alia
2680 793 2861 849 Deitas
2889 797 2980 857 sit,
3012 808 3172 862 quam
3203 793 3385 844 divina

1803 885 1914 952 ipsa
1942 884 2202 949 essentia,
2231 884 2454 964 ejusque
2479 884 2529 936 iu
2556 883 2711 938 nobis
2733 885 2993 938 bonitatis
3016 883 3276 953 effectus)
3304 899 3384 936 ηις

1803 991 1907 1045 que
1930 977 2072 1030 hunc
2097 976 2314 1030 modum
2350 975 2632 1045 Symeonis
2654 975 2878 1030 alterius
2909 991 3022 1040 res,
3045 976 3390 1042 juniorisqae

1804 1067 1856 1121 in
1883 1083 2004 1122 cum
2040 1068 2269 1138 theologi
2295 1067 2570 1136 nostrique
2599 1067 2880 1138 Sytneouis
2898 1067 3073 1120 oftirio
3109 1065 3386 1120 describit.

1875 1158 2103 1230 Συμεὼν
2140 1163 2168 1214 ὁ
2224 1160 2369 1222 θεῖος
2425 1163 2487 1212 ὲκ
2521 1161 2633 1222 Eva;
2689 1159 2850 1228 ἀνὴρ,
2903 1153 3043 1229 ᾧῆν
3096 1160 3388 1226 ἐπώνυμον

1807 1251 2144 1320 φερωνύμως
2178 1252 2206 1301 ὁ
2237 1250 2504 1319 Romam,
2543 1253 2569 1303 ὁ
2602 1251 2693 1302 καὶ
2721 1249 2813 1302 τοῦ
2843 1249 3158 1316 Θαυμαστοῦ
3190 1251 3383 1301 τούτου

1807 1343 2033 1413 Συμεὼν
2065 1343 2252 1412 πατὴρ
2310 1342 2660 1413 χρηματίσας
2724 1341 2860 1409 ὁμοῦ
2887 1342 2980 1394 καὶ
3045 1341 3385 1405 διδάσκαλος,

1807 1436 1928 1489 ἐπεὶ
1959 1435 2090 1502 πρὸς
2150 1435 2328 1504 γῆρας
2360 1429 2494 1505 ἧκεν
2549 1434 2649 1504 ἤδη
2713 1433 2898 1495 καλὸν,
2953 1449 3392 1503 τεσσαρακοντα-

1805 1518 1965 1578 πέντε
1994 1526 2217 1596 χρόνους
2249 1528 2497 1596 νομίμως
2519 1528 2580 1578 τὸ
2612 1527 2709 1594 τῆς
2739 1523 3099 1596 συνειδήσεως
3151 1525 3393 1595 ἀθλήσας

1809 1619 2126 1690 μαρτύριον,
2160 1622 2386 1690 χᾶριτος
2414 1619 2779 1688 ἁποστολικῆς
2821 1619 3048 1688 ἠξιώθη,
3075 1620 3244 1681 ίάσεις
3297 1621 3392 1673 καὶ

1805 1710 2064 1781 θαύματα.
2132 1711 2469 1781 πεποιηκὼς,
2535 1713 2630 1766 καὶ
2713 1713 2898 1781 βίϐλον
2941 1714 3070 1780 ὅλην
3128 1713 3393 1778 ὠφελείας

1806 1801 1972 1857 οὖσαν
2036 1791 2438 1875 πνευματικῆς,
2500 1806 2865 1877 ἀγράμματος
2887 1804 2982 1870 ῶν,
3024 1805 3154 1875 Οείῳ
3227 1804 3393 1857 Πνεῦ-

1744 1883 1781 1937 Β
1816 1914 1946 1965 ματι
1981 1896 2379 1966 συνεγράψατο.
2410 1897 2557 1950 Ἔδει
2594 1899 2648 1950 δὲ
2681 1897 2844 1951 αὺτὸν
2893 1897 3250 1952 καταπαῦσαι
3285 1897 3393 1949 τῶν

1814 1987 2041 2056 μακρῶν
2072 1989 2301 2042 ἐκείνων
2359 1989 2460 2058 τῆς
2482 1991 2768 2059 ἀσκήσεως
2830 1991 3028 2056 πόνων,
3081 1992 3208 2060 περὶ
3263 1985 3395 2043 ὦνΰ

1813 2081 2008 2150 μαθεῖν
2057 2082 2236 2149 ζητῶν
2286 2084 2349 2134 ὲκ
2379 2083 2492 2135 τῶν
2527 2084 2670 2136 κατά
2727 2083 2928 2147 πλάτος
2983 2083 3392 2152 γεγραμμένων

1809 2170 2189 2244 αὖτῷἐίσεται
2225 2173 2489 2243 ἀκριϐῶς.
2539 2173 2864 2244 Νενοσηκὼς
2901 2174 2966 2226 τά
3013 2177 3110 2244 τῆς
3165 2175 3392 2237 λύσεως,

1812 2264 1946 2335 πρὸς
1977 2265 2180 2334 Κύριον
2212 2265 2567 2335 ὲνεδήμησεν,
2601 2266 2923 2338 ἐκδημήσας
2954 2266 3048 2320 τού
3085 2266 3386 2319 πολυάολου

1810 2358 1904 2410 καὶ
1935 2356 2266 2428 κσρτερικοῦ
2301 2356 2466 2410 αὐτοῦ
2495 2357 2766 2427 σώματος.
2826 2359 3026 2412 Τοῦτον
3071 2358 3163 2412 οὖν
3197 2363 3289 2412 καὶ
3323 2359 3392 2410 τά

1810 2447 2002 2502 τούτου
2061 2451 2290 2521 λαμπρά
2342 2449 2745 2520 κατορθώματα
2802 2444 2892 2503 οἷα
2949 2449 3013 2518 δὴ
3055 2449 3300 2520 μαθητὴς
3361 2450 3390 2500 ὁ

1813 2540 2084 2611 μακάριος
2112 2535 2267 2604 οὗτος
2292 2540 2470 2607 εἰδὼς,
2517 2542 2732 2593 καὶτὸν
2789 2537 3150 2594 ἀποστολικὸν
3218 2543 3387 2594 αὑτοῦ

1812 2631 1924 2702 βίον
1947 2634 2192 2703 ἀκριϐῶς
2223 2634 2607 2704 ἐπιστάμενος,
2636 2633 2770 2685 Θεοῦ
2795 2632 2934 2703 ἔργα
2963 2634 3057 2686 καὶ
3081 2632 3202 2687 Gaia
3228 2638 3390 2704 χαρί-

1813 2740 1996 2793 σματα
2033 2727 2110 2796 μὴ
2162 2725 2321 2788 είδὼς
2359 2725 2744 2795 κατορύττειν,
2799 2724 2938 2778 ἀλλὰ
2995 2725 3392 2792 ἀνακηρύττειν

1809 2819 1900 2870 καὶ
1932 2818 2207 2884 ἀνυμνεῖν,
2244 2817 2543 2886 ὖμνουςείς
2571 2817 2732 2871 αὐτὸν
2755 2819 2851 2871 καὶ
2873 2819 3122 2886 ἐγκώμια
3151 2820 3214 2872 ὲκ
3241 2818 3392 2885 θείας

1809 2908 2206 2976 ἀποκαλύψεως
2238 2909 2638 2980 συνεγράψατο,
2673 2916 2766 2964 καὶ
2794 2912 2917 2965 ὅλον
2941 2914 3032 2968 τὸν
3057 2913 3170 2984 βίον
3196 2914 3361 2966 αὐτοῦ
3378 2954 3392 2967 .

1809 3001 1928 3053 Ἵνα
1968 2999 2143 3053 δὲκαὶ
2202 3002 2339 3070 πρὸς
2370 3001 2532 3068 ζῆλον
2567 3004 2755 3074 ἐγείρῃ
2805 3004 2982 3069 τινὰς,
3019 3007 3100 3067 είς
3136 3008 3194 3058 τὸ
3223 3009 3395 3076 μιμή-

1810 3091 2004 3144 σασθαι
2045 3090 2135 3144 τὸν
2183 3091 2527 3160 ὑμνούμενον
2587 3093 2682 3145 καὶ
2729 3094 2830 3163 τῆς
2889 3094 3091 3164 ἀρετῆς
3154 3096 3393 3164 ἐργάτας

172 3176 348 3251 eamque
379 3186 438 3238 ob
466 3204 598 3249 rem,
637 3189 963 3243 tremendum
1012 3192 1107 3244 ira:
1141 3192 1233 3245 Dei
1279 3193 1545 3261 judicium
1601 3212 1704 3248 non

1811 3179 2080 3248 γενέσθαι,
2111 3179 2210 3251 τὴν
2244 3181 2466 3251 μνήμην
2518 3181 2705 3244 αὐτοῦ,
2748 3184 2886 3236 κατὰ
2933 3183 3032 3256 τὴν
3091 3185 3198 3239 τῶν
3257 3187 3395 3240 ἀποδ

171 3276 370 3345 effugias.
417 3279 714 3350 Religiosos
763 3294 1088 3352 cautosque,
1141 3287 1277 3338 sicut
1326 3287 1576 3356 scriptum
1635 3304 1711 3348 est

173 3373 183 3426 l
213 3366 344 3422 lerit.
375 3389 461 3436 x—v,
497 3375 618 3442 5|),
670 3374 832 3443 facies
894 3375 1158 3444 spiritales
1216 3378 1352 3445 filios
1385 3387 1527 3443 tuos,
1566 3380 1716 3432 doce-

174 3459 312 3526 bisque
339 3465 448 3517 illos
475 3483 508 3518 ιι
535 3467 702 3520 sacris
737 3467 832 3520 Dei
860 3468 989 3521 locis
1040 3469 1298 3538 vasisque,
1330 3488 1389 3522 ac
1416 3473 1528 3537 ejus
1553 3472 1713 3523 mini-

171 3556 315 3616 sterio,
340 3560 555 3610 revereri
602 3571 752 3627 atque
787 3561 985 3613 timere.
1025 3560 1168 3615 Scito
1200 3563 1357 3624 enim,
1422 3563 1547 3616 solis
1599 3565 1709 3616 illis

173 3641 604 3709 quisacrioi'dinis
639 3660 783 3715 sunt,
829 3653 1362 3722 rererentissimisque
1421 3656 1709 3716 monachis,

175 3738 326 3801 quibus
351 3750 393 3790 et
421 3744 796 3812 mysteriorum
829 3745 1038 3797 indulta
1073 3747 1356 3814 perceptio,
1408 3747 1712 3815 apostolicis

173 3823 487 3884 sanctionibus
542 3850 849 3887 concessum
910 3835 1102 3889 horum
1129 3835 1444 3892 contactum.
1507 3837 1713 3893 Idcirco

176 3933 255 3969 non
280 3926 530 3987 permittes
561 3927 823 3989 omnibus,
863 3944 923 3981 ac
958 3930 1142 3998 cuique
1192 3929 1484 3982 collibitum
1523 3932 1607 3994 sit,
1659 3931 1712 3984 in

173 4009 364 4064 diriuum
401 4015 546 4069 bema
580 4021 596 4085 (
634 4019 806 4070 locum
857 4020 1054 4073 scilicet
1104 4023 1290 4074 altaris
1355 4039 1416 4074 ac
1470 4024 1714 4076 sacerdo-

176 4103 292 4168 tum)
322 4105 516 4160 intrare
549 4123 568 4170 ;
631 4112 720 4162 sed
753 4111 816 4163 iis
865 4112 1125 4164 duntaxat
1172 4113 1189 4182 (
1223 4115 1302 4166 uti
1331 4114 1526 4166 dictum
1562 4123 1638 4167 est
1693 4114 1711 4182 )

175 4192 244 4253 qui
270 4199 592 4251 sacerdotalis
643 4200 743 4252 sint
798 4202 1019 4267 ordinis,
1060 4205 1136 4257 rel
1169 4209 1367 4256 sanctis
1430 4207 1711 4274 fratribus.

175 4277 233 4327 ,Η
265 4285 360 4334 alia
393 4287 526 4351 quod
567 4291 776 4351 attinet,
811 4293 1136 4344 monasterio
1171 4306 1258 4345 tuo
1299 4295 1467 4358 utilia,
1521 4297 1716 4348 doctri-

175 4382 268 4419 nam
312 4376 818 4448 habes,l’atrumque
852 4383 1134 4436 traditione
1176 4378 1443 4454 Orceptam
1475 4402 1713 4439 normam

176 4457 216 4508 in
257 4467 411 4531 magni
469 4464 666 4519 Christi
719 4471 966 4538 martyris
1022 4487 1084 4524 ac
1139 4473 1451 4540 confessoris
1493 4515 1508 4538 ,
1570 4490 1714 4528 com-

1821 3272 2021 3336 στόλων
2043 3272 2362 3342 παράδοσιν,
2395 3272 2624 3341 ὲτησίως
2651 3273 2794 3342 μετὰ
2842 3275 3062 3328 πάντων
3118 3277 3394 3347 λαμπρῶς

1817 3362 2059 3434 ἑώρταζε
2089 3363 2196 3415 τῶν
2224 3364 2414 3430 ἁγίων,
2465 3365 2666 3435 στήλην
2723 3366 2926 3436 ἀρετῆς
2973 3372 3391 3442 γεγραμμένην,

1815 3457 1912 3526 τὴν
1971 3457 2210 3527 ἱστορίαν
2241 3457 2716 3526 ἀναζωγραφήσας
2772 3460 2869 3529 τῆς
2918 3461 3125 3526 εἰκόνος
3186 3464 3391 3516 αὐτοῦ’

1817 3550 2064 3618 Symeon,
2105 3552 2183 3601 vir
2237 3549 2324 3600 ille
2360 3550 2586 3613 divinus,
2641 3553 2723 3603 cui
2767 3553 3126 3606 conrenienter
3177 3567 3396 3625 apteque

1831 3640 2148 3693 Venerabilis
2176 3656 2458 3708 cognomen
2494 3641 2620 3710 fuit,
2649 3644 2736 3710 qui
2762 3649 2809 3696 et
2847 3643 3180 3700 admirabilis
3233 3649 3394 3717 hujus

1818 3733 2093 3801 Symeonis
2129 3732 2290 3786 Pater
2320 3732 2476 3786 simul
2511 3750 2578 3786 uc
2629 3736 2874 3802 magister
2907 3738 3111 3790 exstitit
3140 3776 3154 3803 ,
3188 3755 3304 3792 cum
3339 3741 3395 3793 in

1814 3829 2002 3877 bonam
2024 3825 2138 3893 jam
2170 3837 2483 3878 senectutem
2511 3827 2753 3890 venisset,
2785 3843 2950 3880 annos
2977 3829 3203 3898 quinque
3235 3835 3395 3899 supra

1813 3913 2189 3985 quadraginta,
2245 3918 2574 3972 conscientia:
2609 3919 2864 3988 martyrio
2920 3919 3147 3988 legitime
3177 3923 3395 3991 perfun-

1814 4023 1947 4072 ctus,
1983 4010 2329 4076 apostolicam
2396 4013 2622 4079 gratiam
2687 4025 2872 4065 nactus
2912 4023 3046 4078 erat,
3105 4017 3396 4066 sanitatum

1814 4112 2055 4170 patrator
2076 4116 2138 4152 ac
2167 4100 2570 4164 miraculorum,
2607 4102 2904 4172 librumque
2942 4105 3202 4172 spiritalis
3247 4108 3397 4158 utili-

1816 4196 1936 4246 tatis
1969 4193 2412 4262 confertissimum
2459 4195 2612 4248 homo
2640 4197 2804 4248 idiota
2826 4213 2889 4249 ac
2914 4195 3211 4252 litterarum
3245 4202 3393 4253 rudis

1815 4287 1992 4339 divino
2049 4285 2254 4354 Spiritu
2317 4289 2720 4353 conscripserat,
2774 4304 3076 4358 necesseque
3116 4301 3230 4343 erat
3265 4301 3321 4342 ut
3359 4309 3393 4344 a

1816 4378 2075 4447 religiosa:
2114 4379 2503 4432 exercitationis
2540 4379 2708 4447 longis
2771 4380 2881 4433 illis
2921 4379 3188 4434 laboribus
3219 4384 3395 4450 quies-

1816 4479 1946 4521 ceret
1976 4470 1993 4537 (
2019 4470 2083 4522 de
2102 4467 2288 4538 quibus
2310 4470 2400 4536 qui
2426 4485 2572 4523 nosse
2599 4481 2823 4539 quaerat,
2854 4487 2917 4526 ea:
2940 4473 3002 4526 iis
3025 4488 3143 4542 qua:
3175 4474 3254 4527 illi
3276 4474 3394 4543 fuse

177 4553 407 4621 manisque
433 4554 610 4610 Patris
640 4569 797 4629 atque
827 4562 1076 4627 doctoris,
1109 4566 1276 4617 nostri
1299 4566 1500 4632 pariter
1530 4583 1704 4620 seruo.
1738 4559 1780 4614 Ι)
1815 4563 2008 4628 scripta
2039 4569 2183 4625 sunt,
2232 4572 2478 4615 accurate
2517 4561 2764 4632 pleneque
2816 4563 3068 4633 intelliget
3103 4564 3122 4633 )
3148 4581 3394 4634 suprema

178 4661 266 4698 rtmt
299 4651 425 4720 ejus.
459 4670 518 4704 ac
545 4656 719 4707 sancti
769 4655 948 4709 Patris
987 4659 1158 4711 nostri
1212 4660 1495 4722 Studiotaz,
1530 4661 1701 4712 tlirino

178 4737 320 4802 afflatu
357 4747 650 4813 conscripta
710 4745 967 4802 Theodori
1006 4750 1390 4817 informatione.
1454 4750 1703 4804 Studiota

179 4829 263 4893 hic,
295 4849 375 4886 seu
412 4836 727 4902 Studiauus,
781 4844 1085 4895 communis
1125 4843 1412 4912 Symeonis
1449 4859 1510 4898 ac
1543 4845 1704 4898 Arse-

181 4921 237 4970 iiii
267 4927 518 4994 magister,
588 4927 824 4999 Symeon
888 4931 977 4983 illo.
1040 4930 1372 4987 Venerabilis
1440 4943 1543 4996 est,
1617 4935 1702 4987 cui

180 5009 370 5079 Symeou
403 5030 678 5086 acceptum
715 5023 1018 5086 referebat,
1076 5025 1330 5093 quidquid
1394 5028 1706 5080 monasticae

182 5099 489 5164 institutionis
525 5113 806 5179 hauserat;
841 5114 992 5181 cujus
1021 5115 1184 5170 etiam
1224 5107 1418 5188 gratia,
1449 5133 1511 5172 ac
1559 5120 1704 5188 quod

181 5191 268 5244 vita
295 5195 516 5256 tunctum
555 5217 731 5255 autiua
758 5205 1074 5261 celebritate
1109 5206 1336 5272 coleret,
1389 5217 1532 5262 tanta
1584 5225 1707 5279 pas-

183 5297 256 5334 sus
300 5299 392 5341 est.
441 5290 543 5347 Sed
595 5304 817 5362 pra-Stat
873 5295 1182 5352 Sthetatum
1253 5299 1373 5353 vitae
1425 5309 1702 5355 auctorem

185 5375 356 5438 audire,
387 5391 440 5432 ut
465 5383 688 5453 liqueat,
721 5401 849 5440 uum
905 5388 1046 5441 ineo
1091 5389 1280 5444 saltem
1325 5402 1509 5446 contra
1543 5393 1707 5446 disci-

185 5465 348 5528 Ριὶίιειιιι
376 5478 602 5539 peccarit
659 5478 912 5547 Sytneou,
947 5483 1246 5550 dignusque
1295 5482 1418 5536 inde
1469 5484 1705 5551 irrogato

185 5564 227 5606 ει
249 5572 444 5616 carvere
471 5576 526 5619 et
550 5569 744 5622 exsilio
767 5568 948 5624 fuerit.
987 5573 1074 5624 Ait
1101 5572 1301 5640 itaque,
1345 5585 1468 5641 post
1510 5575 1707 5629 relatas

187 5645 360 5707 divinas
377 5657 481 5723 ejus
500 5662 757 5740 visiones,
775 5665 972 5730 quibus
997 5666 1047 5719 in
1072 5680 1233 5721 sensu
1255 5669 1482 5736 quodam
1517 5669 1708 5724 l‘uturte

190 5749 452 5798 sanctorum
470 5751 842 5815 beatitudinis,
880 5769 1174 5823 eorumque
1203 5758 1447 5823 corporis
1477 5757 1708 5810 levitatis

193 5840 241 5882 ac
257 5834 496 5894 claritatis
520 5842 617 5896 fuit
647 5858 662 5908 ;
696 5859 799 5909 qua
823 5843 963 5899 Deus
986 5861 1155 5915 genus
1184 5858 1430 5902 nostrum
1462 5847 1698 5914 ὲδόξασε,

354 5933 604 5998 ΡΔτιιοι..
633 5939 755 6001 ΟΒ.
783 5941 958 6006 CLII.

1807 4654 2054 4706 laborans
2078 4655 2202 4722 tegri
2213 4656 2412 4718 tudine,
2437 4654 2615 4707 multis
2648 4657 3022 4710 certaminibus
3048 4658 3238 4711 victore
3260 4658 3393 4713 tole-

1808 4749 2209 4818 rantissimoque
2247 4766 2462 4819 corpore
2509 4767 2603 4805 suo
2670 4755 2958 4823 emigrans,
3003 4754 3073 4806 ad
3112 4753 3393 4809 Dominum

1806 4843 2201 4910 commigrarat.
2241 4842 2395 4897 Hunc
2426 4846 2604 4914 itaque
2640 4845 2855 4915 ejusque
2898 4846 3188 4914 prttclaras
3224 4851 3390 4900 virtu~

1809 4945 1882 4986 tes
1915 4951 1976 4987 ac
2005 4935 2265 5000 facinora,
2300 4938 2437 4990 velut
2458 4939 2636 5006 utique
2661 4938 2970 5004 discipulus,
2995 4940 3074 4993 vir
3095 4941 3179 4993 hic
3206 4940 3390 4993 beatus

1807 5042 1924 5078 cum
1975 5026 2252 5094 explorata
2317 5027 2549 5091 haberet,
2582 5029 2798 5098 ejusque
2846 5032 3004 5084 vitam
3039 5033 3389 5098 apostolicam

1807 5115 2030 5183 perfecte
2054 5126 2226 5170 nosset
2254 5134 2272 5183 ;
2306 5118 2400 5172 Dei
2425 5136 2583 5186 opera
2608 5137 2671 5174 ac
2719 5121 2902 5176 divina
2933 5125 3072 5177 dona
3116 5126 3260 5177 haud
3286 5124 3383 5177 doc

1808 5221 1921 5261 ctus
1960 5209 2225 5277 defodere,
2258 5212 2348 5264 sed
2382 5213 2673 5279 praedicare
2703 5231 2763 5268 ac
2785 5215 3113 5280 collaudare,
3168 5217 3388 5269 laudum

1808 5301 1862 5354 in
1895 5317 2012 5354 eum
2056 5304 2262 5356 cantica
2293 5320 2354 5356 ac
2379 5306 2637 5370 encomia,
2697 5307 2875 5362 dit-ina
2907 5308 3219 5362 reuelatione
3256 5323 3387 5363 con-

1807 5394 2042 5462 scripsit,
2070 5394 2282 5465 ejusque
2315 5396 2481 5450 Vitam
2531 5413 2734 5452 omnem
2764 5399 3062 5452 litterarum
3091 5414 3390 5455 monumen-

1812 5487 1877 5537 tis
1906 5488 2251 5555 consignarit.
2290 5485 2356 5540 Ut
2389 5505 2506 5541 vero
2537 5489 2697 5542 etiam
2733 5491 2942 5559 aliquos
2978 5491 3046 5542 ad
3077 5490 3388 5544 aemulatio.

1810 5592 1924 5628 nem
1956 5587 2276 5642 prouocaret,
2326 5590 2480 5648 atque
2514 5582 2609 5634 viri
2637 5581 2880 5634 laudibus
2916 5581 2986 5634 ad
3016 5582 3386 5647 imitationem,

1809 5683 1872 5719 ac
1902 5669 2109 5721 virtutis
2136 5671 2335 5722 cultum
2363 5672 2685 5737 accenderet,
2712 5672 2826 5740 ejus
2861 5680 2984 5742 quot
3014 5673 3165 5725 annis
3191 5688 3389 5725 memo-

1813 5759 1949 5810 riam
1979 5775 2130 5825 preco
2171 5776 2233 5813 ac
2266 5763 2558 5827 apostolica
2595 5753 2875 5815 traditione
2905 5763 3219 5827 accepimus,
3262 5777 3384 5815 cum

1811 5849 2011 5901 sanctis
2039 5849 2294 5915 omnibus,
2325 5853 2472 5920 festis
2512 5853 2721 5922 gaudiis
2752 5853 3066 5921 celebrabat,
3090 5854 3384 5922 conscripto

2852 5949 2890 6008 9
