  <div class='ocr_page' id='page_1' title='image "/cluster/home/n/w/nwhite01/storage/ocr_20150623/152/hvd.32044019208404/143.png"; bbox 0 0 3882 6566; ppageno 0'>
   <div class='ocr_carea' id='block_1_1' title="bbox 496 346 3747 440">
    <p class='ocr_par' dir='ltr' id='par_1_1' title="bbox 496 346 3747 440">
     <span class='ocr_line' id='line_1_1' title="bbox 496 346 3747 440; baseline 0.003 -30"><span class='ocrx_word' id='word_1_1' title='bbox 496 346 604 411; x_wconf 77' lang='lat'><strong>261</strong></span> <span class='ocrx_word' id='word_1_2' title='bbox 1767 353 2162 417; x_wconf 82' lang='lat' dir='ltr'><strong>MANUELIS</strong></span> <span class='ocrx_word' id='word_1_3' title='bbox 2199 359 2502 420; x_wconf 79' lang='lat' dir='ltr'><strong>CALEC/E</strong></span> <span class='ocrx_word' id='word_1_4' title='bbox 3652 374 3747 440; x_wconf 61' lang='grc' dir='ltr'><strong>ρει</strong></span> 
     </span>
    </p>
   </div>
   <div class='ocr_carea' id='block_1_2' title="bbox 495 468 3746 553">
    <p class='ocr_par' dir='ltr' id='par_1_2' title="bbox 495 468 3746 553">
     <span class='ocr_line' id='line_1_2' title="bbox 495 468 3746 553; baseline 0.005 -27"><span class='ocrx_word' id='word_1_5' title='bbox 495 468 707 526; x_wconf 79' lang='lat' dir='ltr'><strong>uirtutis</strong></span> <span class='ocrx_word' id='word_1_6' title='bbox 732 468 908 535; x_wconf 89' lang='lat' dir='ltr'><strong>titulo,</strong></span> <span class='ocrx_word' id='word_1_7' title='bbox 933 468 1082 524; x_wconf 78' lang='lat' dir='ltr'><strong>illius</strong></span> <span class='ocrx_word' id='word_1_8' title='bbox 1107 468 1385 525; x_wconf 82' lang='lat' dir='ltr'><strong>simulacri</strong></span> <span class='ocrx_word' id='word_1_9' title='bbox 1443 486 1505 524; x_wconf 88' lang='lat' dir='ltr'><strong>ac</strong></span> <span class='ocrx_word' id='word_1_10' title='bbox 1555 471 1800 541; x_wconf 85' lang='lat' dir='ltr'><strong>imaginis</strong></span> <span class='ocrx_word' id='word_1_11' title='bbox 1865 474 2075 543; x_wconf 89' lang='lat' dir='ltr'><strong>depicta</strong></span> <span class='ocrx_word' id='word_1_12' title='bbox 2103 473 2151 533; x_wconf 80' lang='grc' dir='ltr'>Α</span> <span class='ocrx_word' id='word_1_13' title='bbox 2185 485 2333 531; x_wconf 88' lang='lat' dir='ltr'><strong>retur</strong></span> <span class='ocrx_word' id='word_1_14' title='bbox 2358 475 2594 532; x_wconf 86' lang='lat' dir='ltr'><strong>ollicere.</strong></span> <span class='ocrx_word' id='word_1_15' title='bbox 2622 474 2794 532; x_wconf 81' lang='lat' dir='ltr'><strong>Nolim</strong></span> <span class='ocrx_word' id='word_1_16' title='bbox 2815 492 2912 549; x_wconf 80' lang='lat' dir='ltr'><strong>ego</strong></span> <span class='ocrx_word' id='word_1_17' title='bbox 2933 480 3012 536; x_wconf 90' lang='lat' dir='ltr'><strong>sic</strong></span> <span class='ocrx_word' id='word_1_18' title='bbox 3043 481 3194 552; x_wconf 74' lang='lat' dir='ltr'><strong>nigro</strong></span> <span class='ocrx_word' id='word_1_19' title='bbox 3217 481 3390 536; x_wconf 86' lang='lat' dir='ltr'><strong>virum</strong></span> <span class='ocrx_word' id='word_1_20' title='bbox 3413 481 3590 553; x_wconf 86' lang='lat' dir='ltr'><strong>lapide</strong></span> <span class='ocrx_word' id='word_1_21' title='bbox 3610 487 3746 543; x_wconf 84' lang='lat' dir='ltr'><strong>dam-</strong></span> 
     </span>
    </p>
   </div>
   <div class='ocr_carea' id='block_1_3' title="bbox 492 559 3748 644">
    <p class='ocr_par' dir='ltr' id='par_1_3' title="bbox 492 559 3748 644">
     <span class='ocr_line' id='line_1_3' title="bbox 492 559 3748 644; baseline 0.005 -26"><span class='ocrx_word' id='word_1_22' title='bbox 492 564 744 620; x_wconf 82' lang='lat' dir='ltr'><strong>historia.</strong></span> <span class='ocrx_word' id='word_1_23' title='bbox 786 559 1060 618; x_wconf 85' lang='lat' dir='ltr'><strong>llaclenus</strong></span> <span class='ocrx_word' id='word_1_24' title='bbox 1092 561 1325 634; x_wconf 76' lang='lat' dir='ltr'><strong>Syntcon</strong></span> <span class='ocrx_word' id='word_1_25' title='bbox 1389 579 1452 618; x_wconf 82' lang='lat' dir='ltr'><strong>ex</strong></span> <span class='ocrx_word' id='word_1_26' title='bbox 1489 563 1702 634; x_wconf 85' lang='lat' dir='ltr'><strong>privata</strong></span> <span class='ocrx_word' id='word_1_27' title='bbox 1757 565 2085 622; x_wconf 87' lang='lat' dir='ltr'><strong>revelatione</strong></span> <span class='ocrx_word' id='word_1_28' title='bbox 2190 579 2349 619; x_wconf 86' lang='lat' dir='ltr'><strong>nare.</strong></span> <span class='ocrx_word' id='word_1_29' title='bbox 2374 564 2821 638; x_wconf 70' lang='lat' dir='ltr'><strong>PrazterScylitz.</strong></span> <span class='ocrx_word' id='word_1_30' title='bbox 2843 581 2893 625; x_wconf 90' lang='lat' dir='ltr'><strong>et</strong></span> <span class='ocrx_word' id='word_1_31' title='bbox 2917 571 3080 627; x_wconf 88' lang='lat' dir='ltr'><strong>Cedr.</strong></span> <span class='ocrx_word' id='word_1_32' title='bbox 3115 574 3226 644; x_wconf 89' lang='lat' dir='ltr'><strong>ipse</strong></span> <span class='ocrx_word' id='word_1_33' title='bbox 3255 573 3748 643; x_wconf 85' lang='lat' dir='ltr'><strong>Sthetatus,claris-</strong></span> 
     </span>
    </p>
   </div>
   <div class='ocr_carea' id='block_1_4' title="bbox 491 654 3745 731">
    <p class='ocr_par' dir='ltr' id='par_1_4' title="bbox 491 654 3745 731">
     <span class='ocr_line' id='line_1_4' title="bbox 491 654 3745 731; baseline 0.001 -18"><span class='ocrx_word' id='word_1_34' title='bbox 491 674 556 716; x_wconf 88' lang='lat' dir='ltr'><strong>ac</strong></span> <span class='ocrx_word' id='word_1_35' title='bbox 590 658 836 726; x_wconf 89' lang='lat' dir='ltr'><strong>scientia,</strong></span> <span class='ocrx_word' id='word_1_36' title='bbox 877 657 1180 727; x_wconf 89' lang='lat' dir='ltr'><strong>plusculum</strong></span> <span class='ocrx_word' id='word_1_37' title='bbox 1203 656 1339 712; x_wconf 81' lang='lat' dir='ltr'><strong>forte</strong></span> <span class='ocrx_word' id='word_1_38' title='bbox 1360 657 1462 712; x_wconf 87' lang='lat' dir='ltr'><strong>sibi</strong></span> <span class='ocrx_word' id='word_1_39' title='bbox 1490 657 1790 719; x_wconf 79' lang='lat' dir='ltr'><strong>indulsisse</strong></span> <span class='ocrx_word' id='word_1_40' title='bbox 1817 658 2081 726; x_wconf 86' lang='lat' dir='ltr'><strong>videatur,</strong></span> <span class='ocrx_word' id='word_1_41' title='bbox 2185 654 2308 709; x_wconf 79' lang='lat' dir='ltr'><strong>simi</strong></span> <span class='ocrx_word' id='word_1_42' title='bbox 2375 657 2630 720; x_wconf 85' lang='lat' dir='ltr'><strong>nominis,</strong></span> <span class='ocrx_word' id='word_1_43' title='bbox 2699 674 2873 728; x_wconf 89' lang='lat' dir='ltr'><strong>eoque</strong></span> <span class='ocrx_word' id='word_1_44' title='bbox 2921 662 3118 716; x_wconf 82' lang='lat' dir='ltr'><strong>nedum</strong></span> <span class='ocrx_word' id='word_1_45' title='bbox 3179 664 3522 731; x_wconf 67' lang='lat' dir='ltr'><strong>patriarchae,</strong></span> <span class='ocrx_word' id='word_1_46' title='bbox 3581 668 3670 720; x_wconf 86' lang='lat' dir='ltr'><strong>sed</strong></span> <span class='ocrx_word' id='word_1_47' title='bbox 3699 679 3745 721; x_wconf 80' lang='lat' dir='ltr'><strong>et</strong></span> 
     </span>
    </p>
   </div>
   <div class='ocr_carea' id='block_1_5' title="bbox 490 745 3743 825">
    <p class='ocr_par' dir='ltr' id='par_1_5' title="bbox 490 745 3743 825">
     <span class='ocr_line' id='line_1_5' title="bbox 490 745 3743 825; baseline 0.003 -20"><span class='ocrx_word' id='word_1_48' title='bbox 490 761 548 806; x_wconf 89' lang='lat' dir='ltr'><strong>ut</strong></span> <span class='ocrx_word' id='word_1_49' title='bbox 592 760 904 806; x_wconf 89' lang='lat' dir='ltr'><strong>sanctorum</strong></span> <span class='ocrx_word' id='word_1_50' title='bbox 939 749 1126 818; x_wconf 90' lang='lat' dir='ltr'><strong>plenos</strong></span> <span class='ocrx_word' id='word_1_51' title='bbox 1196 748 1430 804; x_wconf 85' lang='lat' dir='ltr'><strong>honores</strong></span> <span class='ocrx_word' id='word_1_52' title='bbox 1488 747 1634 804; x_wconf 82' lang='lat' dir='ltr'><strong>Patri</strong></span> <span class='ocrx_word' id='word_1_53' title='bbox 1701 765 1800 804; x_wconf 88' lang='lat' dir='ltr'><strong>suo</strong></span> <span class='ocrx_word' id='word_1_54' title='bbox 1853 751 2080 820; x_wconf 74' lang='lat' dir='ltr'><strong>spiritali</strong></span> <span class='ocrx_word' id='word_1_55' title='bbox 2185 745 2499 816; x_wconf 76' lang='lat' dir='ltr'><strong>imperatori</strong></span> <span class='ocrx_word' id='word_1_56' title='bbox 2554 748 2964 816; x_wconf 84' lang='lat' dir='ltr'><strong>charissimum,</strong></span> <span class='ocrx_word' id='word_1_57' title='bbox 3000 768 3317 824; x_wconf 73' lang='lat' dir='ltr'><strong>magnaeque</strong></span> <span class='ocrx_word' id='word_1_58' title='bbox 3354 758 3493 825; x_wconf 86' lang='lat' dir='ltr'><strong>apud</strong></span> <span class='ocrx_word' id='word_1_59' title='bbox 3524 772 3614 811; x_wconf 89' lang='lat' dir='ltr'><strong>eos</strong></span> <span class='ocrx_word' id='word_1_60' title='bbox 3658 774 3743 814; x_wconf 88' lang='lat' dir='ltr'><strong>au-</strong></span> 
     </span>
    </p>
   </div>
   <div class='ocr_carea' id='block_1_6' title="bbox 490 839 3743 909">
    <p class='ocr_par' dir='ltr' id='par_1_6' title="bbox 490 839 3743 909">
     <span class='ocr_line' id='line_1_6' title="bbox 490 839 3743 909; baseline 0.002 -13"><span class='ocrx_word' id='word_1_61' title='bbox 490 841 746 897; x_wconf 79' lang='lat' dir='ltr'><strong>del’erret.</strong></span> <span class='ocrx_word' id='word_1_62' title='bbox 785 839 1080 896; x_wconf 86' lang='lat' dir='ltr'><strong>Laudanda</strong></span> <span class='ocrx_word' id='word_1_63' title='bbox 1106 839 1324 909; x_wconf 82' lang='lat' dir='ltr'><strong>quidem</strong></span> <span class='ocrx_word' id='word_1_64' title='bbox 1386 839 1472 893; x_wconf 88' lang='lat' dir='ltr'><strong>illa</strong></span> <span class='ocrx_word' id='word_1_65' title='bbox 1511 839 1812 893; x_wconf 74' lang='lat' dir='ltr'><strong>(economia</strong></span> <span class='ocrx_word' id='word_1_66' title='bbox 1859 855 1922 895; x_wconf 89' lang='lat' dir='ltr'><strong>ac</strong></span> <span class='ocrx_word' id='word_1_67' title='bbox 1955 854 2084 896; x_wconf 91' lang='lat' dir='ltr'><strong>con-</strong></span> <span class='ocrx_word' id='word_1_68' title='bbox 2182 840 2472 903; x_wconf 84' lang='lat' dir='ltr'><strong>ct0ritatis,</strong></span> <span class='ocrx_word' id='word_1_69' title='bbox 2502 858 2626 896; x_wconf 89' lang='lat' dir='ltr'><strong>eum</strong></span> <span class='ocrx_word' id='word_1_70' title='bbox 2665 842 3214 907; x_wconf 63' lang='lat' dir='ltr'><strong>serihitJacillimum</strong></span> <span class='ocrx_word' id='word_1_71' title='bbox 3242 845 3455 901; x_wconf 64' lang='lat' dir='ltr'><strong>stilicet</strong></span> <span class='ocrx_word' id='word_1_72' title='bbox 3482 849 3743 905; x_wconf 77' lang='lat' dir='ltr'><strong>solvendis</strong></span> 
     </span>
    </p>
   </div>
   <div class='ocr_carea' id='block_1_7' title="bbox 489 930 3742 1004">
    <p class='ocr_par' dir='ltr' id='par_1_7' title="bbox 489 930 3742 1004">
     <span class='ocr_line' id='line_1_7' title="bbox 489 930 3742 1004; baseline -0.001 -15"><span class='ocrx_word' id='word_1_73' title='bbox 489 933 595 989; x_wconf 87' lang='lat' dir='ltr'><strong>silii</strong></span> <span class='ocrx_word' id='word_1_74' title='bbox 631 933 791 1000; x_wconf 91' lang='lat' dir='ltr'><strong>ratio,</strong></span> <span class='ocrx_word' id='word_1_75' title='bbox 817 941 876 988; x_wconf 93' lang='lat' dir='ltr'><strong>ut</strong></span> <span class='ocrx_word' id='word_1_76' title='bbox 904 948 1000 988; x_wconf 88' lang='lat' dir='ltr'><strong>eos</strong></span> <span class='ocrx_word' id='word_1_77' title='bbox 1025 931 1334 995; x_wconf 87' lang='lat' dir='ltr'><strong>laudemus,</strong></span> <span class='ocrx_word' id='word_1_78' title='bbox 1369 945 1507 1001; x_wconf 89' lang='lat' dir='ltr'><strong>quos</strong></span> <span class='ocrx_word' id='word_1_79' title='bbox 1534 931 1690 986; x_wconf 89' lang='lat' dir='ltr'><strong>nobis</strong></span> <span class='ocrx_word' id='word_1_80' title='bbox 1716 931 1946 1002; x_wconf 81' lang='lat' dir='ltr'><strong>aliisque</strong></span> <span class='ocrx_word' id='word_1_81' title='bbox 1972 935 2082 990; x_wconf 84' lang='lat' dir='ltr'><strong>vir—</strong></span> <span class='ocrx_word' id='word_1_82' title='bbox 2181 930 2490 999; x_wconf 81' lang='lat' dir='ltr'><strong>quibusque</strong></span> <span class='ocrx_word' id='word_1_83' title='bbox 2517 931 2693 988; x_wconf 90' lang='lat' dir='ltr'><strong>dubiis</strong></span> <span class='ocrx_word' id='word_1_84' title='bbox 2727 948 2789 987; x_wconf 90' lang='lat' dir='ltr'><strong>ac</strong></span> <span class='ocrx_word' id='word_1_85' title='bbox 2821 933 3232 1002; x_wconf 69' lang='lat' dir='ltr'><strong>quaestionibus,</strong></span> <span class='ocrx_word' id='word_1_86' title='bbox 3272 933 3414 1004; x_wconf 81' lang='grc' dir='ltr'>λόγῳ</span> <span class='ocrx_word' id='word_1_87' title='bbox 3437 936 3529 987; x_wconf 69' lang='grc' dir='ltr'><strong>καὶ</strong></span> <span class='ocrx_word' id='word_1_88' title='bbox 3559 936 3742 1004; x_wconf 81' lang='grc' dir='ltr'><strong>γνώσει</strong></span> 
     </span>
    </p>
   </div>
   <div class='ocr_carea' id='block_1_8' title="bbox 492 1019 2025 1098">
    <p class='ocr_par' dir='ltr' id='par_1_8' title="bbox 492 1025 2025 1098">
     <span class='ocr_line' id='line_1_8' title="bbox 492 1025 2025 1098; baseline -0.001 -17"><span class='ocrx_word' id='word_1_89' title='bbox 492 1026 620 1082; x_wconf 86' lang='lat' dir='ltr'><strong>tutis</strong></span> <span class='ocrx_word' id='word_1_90' title='bbox 646 1025 898 1095; x_wconf 65' lang='lat' dir='ltr'><strong>palaestra</strong></span> <span class='ocrx_word' id='word_1_91' title='bbox 920 1025 1191 1081; x_wconf 82' lang='lat' dir='ltr'><strong>antistites</strong></span> <span class='ocrx_word' id='word_1_92' title='bbox 1214 1025 1464 1079; x_wconf 89' lang='lat' dir='ltr'><strong>volumus</strong></span> <span class='ocrx_word' id='word_1_93' title='bbox 1484 1039 1547 1079; x_wconf 89' lang='lat' dir='ltr'><strong>ac</strong></span> <span class='ocrx_word' id='word_1_94' title='bbox 1564 1025 1728 1081; x_wconf 89' lang='lat' dir='ltr'><strong>duces</strong></span> <span class='ocrx_word' id='word_1_95' title='bbox 1757 1035 2025 1098; x_wconf 71' lang='lat' dir='ltr'><strong>:praastan</strong></span> 
     </span>
    </p>
   </div>
   <div class='ocr_carea' id='block_1_9' title="bbox 2238 1019 3771 1098">
    <p class='ocr_par' dir='ltr' id='par_1_9' title="bbox 2238 1019 3771 1096">
     <span class='ocr_line' id='line_1_9' title="bbox 2238 1019 3771 1096; baseline 0.007 -24"><span class='ocrx_word' id='word_1_96' title='bbox 2238 1021 2288 1074; x_wconf 65' lang='grc' dir='ltr'>ὃν</span> <span class='ocrx_word' id='word_1_97' title='bbox 2317 1019 2527 1074; x_wconf 82' lang='grc' dir='ltr'>πολλῶν</span> <span class='ocrx_word' id='word_1_98' title='bbox 2556 1021 2847 1092; x_wconf 78' lang='grc' dir='ltr'><strong>διαφέρων·</strong></span> <span class='ocrx_word' id='word_1_99' title='bbox 2871 1023 3048 1095; x_wconf 87' lang='lat' dir='ltr'><strong>Longe</strong></span> <span class='ocrx_word' id='word_1_100' title='bbox 3093 1024 3246 1096; x_wconf 79' lang='lat' dir='ltr'><strong>vulgo</strong></span> <span class='ocrx_word' id='word_1_101' title='bbox 3299 1027 3604 1095; x_wconf 66' lang='lat' dir='ltr'><strong>pra’cellens</strong></span> <span class='ocrx_word' id='word_1_102' title='bbox 3647 1022 3771 1082; x_wconf 48' lang='lat' dir='ltr'><strong>elo?</strong></span> 
     </span>
    </p>
   </div>
   <div class='ocr_carea' id='block_1_10' title="bbox 487 1115 3742 1191">
    <p class='ocr_par' dir='ltr' id='par_1_10' title="bbox 487 1115 3742 1191">
     <span class='ocr_line' id='line_1_10' title="bbox 487 1115 3742 1191; baseline 0.002 -25"><span class='ocrx_word' id='word_1_103' title='bbox 487 1137 594 1191; x_wconf 57' lang='lat' dir='ltr'><strong>que</strong></span> <span class='ocrx_word' id='word_1_104' title='bbox 615 1120 832 1191; x_wconf 72' lang='lat' dir='ltr'><strong>egregie</strong></span> <span class='ocrx_word' id='word_1_105' title='bbox 863 1119 1093 1174; x_wconf 74' lang='lat' dir='ltr'><strong>Romani</strong></span> <span class='ocrx_word' id='word_1_106' title='bbox 1127 1117 1440 1190; x_wconf 83' lang='lat' dir='ltr'><strong>pontiﬁces,</strong></span> <span class='ocrx_word' id='word_1_107' title='bbox 1477 1118 1765 1174; x_wconf 73' lang='lat' dir='ltr'><strong>vindicatis</strong></span> <span class='ocrx_word' id='word_1_108' title='bbox 1819 1121 2074 1174; x_wconf 87' lang='lat' dir='ltr'><strong>ordinum</strong></span> <span class='ocrx_word' id='word_1_109' title='bbox 2176 1116 2389 1183; x_wconf 81' lang='lat' dir='ltr'><strong>quentia</strong></span> <span class='ocrx_word' id='word_1_110' title='bbox 2405 1130 2467 1168; x_wconf 87' lang='lat' dir='ltr'><strong>ac</strong></span> <span class='ocrx_word' id='word_1_111' title='bbox 2500 1115 2740 1170; x_wconf 86' lang='lat' dir='ltr'><strong>scientia.</strong></span> <span class='ocrx_word' id='word_1_112' title='bbox 2764 1115 3024 1184; x_wconf 59' lang='lat' dir='ltr'><strong>Legatum</strong></span> <span class='ocrx_word' id='word_1_113' title='bbox 3040 1119 3105 1174; x_wconf 91' lang='lat' dir='ltr'><strong>ad</strong></span> <span class='ocrx_word' id='word_1_114' title='bbox 3126 1117 3366 1174; x_wconf 84' lang='lat' dir='ltr'><strong>Sclerum</strong></span> <span class='ocrx_word' id='word_1_115' title='bbox 3387 1120 3505 1172; x_wconf 84' lang='lat' dir='ltr'><strong>urbi</strong></span> <span class='ocrx_word' id='word_1_116' title='bbox 3524 1119 3742 1189; x_wconf 83' lang='lat' dir='ltr'><strong>jamim-</strong></span> 
     </span>
    </p>
   </div>
   <div class='ocr_carea' id='block_1_11' title="bbox 488 1207 3745 1282">
    <p class='ocr_par' dir='ltr' id='par_1_11' title="bbox 488 1207 3745 1282">
     <span class='ocr_line' id='line_1_11' title="bbox 488 1207 3745 1282; baseline 0 -15"><span class='ocrx_word' id='word_1_117' title='bbox 488 1212 868 1282; x_wconf 83' lang='lat' dir='ltr'><strong>religiosorum</strong></span> <span class='ocrx_word' id='word_1_118' title='bbox 903 1211 1443 1281; x_wconf 87' lang='lat' dir='ltr'><strong>institutorihus,qui</strong></span> <span class='ocrx_word' id='word_1_119' title='bbox 1465 1209 1726 1266; x_wconf 87' lang='lat' dir='ltr'><strong>clariores</strong></span> <span class='ocrx_word' id='word_1_120' title='bbox 1749 1212 1799 1265; x_wconf 92' lang='lat' dir='ltr'><strong>iu</strong></span> <span class='ocrx_word' id='word_1_121' title='bbox 1832 1209 2072 1266; x_wconf 80' lang='lat' dir='ltr'><strong>Ecclesia</strong></span> <span class='ocrx_word' id='word_1_122' title='bbox 2179 1207 2474 1263; x_wconf 77' lang='lat' dir='ltr'><strong>mittentem</strong></span> <span class='ocrx_word' id='word_1_123' title='bbox 2498 1248 2514 1275; x_wconf 91' lang='lat'><strong>,</strong></span> <span class='ocrx_word' id='word_1_124' title='bbox 2544 1223 2760 1280; x_wconf 66' lang='lat' dir='ltr'><strong>sumque</strong></span> <span class='ocrx_word' id='word_1_125' title='bbox 2784 1211 3081 1282; x_wconf 82' lang='lat' dir='ltr'><strong>tyrannidis</strong></span> <span class='ocrx_word' id='word_1_126' title='bbox 3125 1221 3384 1267; x_wconf 87' lang='lat' dir='ltr'><strong>terrorem</strong></span> <span class='ocrx_word' id='word_1_127' title='bbox 3420 1213 3498 1268; x_wconf 86' lang='lat' dir='ltr'><strong>illi</strong></span> <span class='ocrx_word' id='word_1_128' title='bbox 3524 1214 3745 1269; x_wconf 77' lang='lat' dir='ltr'><strong>inferen-</strong></span> 
     </span>
    </p>
   </div>
   <div class='ocr_carea' id='block_1_12' title="bbox 487 1297 3743 1375">
    <p class='ocr_par' dir='ltr' id='par_1_12' title="bbox 487 1297 3743 1375">
     <span class='ocr_line' id='line_1_12' title="bbox 487 1297 3743 1375; baseline 0 -15"><span class='ocrx_word' id='word_1_129' title='bbox 487 1307 778 1373; x_wconf 83' lang='lat' dir='ltr'><strong>liabentur,</strong></span> <span class='ocrx_word' id='word_1_130' title='bbox 842 1305 886 1359; x_wconf 89' lang='lat' dir='ltr'><strong>si</strong></span> <span class='ocrx_word' id='word_1_131' title='bbox 922 1305 1013 1375; x_wconf 86' lang='lat' dir='ltr'><strong>qui</strong></span> <span class='ocrx_word' id='word_1_132' title='bbox 1063 1304 1370 1360; x_wconf 87' lang='lat' dir='ltr'><strong>sanctitatis</strong></span> <span class='ocrx_word' id='word_1_133' title='bbox 1434 1303 1599 1357; x_wconf 87' lang='lat' dir='ltr'><strong>radiis</strong></span> <span class='ocrx_word' id='word_1_134' title='bbox 1631 1303 1902 1358; x_wconf 79' lang='lat' dir='ltr'><strong>fulserunt</strong></span> <span class='ocrx_word' id='word_1_135' title='bbox 1929 1320 1944 1370; x_wconf 86' lang='lat'><strong>;</strong></span> <span class='ocrx_word' id='word_1_136' title='bbox 1974 1317 2075 1359; x_wconf 88' lang='lat' dir='ltr'><strong>nec</strong></span> <span class='ocrx_word' id='word_1_137' title='bbox 2175 1306 2304 1365; x_wconf 71' lang='lat' dir='ltr'><strong>lt‘lll,</strong></span> <span class='ocrx_word' id='word_1_138' title='bbox 2326 1312 2356 1351; x_wconf 84' lang='lat' dir='ltr'><strong>a</strong></span> <span class='ocrx_word' id='word_1_139' title='bbox 2381 1297 2582 1355; x_wconf 77' lang='lat' dir='ltr'><strong>Basilio</strong></span> <span class='ocrx_word' id='word_1_140' title='bbox 2613 1301 3042 1360; x_wconf 85' lang='lat' dir='ltr'><strong>etConstantino</strong></span> <span class='ocrx_word' id='word_1_141' title='bbox 3069 1304 3319 1367; x_wconf 88' lang='lat' dir='ltr'><strong>missum,</strong></span> <span class='ocrx_word' id='word_1_142' title='bbox 3362 1319 3470 1373; x_wconf 89' lang='lat' dir='ltr'><strong>qua</strong></span> <span class='ocrx_word' id='word_1_143' title='bbox 3500 1305 3743 1360; x_wconf 81' lang='lat' dir='ltr'><strong>suadendi</strong></span> 
     </span>
    </p>
   </div>
   <div class='ocr_carea' id='block_1_13' title="bbox 483 1390 3741 1466">
    <p class='ocr_par' dir='ltr' id='par_1_13' title="bbox 483 1390 3741 1466">
     <span class='ocr_line' id='line_1_13' title="bbox 483 1390 3741 1466; baseline -0.001 -14"><span class='ocrx_word' id='word_1_144' title='bbox 483 1398 750 1454; x_wconf 82' lang='lat' dir='ltr'><strong>Romanis</strong></span> <span class='ocrx_word' id='word_1_145' title='bbox 784 1398 1051 1452; x_wconf 79' lang='lat' dir='ltr'><strong>duntaxat</strong></span> <span class='ocrx_word' id='word_1_146' title='bbox 1095 1396 1248 1452; x_wconf 84' lang='lat' dir='ltr'><strong>lastis</strong></span> <span class='ocrx_word' id='word_1_147' title='bbox 1300 1397 1576 1466; x_wconf 86' lang='lat' dir='ltr'><strong>ascriptis,</strong></span> <span class='ocrx_word' id='word_1_148' title='bbox 1627 1397 1720 1452; x_wconf 88' lang='lat' dir='ltr'><strong>sed</strong></span> <span class='ocrx_word' id='word_1_149' title='bbox 1749 1404 1804 1450; x_wconf 90' lang='lat' dir='ltr'><strong>et</strong></span> <span class='ocrx_word' id='word_1_150' title='bbox 1841 1396 2070 1451; x_wconf 89' lang='lat' dir='ltr'><strong>solemni</strong></span> <span class='ocrx_word' id='word_1_151' title='bbox 2178 1390 2249 1453; x_wconf 92' lang='lat' dir='ltr'><strong>vi,</strong></span> <span class='ocrx_word' id='word_1_152' title='bbox 2282 1391 2658 1463; x_wconf 87' lang='lat' dir='ltr'><strong>sapientiaque</strong></span> <span class='ocrx_word' id='word_1_153' title='bbox 2685 1409 2749 1448; x_wconf 85' lang='lat' dir='ltr'><strong>ac</strong></span> <span class='ocrx_word' id='word_1_154' title='bbox 2796 1395 2992 1449; x_wconf 79' lang='lat' dir='ltr'><strong>virtute</strong></span> <span class='ocrx_word' id='word_1_155' title='bbox 3023 1397 3333 1465; x_wconf 59' lang='lat' dir='ltr'><strong>praestabat,</strong></span> <span class='ocrx_word' id='word_1_156' title='bbox 3362 1397 3559 1452; x_wconf 84' lang='lat' dir='ltr'><strong>docent</strong></span> <span class='ocrx_word' id='word_1_157' title='bbox 3600 1400 3741 1454; x_wconf 75' lang='lat' dir='ltr'><strong>relati</strong></span> 
     </span>
    </p>
   </div>
   <div class='ocr_carea' id='block_1_14' title="bbox 483 1479 2016 1560">
    <p class='ocr_par' dir='ltr' id='par_1_14' title="bbox 483 1488 2013 1560">
     <span class='ocr_line' id='line_1_14' title="bbox 483 1488 2013 1560; baseline -0.005 -14"><span class='ocrx_word' id='word_1_158' title='bbox 483 1491 680 1553; x_wconf 84' lang='lat' dir='ltr'><strong>ollicio,</strong></span> <span class='ocrx_word' id='word_1_159' title='bbox 717 1491 915 1546; x_wconf 89' lang='lat' dir='ltr'><strong>nedum</strong></span> <span class='ocrx_word' id='word_1_160' title='bbox 963 1489 1104 1560; x_wconf 89' lang='lat' dir='ltr'><strong>apud</strong></span> <span class='ocrx_word' id='word_1_161' title='bbox 1135 1503 1284 1554; x_wconf 83' lang='lat' dir='ltr'><strong>suos.</strong></span> <span class='ocrx_word' id='word_1_162' title='bbox 1313 1488 1406 1545; x_wconf 89' lang='lat' dir='ltr'><strong>sed</strong></span> <span class='ocrx_word' id='word_1_163' title='bbox 1440 1499 1492 1544; x_wconf 90' lang='lat' dir='ltr'><strong>et</strong></span> <span class='ocrx_word' id='word_1_164' title='bbox 1521 1499 1631 1544; x_wconf 91' lang='lat' dir='ltr'><strong>toto</strong></span> <span class='ocrx_word' id='word_1_165' title='bbox 1661 1489 1793 1542; x_wconf 91' lang='lat' dir='ltr'><strong>orhe</strong></span> <span class='ocrx_word' id='word_1_166' title='bbox 1827 1488 2013 1541; x_wconf 71' lang='lat' dir='ltr'><strong>Itonia:</strong></span> 
     </span>
    </p>
   </div>
   <div class='ocr_carea' id='block_1_15' title="bbox 2206 1479 3739 1560">
    <p class='ocr_par' dir='ltr' id='par_1_15' title="bbox 2206 1481 3739 1560">
     <span class='ocr_line' id='line_1_15' title="bbox 2206 1481 3739 1560; baseline 0.007 -28"><span class='ocrx_word' id='word_1_167' title='bbox 2206 1481 2398 1552; x_wconf 67' lang='lat' dir='ltr'><strong>it-ylitz.</strong></span> <span class='ocrx_word' id='word_1_168' title='bbox 2434 1493 2487 1538; x_wconf 86' lang='lat' dir='ltr'><strong>et</strong></span> <span class='ocrx_word' id='word_1_169' title='bbox 2538 1483 2699 1541; x_wconf 85' lang='lat' dir='ltr'><strong>Ccdr.</strong></span> <span class='ocrx_word' id='word_1_170' title='bbox 2746 1487 2834 1539; x_wconf 82' lang='grc' dir='ltr'>Ἐν</span> <span class='ocrx_word' id='word_1_171' title='bbox 2878 1488 2989 1558; x_wconf 83' lang='grc' dir='ltr'><strong>ὅσῳ</strong></span> <span class='ocrx_word' id='word_1_172' title='bbox 3037 1487 3093 1542; x_wconf 74' lang='grc' dir='ltr'><strong>δὲ</strong></span> <span class='ocrx_word' id='word_1_173' title='bbox 3140 1486 3314 1542; x_wconf 82' lang='grc' dir='ltr'><strong>ταῦτα</strong></span> <span class='ocrx_word' id='word_1_174' title='bbox 3365 1489 3685 1560; x_wconf 73' lang='grc' dir='ltr'><strong>ἐπράττετο,</strong></span> <span class='ocrx_word' id='word_1_175' title='bbox 3714 1495 3739 1542; x_wconf 75' lang='grc' dir='ltr'><strong>ό</strong></span> 
     </span>
    </p>
   </div>
   <div class='ocr_carea' id='block_1_16' title="bbox 483 1574 2016 1655">
    <p class='ocr_par' dir='ltr' id='par_1_16' title="bbox 483 1578 2016 1646">
     <span class='ocr_line' id='line_1_16' title="bbox 483 1578 2016 1646; baseline -0.003 -8"><span class='ocrx_word' id='word_1_176' title='bbox 483 1599 545 1638; x_wconf 85' lang='lat' dir='ltr'><strong>ac</strong></span> <span class='ocrx_word' id='word_1_177' title='bbox 566 1582 808 1638; x_wconf 82' lang='lat' dir='ltr'><strong>Ecclesia</strong></span> <span class='ocrx_word' id='word_1_178' title='bbox 836 1580 1054 1646; x_wconf 85' lang='lat' dir='ltr'><strong>Latina,</strong></span> <span class='ocrx_word' id='word_1_179' title='bbox 1072 1579 1309 1636; x_wconf 88' lang='lat' dir='ltr'><strong>donatis.</strong></span> <span class='ocrx_word' id='word_1_180' title='bbox 1335 1578 1392 1633; x_wconf 63' lang='grc' dir='ltr'>ιιι</span> <span class='ocrx_word' id='word_1_181' title='bbox 1416 1592 1589 1635; x_wconf 86' lang='lat' dir='ltr'><strong>tamen</strong></span> <span class='ocrx_word' id='word_1_182' title='bbox 1614 1590 1671 1635; x_wconf 93' lang='lat' dir='ltr'><strong>ut</strong></span> <span class='ocrx_word' id='word_1_183' title='bbox 1702 1581 1803 1635; x_wconf 89' lang='lat' dir='ltr'><strong>rite</strong></span> <span class='ocrx_word' id='word_1_184' title='bbox 1829 1579 1940 1644; x_wconf 83' lang='lat' dir='ltr'><strong>ﬁat,</strong></span> <span class='ocrx_word' id='word_1_185' title='bbox 1969 1595 2016 1633; x_wconf 77' lang='lat' dir='ltr'><strong>lit</strong></span> 
     </span>
    </p>
   </div>
   <div class='ocr_carea' id='block_1_17' title="bbox 2205 1574 3738 1655">
    <p class='ocr_par' dir='ltr' id='par_1_17' title="bbox 2211 1574 3738 1655">
     <span class='ocr_line' id='line_1_17' title="bbox 2211 1574 3738 1655; baseline 0.008 -28"><span class='ocrx_word' id='word_1_186' title='bbox 2211 1574 2469 1644; x_wconf 76' lang='grc' dir='ltr'><strong>ύγκελλος</strong></span> <span class='ocrx_word' id='word_1_187' title='bbox 2498 1579 2776 1648; x_wconf 70' lang='grc' dir='ltr'><strong>Στέφανος</strong></span> <span class='ocrx_word' id='word_1_188' title='bbox 2820 1583 2914 1633; x_wconf 81' lang='grc' dir='ltr'><strong>καὶ</strong></span> <span class='ocrx_word' id='word_1_189' title='bbox 2944 1580 3041 1652; x_wconf 81' lang='grc' dir='ltr'><strong>τῆς</strong></span> <span class='ocrx_word' id='word_1_190' title='bbox 3071 1581 3445 1653; x_wconf 78' lang='grc' dir='ltr'><strong>Νικομηδείας</strong></span> <span class='ocrx_word' id='word_1_191' title='bbox 3473 1583 3738 1655; x_wconf 79' lang='grc' dir='ltr'><strong>πρόεδρος,</strong></span> 
     </span>
    </p>
   </div>
   <div class='ocr_carea' id='block_1_18' title="bbox 483 1669 2016 1748">
    <p class='ocr_par' dir='ltr' id='par_1_18' title="bbox 483 1671 2016 1741">
     <span class='ocr_line' id='line_1_18' title="bbox 483 1671 2016 1741; baseline -0.005 -10"><span class='ocrx_word' id='word_1_192' title='bbox 483 1676 735 1731; x_wconf 80' lang='lat' dir='ltr'><strong>civilibus</strong></span> <span class='ocrx_word' id='word_1_193' title='bbox 760 1673 1048 1738; x_wconf 80' lang='lat' dir='ltr'><strong>duntaxat,</strong></span> <span class='ocrx_word' id='word_1_194' title='bbox 1085 1673 1178 1729; x_wconf 89' lang='lat' dir='ltr'><strong>sed</strong></span> <span class='ocrx_word' id='word_1_195' title='bbox 1200 1671 1462 1736; x_wconf 86' lang='lat' dir='ltr'><strong>etsacris,</strong></span> <span class='ocrx_word' id='word_1_196' title='bbox 1483 1671 1695 1741; x_wconf 89' lang='lat' dir='ltr'><strong>publice</strong></span> <span class='ocrx_word' id='word_1_197' title='bbox 1715 1671 1906 1725; x_wconf 88' lang='lat' dir='ltr'><strong>saltem</strong></span> <span class='ocrx_word' id='word_1_198' title='bbox 1935 1684 2016 1725; x_wconf 84' lang='lat' dir='ltr'><strong>eoi</strong></span> 
     </span>
    </p>
   </div>
   <div class='ocr_carea' id='block_1_19' title="bbox 2201 1669 3734 1748">
    <p class='ocr_par' dir='ltr' id='par_1_19' title="bbox 2201 1669 3734 1748">
     <span class='ocr_line' id='line_1_19' title="bbox 2201 1669 3734 1748; baseline 0.016 -30"><span class='ocrx_word' id='word_1_199' title='bbox 2201 1669 2310 1740; x_wconf 49' lang='grc' dir='ltr'><strong>ηνὴρ</strong></span> <span class='ocrx_word' id='word_1_200' title='bbox 2340 1669 2651 1741; x_wconf 79' lang='grc' dir='ltr'><strong>ἐλλόγιμος,</strong></span> <span class='ocrx_word' id='word_1_201' title='bbox 2686 1674 2776 1724; x_wconf 77' lang='grc' dir='ltr'><strong>καὶ</strong></span> <span class='ocrx_word' id='word_1_202' title='bbox 2813 1674 2907 1726; x_wconf 68' lang='grc' dir='ltr'><strong>ἐπὶ</strong></span> <span class='ocrx_word' id='word_1_203' title='bbox 2941 1675 3106 1743; x_wconf 75' lang='grc' dir='ltr'>σοφίᾳ</span> <span class='ocrx_word' id='word_1_204' title='bbox 3130 1676 3222 1729; x_wconf 73' lang='grc' dir='ltr'><strong>καὶ</strong></span> <span class='ocrx_word' id='word_1_205' title='bbox 3244 1677 3416 1746; x_wconf 78' lang='grc' dir='ltr'><strong>ἀρετῇ</strong></span> <span class='ocrx_word' id='word_1_206' title='bbox 3444 1675 3734 1748; x_wconf 75' lang='grc' dir='ltr'><strong>διοισόητος.</strong></span> 
     </span>
    </p>
   </div>
   <div class='ocr_carea' id='block_1_20' title="bbox 483 1761 2016 1838">
    <p class='ocr_par' dir='ltr' id='par_1_20' title="bbox 483 1761 2016 1833">
     <span class='ocr_line' id='line_1_20' title="bbox 483 1761 2016 1833; baseline -0.005 -10"><span class='ocrx_word' id='word_1_207' title='bbox 483 1778 768 1823; x_wconf 88' lang='lat' dir='ltr'><strong>secrentur</strong></span> <span class='ocrx_word' id='word_1_208' title='bbox 806 1767 1126 1829; x_wconf 85' lang='lat' dir='ltr'><strong>honoribus,</strong></span> <span class='ocrx_word' id='word_1_209' title='bbox 1155 1764 1463 1820; x_wconf 83' lang='lat' dir='ltr'><strong>necessaria</strong></span> <span class='ocrx_word' id='word_1_210' title='bbox 1482 1763 1805 1833; x_wconf 79' lang='lat' dir='ltr'><strong>episcOpaIis</strong></span> <span class='ocrx_word' id='word_1_211' title='bbox 1829 1761 2016 1831; x_wconf 80' lang='lat' dir='ltr'><strong>cognit</strong></span> 
     </span>
    </p>
   </div>
   <div class='ocr_carea' id='block_1_21' title="bbox 2204 1761 3737 1838">
    <p class='ocr_par' dir='ltr' id='par_1_21' title="bbox 2212 1763 3737 1838">
     <span class='ocr_line' id='line_1_21' title="bbox 2212 1763 3737 1838; baseline 0.007 -24"><span class='ocrx_word' id='word_1_212' title='bbox 2212 1763 2265 1814; x_wconf 67' lang='grc' dir='ltr'><strong>ιλ.</strong></span> <span class='ocrx_word' id='word_1_213' title='bbox 2318 1763 2498 1816; x_wconf 70' lang='grc' dir='ltr'>πειθοῖ</span> <span class='ocrx_word' id='word_1_214' title='bbox 2547 1763 2784 1832; x_wconf 59' lang='grc' dir='ltr'><strong>μαλάξαι</strong></span> <span class='ocrx_word' id='word_1_215' title='bbox 2836 1765 3020 1831; x_wconf 78' lang='grc' dir='ltr'><strong>ἱκανὸς</strong></span> <span class='ocrx_word' id='word_1_216' title='bbox 3069 1766 3298 1837; x_wconf 78' lang='grc' dir='ltr'><strong>γνώμην</strong></span> <span class='ocrx_word' id='word_1_217' title='bbox 3361 1769 3604 1838; x_wconf 75' lang='grc' dir='ltr'><strong>σκληρὰν</strong></span> <span class='ocrx_word' id='word_1_218' title='bbox 3656 1771 3737 1824; x_wconf 82' lang='grc' dir='ltr'><strong>καὶ</strong></span> 
     </span>
    </p>
   </div>
   <div class='ocr_carea' id='block_1_22' title="bbox 483 1846 2016 1932">
    <p class='ocr_par' dir='ltr' id='par_1_22' title="bbox 483 1853 2013 1928">
     <span class='ocr_line' id='line_1_22' title="bbox 483 1853 2013 1928; baseline -0.006 -14"><span class='ocrx_word' id='word_1_219' title='bbox 483 1868 587 1924; x_wconf 87' lang='lat' dir='ltr'><strong>est,</strong></span> <span class='ocrx_word' id='word_1_220' title='bbox 602 1873 663 1914; x_wconf 89' lang='lat' dir='ltr'><strong>ac</strong></span> <span class='ocrx_word' id='word_1_221' title='bbox 680 1857 947 1926; x_wconf 84' lang='lat' dir='ltr'><strong>probatio;</strong></span> <span class='ocrx_word' id='word_1_222' title='bbox 968 1853 1524 1928; x_wconf 84' lang='lat' dir='ltr'><strong>quam&#39;impotentiori</strong></span> <span class='ocrx_word' id='word_1_223' title='bbox 1541 1853 1656 1908; x_wconf 82' lang='lat' dir='ltr'><strong>zelo</strong></span> <span class='ocrx_word' id='word_1_224' title='bbox 1678 1870 1778 1907; x_wconf 89' lang='lat' dir='ltr'><strong>non</strong></span> <span class='ocrx_word' id='word_1_225' title='bbox 1793 1864 2013 1921; x_wconf 84' lang='lat' dir='ltr'><strong>exspect</strong></span> 
     </span>
    </p>
   </div>
   <div class='ocr_carea' id='block_1_23' title="bbox 2202 1846 3735 1932">
    <p class='ocr_par' dir='ltr' id='par_1_23' title="bbox 2202 1854 3735 1932">
     <span class='ocr_line' id='line_1_23' title="bbox 2202 1854 3735 1932; baseline 0.007 -26"><span class='ocrx_word' id='word_1_226' title='bbox 2202 1854 2486 1920; x_wconf 74' lang='grc' dir='ltr'>ιτίθασσον,</span> <span class='ocrx_word' id='word_1_227' title='bbox 2521 1857 2767 1928; x_wconf 77' lang='grc' dir='ltr'><strong>πρέσϐυς</strong></span> <span class='ocrx_word' id='word_1_228' title='bbox 2811 1861 2890 1932; x_wconf 74' lang='grc' dir='ltr'><strong>εἰς</strong></span> <span class='ocrx_word' id='word_1_229' title='bbox 2923 1859 3013 1912; x_wconf 81' lang='grc' dir='ltr'><strong>τὸν</strong></span> <span class='ocrx_word' id='word_1_230' title='bbox 3046 1860 3293 1932; x_wconf 79' lang='grc' dir='ltr'><strong>Σκληρὸν</strong></span> <span class='ocrx_word' id='word_1_231' title='bbox 3337 1860 3735 1929; x_wconf 73' lang='grc' dir='ltr'>ἀποστέλλεται,</span> 
     </span>
    </p>
   </div>
   <div class='ocr_carea' id='block_1_24' title="bbox 483 1944 2016 2028">
    <p class='ocr_par' dir='ltr' id='par_1_24' title="bbox 483 1944 2016 2028">
     <span class='ocr_line' id='line_1_24' title="bbox 483 1944 2016 2028; baseline -0.007 -19"><span class='ocrx_word' id='word_1_232' title='bbox 483 1953 558 2009; x_wconf 85' lang='lat' dir='ltr'><strong>vit</strong></span> <span class='ocrx_word' id='word_1_233' title='bbox 589 1951 850 2024; x_wconf 76' lang='lat' dir='ltr'><strong>Symeou,</strong></span> <span class='ocrx_word' id='word_1_234' title='bbox 875 1953 974 2006; x_wconf 85' lang='lat' dir='ltr'><strong>etsi</strong></span> <span class='ocrx_word' id='word_1_235' title='bbox 1013 1968 1072 2008; x_wconf 82' lang='lat' dir='ltr'><strong>ea</strong></span> <span class='ocrx_word' id='word_1_236' title='bbox 1123 1958 1306 2005; x_wconf 88' lang='lat' dir='ltr'><strong>secula</strong></span> <span class='ocrx_word' id='word_1_237' title='bbox 1349 1956 1449 2004; x_wconf 87' lang='lat' dir='ltr'><strong>est.</strong></span> <span class='ocrx_word' id='word_1_238' title='bbox 1489 1946 1683 2002; x_wconf 88' lang='lat' dir='ltr'><strong>Subdit</strong></span> <span class='ocrx_word' id='word_1_239' title='bbox 1728 1945 1869 2001; x_wconf 90' lang='lat' dir='ltr'><strong>enim</strong></span> <span class='ocrx_word' id='word_1_240' title='bbox 1908 1944 2016 2028; x_wconf 55' lang='lat' dir='ltr'><strong>Stht</strong></span> 
     </span>
    </p>
   </div>
   <div class='ocr_carea' id='block_1_25' title="bbox 2204 1944 3737 2028">
    <p class='ocr_par' dir='ltr' id='par_1_25' title="bbox 2205 1947 3737 2019">
     <span class='ocr_line' id='line_1_25' title="bbox 2205 1947 3737 2019; baseline 0.007 -19"><span class='ocrx_word' id='word_1_241' title='bbox 2205 1947 2226 2000; x_wconf 85' lang='lat' dir='ltr'><strong>l&#39;</strong></span> <span class='ocrx_word' id='word_1_242' title='bbox 2253 1966 2336 2000; x_wconf 76' lang='grc' dir='ltr'>πω</span> <span class='ocrx_word' id='word_1_243' title='bbox 2373 1948 2573 2019; x_wconf 74' lang='grc' dir='ltr'><strong>δυνηθῇ</strong></span> <span class='ocrx_word' id='word_1_244' title='bbox 2604 1949 2787 2003; x_wconf 80' lang='grc' dir='ltr'>πεῖσαι</span> <span class='ocrx_word' id='word_1_245' title='bbox 2827 1950 3018 2005; x_wconf 76' lang='grc' dir='ltr'>τοῦτον</span> <span class='ocrx_word' id='word_1_246' title='bbox 3046 1952 3348 2006; x_wconf 81' lang='grc' dir='ltr'>ἀποθέσθαι</span> <span class='ocrx_word' id='word_1_247' title='bbox 3378 1954 3448 2006; x_wconf 67' lang='grc' dir='ltr'><strong>τὰ</strong></span> <span class='ocrx_word' id='word_1_248' title='bbox 3475 1953 3628 2008; x_wconf 73' lang='grc' dir='ltr'><strong>ὅπλα.</strong></span> <span class='ocrx_word' id='word_1_249' title='bbox 3655 1953 3737 2010; x_wconf 76' lang='lat' dir='ltr'><strong>In-</strong></span> 
     </span>
    </p>
   </div>
   <div class='ocr_carea' id='block_1_26' title="bbox 485 2039 3737 2114">
    <p class='ocr_par' dir='ltr' id='par_1_26' title="bbox 485 2039 3737 2114">
     <span class='ocr_line' id='line_1_26' title="bbox 485 2039 3737 2114; baseline 0.004 -25"><span class='ocrx_word' id='word_1_250' title='bbox 485 2053 644 2098; x_wconf 56' lang='lat' dir='ltr'><strong>lotus,</strong></span> <span class='ocrx_word' id='word_1_251' title='bbox 2174 2039 2324 2094; x_wconf 83' lang='lat' dir='ltr'><strong>terim</strong></span> <span class='ocrx_word' id='word_1_252' title='bbox 2353 2039 2652 2110; x_wconf 80' lang='lat' dir='ltr'><strong>Stephanus</strong></span> <span class='ocrx_word' id='word_1_253' title='bbox 2707 2040 3008 2113; x_wconf 85' lang='lat' dir='ltr'><strong>Syncellus,</strong></span> <span class='ocrx_word' id='word_1_254' title='bbox 3065 2043 3394 2100; x_wconf 76' lang='lat' dir='ltr'><strong>Nicomedia:</strong></span> <span class='ocrx_word' id='word_1_255' title='bbox 3416 2046 3638 2114; x_wconf 67' lang='lat' dir='ltr'><strong>presul,</strong></span> <span class='ocrx_word' id='word_1_256' title='bbox 3665 2049 3737 2102; x_wconf 81' lang='lat' dir='ltr'><strong>uir</strong></span> 
     </span>
    </p>
   </div>
   <div class='ocr_carea' id='block_1_27' title="bbox 557 2135 2090 2213">
    <p class='ocr_par' dir='ltr' id='par_1_27' title="bbox 557 2135 2068 2213">
     <span class='ocr_line' id='line_1_27' title="bbox 557 2135 2068 2213; baseline 0.004 -25"><span class='ocrx_word' id='word_1_257' title='bbox 557 2139 798 2190; x_wconf 82' lang='grc' dir='ltr'>Ἤκουσε</span> <span class='ocrx_word' id='word_1_258' title='bbox 857 2137 1024 2190; x_wconf 75' lang='grc' dir='ltr'>ταῦτα</span> <span class='ocrx_word' id='word_1_259' title='bbox 1078 2138 1169 2191; x_wconf 76' lang='grc' dir='ltr'>καὶ</span> <span class='ocrx_word' id='word_1_260' title='bbox 1213 2139 1241 2190; x_wconf 77' lang='grc' dir='ltr'>ὁ</span> <span class='ocrx_word' id='word_1_261' title='bbox 1293 2135 1514 2208; x_wconf 76' lang='grc' dir='ltr'><strong>Σέργιος</strong></span> <span class='ocrx_word' id='word_1_262' title='bbox 1545 2142 1887 2213; x_wconf 76' lang='grc' dir='ltr'><strong>πατριάρχης</strong></span> <span class='ocrx_word' id='word_1_263' title='bbox 1916 2141 2068 2209; x_wconf 72' lang='grc' dir='ltr'><strong>’,καὶ</strong></span> 
     </span>
    </p>
   </div>
   <div class='ocr_carea' id='block_1_28' title="bbox 2198 2135 3731 2213">
    <p class='ocr_par' dir='ltr' id='par_1_28' title="bbox 2203 2135 3731 2209">
     <span class='ocr_line' id='line_1_28' title="bbox 2203 2135 3731 2209; baseline 0.007 -24"><span class='ocrx_word' id='word_1_264' title='bbox 2203 2135 2413 2188; x_wconf 86' lang='lat' dir='ltr'><strong>ruditus</strong></span> <span class='ocrx_word' id='word_1_265' title='bbox 2443 2144 2492 2188; x_wconf 89' lang='lat' dir='ltr'><strong>et</strong></span> <span class='ocrx_word' id='word_1_266' title='bbox 2516 2135 2784 2205; x_wconf 77' lang='lat' dir='ltr'><strong>eloquens,</strong></span> <span class='ocrx_word' id='word_1_267' title='bbox 2813 2139 3183 2209; x_wconf 77' lang='lat' dir='ltr'><strong>sapientiaque</strong></span> <span class='ocrx_word' id='word_1_268' title='bbox 3232 2157 3293 2193; x_wconf 87' lang='lat' dir='ltr'><strong>ae</strong></span> <span class='ocrx_word' id='word_1_269' title='bbox 3321 2141 3512 2195; x_wconf 80' lang='lat' dir='ltr'><strong>uirtute</strong></span> <span class='ocrx_word' id='word_1_270' title='bbox 3551 2141 3731 2206; x_wconf 78' lang='lat' dir='ltr'><strong>clarus,</strong></span> 
     </span>
    </p>
   </div>
   <div class='ocr_carea' id='block_1_29' title="bbox 483 2227 2016 2302">
    <p class='ocr_par' dir='ltr' id='par_1_29' title="bbox 483 2230 2016 2302">
     <span class='ocr_line' id='line_1_29' title="bbox 483 2230 2016 2302; baseline 0.001 -20"><span class='ocrx_word' id='word_1_271' title='bbox 483 2231 986 2301; x_wconf 73' lang='grc' dir='ltr'><strong>μεταπεμψάμενος</strong></span> <span class='ocrx_word' id='word_1_272' title='bbox 1015 2231 1105 2285; x_wconf 78' lang='grc' dir='ltr'><strong>τὸν</strong></span> <span class='ocrx_word' id='word_1_273' title='bbox 1177 2230 1354 2300; x_wconf 75' lang='grc' dir='ltr'>ἅγιον,</span> <span class='ocrx_word' id='word_1_274' title='bbox 1392 2231 1727 2287; x_wconf 72' lang='grc' dir='ltr'><strong>πυνθάιετοιι</strong></span> <span class='ocrx_word' id='word_1_275' title='bbox 1763 2235 1890 2302; x_wconf 77' lang='grc' dir='ltr'><strong>περὶ</strong></span> <span class='ocrx_word' id='word_1_276' title='bbox 1959 2235 2016 2286; x_wconf 78' lang='grc' dir='ltr'><strong>τι]</strong></span> 
     </span>
    </p>
   </div>
   <div class='ocr_carea' id='block_1_30' title="bbox 2200 2227 3733 2302">
    <p class='ocr_par' dir='ltr' id='par_1_30' title="bbox 2200 2227 3733 2297">
     <span class='ocr_line' id='line_1_30' title="bbox 2200 2227 3733 2297; baseline 0.007 -19"><span class='ocrx_word' id='word_1_277' title='bbox 2200 2227 2462 2297; x_wconf 85' lang='lat' dir='ltr'><strong>’urumque</strong></span> <span class='ocrx_word' id='word_1_278' title='bbox 2483 2229 2719 2282; x_wconf 89' lang='lat' dir='ltr'><strong>animum</strong></span> <span class='ocrx_word' id='word_1_279' title='bbox 2771 2246 2835 2283; x_wconf 86' lang='lat' dir='ltr'><strong>ac</strong></span> <span class='ocrx_word' id='word_1_280' title='bbox 2883 2230 3199 2285; x_wconf 87' lang='lat' dir='ltr'><strong>indomitum</strong></span> <span class='ocrx_word' id='word_1_281' title='bbox 3244 2235 3431 2287; x_wconf 73' lang='lat' dir='ltr'><strong>suada:</strong></span> <span class='ocrx_word' id='word_1_282' title='bbox 3452 2235 3501 2288; x_wconf 81' lang='lat' dir='ltr'><strong>ui</strong></span> <span class='ocrx_word' id='word_1_283' title='bbox 3520 2233 3733 2289; x_wconf 77' lang='lat' dir='ltr'><strong>emollire</strong></span> 
     </span>
    </p>
   </div>
   <div class='ocr_carea' id='block_1_31' title="bbox 478 2319 3730 2396">
    <p class='ocr_par' dir='ltr' id='par_1_31' title="bbox 478 2319 3730 2396">
     <span class='ocr_line' id='line_1_31' title="bbox 478 2319 3730 2396; baseline 0.001 -18"><span class='ocrx_word' id='word_1_284' title='bbox 478 2323 1058 2393; x_wconf 64' lang='lat' dir='ltr'><strong>dzoosﬁévtmvabtip.</strong></span> <span class='ocrx_word' id='word_1_285' title='bbox 1112 2324 1199 2386; x_wconf 73' lang='grc' dir='ltr'><strong><em>Ὧς</em></strong></span> <span class='ocrx_word' id='word_1_286' title='bbox 1253 2325 1309 2377; x_wconf 83' lang='grc' dir='ltr'><strong>δὲ</strong></span> <span class='ocrx_word' id='word_1_287' title='bbox 1342 2326 1468 2396; x_wconf 72' lang='grc' dir='ltr'><strong>περὶ</strong></span> <span class='ocrx_word' id='word_1_288' title='bbox 1533 2326 1754 2379; x_wconf 71' lang='grc' dir='ltr'>πάντων</span> <span class='ocrx_word' id='word_1_289' title='bbox 1818 2325 2064 2378; x_wconf 53' lang='lat' dir='ltr'><strong>ancisa-</strong></span> <span class='ocrx_word' id='word_1_290' title='bbox 2168 2319 2409 2384; x_wconf 81' lang='lat' dir='ltr'><strong>iionens,</strong></span> <span class='ocrx_word' id='word_1_291' title='bbox 2439 2320 2645 2390; x_wconf 83' lang='lat' dir='ltr'><strong>legatus</strong></span> <span class='ocrx_word' id='word_1_292' title='bbox 2676 2324 2744 2375; x_wconf 86' lang='lat' dir='ltr'><strong>ad</strong></span> <span class='ocrx_word' id='word_1_293' title='bbox 2787 2322 3026 2378; x_wconf 86' lang='lat' dir='ltr'><strong>Sclerum</strong></span> <span class='ocrx_word' id='word_1_294' title='bbox 3055 2325 3306 2392; x_wconf 81' lang='lat' dir='ltr'><strong>mittitur,</strong></span> <span class='ocrx_word' id='word_1_295' title='bbox 3345 2327 3646 2396; x_wconf 64' lang='lat' dir='ltr'><strong>numforte</strong></span> <span class='ocrx_word' id='word_1_296' title='bbox 3670 2330 3730 2381; x_wconf 86' lang='lat' dir='ltr'><strong>ad</strong></span> 
     </span>
    </p>
   </div>
   <div class='ocr_carea' id='block_1_32' title="bbox 481 2413 2014 2486">
    <p class='ocr_par' dir='ltr' id='par_1_32' title="bbox 481 2415 2014 2486">
     <span class='ocr_line' id='line_1_32' title="bbox 481 2415 2014 2486; baseline -0.001 -17"><span class='ocrx_word' id='word_1_297' title='bbox 481 2419 568 2482; x_wconf 79' lang='grc' dir='ltr'><strong>ξεν</strong></span> <span class='ocrx_word' id='word_1_298' title='bbox 601 2416 761 2469; x_wconf 77' lang='grc' dir='ltr'>αὑτὸν</span> <span class='ocrx_word' id='word_1_299' title='bbox 810 2419 837 2469; x_wconf 81' lang='grc' dir='ltr'>ὁ</span> <span class='ocrx_word' id='word_1_300' title='bbox 874 2419 1173 2486; x_wconf 75' lang='grc' dir='ltr'><strong>μακάριος,</strong></span> <span class='ocrx_word' id='word_1_301' title='bbox 1210 2415 1305 2469; x_wconf 76' lang='grc' dir='ltr'><strong>καῖ</strong></span> <span class='ocrx_word' id='word_1_302' title='bbox 1352 2418 1502 2478; x_wconf 82' lang='grc' dir='ltr'><strong>ὅπως</strong></span> <span class='ocrx_word' id='word_1_303' title='bbox 1556 2418 1619 2469; x_wconf 78' lang='grc' dir='ltr'>ἐκ</span> <span class='ocrx_word' id='word_1_304' title='bbox 1656 2416 1807 2480; x_wconf 82' lang='grc' dir='ltr'>Θείας</span> <span class='ocrx_word' id='word_1_305' title='bbox 1843 2419 2014 2470; x_wconf 66' lang='lat' dir='ltr'><strong>anon:</strong></span> 
     </span>
    </p>
   </div>
   <div class='ocr_carea' id='block_1_33' title="bbox 2194 2413 3727 2486">
    <p class='ocr_par' dir='ltr' id='par_1_33' title="bbox 2194 2413 3727 2486">
     <span class='ocr_line' id='line_1_33' title="bbox 2194 2413 3727 2486; baseline 0.01 -26"><span class='ocrx_word' id='word_1_306' title='bbox 2194 2427 2318 2463; x_wconf 52' lang='lat' dir='ltr'><strong>rrma</strong></span> <span class='ocrx_word' id='word_1_307' title='bbox 2346 2413 2587 2481; x_wconf 89' lang='lat' dir='ltr'><strong>ponenda</strong></span> <span class='ocrx_word' id='word_1_308' title='bbox 2612 2414 2776 2468; x_wconf 79' lang='lat' dir='ltr'><strong>verbis</strong></span> <span class='ocrx_word' id='word_1_309' title='bbox 2803 2431 2982 2485; x_wconf 79' lang='lat' dir='ltr'><strong>cogere</strong></span> <span class='ocrx_word' id='word_1_310' title='bbox 3010 2418 3198 2486; x_wconf 83' lang='lat' dir='ltr'><strong>possit.</strong></span> <span class='ocrx_word' id='word_1_311' title='bbox 3228 2417 3460 2473; x_wconf 73' lang='lat' dir='ltr'><strong>Miratur</strong></span> <span class='ocrx_word' id='word_1_312' title='bbox 3501 2418 3562 2475; x_wconf 84' lang='grc' dir='ltr'><strong>Ρ.</strong></span> <span class='ocrx_word' id='word_1_313' title='bbox 3584 2419 3727 2476; x_wconf 83' lang='lat' dir='ltr'><strong>Goar.</strong></span> 
     </span>
    </p>
   </div>
   <div class='ocr_carea' id='block_1_34' title="bbox 479 2503 2012 2584">
    <p class='ocr_par' dir='ltr' id='par_1_34' title="bbox 479 2508 2012 2581">
     <span class='ocr_line' id='line_1_34' title="bbox 479 2508 2012 2581; baseline -0.003 -17"><span class='ocrx_word' id='word_1_314' title='bbox 479 2513 692 2581; x_wconf 66' lang='grc' dir='ltr'><strong>λύψεως</strong></span> <span class='ocrx_word' id='word_1_315' title='bbox 730 2511 1352 2579; x_wconf 63' lang='grc' dir='ltr'><strong>ἄνωΘε-ιὲμπνευσθεὶς,</strong></span> <span class='ocrx_word' id='word_1_316' title='bbox 1385 2509 1512 2572; x_wconf 72' lang='grc' dir='ltr'>τοὺς</span> <span class='ocrx_word' id='word_1_317' title='bbox 1541 2508 1746 2578; x_wconf 77' lang='grc' dir='ltr'>ὕμνους</span> <span class='ocrx_word' id='word_1_318' title='bbox 1785 2509 1861 2578; x_wconf 86' lang='grc' dir='ltr'>τῷ</span> <span class='ocrx_word' id='word_1_319' title='bbox 1891 2511 2012 2575; x_wconf 64' lang='grc' dir='ltr'><strong>[ῘατΞ</strong></span> 
     </span>
    </p>
   </div>
   <div class='ocr_carea' id='block_1_35' title="bbox 2195 2503 3728 2584">
    <p class='ocr_par' dir='ltr' id='par_1_35' title="bbox 2195 2503 3728 2584">
     <span class='ocr_line' id='line_1_35' title="bbox 2195 2503 3728 2584; baseline 0.007 -27"><span class='ocrx_word' id='word_1_320' title='bbox 2195 2503 2320 2560; x_wconf 74' lang='lat' dir='ltr'><strong>lotis</strong></span> <span class='ocrx_word' id='word_1_321' title='bbox 2354 2509 2468 2563; x_wconf 86' lang='lat' dir='ltr'><strong>suis</strong></span> <span class='ocrx_word' id='word_1_322' title='bbox 2493 2511 2558 2562; x_wconf 89' lang='lat' dir='ltr'><strong>ad</strong></span> <span class='ocrx_word' id='word_1_323' title='bbox 2589 2508 2754 2564; x_wconf 87' lang='lat' dir='ltr'><strong>Cedr.</strong></span> <span class='ocrx_word' id='word_1_324' title='bbox 2787 2511 3060 2580; x_wconf 90' lang='lat' dir='ltr'><strong>quomodo</strong></span> <span class='ocrx_word' id='word_1_325' title='bbox 3106 2512 3382 2584; x_wconf 81' lang='lat' dir='ltr'><strong>syucellus</strong></span> <span class='ocrx_word' id='word_1_326' title='bbox 3420 2513 3728 2580; x_wconf 82' lang='lat' dir='ltr'><strong>Stephanus,</strong></span> 
     </span>
    </p>
   </div>
   <div class='ocr_carea' id='block_1_36' title="bbox 480 2596 2013 2673">
    <p class='ocr_par' dir='ltr' id='par_1_36' title="bbox 480 2603 2012 2673">
     <span class='ocr_line' id='line_1_36' title="bbox 480 2603 2012 2673; baseline -0.003 -15"><span class='ocrx_word' id='word_1_327' title='bbox 480 2607 801 2670; x_wconf 71' lang='grc' dir='ltr'><strong>ἁνετάξατο,</strong></span> <span class='ocrx_word' id='word_1_328' title='bbox 833 2604 928 2656; x_wconf 70' lang='grc' dir='ltr'><strong>καὶ</strong></span> <span class='ocrx_word' id='word_1_329' title='bbox 962 2605 1048 2656; x_wconf 74' lang='grc' dir='ltr'>τὸν</span> <span class='ocrx_word' id='word_1_330' title='bbox 1080 2603 1190 2673; x_wconf 78' lang='grc' dir='ltr'>βίον</span> <span class='ocrx_word' id='word_1_331' title='bbox 1237 2603 1407 2656; x_wconf 75' lang='grc' dir='ltr'><strong>αὐτοῦ</strong></span> <span class='ocrx_word' id='word_1_332' title='bbox 1455 2603 1858 2671; x_wconf 70' lang='grc' dir='ltr'>συνεγρὰψοιτο.</span> <span class='ocrx_word' id='word_1_333' title='bbox 1903 2604 2012 2666; x_wconf 79' lang='grc' dir='ltr'><strong>Ζητ</strong></span> 
     </span>
    </p>
   </div>
   <div class='ocr_carea' id='block_1_37' title="bbox 2196 2596 3729 2673">
    <p class='ocr_par' dir='ltr' id='par_1_37' title="bbox 2196 2596 3729 2668">
     <span class='ocr_line' id='line_1_37' title="bbox 2196 2596 3729 2668; baseline 0.004 -22"><span class='ocrx_word' id='word_1_334' title='bbox 2196 2596 2320 2662; x_wconf 82' lang='lat' dir='ltr'><strong>nasi</strong></span> <span class='ocrx_word' id='word_1_335' title='bbox 2385 2597 2712 2665; x_wconf 66' lang='lat' dir='ltr'><strong>patriarcha:</strong></span> <span class='ocrx_word' id='word_1_336' title='bbox 2759 2599 3166 2667; x_wconf 89' lang='lat' dir='ltr'><strong>concellaneus,</strong></span> <span class='ocrx_word' id='word_1_337' title='bbox 3238 2600 3425 2668; x_wconf 85' lang='lat' dir='ltr'><strong>illique</strong></span> <span class='ocrx_word' id='word_1_338' title='bbox 3479 2600 3729 2666; x_wconf 84' lang='lat' dir='ltr'><strong>assiduus,</strong></span> 
     </span>
    </p>
   </div>
   <div class='ocr_carea' id='block_1_38' title="bbox 477 2684 2010 2764">
    <p class='ocr_par' dir='ltr' id='par_1_38' title="bbox 477 2693 2010 2764">
     <span class='ocr_line' id='line_1_38' title="bbox 477 2693 2010 2764; baseline -0.002 -16"><span class='ocrx_word' id='word_1_339' title='bbox 477 2697 654 2752; x_wconf 75' lang='grc' dir='ltr'><strong>ταῦτα</strong></span> <span class='ocrx_word' id='word_1_340' title='bbox 685 2695 934 2761; x_wconf 75' lang='grc' dir='ltr'><strong>διελθεῖν,</strong></span> <span class='ocrx_word' id='word_1_341' title='bbox 967 2697 1062 2749; x_wconf 71' lang='grc' dir='ltr'><strong>καὶ</strong></span> <span class='ocrx_word' id='word_1_342' title='bbox 1085 2696 1267 2758; x_wconf 77' lang='grc' dir='ltr'><strong>αὐτοῖς</strong></span> <span class='ocrx_word' id='word_1_343' title='bbox 1301 2696 1549 2764; x_wconf 71' lang='grc' dir='ltr'><strong>ἐντυχεῖν</strong></span> <span class='ocrx_word' id='word_1_344' title='bbox 1603 2697 1716 2757; x_wconf 83' lang='grc' dir='ltr'><strong>τοῖς</strong></span> <span class='ocrx_word' id='word_1_345' title='bbox 1751 2693 1843 2746; x_wconf 86' lang='grc' dir='ltr'><strong>ὑπ’</strong></span> <span class='ocrx_word' id='word_1_346' title='bbox 1893 2695 2010 2746; x_wconf 69' lang='lat' dir='ltr'><strong>etim</strong></span> 
     </span>
    </p>
   </div>
   <div class='ocr_carea' id='block_1_39' title="bbox 2194 2684 3727 2764">
    <p class='ocr_par' dir='ltr' id='par_1_39' title="bbox 2194 2684 3727 2762">
     <span class='ocr_line' id='line_1_39' title="bbox 2194 2684 3727 2762; baseline 0.003 -22"><span class='ocrx_word' id='word_1_347' title='bbox 2194 2688 2256 2755; x_wconf 55' lang='lat' dir='ltr'><strong>{ui</strong></span> <span class='ocrx_word' id='word_1_348' title='bbox 2286 2684 2612 2743; x_wconf 79' lang='lat' dir='ltr'><strong>Nicomedia:</strong></span> <span class='ocrx_word' id='word_1_349' title='bbox 2643 2690 2836 2758; x_wconf 59' lang='lat' dir='ltr'><strong>praesul</strong></span> <span class='ocrx_word' id='word_1_350' title='bbox 2865 2699 3029 2756; x_wconf 83' lang='lat' dir='ltr'><strong>esset,</strong></span> <span class='ocrx_word' id='word_1_351' title='bbox 3065 2691 3248 2762; x_wconf 88' lang='lat' dir='ltr'><strong>ibique</strong></span> <span class='ocrx_word' id='word_1_352' title='bbox 3283 2707 3379 2762; x_wconf 87' lang='lat' dir='ltr'><strong>pro</strong></span> <span class='ocrx_word' id='word_1_353' title='bbox 3412 2691 3572 2748; x_wconf 81' lang='lat' dir='ltr'><strong>oﬂicii</strong></span> <span class='ocrx_word' id='word_1_354' title='bbox 3621 2706 3727 2746; x_wconf 84' lang='lat' dir='ltr'><strong>utu-</strong></span> 
     </span>
    </p>
   </div>
   <div class='ocr_carea' id='block_1_40' title="bbox 478 2780 2011 2859">
    <p class='ocr_par' dir='ltr' id='par_1_40' title="bbox 478 2784 2011 2859">
     <span class='ocr_line' id='line_1_40' title="bbox 478 2784 2011 2859; baseline -0.002 -19"><span class='ocrx_word' id='word_1_355' title='bbox 478 2792 910 2859; x_wconf 73' lang='grc' dir='ltr'><strong>γεγραμμένοις.</strong></span> <span class='ocrx_word' id='word_1_356' title='bbox 938 2787 1135 2840; x_wconf 80' lang='grc' dir='ltr'><strong>Λαὸὼν</strong></span> <span class='ocrx_word' id='word_1_357' title='bbox 1163 2784 1256 2841; x_wconf 79' lang='grc' dir='ltr'>οὖν</span> <span class='ocrx_word' id='word_1_358' title='bbox 1309 2790 1402 2840; x_wconf 75' lang='grc' dir='ltr'><strong>ἐπὶ</strong></span> <span class='ocrx_word' id='word_1_359' title='bbox 1463 2789 1656 2858; x_wconf 78' lang='grc' dir='ltr'>χεῖρας</span> <span class='ocrx_word' id='word_1_360' title='bbox 1710 2789 1801 2840; x_wconf 74' lang='grc' dir='ltr'><strong>ταὶ</strong></span> <span class='ocrx_word' id='word_1_361' title='bbox 1840 2787 2011 2856; x_wconf 64' lang='lat' dir='ltr'><strong>stam</strong></span> 
     </span>
    </p>
   </div>
   <div class='ocr_carea' id='block_1_41' title="bbox 2194 2780 3727 2859">
    <p class='ocr_par' dir='ltr' id='par_1_41' title="bbox 2201 2780 3727 2855">
     <span class='ocr_line' id='line_1_41' title="bbox 2201 2780 3727 2855; baseline 0.003 -21"><span class='ocrx_word' id='word_1_362' title='bbox 2201 2792 2316 2842; x_wconf 77' lang='lat' dir='ltr'><strong>era,</strong></span> <span class='ocrx_word' id='word_1_363' title='bbox 2379 2780 2560 2847; x_wconf 89' lang='lat' dir='ltr'><strong>potius</strong></span> <span class='ocrx_word' id='word_1_364' title='bbox 2621 2795 2784 2851; x_wconf 89' lang='lat' dir='ltr'><strong>quam</strong></span> <span class='ocrx_word' id='word_1_365' title='bbox 2823 2781 3295 2854; x_wconf 88' lang='lat' dir='ltr'><strong>Constantinopoli</strong></span> <span class='ocrx_word' id='word_1_366' title='bbox 3338 2786 3389 2839; x_wconf 91' lang='lat' dir='ltr'><strong>in</strong></span> <span class='ocrx_word' id='word_1_367' title='bbox 3431 2783 3727 2855; x_wconf 63' lang='lat' dir='ltr'><strong>patriarcha:</strong></span> 
     </span>
    </p>
   </div>
   <div class='ocr_carea' id='block_1_42' title="bbox 477 2869 2010 2952">
    <p class='ocr_par' dir='ltr' id='par_1_42' title="bbox 477 2879 2010 2952">
     <span class='ocr_line' id='line_1_42' title="bbox 477 2879 2010 2952; baseline -0.004 -16"><span class='ocrx_word' id='word_1_368' title='bbox 477 2886 505 2935; x_wconf 82' lang='grc' dir='ltr'>ὁ</span> <span class='ocrx_word' id='word_1_369' title='bbox 533 2881 1014 2952; x_wconf 64' lang='grc' dir='ltr'><strong>πατριὰρλη;,καὶ</strong></span> <span class='ocrx_word' id='word_1_370' title='bbox 1042 2880 1264 2934; x_wconf 67' lang='grc' dir='ltr'>ἅπασαν</span> <span class='ocrx_word' id='word_1_371' title='bbox 1317 2882 1414 2950; x_wconf 77' lang='grc' dir='ltr'>τὴν</span> <span class='ocrx_word' id='word_1_372' title='bbox 1469 2881 1859 2951; x_wconf 78' lang='grc' dir='ltr'><strong>πραγματείαν</strong></span> <span class='ocrx_word' id='word_1_373' title='bbox 1907 2879 2010 2948; x_wconf 74' lang='grc' dir='ltr'>φιλι</span> 
     </span>
    </p>
   </div>
   <div class='ocr_carea' id='block_1_43' title="bbox 2192 2869 3725 2952">
    <p class='ocr_par' dir='ltr' id='par_1_43' title="bbox 2192 2869 3725 2945">
     <span class='ocr_line' id='line_1_43' title="bbox 2192 2869 3725 2945; baseline 0.003 -21"><span class='ocrx_word' id='word_1_374' title='bbox 2192 2869 2396 2936; x_wconf 70' lang='lat' dir='ltr'><strong>adibus,</strong></span> <span class='ocrx_word' id='word_1_375' title='bbox 2445 2871 2611 2926; x_wconf 88' lang='lat' dir='ltr'><strong>vitam</strong></span> <span class='ocrx_word' id='word_1_376' title='bbox 2665 2883 2888 2942; x_wconf 76' lang='lat' dir='ltr'><strong>ageret;</strong></span> <span class='ocrx_word' id='word_1_377' title='bbox 2931 2889 3031 2930; x_wconf 90' lang='lat' dir='ltr'><strong>nec</strong></span> <span class='ocrx_word' id='word_1_378' title='bbox 3072 2875 3397 2945; x_wconf 75' lang='lat' dir='ltr'><strong>patriarcha:</strong></span> <span class='ocrx_word' id='word_1_379' title='bbox 3447 2890 3725 2941; x_wconf 85' lang='lat' dir='ltr'><strong>successor,</strong></span> 
     </span>
    </p>
   </div>
   <div class='ocr_carea' id='block_1_44' title="bbox 479 2964 2012 3042">
    <p class='ocr_par' dir='ltr' id='par_1_44' title="bbox 479 2970 2012 3042">
     <span class='ocr_line' id='line_1_44' title="bbox 479 2970 2012 3042; baseline -0.001 -16"><span class='ocrx_word' id='word_1_380' title='bbox 479 2975 656 3036; x_wconf 78' lang='grc' dir='ltr'>πόνοις</span> <span class='ocrx_word' id='word_1_381' title='bbox 690 2972 939 3036; x_wconf 69' lang='grc' dir='ltr'><strong>διελθὼν,</strong></span> <span class='ocrx_word' id='word_1_382' title='bbox 967 2971 1188 3042; x_wconf 73' lang='grc' dir='ltr'><strong>ἠγάσθη</strong></span> <span class='ocrx_word' id='word_1_383' title='bbox 1221 2971 1314 3024; x_wconf 74' lang='grc' dir='ltr'><strong>ἐπὶ</strong></span> <span class='ocrx_word' id='word_1_384' title='bbox 1337 2970 1414 3042; x_wconf 76' lang='grc' dir='ltr'><strong>τῷ</strong></span> <span class='ocrx_word' id='word_1_385' title='bbox 1432 2973 1737 3040; x_wconf 77' lang='grc' dir='ltr'><strong>πράγματι,</strong></span> <span class='ocrx_word' id='word_1_386' title='bbox 1773 2974 1865 3026; x_wconf 73' lang='grc' dir='ltr'><strong>καὶ</strong></span> <span class='ocrx_word' id='word_1_387' title='bbox 1889 2973 2012 3025; x_wconf 70' lang='grc' dir='ltr'>πολ)</span> 
     </span>
    </p>
   </div>
   <div class='ocr_carea' id='block_1_45' title="bbox 2192 2964 3725 3042">
    <p class='ocr_par' dir='ltr' id='par_1_45' title="bbox 2192 2964 3725 3040">
     <span class='ocr_line' id='line_1_45' title="bbox 2192 2964 3725 3040; baseline 0.003 -22"><span class='ocrx_word' id='word_1_388' title='bbox 2192 2964 2308 3030; x_wconf 26' lang='lat' dir='ltr'><strong>,uod</strong></span> <span class='ocrx_word' id='word_1_389' title='bbox 2345 2965 2458 3020; x_wconf 78' lang='lat' dir='ltr'><strong>fere</strong></span> <span class='ocrx_word' id='word_1_390' title='bbox 2482 2966 2848 3038; x_wconf 87' lang='lat' dir='ltr'><strong>syneellorum</strong></span> <span class='ocrx_word' id='word_1_391' title='bbox 2886 2967 3193 3035; x_wconf 83' lang='lat' dir='ltr'><strong>videbatur,</strong></span> <span class='ocrx_word' id='word_1_392' title='bbox 3226 2969 3542 3040; x_wconf 77' lang='lat' dir='ltr'><strong>designatus</strong></span> <span class='ocrx_word' id='word_1_393' title='bbox 3581 2977 3725 3024; x_wconf 83' lang='lat' dir='ltr'><strong>esset.</strong></span> 
     </span>
    </p>
   </div>
   <div class='ocr_carea' id='block_1_46' title="bbox 478 3053 2011 3134">
    <p class='ocr_par' dir='ltr' id='par_1_46' title="bbox 478 3062 2011 3134">
     <span class='ocr_line' id='line_1_46' title="bbox 478 3062 2011 3134; baseline -0.003 -15"><span class='ocrx_word' id='word_1_394' title='bbox 478 3065 944 3134; x_wconf 73' lang='grc' dir='ltr'><strong>προσεπαινέσας,</strong></span> <span class='ocrx_word' id='word_1_395' title='bbox 975 3062 1068 3115; x_wconf 64' lang='grc' dir='ltr'>καὶ</span> <span class='ocrx_word' id='word_1_396' title='bbox 1097 3063 1158 3115; x_wconf 81' lang='grc' dir='ltr'><strong>τὸ</strong></span> <span class='ocrx_word' id='word_1_397' title='bbox 1192 3062 1412 3132; x_wconf 65' lang='grc' dir='ltr'><strong>βέϐαιον</strong></span> <span class='ocrx_word' id='word_1_398' title='bbox 1468 3063 1568 3133; x_wconf 80' lang='grc' dir='ltr'><strong>τῆς</strong></span> <span class='ocrx_word' id='word_1_399' title='bbox 1593 3063 1757 3118; x_wconf 80' lang='grc' dir='ltr'><strong>αὑτοῦ</strong></span> <span class='ocrx_word' id='word_1_400' title='bbox 1818 3062 2011 3117; x_wconf 76' lang='grc' dir='ltr'><strong>πίστει-</strong></span> 
     </span>
    </p>
   </div>
   <div class='ocr_carea' id='block_1_47' title="bbox 2188 3053 3721 3134">
    <p class='ocr_par' dir='ltr' id='par_1_47' title="bbox 2188 3056 3721 3130">
     <span class='ocr_line' id='line_1_47' title="bbox 2188 3056 3721 3130; baseline 0.003 -20"><span class='ocrx_word' id='word_1_401' title='bbox 2188 3056 2437 3113; x_wconf 73' lang='lat' dir='ltr'><strong>’otuisset</strong></span> <span class='ocrx_word' id='word_1_402' title='bbox 2489 3057 2776 3114; x_wconf 88' lang='lat' dir='ltr'><strong>Sthetatus</strong></span> <span class='ocrx_word' id='word_1_403' title='bbox 2809 3059 2854 3114; x_wconf 93' lang='lat' dir='ltr'><strong>si</strong></span> <span class='ocrx_word' id='word_1_404' title='bbox 2879 3059 2998 3130; x_wconf 87' lang='lat' dir='ltr'><strong>ejus</strong></span> <span class='ocrx_word' id='word_1_405' title='bbox 3025 3062 3180 3130; x_wconf 86' lang='lat' dir='ltr'><strong>copia</strong></span> <span class='ocrx_word' id='word_1_406' title='bbox 3215 3060 3429 3129; x_wconf 80' lang='lat' dir='ltr'><strong>fuisset,</strong></span> <span class='ocrx_word' id='word_1_407' title='bbox 3468 3061 3598 3118; x_wconf 89' lang='lat' dir='ltr'><strong>lucis</strong></span> <span class='ocrx_word' id='word_1_408' title='bbox 3633 3061 3721 3116; x_wconf 83' lang='lat' dir='ltr'><strong>sli-</strong></span> 
     </span>
    </p>
   </div>
   <div class='ocr_carea' id='block_1_48' title="bbox 477 3147 2010 3226">
    <p class='ocr_par' dir='ltr' id='par_1_48' title="bbox 477 3153 2010 3226">
     <span class='ocr_line' id='line_1_48' title="bbox 477 3153 2010 3226; baseline -0.005 -15"><span class='ocrx_word' id='word_1_409' title='bbox 477 3155 852 3226; x_wconf 80' lang='grc' dir='ltr'><strong>ἰγκωμιάσας,</strong></span> <span class='ocrx_word' id='word_1_410' title='bbox 877 3155 1166 3218; x_wconf 74' lang='grc' dir='ltr'><strong>ἀπέλυσεν,</strong></span> <span class='ocrx_word' id='word_1_411' title='bbox 1192 3154 1632 3224; x_wconf 78' lang='grc' dir='ltr'><strong>ὑπομιμνήσκειν</strong></span> <span class='ocrx_word' id='word_1_412' title='bbox 1655 3153 1806 3226; x_wconf 80' lang='grc' dir='ltr'><strong>αὑτῷ</strong></span> <span class='ocrx_word' id='word_1_413' title='bbox 1828 3171 2010 3226; x_wconf 78' lang='grc' dir='ltr'><strong>προτρ</strong></span> 
     </span>
    </p>
   </div>
   <div class='ocr_carea' id='block_1_49' title="bbox 2189 3147 3722 3226">
    <p class='ocr_par' dir='ltr' id='par_1_49' title="bbox 2189 3147 3722 3226">
     <span class='ocr_line' id='line_1_49' title="bbox 2189 3147 3722 3226; baseline 0.005 -25"><span class='ocrx_word' id='word_1_414' title='bbox 2189 3148 2292 3216; x_wconf 62' lang='lat' dir='ltr'><strong>inid</strong></span> <span class='ocrx_word' id='word_1_415' title='bbox 2313 3147 2528 3206; x_wconf 57' lang='lat' dir='ltr'><strong>amare.</strong></span> <span class='ocrx_word' id='word_1_416' title='bbox 2567 3149 2731 3206; x_wconf 87' lang='lat' dir='ltr'><strong>Docet</strong></span> <span class='ocrx_word' id='word_1_417' title='bbox 2767 3153 2945 3221; x_wconf 88' lang='lat' dir='ltr'><strong>itaque</strong></span> <span class='ocrx_word' id='word_1_418' title='bbox 2961 3165 3113 3219; x_wconf 86' lang='lat' dir='ltr'><strong>eum,</strong></span> <span class='ocrx_word' id='word_1_419' title='bbox 3141 3151 3395 3210; x_wconf 89' lang='lat' dir='ltr'><strong>abdicato</strong></span> <span class='ocrx_word' id='word_1_420' title='bbox 3433 3156 3722 3226; x_wconf 85' lang='lat' dir='ltr'><strong>episcopatu</strong></span> 
     </span>
    </p>
   </div>
   <div class='ocr_carea' id='block_1_50' title="bbox 474 3223 2007 3317">
    <p class='ocr_par' dir='ltr' id='par_1_50' title="bbox 474 3223 2007 3317">
     <span class='ocr_line' id='line_1_50' title="bbox 474 3223 2007 3317; baseline 0.015 -2"><span class='ocrx_word' id='word_1_421' title='bbox 474 3223 719 3317; x_wconf 63' lang='grc' dir='ltr'>ψάμενος</span> <span class='ocrx_word' id='word_1_422' title='bbox 741 3246 882 3299; x_wconf 76' lang='grc' dir='ltr'><strong>κατὰ</strong></span> <span class='ocrx_word' id='word_1_423' title='bbox 904 3245 994 3300; x_wconf 52' lang='lat' dir='ltr'><strong>vim</strong></span> <span class='ocrx_word' id='word_1_424' title='bbox 1013 3243 1201 3315; x_wconf 59' lang='grc' dir='ltr'><strong>καιρὸν</strong></span> <span class='ocrx_word' id='word_1_425' title='bbox 1227 3223 1324 3313; x_wconf 57' lang='grc' dir='ltr'><strong>τῆξ</strong></span> <span class='ocrx_word' id='word_1_426' title='bbox 1347 3223 1442 3296; x_wconf 13' lang='grc' dir='ltr'><strong>τγοῧ</strong></span> <span class='ocrx_word' id='word_1_427' title='bbox 1464 3223 1679 3314; x_wconf 13' lang='grc' dir='ltr'><strong>ΫίῘατΡδς</strong></span> <span class='ocrx_word' id='word_1_428' title='bbox 1703 3223 1950 3314; x_wconf 40' lang='lat' dir='ltr'><strong>Milph&quot;</strong></span> <span class='ocrx_word' id='word_1_429' title='bbox 1974 3223 2007 3297; x_wconf 12' lang='lat' dir='ltr'><strong>id</strong></span> 
     </span>
    </p>
   </div>
   <div class='ocr_carea' id='block_1_51' title="bbox 2186 3223 3719 3317">
    <p class='ocr_par' dir='ltr' id='par_1_51' title="bbox 2186 3223 3719 3317">
     <span class='ocr_line' id='line_1_51' title="bbox 2186 3223 3719 3317; baseline 0.002 -21"><span class='ocrx_word' id='word_1_430' title='bbox 2186 3242 2246 3298; x_wconf 54' lang='lat' dir='ltr'><strong>iic</strong></span> <span class='ocrx_word' id='word_1_431' title='bbox 2278 3243 2492 3298; x_wconf 90' lang='lat' dir='ltr'><strong>assidue</strong></span> <span class='ocrx_word' id='word_1_432' title='bbox 2515 3253 2791 3300; x_wconf 87' lang='lat' dir='ltr'><strong>versatum</strong></span> <span class='ocrx_word' id='word_1_433' title='bbox 2820 3259 2942 3299; x_wconf 89' lang='lat' dir='ltr'><strong>cum</strong></span> <span class='ocrx_word' id='word_1_434' title='bbox 2973 3246 3304 3313; x_wconf 86' lang='lat' dir='ltr'><strong>patriarcha,</strong></span> <span class='ocrx_word' id='word_1_435' title='bbox 3340 3261 3405 3300; x_wconf 85' lang='lat' dir='ltr'><strong>ac</strong></span> <span class='ocrx_word' id='word_1_436' title='bbox 3440 3223 3560 3301; x_wconf 79' lang='lat' dir='ltr'><strong>vere</strong></span> <span class='ocrx_word' id='word_1_437' title='bbox 3605 3223 3719 3317; x_wconf 77' lang='lat' dir='ltr'><strong>syn-</strong></span> 
     </span>
    </p>
   </div>
   <div class='ocr_carea' id='block_1_52' title="bbox 477 3333 2010 3408">
    <p class='ocr_par' dir='ltr' id='par_1_52' title="bbox 477 3335 2010 3407">
     <span class='ocr_line' id='line_1_52' title="bbox 477 3335 2010 3407; baseline -0.003 -15"><span class='ocrx_word' id='word_1_438' title='bbox 477 3339 544 3392; x_wconf 89' lang='grc' dir='ltr'>ἂν</span> <span class='ocrx_word' id='word_1_439' title='bbox 562 3341 654 3392; x_wconf 74' lang='grc' dir='ltr'><strong>καὶ</strong></span> <span class='ocrx_word' id='word_1_440' title='bbox 673 3338 832 3399; x_wconf 76' lang='grc' dir='ltr'>αὐτὸς</span> <span class='ocrx_word' id='word_1_441' title='bbox 851 3355 919 3406; x_wconf 84' lang='grc' dir='ltr'>κη</span> <span class='ocrx_word' id='word_1_442' title='bbox 930 3337 1056 3405; x_wconf 64' lang='lat' dir='ltr'><strong>pob;</strong></span> <span class='ocrx_word' id='word_1_443' title='bbox 1080 3337 1173 3389; x_wconf 69' lang='grc' dir='ltr'>καὶ</span> <span class='ocrx_word' id='word_1_444' title='bbox 1199 3336 1346 3406; x_wconf 79' lang='grc' dir='ltr'><strong>μύρα</strong></span> <span class='ocrx_word' id='word_1_445' title='bbox 1367 3337 1606 3407; x_wconf 72' lang='grc' dir='ltr'><strong>παρέχῃ,</strong></span> <span class='ocrx_word' id='word_1_446' title='bbox 1626 3337 1719 3390; x_wconf 78' lang='grc' dir='ltr'><strong>καὶ</strong></span> <span class='ocrx_word' id='word_1_447' title='bbox 1741 3335 2010 3404; x_wconf 75' lang='grc' dir='ltr'>ἀφοσιοῦτι</span> 
     </span>
    </p>
   </div>
   <div class='ocr_carea' id='block_1_53' title="bbox 2189 3333 3722 3408">
    <p class='ocr_par' dir='ltr' id='par_1_53' title="bbox 2189 3333 3722 3408">
     <span class='ocr_line' id='line_1_53' title="bbox 2189 3333 3722 3408; baseline 0.003 -20"><span class='ocrx_word' id='word_1_448' title='bbox 2189 3333 2288 3389; x_wconf 91' lang='lat' dir='ltr'><strong>:elli</strong></span> <span class='ocrx_word' id='word_1_449' title='bbox 2315 3344 2495 3405; x_wconf 88' lang='lat' dir='ltr'><strong>partes</strong></span> <span class='ocrx_word' id='word_1_450' title='bbox 2525 3335 2801 3406; x_wconf 88' lang='lat' dir='ltr'><strong>implesse,</strong></span> <span class='ocrx_word' id='word_1_451' title='bbox 2838 3351 2942 3392; x_wconf 88' lang='lat' dir='ltr'><strong>non</strong></span> <span class='ocrx_word' id='word_1_452' title='bbox 2977 3335 3096 3392; x_wconf 89' lang='lat' dir='ltr'><strong>solo</strong></span> <span class='ocrx_word' id='word_1_453' title='bbox 3148 3337 3306 3393; x_wconf 88' lang='lat' dir='ltr'><strong>titulo</strong></span> <span class='ocrx_word' id='word_1_454' title='bbox 3339 3345 3506 3408; x_wconf 87' lang='lat' dir='ltr'><strong>atque</strong></span> <span class='ocrx_word' id='word_1_455' title='bbox 3531 3339 3722 3393; x_wconf 82' lang='lat' dir='ltr'><strong>nomine</strong></span> 
     </span>
    </p>
   </div>
   <div class='ocr_carea' id='block_1_54' title="bbox 474 3427 3721 3500">
    <p class='ocr_par' dir='ltr' id='par_1_54' title="bbox 474 3427 3721 3500">
     <span class='ocr_line' id='line_1_54' title="bbox 474 3427 3721 3500; baseline 0.001 -18"><span class='ocrx_word' id='word_1_456' title='bbox 474 3431 576 3500; x_wconf 75' lang='grc' dir='ltr'><strong>τὴν</strong></span> <span class='ocrx_word' id='word_1_457' title='bbox 618 3431 807 3500; x_wconf 80' lang='grc' dir='ltr'><strong>τιμήν.</strong></span> <span class='ocrx_word' id='word_1_458' title='bbox 851 3429 1061 3482; x_wconf 77' lang='lat' dir='ltr'><strong>Audiuit</strong></span> <span class='ocrx_word' id='word_1_459' title='bbox 1111 3429 1221 3482; x_wconf 85' lang='lat' dir='ltr'><strong>ha&#39;c</strong></span> <span class='ocrx_word' id='word_1_460' title='bbox 1237 3437 1286 3481; x_wconf 89' lang='lat' dir='ltr'><strong>et</strong></span> <span class='ocrx_word' id='word_1_461' title='bbox 1325 3427 1671 3496; x_wconf 82' lang='lat' dir='ltr'><strong>patriarcha;</strong></span> <span class='ocrx_word' id='word_1_462' title='bbox 1709 3427 2064 3496; x_wconf 86' lang='lat' dir='ltr'><strong>accersitoque</strong></span> <span class='ocrx_word' id='word_1_463' title='bbox 2165 3439 2417 3483; x_wconf 89' lang='lat' dir='ltr'><strong>ornatum</strong></span> <span class='ocrx_word' id='word_1_464' title='bbox 2450 3428 2622 3485; x_wconf 79' lang='lat' dir='ltr'><strong>fuisse</strong></span> <span class='ocrx_word' id='word_1_465' title='bbox 2651 3445 2667 3496; x_wconf 90' lang='lat'><strong>;</strong></span> <span class='ocrx_word' id='word_1_466' title='bbox 2698 3428 2812 3484; x_wconf 88' lang='lat' dir='ltr'><strong>sive</strong></span> <span class='ocrx_word' id='word_1_467' title='bbox 2835 3429 2972 3484; x_wconf 86' lang='lat' dir='ltr'><strong>alias</strong></span> <span class='ocrx_word' id='word_1_468' title='bbox 3021 3429 3269 3486; x_wconf 88' lang='lat' dir='ltr'><strong>inhiabat</strong></span> <span class='ocrx_word' id='word_1_469' title='bbox 3295 3432 3411 3487; x_wconf 87' lang='lat' dir='ltr'><strong>sedi</strong></span> <span class='ocrx_word' id='word_1_470' title='bbox 3472 3431 3721 3488; x_wconf 56' lang='lat' dir='ltr'><strong>Constano</strong></span> 
     </span>
    </p>
   </div>
   <div class='ocr_carea' id='block_1_55' title="bbox 475 3518 3719 3594">
    <p class='ocr_par' dir='ltr' id='par_1_55' title="bbox 475 3518 3719 3594">
     <span class='ocr_line' id='line_1_55' title="bbox 475 3518 3719 3594; baseline 0 -18"><span class='ocrx_word' id='word_1_471' title='bbox 475 3534 681 3587; x_wconf 83' lang='lat' dir='ltr'><strong>sancto,</strong></span> <span class='ocrx_word' id='word_1_472' title='bbox 697 3537 758 3576; x_wconf 77' lang='lat' dir='ltr'><strong>ex</strong></span> <span class='ocrx_word' id='word_1_473' title='bbox 777 3522 868 3576; x_wconf 85' lang='lat' dir='ltr'><strong>illo</strong></span> <span class='ocrx_word' id='word_1_474' title='bbox 891 3532 1244 3590; x_wconf 82' lang='lat' dir='ltr'><strong>percontatur,</strong></span> <span class='ocrx_word' id='word_1_475' title='bbox 1264 3522 1327 3575; x_wconf 83' lang='lat' dir='ltr'><strong>de</strong></span> <span class='ocrx_word' id='word_1_476' title='bbox 1358 3521 1436 3575; x_wconf 88' lang='lat' dir='ltr'><strong>his</strong></span> <span class='ocrx_word' id='word_1_477' title='bbox 1472 3535 1590 3591; x_wconf 75' lang='lat' dir='ltr'><strong>qua:</strong></span> <span class='ocrx_word' id='word_1_478' title='bbox 1609 3520 1876 3574; x_wconf 87' lang='lat' dir='ltr'><strong>audierat.</strong></span> <span class='ocrx_word' id='word_1_479' title='bbox 1905 3518 2064 3574; x_wconf 87' lang='lat' dir='ltr'><strong>Docet</strong></span> <span class='ocrx_word' id='word_1_480' title='bbox 2168 3521 2562 3590; x_wconf 82' lang='lat' dir='ltr'><strong>tinopolitanae,</strong></span> <span class='ocrx_word' id='word_1_481' title='bbox 2610 3534 2784 3592; x_wconf 87' lang='lat' dir='ltr'><strong>eoque</strong></span> <span class='ocrx_word' id='word_1_482' title='bbox 2852 3536 3077 3578; x_wconf 90' lang='lat' dir='ltr'><strong>munere</strong></span> <span class='ocrx_word' id='word_1_483' title='bbox 3133 3523 3237 3577; x_wconf 88' lang='lat' dir='ltr'><strong>sibi</strong></span> <span class='ocrx_word' id='word_1_484' title='bbox 3267 3522 3336 3577; x_wconf 83' lang='lat' dir='ltr'><strong>ad</strong></span> <span class='ocrx_word' id='word_1_485' title='bbox 3373 3537 3496 3579; x_wconf 87' lang='lat' dir='ltr'><strong>eam</strong></span> <span class='ocrx_word' id='word_1_486' title='bbox 3520 3523 3719 3594; x_wconf 72' lang='lat' dir='ltr'><strong>gradum</strong></span> 
     </span>
    </p>
   </div>
   <div class='ocr_carea' id='block_1_56' title="bbox 478 3611 3720 3685">
    <p class='ocr_par' dir='ltr' id='par_1_56' title="bbox 478 3611 3720 3685">
     <span class='ocr_line' id='line_1_56' title="bbox 478 3611 3720 3685; baseline 0.001 -18"><span class='ocrx_word' id='word_1_487' title='bbox 478 3617 566 3670; x_wconf 90' lang='lat' dir='ltr'><strong>ille</strong></span> <span class='ocrx_word' id='word_1_488' title='bbox 606 3615 840 3669; x_wconf 89' lang='lat' dir='ltr'><strong>omnium</strong></span> <span class='ocrx_word' id='word_1_489' title='bbox 895 3613 1472 3683; x_wconf 85' lang='lat' dir='ltr'><strong>rationem,diuinaque</strong></span> <span class='ocrx_word' id='word_1_490' title='bbox 1511 3614 1715 3680; x_wconf 86' lang='lat' dir='ltr'><strong>pridem</strong></span> <span class='ocrx_word' id='word_1_491' title='bbox 1752 3611 2064 3667; x_wconf 82' lang='lat' dir='ltr'><strong>reuelatione</strong></span> <span class='ocrx_word' id='word_1_492' title='bbox 2167 3612 2392 3682; x_wconf 85' lang='lat' dir='ltr'><strong>parabat</strong></span> <span class='ocrx_word' id='word_1_493' title='bbox 2435 3629 2450 3666; x_wconf 87' lang='lat'><strong>:</strong></span> <span class='ocrx_word' id='word_1_494' title='bbox 2486 3627 2650 3682; x_wconf 88' lang='lat' dir='ltr'><strong>quam</strong></span> <span class='ocrx_word' id='word_1_495' title='bbox 2681 3627 2748 3668; x_wconf 92' lang='lat' dir='ltr'><strong>ne</strong></span> <span class='ocrx_word' id='word_1_496' title='bbox 2775 3622 3186 3682; x_wconf 81' lang='lat' dir='ltr'><strong>assequerotur,</strong></span> <span class='ocrx_word' id='word_1_497' title='bbox 3219 3613 3272 3670; x_wconf 89' lang='lat' dir='ltr'><strong>itt</strong></span> <span class='ocrx_word' id='word_1_498' title='bbox 3302 3629 3472 3671; x_wconf 85' lang='lat' dir='ltr'><strong>causa</strong></span> <span class='ocrx_word' id='word_1_499' title='bbox 3509 3630 3624 3672; x_wconf 83' lang='lat' dir='ltr'><strong>esse</strong></span> <span class='ocrx_word' id='word_1_500' title='bbox 3640 3630 3720 3685; x_wconf 87' lang='lat' dir='ltr'><strong>po-</strong></span> 
     </span>
    </p>
   </div>
   <div class='ocr_carea' id='block_1_57' title="bbox 477 3702 3718 3780">
    <p class='ocr_par' dir='ltr' id='par_1_57' title="bbox 477 3702 3718 3780">
     <span class='ocr_line' id='line_1_57' title="bbox 477 3702 3718 3780; baseline -0 -19"><span class='ocrx_word' id='word_1_501' title='bbox 477 3716 632 3778; x_wconf 81' lang='lat' dir='ltr'><strong>atque</strong></span> <span class='ocrx_word' id='word_1_502' title='bbox 657 3707 855 3777; x_wconf 72' lang='lat' dir='ltr'><strong>aﬁlatu,</strong></span> <span class='ocrx_word' id='word_1_503' title='bbox 877 3708 1083 3758; x_wconf 85' lang='lat' dir='ltr'><strong>cantica</strong></span> <span class='ocrx_word' id='word_1_504' title='bbox 1101 3703 1476 3773; x_wconf 77' lang='lat' dir='ltr'><strong>composuisse,</strong></span> <span class='ocrx_word' id='word_1_505' title='bbox 1515 3718 1577 3756; x_wconf 89' lang='lat' dir='ltr'><strong>ac</strong></span> <span class='ocrx_word' id='word_1_506' title='bbox 1603 3702 1762 3757; x_wconf 83' lang='lat' dir='ltr'><strong>vitam</strong></span> <span class='ocrx_word' id='word_1_507' title='bbox 1779 3703 1924 3756; x_wconf 89' lang='lat' dir='ltr'><strong>illius</strong></span> <span class='ocrx_word' id='word_1_508' title='bbox 1941 3719 2064 3757; x_wconf 87' lang='lat' dir='ltr'><strong>con—</strong></span> <span class='ocrx_word' id='word_1_509' title='bbox 2167 3705 2633 3776; x_wconf 56' lang='lat' dir='ltr'><strong>Iuitlongaﬁergii</strong></span> <span class='ocrx_word' id='word_1_510' title='bbox 2668 3715 2799 3760; x_wconf 72' lang='lat' dir='ltr'><strong>tetas</strong></span> <span class='ocrx_word' id='word_1_511' title='bbox 2841 3719 2904 3761; x_wconf 87' lang='lat' dir='ltr'><strong>ac</strong></span> <span class='ocrx_word' id='word_1_512' title='bbox 2928 3708 3085 3761; x_wconf 88' lang='lat' dir='ltr'><strong>sedes</strong></span> <span class='ocrx_word' id='word_1_513' title='bbox 3113 3722 3382 3763; x_wconf 83' lang='lat' dir='ltr'><strong>annorum</strong></span> <span class='ocrx_word' id='word_1_514' title='bbox 3412 3711 3618 3780; x_wconf 79' lang='lat' dir='ltr'><strong>viginti,</strong></span> <span class='ocrx_word' id='word_1_515' title='bbox 3649 3710 3718 3762; x_wconf 87' lang='lat' dir='ltr'><strong>in-</strong></span> 
     </span>
    </p>
   </div>
   <div class='ocr_carea' id='block_1_58' title="bbox 476 3794 3718 3869">
    <p class='ocr_par' dir='ltr' id='par_1_58' title="bbox 476 3794 3718 3869">
     <span class='ocr_line' id='line_1_58' title="bbox 476 3794 3718 3869; baseline 0.001 -17"><span class='ocrx_word' id='word_1_516' title='bbox 476 3800 765 3863; x_wconf 84' lang='lat' dir='ltr'><strong>scripsisse.</strong></span> <span class='ocrx_word' id='word_1_517' title='bbox 790 3795 1442 3864; x_wconf 60' lang='lat' dir='ltr'><strong>Quteritpatriurchuha’c</strong></span> <span class='ocrx_word' id='word_1_518' title='bbox 1477 3810 1804 3865; x_wconf 84' lang='lat' dir='ltr'><strong>percurrere,</strong></span> <span class='ocrx_word' id='word_1_519' title='bbox 1845 3794 2062 3864; x_wconf 87' lang='lat' dir='ltr'><strong>ipsaque</strong></span> <span class='ocrx_word' id='word_1_520' title='bbox 2167 3808 2246 3854; x_wconf 88' lang='lat' dir='ltr'><strong>tra</strong></span> <span class='ocrx_word' id='word_1_521' title='bbox 2275 3814 2413 3869; x_wconf 75' lang='lat' dir='ltr'><strong>quos</strong></span> <span class='ocrx_word' id='word_1_522' title='bbox 2445 3799 2582 3854; x_wconf 86' lang='lat' dir='ltr'><strong>nihil</strong></span> <span class='ocrx_word' id='word_1_523' title='bbox 2611 3809 2754 3853; x_wconf 81' lang='lat' dir='ltr'><strong>vetat</strong></span> <span class='ocrx_word' id='word_1_524' title='bbox 2779 3798 3114 3863; x_wconf 84' lang='lat' dir='ltr'><strong>Stephanum</strong></span> <span class='ocrx_word' id='word_1_525' title='bbox 3147 3802 3401 3856; x_wconf 83' lang='lat' dir='ltr'><strong>humanis</strong></span> <span class='ocrx_word' id='word_1_526' title='bbox 3423 3803 3718 3867; x_wconf 80' lang='lat' dir='ltr'><strong>excessisse,</strong></span> 
     </span>
    </p>
   </div>
   <div class='ocr_carea' id='block_1_59' title="bbox 476 3888 3717 3962">
    <p class='ocr_par' dir='ltr' id='par_1_59' title="bbox 476 3888 3717 3962">
     <span class='ocr_line' id='line_1_59' title="bbox 476 3888 3717 3962; baseline 0 -16"><span class='ocrx_word' id='word_1_527' title='bbox 476 3895 619 3947; x_wconf 87' lang='lat' dir='ltr'><strong>abeo</strong></span> <span class='ocrx_word' id='word_1_528' title='bbox 641 3893 832 3961; x_wconf 86' lang='lat' dir='ltr'><strong>scripta</strong></span> <span class='ocrx_word' id='word_1_529' title='bbox 852 3891 1123 3960; x_wconf 88' lang='lat' dir='ltr'><strong>pellegere.</strong></span> <span class='ocrx_word' id='word_1_530' title='bbox 1157 3889 1392 3957; x_wconf 83' lang='lat' dir='ltr'><strong>Sumptis</strong></span> <span class='ocrx_word' id='word_1_531' title='bbox 1415 3889 1588 3960; x_wconf 84' lang='lat' dir='ltr'><strong>itaque</strong></span> <span class='ocrx_word' id='word_1_532' title='bbox 1610 3889 1661 3943; x_wconf 85' lang='lat' dir='ltr'><strong>in</strong></span> <span class='ocrx_word' id='word_1_533' title='bbox 1681 3905 1867 3944; x_wconf 86' lang='lat' dir='ltr'><strong>manus</strong></span> <span class='ocrx_word' id='word_1_534' title='bbox 1889 3888 2060 3955; x_wconf 81' lang='lat' dir='ltr'><strong>libris,</strong></span> <span class='ocrx_word' id='word_1_535' title='bbox 2164 3900 2217 3946; x_wconf 87' lang='lat' dir='ltr'><strong>et</strong></span> <span class='ocrx_word' id='word_1_536' title='bbox 2251 3892 2337 3946; x_wconf 83' lang='lat' dir='ltr'><strong>tibi</strong></span> <span class='ocrx_word' id='word_1_537' title='bbox 2378 3900 2544 3946; x_wconf 84' lang='lat' dir='ltr'><strong>totum</strong></span> <span class='ocrx_word' id='word_1_538' title='bbox 2608 3891 2662 3946; x_wconf 87' lang='lat' dir='ltr'><strong>iu</strong></span> <span class='ocrx_word' id='word_1_539' title='bbox 2725 3889 3053 3961; x_wconf 76' lang='lat' dir='ltr'><strong>Symeonem</strong></span> <span class='ocrx_word' id='word_1_540' title='bbox 3093 3891 3336 3947; x_wconf 74' lang='lat' dir='ltr'><strong>fabulam</strong></span> <span class='ocrx_word' id='word_1_541' title='bbox 3371 3893 3597 3957; x_wconf 86' lang='lat' dir='ltr'><strong>luserat,</strong></span> <span class='ocrx_word' id='word_1_542' title='bbox 3635 3908 3717 3962; x_wconf 74' lang='lat' dir='ltr'><strong>per</strong></span> 
     </span>
    </p>
   </div>
   <div class='ocr_carea' id='block_1_60' title="bbox 476 3981 3715 4054">
    <p class='ocr_par' dir='ltr' id='par_1_60' title="bbox 476 3981 3715 4054">
     <span class='ocr_line' id='line_1_60' title="bbox 476 3981 3715 4054; baseline -0.001 -15"><span class='ocrx_word' id='word_1_543' title='bbox 476 3987 772 4054; x_wconf 82' lang='lat' dir='ltr'><strong>cunctisque</strong></span> <span class='ocrx_word' id='word_1_544' title='bbox 812 3985 1087 4050; x_wconf 74' lang='lat' dir='ltr'><strong>diligenter</strong></span> <span class='ocrx_word' id='word_1_545' title='bbox 1133 3981 1364 4049; x_wconf 84' lang='lat' dir='ltr'><strong>pellectis</strong></span> <span class='ocrx_word' id='word_1_546' title='bbox 1391 3998 1454 4036; x_wconf 87' lang='lat' dir='ltr'><strong>ac</strong></span> <span class='ocrx_word' id='word_1_547' title='bbox 1494 3981 1735 4046; x_wconf 80' lang='lat' dir='ltr'><strong>evolutis,</strong></span> <span class='ocrx_word' id='word_1_548' title='bbox 1769 3997 1823 4036; x_wconf 90' lang='lat' dir='ltr'><strong>re</strong></span> <span class='ocrx_word' id='word_1_549' title='bbox 1851 3982 2062 4052; x_wconf 83' lang='lat' dir='ltr'><strong>gavisus</strong></span> <span class='ocrx_word' id='word_1_550' title='bbox 2161 3985 2320 4054; x_wconf 82' lang='lat' dir='ltr'><strong>cujus</strong></span> <span class='ocrx_word' id='word_1_551' title='bbox 2354 3984 2436 4039; x_wconf 90' lang='lat' dir='ltr'><strong>vel</strong></span> <span class='ocrx_word' id='word_1_552' title='bbox 2476 3998 2710 4039; x_wconf 88' lang='lat' dir='ltr'><strong>mortem</strong></span> <span class='ocrx_word' id='word_1_553' title='bbox 2774 3983 2857 4038; x_wconf 85' lang='lat' dir='ltr'><strong>vel</strong></span> <span class='ocrx_word' id='word_1_554' title='bbox 2889 3983 3358 4054; x_wconf 84' lang='lat' dir='ltr'><strong>ingravescentem</strong></span> <span class='ocrx_word' id='word_1_555' title='bbox 3386 3996 3616 4047; x_wconf 63' lang='lat' dir='ltr'><strong>atatem,</strong></span> <span class='ocrx_word' id='word_1_556' title='bbox 3640 3985 3715 4039; x_wconf 86' lang='lat' dir='ltr'><strong>ille</strong></span> 
     </span>
    </p>
   </div>
   <div class='ocr_carea' id='block_1_61' title="bbox 474 4073 3714 4148">
    <p class='ocr_par' dir='ltr' id='par_1_61' title="bbox 474 4073 3714 4148">
     <span class='ocr_line' id='line_1_61' title="bbox 474 4073 3714 4148; baseline -0 -16"><span class='ocrx_word' id='word_1_557' title='bbox 474 4088 574 4141; x_wconf 85' lang='lat' dir='ltr'><strong>est,</strong></span> <span class='ocrx_word' id='word_1_558' title='bbox 609 4078 892 4146; x_wconf 83' lang='lat' dir='ltr'><strong>multisque</strong></span> <span class='ocrx_word' id='word_1_559' title='bbox 957 4075 1202 4128; x_wconf 80' lang='lat' dir='ltr'><strong>laudibus</strong></span> <span class='ocrx_word' id='word_1_560' title='bbox 1253 4074 1564 4139; x_wconf 79' lang='lat' dir='ltr'><strong>cantu/aus;</strong></span> <span class='ocrx_word' id='word_1_561' title='bbox 1607 4073 1916 4144; x_wconf 76' lang='lat' dir='ltr'><strong>ﬁrmamque</strong></span> <span class='ocrx_word' id='word_1_562' title='bbox 1949 4073 2061 4143; x_wconf 82' lang='lat' dir='ltr'><strong>ejus</strong></span> <span class='ocrx_word' id='word_1_563' title='bbox 2163 4075 2508 4145; x_wconf 86' lang='lat' dir='ltr'><strong>postmodum</strong></span> <span class='ocrx_word' id='word_1_564' title='bbox 2557 4091 2691 4144; x_wconf 88' lang='lat' dir='ltr'><strong>pace</strong></span> <span class='ocrx_word' id='word_1_565' title='bbox 2735 4076 2942 4146; x_wconf 90' lang='lat' dir='ltr'><strong>potitus</strong></span> <span class='ocrx_word' id='word_1_566' title='bbox 2999 4076 3094 4140; x_wconf 85' lang='lat' dir='ltr'><strong>sit,</strong></span> <span class='ocrx_word' id='word_1_567' title='bbox 3146 4077 3428 4148; x_wconf 87' lang='lat' dir='ltr'><strong>libereque</strong></span> <span class='ocrx_word' id='word_1_568' title='bbox 3458 4077 3599 4134; x_wconf 81' lang='lat' dir='ltr'><strong>Patri</strong></span> <span class='ocrx_word' id='word_1_569' title='bbox 3630 4093 3714 4132; x_wconf 87' lang='lat' dir='ltr'><strong>suo</strong></span> 
     </span>
    </p>
   </div>
   <div class='ocr_carea' id='block_1_62' title="bbox 475 4167 3718 4241">
    <p class='ocr_par' dir='ltr' id='par_1_62' title="bbox 475 4167 3718 4241">
     <span class='ocr_line' id='line_1_62' title="bbox 475 4167 3718 4241; baseline -0 -15"><span class='ocrx_word' id='word_1_570' title='bbox 475 4174 627 4238; x_wconf 78' lang='lat' dir='ltr'><strong>ﬁdem</strong></span> <span class='ocrx_word' id='word_1_571' title='bbox 650 4169 926 4241; x_wconf 80' lang='lat' dir='ltr'><strong>magniﬁce</strong></span> <span class='ocrx_word' id='word_1_572' title='bbox 949 4168 1340 4233; x_wconf 83' lang='lat' dir='ltr'><strong>commendans,</strong></span> <span class='ocrx_word' id='word_1_573' title='bbox 1364 4167 1591 4234; x_wconf 85' lang='lat' dir='ltr'><strong>dimisit,</strong></span> <span class='ocrx_word' id='word_1_574' title='bbox 1611 4182 1823 4221; x_wconf 87' lang='lat' dir='ltr'><strong>monens</strong></span> <span class='ocrx_word' id='word_1_575' title='bbox 1867 4167 2059 4235; x_wconf 87' lang='lat' dir='ltr'><strong>ipsum,</strong></span> <span class='ocrx_word' id='word_1_576' title='bbox 2164 4169 2416 4240; x_wconf 90' lang='lat' dir='ltr'><strong>spiritali,</strong></span> <span class='ocrx_word' id='word_1_577' title='bbox 2439 4167 2692 4239; x_wconf 85' lang='lat' dir='ltr'><strong>Symeoni</strong></span> <span class='ocrx_word' id='word_1_578' title='bbox 2717 4171 3030 4237; x_wconf 89' lang='lat' dir='ltr'><strong>venerabili,</strong></span> <span class='ocrx_word' id='word_1_579' title='bbox 3046 4171 3317 4226; x_wconf 86' lang='lat' dir='ltr'><strong>solemnes</strong></span> <span class='ocrx_word' id='word_1_580' title='bbox 3347 4186 3558 4228; x_wconf 87' lang='lat' dir='ltr'><strong>annuos</strong></span> <span class='ocrx_word' id='word_1_581' title='bbox 3574 4170 3718 4225; x_wconf 89' lang='lat' dir='ltr'><strong>hono-</strong></span> 
     </span>
    </p>
   </div>
   <div class='ocr_carea' id='block_1_63' title="bbox 478 4255 3718 4334">
    <p class='ocr_par' dir='ltr' id='par_1_63' title="bbox 478 4255 3718 4334">
     <span class='ocr_line' id='line_1_63' title="bbox 478 4255 3718 4334; baseline -0 -18"><span class='ocrx_word' id='word_1_582' title='bbox 478 4264 782 4334; x_wconf 80' lang='lat' dir='ltr'><strong>iubensque,</strong></span> <span class='ocrx_word' id='word_1_583' title='bbox 814 4272 868 4315; x_wconf 92' lang='lat' dir='ltr'><strong>ut</strong></span> <span class='ocrx_word' id='word_1_584' title='bbox 898 4264 1145 4327; x_wconf 85' lang='lat' dir='ltr'><strong>temporis</strong></span> <span class='ocrx_word' id='word_1_585' title='bbox 1201 4275 1303 4330; x_wconf 86' lang='lat' dir='ltr'><strong>quo</strong></span> <span class='ocrx_word' id='word_1_586' title='bbox 1333 4258 1643 4313; x_wconf 83' lang='lat' dir='ltr'><strong>celebranda</strong></span> <span class='ocrx_word' id='word_1_587' title='bbox 1690 4257 1823 4327; x_wconf 82' lang='lat' dir='ltr'><strong>{oret</strong></span> <span class='ocrx_word' id='word_1_588' title='bbox 1880 4255 2063 4311; x_wconf 71' lang='lat' dir='ltr'><strong>Patris</strong></span> <span class='ocrx_word' id='word_1_589' title='bbox 2166 4277 2254 4319; x_wconf 89' lang='lat' dir='ltr'><strong>res</strong></span> <span class='ocrx_word' id='word_1_590' title='bbox 2277 4263 2630 4334; x_wconf 88' lang='lat' dir='ltr'><strong>persolverit;</strong></span> <span class='ocrx_word' id='word_1_591' title='bbox 2664 4265 2780 4322; x_wconf 86' lang='lat' dir='ltr'><strong>sive</strong></span> <span class='ocrx_word' id='word_1_592' title='bbox 2805 4265 2939 4318; x_wconf 88' lang='lat' dir='ltr'><strong>nihil</strong></span> <span class='ocrx_word' id='word_1_593' title='bbox 2981 4279 3100 4319; x_wconf 87' lang='lat' dir='ltr'><strong>eam</strong></span> <span class='ocrx_word' id='word_1_594' title='bbox 3136 4265 3318 4320; x_wconf 81' lang='lat' dir='ltr'><strong>sedero</strong></span> <span class='ocrx_word' id='word_1_595' title='bbox 3351 4264 3594 4320; x_wconf 84' lang='lat' dir='ltr'><strong>ambiens</strong></span> <span class='ocrx_word' id='word_1_596' title='bbox 3634 4263 3718 4331; x_wconf 88' lang='lat' dir='ltr'><strong>(ut</strong></span> 
     </span>
    </p>
   </div>
   <div class='ocr_carea' id='block_1_64' title="bbox 473 4351 3713 4425">
    <p class='ocr_par' dir='ltr' id='par_1_64' title="bbox 473 4351 3713 4425">
     <span class='ocr_line' id='line_1_64' title="bbox 473 4351 3713 4425; baseline 0 -17"><span class='ocrx_word' id='word_1_597' title='bbox 473 4357 724 4411; x_wconf 89' lang='lat' dir='ltr'><strong>memoria</strong></span> <span class='ocrx_word' id='word_1_598' title='bbox 759 4358 1033 4410; x_wconf 75' lang='lat' dir='ltr'><strong>certiorem</strong></span> <span class='ocrx_word' id='word_1_599' title='bbox 1082 4354 1294 4422; x_wconf 78' lang='lat' dir='ltr'><strong>faceret,</strong></span> <span class='ocrx_word' id='word_1_600' title='bbox 1325 4361 1382 4405; x_wconf 87' lang='lat' dir='ltr'><strong>ut</strong></span> <span class='ocrx_word' id='word_1_601' title='bbox 1411 4362 1458 4406; x_wconf 87' lang='lat' dir='ltr'><strong>et</strong></span> <span class='ocrx_word' id='word_1_602' title='bbox 1490 4351 1599 4421; x_wconf 86' lang='lat' dir='ltr'><strong>ipse</strong></span> <span class='ocrx_word' id='word_1_603' title='bbox 1630 4366 1803 4404; x_wconf 85' lang='lat' dir='ltr'><strong>cereos</strong></span> <span class='ocrx_word' id='word_1_604' title='bbox 1831 4365 2065 4420; x_wconf 85' lang='lat' dir='ltr'><strong>unguen-</strong></span> <span class='ocrx_word' id='word_1_605' title='bbox 2164 4371 2272 4410; x_wconf 76' lang='lat' dir='ltr'><strong>non</strong></span> <span class='ocrx_word' id='word_1_606' title='bbox 2324 4365 2441 4412; x_wconf 81' lang='lat' dir='ltr'><strong>erat</strong></span> <span class='ocrx_word' id='word_1_607' title='bbox 2493 4367 2644 4412; x_wconf 82' lang='lat' dir='ltr'><strong>certa</strong></span> <span class='ocrx_word' id='word_1_608' title='bbox 2662 4357 2881 4412; x_wconf 50' lang='lat' dir='ltr'><strong>«ullbve</strong></span> <span class='ocrx_word' id='word_1_609' title='bbox 2924 4357 3046 4425; x_wconf 88' lang='lat' dir='ltr'><strong>jure</strong></span> <span class='ocrx_word' id='word_1_610' title='bbox 3079 4357 3283 4412; x_wconf 84' lang='lat' dir='ltr'><strong>sancita</strong></span> <span class='ocrx_word' id='word_1_611' title='bbox 3317 4371 3383 4410; x_wconf 85' lang='lat' dir='ltr'><strong>ac</strong></span> <span class='ocrx_word' id='word_1_612' title='bbox 3435 4352 3713 4412; x_wconf 69' lang='lat' dir='ltr'><strong>nece:sar&#39;ta</strong></span> 
     </span>
    </p>
   </div>
   <div class='ocr_carea' id='block_1_65' title="bbox 475 4445 3713 4520">
    <p class='ocr_par' dir='ltr' id='par_1_65' title="bbox 475 4445 3713 4520">
     <span class='ocr_line' id='line_1_65' title="bbox 475 4445 3713 4520; baseline -0.003 -11"><span class='ocrx_word' id='word_1_613' title='bbox 475 4467 630 4516; x_wconf 80' lang='lat' dir='ltr'><strong>tuque</strong></span> <span class='ocrx_word' id='word_1_614' title='bbox 689 4448 971 4516; x_wconf 75' lang='lat' dir='ltr'><strong>conferret,</strong></span> <span class='ocrx_word' id='word_1_615' title='bbox 1037 4461 1099 4498; x_wconf 82' lang='lat' dir='ltr'><strong>ac</strong></span> <span class='ocrx_word' id='word_1_616' title='bbox 1147 4455 1331 4500; x_wconf 84' lang='lat' dir='ltr'><strong>sancto</strong></span> <span class='ocrx_word' id='word_1_617' title='bbox 1390 4446 1640 4498; x_wconf 88' lang='lat' dir='ltr'><strong>honorem</strong></span> <span class='ocrx_word' id='word_1_618' title='bbox 1720 4445 2060 4512; x_wconf 81' lang='lat' dir='ltr'><strong>impenderet.</strong></span> <span class='ocrx_word' id='word_1_619' title='bbox 2165 4448 2602 4520; x_wconf 63' lang='lat' dir='ltr'><strong>syncellorumjin</strong></span> <span class='ocrx_word' id='word_1_620' title='bbox 2628 4465 2748 4505; x_wconf 86' lang='lat' dir='ltr'><strong>eam</strong></span> <span class='ocrx_word' id='word_1_621' title='bbox 2781 4451 2964 4505; x_wconf 90' lang='lat' dir='ltr'><strong>sedem</strong></span> <span class='ocrx_word' id='word_1_622' title='bbox 2983 4447 3286 4518; x_wconf 86' lang='lat' dir='ltr'><strong>successio)</strong></span> <span class='ocrx_word' id='word_1_623' title='bbox 3311 4447 3713 4503; x_wconf 87' lang='lat' dir='ltr'><strong>velututiliorem</strong></span> 
     </span>
    </p>
   </div>
   <div class='ocr_carea' id='block_1_66' title="bbox 477 4536 3708 4611">
    <p class='ocr_par' dir='ltr' id='par_1_66' title="bbox 477 4536 3708 4611">
     <span class='ocr_line' id='line_1_66' title="bbox 477 4536 3708 4611; baseline -0.001 -16"><span class='ocrx_word' id='word_1_624' title='bbox 477 4544 600 4597; x_wconf 75' lang='lat' dir='ltr'><strong>Visa</strong></span> <span class='ocrx_word' id='word_1_625' title='bbox 656 4543 790 4606; x_wconf 70' lang='lat' dir='ltr'><strong>haec,</strong></span> <span class='ocrx_word' id='word_1_626' title='bbox 849 4555 948 4608; x_wconf 84' lang='lat' dir='ltr'><strong>pro</strong></span> <span class='ocrx_word' id='word_1_627' title='bbox 1003 4538 1258 4594; x_wconf 76' lang='lat' dir='ltr'><strong>Ecclesia:</strong></span> <span class='ocrx_word' id='word_1_628' title='bbox 1309 4536 1914 4607; x_wconf 64' lang='lat' dir='ltr'><strong>Constantinopolitana</strong></span> <span class='ocrx_word' id='word_1_629' title='bbox 1952 4538 2059 4592; x_wconf 91' lang='lat' dir='ltr'><strong>ritu</strong></span> <span class='ocrx_word' id='word_1_630' title='bbox 2093 4539 2137 4596; x_wconf 91' lang='lat' dir='ltr'><strong>D</strong></span> <span class='ocrx_word' id='word_1_631' title='bbox 2169 4541 2328 4597; x_wconf 88' lang='lat' dir='ltr'><strong>rebus</strong></span> <span class='ocrx_word' id='word_1_632' title='bbox 2357 4541 2744 4597; x_wconf 89' lang='lat' dir='ltr'><strong>ecclesiasticis</strong></span> <span class='ocrx_word' id='word_1_633' title='bbox 2778 4550 3078 4596; x_wconf 86' lang='lat' dir='ltr'><strong>navaturus</strong></span> <span class='ocrx_word' id='word_1_634' title='bbox 3109 4556 3353 4611; x_wconf 82' lang='lat' dir='ltr'><strong>operam,</strong></span> <span class='ocrx_word' id='word_1_635' title='bbox 3383 4541 3465 4598; x_wconf 89' lang='lat' dir='ltr'><strong>sic</strong></span> <span class='ocrx_word' id='word_1_636' title='bbox 3494 4556 3521 4594; x_wconf 76' lang='grc' dir='ltr'>ιι</span> <span class='ocrx_word' id='word_1_637' title='bbox 3552 4537 3708 4595; x_wconf 84' lang='lat' dir='ltr'><strong>consi-</strong></span> 
     </span>
    </p>
   </div>
   <div class='ocr_carea' id='block_1_67' title="bbox 474 4626 3706 4704">
    <p class='ocr_par' dir='ltr' id='par_1_67' title="bbox 474 4626 3706 4704">
     <span class='ocr_line' id='line_1_67' title="bbox 474 4626 3706 4704; baseline -0.002 -14"><span class='ocrx_word' id='word_1_638' title='bbox 474 4634 749 4692; x_wconf 87' lang='lat' dir='ltr'><strong>sutlicieus</strong></span> <span class='ocrx_word' id='word_1_639' title='bbox 809 4631 1094 4704; x_wconf 87' lang='lat' dir='ltr'><strong>Symeonis</strong></span> <span class='ocrx_word' id='word_1_640' title='bbox 1163 4629 1392 4684; x_wconf 74' lang='lat' dir='ltr'><strong>Studita:</strong></span> <span class='ocrx_word' id='word_1_641' title='bbox 1420 4669 1436 4694; x_wconf 92' lang='lat'><strong>,</strong></span> <span class='ocrx_word' id='word_1_642' title='bbox 1501 4629 1631 4684; x_wconf 92' lang='lat' dir='ltr'><strong>dicti</strong></span> <span class='ocrx_word' id='word_1_643' title='bbox 1677 4626 2011 4685; x_wconf 76' lang='lat' dir='ltr'><strong>Venerabilis</strong></span> <span class='ocrx_word' id='word_1_644' title='bbox 2035 4669 2052 4696; x_wconf 90' lang='lat'><strong>,</strong></span> <span class='ocrx_word' id='word_1_645' title='bbox 2161 4630 2251 4688; x_wconf 90' lang='lat' dir='ltr'><strong>liis</strong></span> <span class='ocrx_word' id='word_1_646' title='bbox 2287 4633 2634 4702; x_wconf 74' lang='lat' dir='ltr'><strong>patriarchae,</strong></span> <span class='ocrx_word' id='word_1_647' title='bbox 2667 4635 2719 4686; x_wconf 92' lang='lat' dir='ltr'><strong>in</strong></span> <span class='ocrx_word' id='word_1_648' title='bbox 2743 4633 2972 4704; x_wconf 76' lang='lat' dir='ltr'><strong>regenda</strong></span> <span class='ocrx_word' id='word_1_649' title='bbox 3005 4633 3257 4687; x_wconf 80' lang='lat' dir='ltr'><strong>universa</strong></span> <span class='ocrx_word' id='word_1_650' title='bbox 3297 4632 3542 4699; x_wconf 65' lang='lat' dir='ltr'><strong>dioecesi,</strong></span> <span class='ocrx_word' id='word_1_651' title='bbox 3567 4642 3706 4700; x_wconf 83' lang='lat' dir='ltr'><strong>quam</strong></span> 
     </span>
    </p>
   </div>
   <div class='ocr_carea' id='block_1_68' title="bbox 475 4719 3706 4795">
    <p class='ocr_par' dir='ltr' id='par_1_68' title="bbox 475 4719 3706 4795">
     <span class='ocr_line' id='line_1_68' title="bbox 475 4719 3706 4795; baseline -0.001 -14"><span class='ocrx_word' id='word_1_652' title='bbox 475 4725 771 4781; x_wconf 75' lang='lat' dir='ltr'><strong>viinhcatio</strong></span> <span class='ocrx_word' id='word_1_653' title='bbox 807 4762 824 4789; x_wconf 91' lang='lat'><strong>,</strong></span> <span class='ocrx_word' id='word_1_654' title='bbox 862 4733 918 4779; x_wconf 90' lang='lat' dir='ltr'><strong>et</strong></span> <span class='ocrx_word' id='word_1_655' title='bbox 967 4730 1025 4776; x_wconf 90' lang='lat' dir='ltr'><strong>ut</strong></span> <span class='ocrx_word' id='word_1_656' title='bbox 1062 4721 1240 4777; x_wconf 87' lang='lat' dir='ltr'><strong>sancti</strong></span> <span class='ocrx_word' id='word_1_657' title='bbox 1295 4721 1454 4775; x_wconf 90' lang='lat' dir='ltr'><strong>titulo</strong></span> <span class='ocrx_word' id='word_1_658' title='bbox 1505 4719 1753 4790; x_wconf 88' lang='lat' dir='ltr'><strong>publicos</strong></span> <span class='ocrx_word' id='word_1_659' title='bbox 1810 4721 1864 4776; x_wconf 92' lang='lat' dir='ltr'><strong>in</strong></span> <span class='ocrx_word' id='word_1_660' title='bbox 1923 4722 2057 4779; x_wconf 82' lang='lat' dir='ltr'><strong>urbe</strong></span> <span class='ocrx_word' id='word_1_661' title='bbox 2160 4726 2206 4780; x_wconf 89' lang='lat' dir='ltr'><strong>si</strong></span> <span class='ocrx_word' id='word_1_662' title='bbox 2241 4739 2406 4780; x_wconf 88' lang='lat' dir='ltr'><strong>unam</strong></span> <span class='ocrx_word' id='word_1_663' title='bbox 2445 4725 2682 4794; x_wconf 85' lang='lat' dir='ltr'><strong>aliquam</strong></span> <span class='ocrx_word' id='word_1_664' title='bbox 2727 4726 3000 4780; x_wconf 89' lang='lat' dir='ltr'><strong>civitatem</strong></span> <span class='ocrx_word' id='word_1_665' title='bbox 3057 4727 3141 4780; x_wconf 92' lang='lat' dir='ltr'><strong>vel</strong></span> <span class='ocrx_word' id='word_1_666' title='bbox 3169 4726 3341 4795; x_wconf 87' lang='lat' dir='ltr'><strong>ipsam</strong></span> <span class='ocrx_word' id='word_1_667' title='bbox 3393 4723 3706 4795; x_wconf 85' lang='lat' dir='ltr'><strong>inetropolim</strong></span> 
     </span>
    </p>
   </div>
   <div class='ocr_carea' id='block_1_69' title="bbox 475 4812 3710 4890">
    <p class='ocr_par' dir='ltr' id='par_1_69' title="bbox 475 4812 3710 4890">
     <span class='ocr_line' id='line_1_69' title="bbox 475 4812 3710 4890; baseline 0 -18"><span class='ocrx_word' id='word_1_668' title='bbox 475 4819 623 4890; x_wconf 89' lang='lat' dir='ltr'><strong>(aut</strong></span> <span class='ocrx_word' id='word_1_669' title='bbox 651 4827 799 4872; x_wconf 85' lang='lat' dir='ltr'><strong>certe</strong></span> <span class='ocrx_word' id='word_1_670' title='bbox 833 4816 883 4870; x_wconf 93' lang='lat' dir='ltr'><strong>in</strong></span> <span class='ocrx_word' id='word_1_671' title='bbox 911 4816 1087 4870; x_wconf 90' lang='lat' dir='ltr'><strong>sancti</strong></span> <span class='ocrx_word' id='word_1_672' title='bbox 1145 4813 1429 4869; x_wconf 75' lang='lat' dir='ltr'><strong>llaiiiantis</strong></span> <span class='ocrx_word' id='word_1_673' title='bbox 1473 4812 1846 4885; x_wconf 85' lang='lat' dir='ltr'><strong>monasterio)</strong></span> <span class='ocrx_word' id='word_1_674' title='bbox 1880 4813 2055 4870; x_wconf 91' lang='lat' dir='ltr'><strong>hono-</strong></span> <span class='ocrx_word' id='word_1_675' title='bbox 2159 4815 2446 4886; x_wconf 88' lang='lat' dir='ltr'><strong>episcopus</strong></span> <span class='ocrx_word' id='word_1_676' title='bbox 2491 4827 2742 4886; x_wconf 79' lang='lat' dir='ltr'><strong>regeret;</strong></span> <span class='ocrx_word' id='word_1_677' title='bbox 2795 4817 2875 4874; x_wconf 89' lang='lat' dir='ltr'><strong>vel</strong></span> <span class='ocrx_word' id='word_1_678' title='bbox 2897 4817 3012 4887; x_wconf 90' lang='lat' dir='ltr'><strong>ipse</strong></span> <span class='ocrx_word' id='word_1_679' title='bbox 3067 4831 3281 4888; x_wconf 85' lang='lat' dir='ltr'><strong>sponte,</strong></span> <span class='ocrx_word' id='word_1_680' title='bbox 3331 4819 3413 4874; x_wconf 83' lang='lat' dir='ltr'><strong>vel</strong></span> <span class='ocrx_word' id='word_1_681' title='bbox 3477 4820 3710 4874; x_wconf 87' lang='lat' dir='ltr'><strong>invitante</strong></span> 
     </span>
    </p>
   </div>
   <div class='ocr_carea' id='block_1_70' title="bbox 476 4907 3704 4981">
    <p class='ocr_par' dir='ltr' id='par_1_70' title="bbox 476 4907 3704 4981">
     <span class='ocr_line' id='line_1_70' title="bbox 476 4907 3704 4981; baseline -0 -17"><span class='ocrx_word' id='word_1_682' title='bbox 476 4925 564 4965; x_wconf 82' lang='lat' dir='ltr'><strong>res</strong></span> <span class='ocrx_word' id='word_1_683' title='bbox 619 4909 861 4964; x_wconf 85' lang='lat' dir='ltr'><strong>haberet.</strong></span> <span class='ocrx_word' id='word_1_684' title='bbox 928 4907 1091 4976; x_wconf 89' lang='lat' dir='ltr'><strong>Inque</strong></span> <span class='ocrx_word' id='word_1_685' title='bbox 1152 4907 1291 4961; x_wconf 85' lang='lat' dir='ltr'><strong>hunc</strong></span> <span class='ocrx_word' id='word_1_686' title='bbox 1355 4907 1571 4960; x_wconf 88' lang='lat' dir='ltr'><strong>modum</strong></span> <span class='ocrx_word' id='word_1_687' title='bbox 1633 4921 1806 4964; x_wconf 91' lang='lat' dir='ltr'><strong>annos</strong></span> <span class='ocrx_word' id='word_1_688' title='bbox 1861 4910 2056 4965; x_wconf 82' lang='lat' dir='ltr'><strong>sexde-</strong></span> <span class='ocrx_word' id='word_1_689' title='bbox 2159 4907 2489 4977; x_wconf 88' lang='lat' dir='ltr'><strong>patriarcha,</strong></span> <span class='ocrx_word' id='word_1_690' title='bbox 2519 4909 2635 4963; x_wconf 88' lang='lat' dir='ltr'><strong>sive</strong></span> <span class='ocrx_word' id='word_1_691' title='bbox 2664 4909 2830 4965; x_wconf 89' lang='lat' dir='ltr'><strong>etiam</strong></span> <span class='ocrx_word' id='word_1_692' title='bbox 2861 4910 3303 4980; x_wconf 89' lang='lat' dir='ltr'><strong>imperatoribus,</strong></span> <span class='ocrx_word' id='word_1_693' title='bbox 3338 4926 3437 4981; x_wconf 84' lang='lat' dir='ltr'><strong>pro</strong></span> <span class='ocrx_word' id='word_1_694' title='bbox 3480 4913 3590 4980; x_wconf 85' lang='lat' dir='ltr'><strong>ejus</strong></span> <span class='ocrx_word' id='word_1_695' title='bbox 3617 4921 3704 4963; x_wconf 81' lang='lat' dir='ltr'><strong>uo-</strong></span> 
     </span>
    </p>
   </div>
   <div class='ocr_carea' id='block_1_71' title="bbox 473 4999 3707 5074">
    <p class='ocr_par' dir='ltr' id='par_1_71' title="bbox 473 4999 3707 5074">
     <span class='ocr_line' id='line_1_71' title="bbox 473 4999 3707 5074; baseline -0.001 -18"><span class='ocrx_word' id='word_1_696' title='bbox 473 5004 578 5056; x_wconf 89' lang='lat' dir='ltr'><strong>cim</strong></span> <span class='ocrx_word' id='word_1_697' title='bbox 636 5003 754 5071; x_wconf 85' lang='lat' dir='ltr'><strong>ejus</strong></span> <span class='ocrx_word' id='word_1_698' title='bbox 804 5000 1010 5055; x_wconf 90' lang='lat' dir='ltr'><strong>cultum</strong></span> <span class='ocrx_word' id='word_1_699' title='bbox 1052 4999 1318 5054; x_wconf 87' lang='lat' dir='ltr'><strong>illibatum</strong></span> <span class='ocrx_word' id='word_1_700' title='bbox 1374 5013 1775 5068; x_wconf 83' lang='lat' dir='ltr'><strong>perseverasse,</strong></span> <span class='ocrx_word' id='word_1_701' title='bbox 1812 5001 2056 5057; x_wconf 89' lang='lat' dir='ltr'><strong>celebra-</strong></span> <span class='ocrx_word' id='word_1_702' title='bbox 2161 5001 2323 5057; x_wconf 86' lang='lat' dir='ltr'><strong>minis</strong></span> <span class='ocrx_word' id='word_1_703' title='bbox 2353 4999 2688 5069; x_wconf 87' lang='lat' dir='ltr'><strong>celebritate,</strong></span> <span class='ocrx_word' id='word_1_704' title='bbox 2713 5015 2775 5057; x_wconf 86' lang='lat' dir='ltr'><strong>ea</strong></span> <span class='ocrx_word' id='word_1_705' title='bbox 2813 5001 3022 5068; x_wconf 89' lang='lat' dir='ltr'><strong>relicta,</strong></span> <span class='ocrx_word' id='word_1_706' title='bbox 3056 5002 3519 5074; x_wconf 81' lang='lat' dir='ltr'><strong>ConstantinOpoli</strong></span> <span class='ocrx_word' id='word_1_707' title='bbox 3573 4999 3707 5072; x_wconf 84' lang='lat' dir='ltr'><strong>quasi</strong></span> 
     </span>
    </p>
   </div>
   <div class='ocr_carea' id='block_1_72' title="bbox 472 5089 3704 5166">
    <p class='ocr_par' dir='ltr' id='par_1_72' title="bbox 472 5089 3704 5166">
     <span class='ocr_line' id='line_1_72' title="bbox 472 5089 3704 5166; baseline 0 -20"><span class='ocrx_word' id='word_1_708' title='bbox 472 5105 635 5162; x_wconf 84' lang='lat' dir='ltr'><strong>taque</strong></span> <span class='ocrx_word' id='word_1_709' title='bbox 691 5090 956 5162; x_wconf 75' lang='lat' dir='ltr'><strong>frequenti</strong></span> <span class='ocrx_word' id='word_1_710' title='bbox 1012 5089 1263 5161; x_wconf 73' lang='lat' dir='ltr'><strong>religioso</strong></span> <span class='ocrx_word' id='word_1_711' title='bbox 1304 5101 1573 5145; x_wconf 88' lang='lat' dir='ltr'><strong>conventu</strong></span> <span class='ocrx_word' id='word_1_712' title='bbox 1624 5094 1910 5159; x_wconf 87' lang='lat' dir='ltr'><strong>solemnia,</strong></span> <span class='ocrx_word' id='word_1_713' title='bbox 1960 5108 2058 5148; x_wconf 85' lang='lat' dir='ltr'><strong>au-</strong></span> <span class='ocrx_word' id='word_1_714' title='bbox 2160 5093 2489 5162; x_wconf 70' lang='lat' dir='ltr'><strong>patriarchae</strong></span> <span class='ocrx_word' id='word_1_715' title='bbox 2531 5101 2798 5159; x_wconf 66' lang='lat' dir='ltr'><strong>absessor,</strong></span> <span class='ocrx_word' id='word_1_716' title='bbox 2856 5095 3037 5166; x_wconf 89' lang='lat' dir='ltr'><strong>illique</strong></span> <span class='ocrx_word' id='word_1_717' title='bbox 3072 5096 3295 5150; x_wconf 89' lang='lat' dir='ltr'><strong>intimus</strong></span> <span class='ocrx_word' id='word_1_718' title='bbox 3327 5113 3391 5152; x_wconf 90' lang='lat' dir='ltr'><strong>ac</strong></span> <span class='ocrx_word' id='word_1_719' title='bbox 3424 5094 3704 5154; x_wconf 79' lang='lat' dir='ltr'><strong>familiaris.</strong></span> 
     </span>
    </p>
   </div>
   <div class='ocr_carea' id='block_1_73' title="bbox 471 5176 3702 5258">
    <p class='ocr_par' dir='ltr' id='par_1_73' title="bbox 471 5176 3702 5258">
     <span class='ocr_line' id='line_1_73' title="bbox 471 5176 3702 5258; baseline 0.001 -19"><span class='ocrx_word' id='word_1_720' title='bbox 471 5197 593 5242; x_wconf 86' lang='lat' dir='ltr'><strong>ctor</strong></span> <span class='ocrx_word' id='word_1_721' title='bbox 609 5184 913 5242; x_wconf 79' lang='lat' dir='ltr'><strong>Sthctatus:</strong></span> <span class='ocrx_word' id='word_1_722' title='bbox 937 5186 1109 5238; x_wconf 90' lang='lat' dir='ltr'><strong>donec</strong></span> <span class='ocrx_word' id='word_1_723' title='bbox 1150 5181 1457 5252; x_wconf 70' lang='lat' dir='ltr'><strong>Stephanus</strong></span> <span class='ocrx_word' id='word_1_724' title='bbox 1483 5182 1722 5238; x_wconf 71' lang='lat' dir='ltr'><strong>Alcsime</strong></span> <span class='ocrx_word' id='word_1_725' title='bbox 1743 5199 1809 5240; x_wconf 84' lang='lat' dir='ltr'><strong>ex</strong></span> <span class='ocrx_word' id='word_1_726' title='bbox 1852 5196 2059 5240; x_wconf 84' lang='lat' dir='ltr'><strong>nietro-</strong></span> <span class='ocrx_word' id='word_1_727' title='bbox 2159 5176 2486 5242; x_wconf 88' lang='lat' dir='ltr'><strong>consederit.</strong></span> <span class='ocrx_word' id='word_1_728' title='bbox 2515 5185 2634 5253; x_wconf 82' lang='lat' dir='ltr'><strong>Qud</strong></span> <span class='ocrx_word' id='word_1_729' title='bbox 2659 5186 2772 5242; x_wconf 82' lang='lat' dir='ltr'><strong>fere</strong></span> <span class='ocrx_word' id='word_1_730' title='bbox 2798 5187 2979 5254; x_wconf 89' lang='lat' dir='ltr'><strong>modo,</strong></span> <span class='ocrx_word' id='word_1_731' title='bbox 3007 5188 3148 5258; x_wconf 88' lang='lat' dir='ltr'><strong>apud</strong></span> <span class='ocrx_word' id='word_1_732' title='bbox 3176 5187 3421 5253; x_wconf 83' lang='lat' dir='ltr'><strong>Latinos,</strong></span> <span class='ocrx_word' id='word_1_733' title='bbox 3452 5188 3604 5242; x_wconf 86' lang='lat' dir='ltr'><strong>etiam</strong></span> <span class='ocrx_word' id='word_1_734' title='bbox 3628 5198 3702 5237; x_wconf 84' lang='lat' dir='ltr'><strong>ar-</strong></span> 
     </span>
    </p>
   </div>
   <div class='ocr_carea' id='block_1_74' title="bbox 473 5274 3702 5350">
    <p class='ocr_par' dir='ltr' id='par_1_74' title="bbox 473 5274 3702 5350">
     <span class='ocr_line' id='line_1_74' title="bbox 473 5274 3702 5350; baseline -0.002 -16"><span class='ocrx_word' id='word_1_735' title='bbox 473 5279 638 5350; x_wconf 89' lang='lat' dir='ltr'><strong>polita</strong></span> <span class='ocrx_word' id='word_1_736' title='bbox 698 5276 1100 5334; x_wconf 82' lang='lat' dir='ltr'><strong>Nicomediensi</strong></span> <span class='ocrx_word' id='word_1_737' title='bbox 1136 5316 1151 5341; x_wconf 92' lang='lat'><strong>,</strong></span> <span class='ocrx_word' id='word_1_738' title='bbox 1185 5274 1360 5344; x_wconf 75' lang='lat' dir='ltr'><strong>Sergii</strong></span> <span class='ocrx_word' id='word_1_739' title='bbox 1423 5276 1748 5344; x_wconf 79' lang='lat' dir='ltr'><strong>patriarchae</strong></span> <span class='ocrx_word' id='word_1_740' title='bbox 1838 5279 2056 5348; x_wconf 86' lang='lat' dir='ltr'><strong>syncel-</strong></span> <span class='ocrx_word' id='word_1_741' title='bbox 2158 5279 2489 5348; x_wconf 80' lang='lat' dir='ltr'><strong>chiepiscOpi</strong></span> <span class='ocrx_word' id='word_1_742' title='bbox 2530 5278 2584 5333; x_wconf 88' lang='lat' dir='ltr'><strong>in</strong></span> <span class='ocrx_word' id='word_1_743' title='bbox 2615 5279 2918 5336; x_wconf 89' lang='lat' dir='ltr'><strong>cardinales</strong></span> <span class='ocrx_word' id='word_1_744' title='bbox 2957 5288 3161 5336; x_wconf 59' lang='lat' dir='ltr'><strong>sanctas</strong></span> <span class='ocrx_word' id='word_1_745' title='bbox 3191 5279 3447 5335; x_wconf 67' lang='lat' dir='ltr'><strong>Romanae</strong></span> <span class='ocrx_word' id='word_1_746' title='bbox 3473 5275 3702 5334; x_wconf 66' lang='lat' dir='ltr'><strong>Ecclesia</strong></span> 
     </span>
    </p>
   </div>
   <div class='ocr_carea' id='block_1_75' title="bbox 471 5359 3701 5442">
    <p class='ocr_par' dir='ltr' id='par_1_75' title="bbox 471 5359 3701 5442">
     <span class='ocr_line' id='line_1_75' title="bbox 471 5359 3701 5442; baseline -0.001 -14"><span class='ocrx_word' id='word_1_747' title='bbox 471 5377 578 5440; x_wconf 85' lang='lat' dir='ltr'><strong>lus,</strong></span> <span class='ocrx_word' id='word_1_748' title='bbox 626 5387 693 5427; x_wconf 88' lang='lat' dir='ltr'><strong>eo</strong></span> <span class='ocrx_word' id='word_1_749' title='bbox 739 5370 963 5438; x_wconf 81' lang='lat' dir='ltr'><strong>nomine</strong></span> <span class='ocrx_word' id='word_1_750' title='bbox 1018 5370 1187 5439; x_wconf 67' lang='lat' dir='ltr'><strong>cepit</strong></span> <span class='ocrx_word' id='word_1_751' title='bbox 1236 5368 1512 5438; x_wconf 76' lang='lat' dir='ltr'><strong>exagitare</strong></span> <span class='ocrx_word' id='word_1_752' title='bbox 1550 5409 1565 5434; x_wconf 88' lang='lat'><strong>,</strong></span> <span class='ocrx_word' id='word_1_753' title='bbox 1606 5369 1768 5440; x_wconf 87' lang='lat' dir='ltr'><strong>inque</strong></span> <span class='ocrx_word' id='word_1_754' title='bbox 1827 5370 2056 5442; x_wconf 81' lang='lat' dir='ltr'><strong>Symeo-</strong></span> <span class='ocrx_word' id='word_1_755' title='bbox 2161 5373 2504 5442; x_wconf 81' lang='lat' dir='ltr'><strong>presbyteros</strong></span> <span class='ocrx_word' id='word_1_756' title='bbox 2536 5371 2735 5442; x_wconf 84' lang='lat' dir='ltr'><strong>passim</strong></span> <span class='ocrx_word' id='word_1_757' title='bbox 2765 5359 3448 5442; x_wconf 86' lang='lat' dir='ltr'><strong>cooptantur;vacantque</strong></span> <span class='ocrx_word' id='word_1_758' title='bbox 3471 5371 3582 5441; x_wconf 88' lang='lat' dir='ltr'><strong>ipso</strong></span> <span class='ocrx_word' id='word_1_759' title='bbox 3599 5371 3701 5438; x_wconf 82' lang='lat' dir='ltr'><strong>jure</strong></span> 
     </span>
    </p>
   </div>
   <div class='ocr_carea' id='block_1_76' title="bbox 471 5459 3701 5534">
    <p class='ocr_par' dir='ltr' id='par_1_76' title="bbox 471 5459 3701 5534">
     <span class='ocr_line' id='line_1_76' title="bbox 471 5459 3701 5534; baseline -0.004 -12"><span class='ocrx_word' id='word_1_760' title='bbox 471 5482 542 5522; x_wconf 88' lang='lat' dir='ltr'><strong>ne</strong></span> <span class='ocrx_word' id='word_1_761' title='bbox 598 5462 892 5520; x_wconf 83' lang='lat' dir='ltr'><strong>venerabili</strong></span> <span class='ocrx_word' id='word_1_762' title='bbox 953 5464 1198 5532; x_wconf 69' lang='lat' dir='ltr'><strong>quaedam</strong></span> <span class='ocrx_word' id='word_1_763' title='bbox 1274 5460 1701 5530; x_wconf 86' lang='lat' dir='ltr'><strong>reprehendere,</strong></span> <span class='ocrx_word' id='word_1_764' title='bbox 1765 5462 2055 5534; x_wconf 90' lang='lat' dir='ltr'><strong>ipsumque</strong></span> <span class='ocrx_word' id='word_1_765' title='bbox 2159 5461 2237 5517; x_wconf 85' lang='lat' dir='ltr'><strong>sic</strong></span> <span class='ocrx_word' id='word_1_766' title='bbox 2295 5469 2695 5528; x_wconf 88' lang='lat' dir='ltr'><strong>assumptorum</strong></span> <span class='ocrx_word' id='word_1_767' title='bbox 2727 5461 2907 5528; x_wconf 86' lang='lat' dir='ltr'><strong>sedes,</strong></span> <span class='ocrx_word' id='word_1_768' title='bbox 2961 5465 3104 5530; x_wconf 84' lang='lat' dir='ltr'><strong>quod</strong></span> <span class='ocrx_word' id='word_1_769' title='bbox 3141 5477 3248 5516; x_wconf 91' lang='lat' dir='ltr'><strong>non</strong></span> <span class='ocrx_word' id='word_1_770' title='bbox 3272 5463 3406 5517; x_wconf 86' lang='lat' dir='ltr'><strong>satis</strong></span> <span class='ocrx_word' id='word_1_771' title='bbox 3437 5459 3701 5516; x_wconf 83' lang='lat' dir='ltr'><strong>conveniat</strong></span> 
     </span>
    </p>
   </div>
   <div class='ocr_carea' id='block_1_77' title="bbox 470 5544 3702 5629">
    <p class='ocr_par' dir='ltr' id='par_1_77' title="bbox 470 5544 3702 5629">
     <span class='ocr_line' id='line_1_77' title="bbox 470 5544 3702 5629; baseline -0.002 -18"><span class='ocrx_word' id='word_1_772' title='bbox 470 5555 700 5629; x_wconf 88' lang='lat' dir='ltr'><strong>proinde</strong></span> <span class='ocrx_word' id='word_1_773' title='bbox 739 5555 857 5626; x_wconf 91' lang='lat' dir='ltr'><strong>ejus</strong></span> <span class='ocrx_word' id='word_1_774' title='bbox 877 5544 1188 5624; x_wconf 78' lang='lat' dir='ltr'><strong>religiosum</strong></span> <span class='ocrx_word' id='word_1_775' title='bbox 1235 5554 1466 5620; x_wconf 85' lang='lat' dir='ltr'><strong>cultum,</strong></span> <span class='ocrx_word' id='word_1_776' title='bbox 1491 5553 1572 5610; x_wconf 90' lang='lat' dir='ltr'><strong>sic</strong></span> <span class='ocrx_word' id='word_1_777' title='bbox 1613 5557 1911 5624; x_wconf 74' lang='lat' dir='ltr'><strong>praesertim</strong></span> <span class='ocrx_word' id='word_1_778' title='bbox 1943 5566 2056 5611; x_wconf 86' lang='lat' dir='ltr'><strong>tota</strong></span> <span class='ocrx_word' id='word_1_779' title='bbox 2159 5554 2379 5624; x_wconf 88' lang='lat' dir='ltr'><strong>utrique</strong></span> <span class='ocrx_word' id='word_1_780' title='bbox 2411 5555 2623 5610; x_wconf 88' lang='lat' dir='ltr'><strong>muneri</strong></span> <span class='ocrx_word' id='word_1_781' title='bbox 2651 5554 2709 5610; x_wconf 92' lang='lat' dir='ltr'><strong>in</strong></span> <span class='ocrx_word' id='word_1_782' title='bbox 2738 5570 2846 5610; x_wconf 90' lang='lat' dir='ltr'><strong>uno</strong></span> <span class='ocrx_word' id='word_1_783' title='bbox 2867 5555 3120 5610; x_wconf 86' lang='lat' dir='ltr'><strong>homine:</strong></span> <span class='ocrx_word' id='word_1_784' title='bbox 3158 5567 3218 5612; x_wconf 91' lang='lat' dir='ltr'><strong>ut</strong></span> <span class='ocrx_word' id='word_1_785' title='bbox 3249 5556 3372 5626; x_wconf 91' lang='lat' dir='ltr'><strong>quis</strong></span> <span class='ocrx_word' id='word_1_786' title='bbox 3401 5549 3702 5612; x_wconf 82' lang='lat' dir='ltr'><strong>scilicetad-</strong></span> 
     </span>
    </p>
   </div>
   <div class='ocr_carea' id='block_1_78' title="bbox 472 5645 3700 5717">
    <p class='ocr_par' dir='ltr' id='par_1_78' title="bbox 472 5645 3700 5717">
     <span class='ocr_line' id='line_1_78' title="bbox 472 5645 3700 5717; baseline -0.004 -12"><span class='ocrx_word' id='word_1_787' title='bbox 472 5651 611 5705; x_wconf 89' lang='lat' dir='ltr'><strong>urbe</strong></span> <span class='ocrx_word' id='word_1_788' title='bbox 635 5646 955 5714; x_wconf 86' lang='lat' dir='ltr'><strong>solemuem,</strong></span> <span class='ocrx_word' id='word_1_789' title='bbox 990 5648 1317 5717; x_wconf 89' lang='lat' dir='ltr'><strong>improbare.</strong></span> <span class='ocrx_word' id='word_1_790' title='bbox 1339 5647 1534 5703; x_wconf 85' lang='lat' dir='ltr'><strong>Totum</strong></span> <span class='ocrx_word' id='word_1_791' title='bbox 1565 5647 1842 5704; x_wconf 87' lang='lat' dir='ltr'><strong>Sthetatus</strong></span> <span class='ocrx_word' id='word_1_792' title='bbox 1889 5650 2056 5705; x_wconf 90' lang='lat' dir='ltr'><strong>ascri-</strong></span> <span class='ocrx_word' id='word_1_793' title='bbox 2157 5647 2340 5702; x_wconf 88' lang='lat' dir='ltr'><strong>dictus</strong></span> <span class='ocrx_word' id='word_1_794' title='bbox 2367 5646 2439 5700; x_wconf 91' lang='lat' dir='ltr'><strong>sit</strong></span> <span class='ocrx_word' id='word_1_795' title='bbox 2472 5645 2728 5702; x_wconf 80' lang='lat' dir='ltr'><strong>Romanae</strong></span> <span class='ocrx_word' id='word_1_796' title='bbox 2760 5648 2924 5702; x_wconf 64' lang='lat' dir='ltr'><strong>curiae</strong></span> <span class='ocrx_word' id='word_1_797' title='bbox 2964 5648 3195 5716; x_wconf 85' lang='lat' dir='ltr'><strong>ejusque</strong></span> <span class='ocrx_word' id='word_1_798' title='bbox 3217 5649 3368 5704; x_wconf 90' lang='lat' dir='ltr'><strong>urbis</strong></span> <span class='ocrx_word' id='word_1_799' title='bbox 3395 5647 3555 5710; x_wconf 85' lang='lat' dir='ltr'><strong>clero,</strong></span> <span class='ocrx_word' id='word_1_800' title='bbox 3580 5649 3700 5699; x_wconf 81' lang='lat' dir='ltr'><strong>etut</strong></span> 
     </span>
    </p>
   </div>
   <div class='ocr_carea' id='block_1_79' title="bbox 471 5737 3700 5810">
    <p class='ocr_par' dir='ltr' id='par_1_79' title="bbox 471 5737 3700 5810">
     <span class='ocr_line' id='line_1_79' title="bbox 471 5737 3700 5810; baseline -0.002 -12"><span class='ocrx_word' id='word_1_801' title='bbox 471 5738 810 5807; x_wconf 67' lang='lat' dir='ltr'><strong>bitinvidiaz,</strong></span> <span class='ocrx_word' id='word_1_802' title='bbox 845 5753 909 5793; x_wconf 87' lang='lat' dir='ltr'><strong>ac</strong></span> <span class='ocrx_word' id='word_1_803' title='bbox 935 5739 1082 5808; x_wconf 90' lang='lat' dir='ltr'><strong>quod</strong></span> <span class='ocrx_word' id='word_1_804' title='bbox 1132 5740 1422 5809; x_wconf 86' lang='lat' dir='ltr'><strong>utriusque</strong></span> <span class='ocrx_word' id='word_1_805' title='bbox 1465 5737 1753 5806; x_wconf 78' lang='lat' dir='ltr'><strong>Symeonis</strong></span> <span class='ocrx_word' id='word_1_806' title='bbox 1784 5739 2052 5795; x_wconf 86' lang='lat' dir='ltr'><strong>sanctitas</strong></span> <span class='ocrx_word' id='word_1_807' title='bbox 2157 5739 2431 5807; x_wconf 88' lang='lat' dir='ltr'><strong>pontilicis</strong></span> <span class='ocrx_word' id='word_1_808' title='bbox 2483 5749 2667 5810; x_wconf 86' lang='lat' dir='ltr'><strong>partes</strong></span> <span class='ocrx_word' id='word_1_809' title='bbox 2715 5741 2906 5796; x_wconf 80' lang='lat' dir='ltr'><strong>sedulo</strong></span> <span class='ocrx_word' id='word_1_810' title='bbox 2940 5751 3292 5809; x_wconf 75' lang='lat' dir='ltr'><strong>exsequatur,</strong></span> <span class='ocrx_word' id='word_1_811' title='bbox 3315 5741 3369 5796; x_wconf 92' lang='lat' dir='ltr'><strong>in</strong></span> <span class='ocrx_word' id='word_1_812' title='bbox 3398 5737 3621 5795; x_wconf 83' lang='lat' dir='ltr'><strong>Ecclesia</strong></span> <span class='ocrx_word' id='word_1_813' title='bbox 3647 5747 3700 5788; x_wconf 77' lang='lat' dir='ltr'><strong>ac</strong></span> 
     </span>
    </p>
   </div>
   <div class='ocr_carea' id='block_1_80' title="bbox 473 5829 3695 5906">
    <p class='ocr_par' dir='ltr' id='par_1_80' title="bbox 473 5829 3695 5906">
     <span class='ocr_line' id='line_1_80' title="bbox 473 5829 3695 5906; baseline 0 -16"><span class='ocrx_word' id='word_1_814' title='bbox 473 5847 536 5890; x_wconf 79' lang='lat' dir='ltr'><strong>ac</strong></span> <span class='ocrx_word' id='word_1_815' title='bbox 568 5830 816 5900; x_wconf 83' lang='lat' dir='ltr'><strong>scientia,</strong></span> <span class='ocrx_word' id='word_1_816' title='bbox 848 5829 994 5889; x_wconf 89' lang='lat' dir='ltr'><strong>illius</strong></span> <span class='ocrx_word' id='word_1_817' title='bbox 1017 5829 1173 5888; x_wconf 69' lang='lat' dir='ltr'><strong>larua</strong></span> <span class='ocrx_word' id='word_1_818' title='bbox 1209 5829 1452 5888; x_wconf 71' lang='lat' dir='ltr'><strong>scicntia:</strong></span> <span class='ocrx_word' id='word_1_819' title='bbox 1484 5842 1546 5884; x_wconf 83' lang='lat' dir='ltr'><strong>ac</strong></span> <span class='ocrx_word' id='word_1_820' title='bbox 1577 5829 1882 5886; x_wconf 75' lang='lat' dir='ltr'><strong>sanctitatis</strong></span> <span class='ocrx_word' id='word_1_821' title='bbox 1911 5831 2051 5885; x_wconf 83' lang='lat' dir='ltr'><strong>vide-</strong></span> <span class='ocrx_word' id='word_1_822' title='bbox 2157 5831 2315 5902; x_wconf 85' lang='lat' dir='ltr'><strong>plebe</strong></span> <span class='ocrx_word' id='word_1_823' title='bbox 2336 5873 2352 5903; x_wconf 88' lang='lat'><strong>,</strong></span> <span class='ocrx_word' id='word_1_824' title='bbox 2405 5833 2491 5889; x_wconf 89' lang='lat' dir='ltr'><strong>cui</strong></span> <span class='ocrx_word' id='word_1_825' title='bbox 2540 5833 2828 5904; x_wconf 75' lang='lat' dir='ltr'><strong>pra-fectus</strong></span> <span class='ocrx_word' id='word_1_826' title='bbox 2872 5835 3159 5906; x_wconf 88' lang='lat' dir='ltr'><strong>episcopus</strong></span> <span class='ocrx_word' id='word_1_827' title='bbox 3211 5845 3296 5893; x_wconf 90' lang='lat' dir='ltr'><strong>est</strong></span> <span class='ocrx_word' id='word_1_828' title='bbox 3326 5852 3341 5903; x_wconf 90' lang='lat'><strong>;</strong></span> <span class='ocrx_word' id='word_1_829' title='bbox 3373 5834 3508 5906; x_wconf 83' lang='lat' dir='ltr'><strong>juris</strong></span> <span class='ocrx_word' id='word_1_830' title='bbox 3540 5839 3695 5888; x_wconf 69' lang='lat' dir='ltr'><strong>tamen</strong></span> 
     </span>
    </p>
   </div>
  </div>
