3882 6570
187 426 260 491 ἓιὶθ

855 417 951 479 DE
994 415 1364 479 ESSENTIA
1402 417 1496 477 ET
1536 417 2050 479 OPERATIONE.
2089 418 2603 480 —PRIEFATIO.

3247 414 3352 479 ⁸270

187 540 363 600 ﬁaione,
386 531 595 601 ejusque
621 531 772 586 velut
811 532 996 585 l'raude
1030 532 1287 599 quadam,
1321 530 1522 583 caedem
1550 530 1674 589 illis.
1707 531 1756 590 Α
1785 531 1966 586 tudine
2014 533 2078 585 ad
2138 531 2255 601 ejus
2308 532 2601 607 quotannis
2647 528 2928 585 solemnia.
2958 527 3204 584 Derivata
3243 529 3355 583 lia-c

185 649 226 690 ac
246 629 516 700 quandoque
565 624 803 693 majores
827 624 983 677 sedes
1012 621 1505 686 commendantur;
1544 628 1599 674 ct
1630 620 1673 674 si

184 722 443 779 nondesnut
502 715 589 783 qui
647 726 881 782 utroque
931 730 1152 768 munere
1199 713 1456 781 prazclare
1485 711 1676 774 functi,

183 800 537 880 uimipurpuram
570 816 859 871 oruarnnt,
890 816 1000 859 tmn
1032 813 1087 859 et
1118 807 1287 874 magis
1313 804 1528 868 infulas,
1557 818 1679 857 san-

181 908 251 961 ctis
280 901 490 955 muribus
535 898 836 964 composito
864 914 1024 968 grege
1061 896 1393 967 peculiarius
1445 897 1677 959 credito.

181 994 363 1062 nihilque
383 995 466 1047 illo
512 991 809 1041 secundum
852 990 1041 1051 Deum,
1064 989 1173 1043 sive
1196 1004 1487 1057 purpuram
1510 989 1680 1049 dicas,

180 1092 259 1144 sive
276 1088 379 1156 quid
401 1084 533 1137 aliud
562 1084 813 1137 ltutttanm
853 1081 1156 1149 dignitatis,
1182 1079 1455 1147 antiquius
1480 1081 1672 1132 haben-

180 1192 249 1243 tes,
274 1181 470 1246 ejusque
501 1192 631 1229 cura
662 1173 946 1243 pervigiles
975 1189 990 1235 ;
1028 1173 1136 1225 veri
1165 1172 1370 1226 scilicet
1410 1171 1681 1233 l’astorrs,

177 1271 426 1339 Christique
444 1267 869 1337 Ἀρχιποίμενος
886 1265 1108 1332 vestigia
1150 1263 1335 1318 sedulo
1356 1272 1681 1331 prementes.

177 1366 454 1425 tlectiraruut;
477 1362 530 1413 in
552 1358 748 1430 quibus
771 1359 847 1412 sol
868 1358 1083 1426 quidam
1104 1354 1302 1411 eﬂulsit
1319 1354 1542 1410 Carolus
1558 1353 1685 1407 Bor-

180 1468 354 1507 rammus
376 1467 389 1515 ;
415 1452 581 1504 secuti
620 1451 802 1516 plures
832 1448 1029 1501 eximio
1069 1446 1335 1514 exemplo,
1362 1444 1687 1499 FranciSt-us

174 1540 863 1607 SuurlisiusBurdigalensis,
902 1548 1055 1589 meus
1083 1535 1197 1604 ipse
1240 1535 1580 1602 metropolita
1612 1534 1687 1586 vi-

173 1646 304 1705 taque
325 1634 573 1704 regularis
595 1640 836 1687 assertor
853 1641 905 1685 et
933 1631 1125 1685 vindex
1152 1630 1203 1683 in
1225 1628 1555 1684 sanctissimi
1583 1628 1690 1683 Ro-

172 1729 266 1781 sarii
287 1723 375 1781 FF.
394 1727 811 1780 l’rzcdicatorum
836 1718 1209 1793 Burdigalensi
1229 1723 1556 1789 cmnobioﬁn
1585 1740 1690 1794 quo

171 1830 205 1871 et
231 1832 390 1871 nomen
417 1818 675 1871 sanctiori
702 1817 954 1871 instituto
990 1816 1007 1882 (
1032 1824 1223 1871 sancto
1250 1831 1373 1870 vere
1397 1827 1546 1879 tunc,
1581 1831 1691 1869 ωο-

171 1911 302 1977 doque
328 1908 588 1974 sodalitio)
630 1907 750 1960 dedi
787 1924 801 1970 ;
833 1906 1168 1961 Galaminitts
1197 1910 1403 1968 noster,
1463 1906 1682 1975 alique.

220 1996 485 2063 Stephanus
533 2011 687 2063 ergo,
739 1995 832 2047 τὸν
870 1994 971 2063 τῆς
1005 1992 1312 2064 ἐπισκοπῆς
1343 1993 1685 2064 παραιτησά-

172 2104 288 2156 μενος
310 2089 505 2157 θρόνον,
542 2087 709 2154 συνῆν
735 2088 821 2139 ἀεὶ
848 2086 926 2157 τῷ
952 2088 1293 2160 stupida/fg,
1319 2088 1413 2140 atati.
1443 2087 1686 2157 μεγάλην

169 2181 343 2247 ἐφέρετο
394 2180 547 2248 παρὰ
577 2182 711 2233 πᾶσι
766 2181 862 2249 τὴν
898 2184 1089 2249 φήμην
1126 2184 1223 2249 τῆς
1260 2180 1536 2247 γνώσεως.
1587 2178 1689 2232 Ile-

170 2274 338 2338 pudiata
360 2276 473 2327 sede
512 2273 824 2343 episcopali,
856 2290 973 2326 cum
1001 2272 1306 2341 patriarcha
1337 2288 1540 2339 semper
1571 2288 1689 2324 ver-

170 2366 361 2427 saltatur,
391 2382 682 2437 magnaque
708 2367 849 2435 apud
880 2382 1057 2419 omnes
1080 2366 1313 2419 scientia:
1335 2366 1688 2420 a'stimatiane

170 2470 267 2512 erat.
311 2457 474 2512 Potuit
512 2475 644 2528 ergo
691 2461 775 2513 vir
829 2459 1074 2514 eruditus
1114 2469 1427 2526 suspectum
1464 2458 1686 2524 habere,

169 2551 272 2616 quod
293 2552 435 2604 ambo
488 2551 790 2620 Symeoues
833 2551 932 2604 viri
971 2550 1226 2604 illitterati
1256 2565 1320 2603 ex
1371 2549 1485 2605 solo
1532 2551 1687 2620 quasi

170 2636 304 2691 alllatu
326 2643 383 2693 de
414 2638 525 2693 Deo
560 2639 869 2707 divinisque
900 2646 1047 2691 tanta
1100 2638 1487 2705 loquebantur;
1521 2640 1691 2706 quod-

170 2745 247 2795 que
281 2731 417 2796 alter,
466 2730 696 2785 alterius
722 2731 832 2800 jam
866 2730 1107 2783 defuncti
1138 2730 1450 2783 memoriam
1502 2744 1689 2784 consc-

169 2835 308 2885 craus,
338 2822 394 2875 ad
424 2821 544 2890 ejus
569 2821 829 2876 solemnia
882 2831 1047 2875 totam
1095 2820 1210 2875 fere
1247 2812 1462 2890 cogeret
1494 2821 1688 2875 civita-

169 2922 277 2977 tem;
302 2914 475 2981 utjaui
513 2930 702 2984 magna
738 2915 935 2968 civium
966 2930 1110 2983 pars,
1150 2915 1284 2968 nihil
1320 2914 1689 2968 nisiSanctunt

168 3003 395 3070 haberent,
420 3006 563 3074 quod
587 3005 693 3059 illis
720 3006 1033 3060 auctoribus
1063 2999 1418 3073 accepissent.
1445 3003 1689 3060 Primum

168 3092 310 3162 itaque
334 3095 403 3147 illi
432 3103 639 3149 tentata
686 3093 970 3165 Syuieonis
1021 3094 1088 3149 de
1125 3095 1233 3149 Deo
1258 3096 1539 3151 doctrina:
1577 3106 1688 3150 tum

1779 621 1967 675 eadem
1988 623 2053 675 ad
2086 623 2299 677 diversa
2334 621 2435 675 alia
2488 621 2755 675 rmttobia.
2780 619 2931 673 Nulla
2966 621 3221 690 deinceps
3252 621 3354 690 Sy-

1783 713 1958 767 meoni
1990 723 2172 769 creata
2201 712 2465 766 molestia.
2502 711 2810 767 Exstinctos
2833 711 2981 766 brevi
3019 721 3140 779 post
3194 712 3357 765 resti-

1784 812 1955 856 tutum
2006 802 2327 874 Symeonem
2370 805 2673 872 patriarcha
2706 802 2952 874 Sergius,
2983 804 3138 870 eique
3164 802 3359 856 subro-

1784 902 1936 961 gatus
1990 892 2326 956 Eustbatius,
2378 892 2530 960 cujus
2577 907 2736 947 omne
2759 902 2969 961 tempus
3003 893 3246 948 videatur
3279 894 3358 945 vi-

1784 988 1928 1038 xisse
1952 983 2205 1054 Symeon,
2228 986 2363 1038 etad
2392 985 2561 1053 ipsum
2588 983 2783 1047 Alexii,
2816 983 2906 1052 qui
2940 982 3115 1037 fuerat
3139 981 3357 1038 Studia-

1785 1090 1887 1129 nus
1946 1066 2262 1138 tuonacbus,
2318 1075 2646 1140 pervenisse.
2701 1072 3030 1143 Stephanus,
3089 1073 3172 1127 vel
3213 1073 3352 1140 ipse,

1785 1180 1891 1234 quo
1920 1174 2163 1234 tempore
2199 1165 2444 1235 Sergius,
2478 1166 2617 1221 diem
2666 1164 2883 1230 obierit,
2913 1162 2995 1220 vel
3031 1179 3095 1220 eo
3122 1165 3355 1231 sublato,

1788 1259 2003 1312 animos
2037 1258 2323 1326 posuerit;
2378 1259 2501 1311 aliis
2528 1256 2659 1325 ojam
2719 1250 3046 1326 patriarchis
3100 1256 3359 1327 Symeoni

1789 1350 2143 1418 aequioribus,
2209 1350 2543 1421 major-isque
2574 1365 2683 1420 pra:
2717 1349 2915 1420 Sergio
2943 1348 3237 1416 ﬁrmitatis,
3269 1350 3360 1421 qui

1792 1446 2011 1512 probata
2047 1443 2330 1514 Symeonis
2362 1446 2591 1499 instituti
2626 1444 2837 1500 ratione
2869 1445 3095 1501 colendo
3145 1445 3361 1502 Patrem

1791 1550 1966 1595 suum,
1999 1551 2101 1588 non
2135 1536 2321 1589 debuit
2351 1531 2977 1606 obtundente‘Syncello,
3003 1550 3195 1605 eaque
3226 1536 3364 1590 dun-

1795 1638 1943 1681 taxat
1972 1629 2200 1691 ratione,
2232 1643 2295 1683 ac
2331 1628 2432 1683 nisi
2468 1640 2616 1683 certo
2658 1629 2992 1699 deprehenso
3022 1643 3235 1684 errasse
3258 1627 3362 1684 sibi

1797 1699 2092 1785 calculum,
2162 1734 2261 1774 nec
2291 1736 2411 1774 eum
2455 1725 2722 1795 sanctum.
2784 1720 2877 1776 sed
2908 1720 2988 1776 vel
3026 1721 3362 1791 liypocritam

1796 1810 1875 1862 vel
1936 1809 2248 1863 ill‘Cl‘eliCtlltl
2302 1815 2443 1876 esse,
2511 1824 2539 1864 a
2591 1812 2898 1865 constantia
2953 1808 3181 1865 resilire.
3240 1809 3365 1865 “ch

1794 1917 2000 1956 suunua
2041 1898 2177 1955 Vita:
2238 1900 2545 1972 Synteonis,
2580 1914 2702 1972 qua:
2733 1902 2890 1973 longe
2920 1902 3085 1956 multa
3120 1901 3367 1970 impleret

1792 1994 1936 2048 folia.
1976 1995 2051 2049 Ex
2098 2010 2159 2049 ea
2197 1994 2439 2061 planum,
2471 2009 2630 2064 quam
2664 2009 2770 2048 non
2804 1997 2855 2048 in
2890 1996 3120 2050 obscuro
3144 2010 3365 2049 mauseo

1793 2090 1903 2142 rint
1942 2102 2028 2142 res
2059 2087 2199 2156 ejus,
2234 2097 2354 2157 post
2382 2088 2546 2142 breve
2588 2087 2754 2155 ipsius
2793 2086 3043 2141 exsilium
3101 2095 3155 2139 et
3185 2101 3368 2141 carce-

1792 2194 1923 2244 rem,
1952 2195 2048 2233 nec
2075 2178 2227 2248 quasi
2258 2177 2529 2232 oblivione
2582 2177 2699 2247 ejus
2738 2178 2946 2247 sepulta
2982 2177 3216 2241 cantica,
3254 2192 3368 2232 ser—

1791 2284 2102 2339 monesque,
2133 2285 2195 2323 ac
2228 2268 2429 2338 scripta
2456 2268 2558 2323 alia
2587 2285 2602 2334 ;
2635 2276 2691 2323 ut
2720 2268 2822 2323 sibi
2858 2271 3006 2323 visus
3028 2269 3199 2322 fderat
3230 2263 3368 2322 divi-

1789 2377 1923 2416 nare
1968 2359 2078 2415 Leo
2134 2361 2385 2422 Allatius,
2445 2360 2584 2428 quod
2635 2376 2757 2416 eum
2814 2360 3112 2415 defecerint
3182 2368 3365 2414 vetera

1792 2462 2160 2508 monumenta.
2216 2451 2384 2523 Egre
2436 2453 2573 2518 fero,
2610 2462 2668 2508 ut
2703 2464 2908 2508 tantum
2946 2454 3117 2506 virum
3153 2467 3247 2522 pro
3272 2453 3365 2505 ad-

1792 2546 2046 2601 versariis
2076 2558 2225 2600 Stare
2286 2546 2596 2610 admittam,
2624 2544 2705 2600 vel
2742 2545 3125 2599 Palamitat’uiu
3161 2544 3367 2599 fontem

1793 2654 1936 2704 esse,
1980 2637 2081 2692 nisi
2112 2638 2214 2693 hoc
2276 2637 2473 2701 solum,
2506 2640 2648 2707 quod
2684 2636 2757 2693 illi
2783 2638 3086 2706 simplicius
3125 2638 3172 2692 ei
3202 2638 3368 2702 dicta,

1796 2731 2070 2798 nimiaque
2102 2728 2370 2795 emphasi,
2400 2728 2465 2782 de
2508 2728 2597 2783 Dei
2635 2728 2834 2782 uni'one
2865 2744 2929 2783 ac
2956 2728 3187 2789 visione.
3224 2727 3372 2797 ejus-

1793 2836 1901 2891 que
1921 2821 2039 2875 luce
2072 2835 2134 2874 ac
2161 2820 2463 2881 divinitate,
2496 2820 2546 2874 in
2580 2835 2730 2874 suam
2754 2819 2859 2875 nisi
2882 2830 3013 2875 sunt
3048 2820 3374 2888 detorquere

1796 2910 2123 2964 sententiam
2155 2927 2169 2975 ;
2205 2910 2278 2963 uti
2308 2919 2361 2962 et
2391 2909 2479 2963 illo
2519 2912 2886 2977 superiorum,
2951 2909 3217 2979 Dionysii,
3268 2907 3372 2960 Ba-

1796 3001 1923 3066 silii,
1954 3001 2114 3069 Greg.
2146 3002 2341 3073 Chrys.
2375 3000 2591 3054 Maximi
2622 3017 2635 3053 :
2671 3002 2869 3071 vixque
2911 3000 3052 3055 ullus
3093 3012 3372 3065 occurrat,

1797 3107 1986 3147 eorum
2020 3094 2111 3164 qui
2140 3093 2424 3164 mysticam
2464 3089 2857 3161 atquehnoris
2896 3091 3220 3161 theologiam
3252 3107 3375 3161 prn-

169 3184 463 3238 sollicitatum
503 3186 682 3240 Patris
709 3186 802 3239 ille
861 3186 1056 3251 honor,
1090 3201 1288 3239 annum
1326 3202 1486 3239 unum
1526 3197 1690 3256 atque
1718 3206 1763 3267 ρ
1802 3188 2022 3258 pensius
2070 3186 2360 3249 tradidere,
2422 3185 2505 3238 cui
2561 3198 2666 3238 non
2707 3184 2940 3252 proclive
3004 3187 3076 3238 sit
3128 3187 3374 3239 eamdem

169 3275 372 3344 alterum,
417 3277 728 3345 patriarcha
767 3292 830 3331 ac
852 3278 1127 3346 episcopis
1160 3292 1302 3347 :egre
1337 3278 1689 3332 assentienti-

169 3368 260 3431 bus,
286 3380 339 3421 ut
364 3371 704 3433 damnarent,
728 3370 871 3439 quod
896 3369 1003 3436 jam
1030 3379 1155 3424 ante
1181 3371 1281 3438 ipsi
1303 3370 1690 3440 approbarent.

171 3456 336 3525 Raptus
384 3461 598 3513 tandem
650 3462 703 3513 in
756 3458 1042 3513 concilium
1076 3461 1380 3513 eonomine
1436 3460 1691 3530 Symeon,

170 3550 350 3619 ipSaque
386 3550 563 3606 Patris
614 3552 789 3622 imago
819 3554 958 3606 divis
989 3552 1290 3608 honoribus
1324 3565 1641 3607 consecrata
1673 3570 1687 3608 :

168 3642 261 3711 ejus
283 3645 329 3697 in
353 3662 413 3700 eo
446 3647 703 3700 ventilata
750 3660 911 3699 causa
948 3657 1045 3711 ;et
1102 3645 1254 3715 longa
1293 3647 1575 3716 Symenuis
1604 3665 1695 3699 sa-

170 3736 385 3802 tislactio,
408 3752 504 3806 pro
536 3752 596 3792 se
618 3737 966 3805 acimagine:
997 3736 1150 3806 juxta
1183 3752 1246 3789 ex
1274 3735 1361 3789 illa
1384 3735 1548 3790 oblini
1592 3751 1695 3789 vox

176 3826 222 3878 '0
251 3828 489 3897 'AI‘IUE;
528 3830 741 3885 abolita:
784 3839 839 3885 et
872 3843 1061 3883 Omnes
1112 3829 1229 3882 aliae
1251 3828 1387 3898 ejus,
1437 3829 1486 3880 in
1522 3828 1697 3881 sancti

170 3918 435 3987 Mamantis,
469 3922 753 3990 imagines.
788 3920 968 3975 Altera
1014 3930 1199 3974 coacta
1234 3921 1440 3991 synodo
1470 3936 1485 3985 ;
1515 3919 1699 3988 jussus

172 4010 363 4079 Symeou
393 4026 481 4069 aut
514 4032 542 4069 a
572 4014 750 4070 l'atris
789 4014 893 4069 illis
926 4013 1175 4068 laudibus
1204 4027 1444 4076 cessare,
1469 4024 1559 4066 aut
1591 4027 1701 4068 eie-

172 4105 299 4158 nobio
329 4123 343 4169 ;
369 4108 609 4176 urbeque
652 4107 940 4161 excedere.
990 4103 1202 4159 Nolenti
1234 4104 1451 4169 cedere,
1486 4090 1699 4159 decreta

172 4199 389 4265 synodico
417 4201 590 4254 exsilii
621 4215 800 4267 parua.
829 4201 1151 4269 Deportatus
1187 4197 1254 4251 ad
1299 4197 1698 4269 Chrysopolim,

173 4286 212 4339 iu
232 4291 518 4358 oppidulum
551 4292 696 4360 quod
717 4290 1110 4343 PaIUsiatarum
1142 4297 1357 4342 voeant.
1400 4287 1602 4341 Nactus
1631 4287 1700 4339 ibi

174 4383 428 4435 oratorium
458 4396 593 4452 pene
609 4382 848 4435 dirutum
875 4390 1035 4449 atque
1056 4380 1351 4444 desertum,
1402 4380 1452 4431 iu
1486 4394 1551 4433 eo
1580 4395 1701 4433 cum

176 4470 400 4539 discipulo
432 4473 696 4528 considet.
718 4473 762 4525 A
789 4472 1181 4540 Christophoro
1209 4471 1467 4524 senatorii
1494 4471 1704 4525 ordinis

1806 3294 1971 3349 prope
2001 3294 2063 3332 ac
2096 3278 2347 3349 Symeoni
2393 3278 2592 3332 inferre
2619 3275 2967 3331 calumniam.
3000 3276 3090 3332 Sic
3115 3285 3169 3330 et
3190 3274 3375 3330 Thau-

1805 3372 1916 3425 lero
1948 3382 2131 3426 nostro
2161 3371 2261 3424 visi
2299 3369 2465 3439 aliqui
2530 3369 2837 3433 detrahere,
2876 3384 3033 3438 quem
3064 3366 3378 3424 Ludovicus

1803 3465 2014 3519 Blosius
2048 3464 2126 3515 vir
2157 3456 2403 3516 eruditus
2426 3477 2487 3515 ac
2514 3463 2656 3531 pius,
2685 3462 2785 3515 rite
2806 3461 3066 3516 vindicat.
3094 3453 3376 3525 Visioilla,

1804 3561 2016 3628 aliaque
2040 3558 2156 3627 ejus
2187 3560 2418 3628 generis,
2450 3568 2640 3627 gustus
2672 3557 2891 3625 quidam
2929 3566 3014 3611 est
3046 3554 3376 3625 Exspectata:

1807 3653 2106 3714 felicitatis,
2134 3652 2402 3720 altiorque
2433 3650 2732 3720 praesentia:
2767 3650 2907 3705 Deus
2957 3648 3187 3718 ejusque
3218 3649 3378 3702 unio-

1809 3744 1893 3798 nis
1921 3744 1973 3796 in
1996 3741 2271 3812 perfectis,
2289 3756 2506 3807 sensus,
2523 3755 2683 3811 quam
2705 3741 2940 3811 Symeou
2970 3739 3023 3794 in
3045 3740 3126 3795 els
3151 3754 3373 3809 negare,

1809 3832 2080 3886 btrreseos
2128 3839 2322 3896 notat;
2384 3846 2481 3886 nec
2535 3831 2674 3886 forte
2735 3831 2881 3885 aliud
2921 3831 2971 3884 in
3017 3846 3104 3895 eo,
3154 3831 3382 3901 ejusque

1809 3926 1971 3981 Patre
2019 3923 2270 3992 spiritali,
2337 3918 2605 3993 Symeonc
2673 3923 3000 3987 Venerabili,
3072 3921 3383 3995 Stephanus

1812 4010 2255 4081 reprehendebat.
2295 4012 2451 4069 Libet
2495 4028 2561 4068 ex
2592 4015 2709 4082 ejus
2735 4015 2886 4069 Orat.
2913 4032 2928 4068 :
2958 4008 3094 4086 Περὶ
3129 4014 3387 4088 γνώσεῳς

1811 4104 2096 4176 ἀληθινῆς,
2134 4106 2291 4174 cujus
2318 4106 2435 4159 init.
2461 4105 2571 4158 Καὶ
2599 4105 2693 4158 νῦν
2717 4106 2985 4177 εὐκαίρως
3017 4107 3182 4162 καλὸν
3211 4108 3386 4161 εἰπεῖν

1814 4201 1928 4254 ba'c
1955 4191 2285 4254 exscribere.
2319 4196 2393 4251 Τὸ
2432 4200 2775 4271 μορφοῦσθαι
2802 4202 2860 4253 ὲν
2914 4201 3047 4271 ἡμῖν
3076 4201 3167 4255 τὸν
3217 4203 3388 4264 ὅντως

1814 4292 1940 4345 ὄντα
1975 4291 2196 4355 Θεὸν,τί
2232 4292 2403 4354 ἐστιν,
2428 4292 2475 4343 et
2505 4292 2580 4361 μὴ
2622 4293 2682 4344 τὸ
2716 4293 2864 4362 ἡμᾶς
2908 4292 3107 4357 αὐτοὺς
3164 4292 3387 4360 πάντως

1819 4384 2133 4454 μεταποιεῖν
2187 4400 2246 4435 τε
2305 4383 2398 4435 καὶ
2441 4384 2807 4439 ἀναπλάττειν
2852 4386 2948 4437 καὶ
2996 4387 3077 4446 si;
3129 4384 3230 4457 τὴν
3284 4387 3387 4456 τῆς

1821 4472 2075 4545 Θεὸτητος
2104 4470 2288 4529 εἰκόνα
2326 4472 2763 4548 μεταμορφοῢν;
2824 4462 2937 4531 οἷον
2982 4478 3234 4548 ἔγνωμεν
3276 4480 3388 4549 ἄρα

178 4562 288 4627 viro,
316 4566 457 4633 cujus
480 4567 837 4635 possessiOnis
853 4576 992 4630 erat,
1018 4567 1192 4634 ipsum
1230 4565 1372 4618 dono
1407 4565 1694 4628 obtinet,ea

1817 4570 2076 4637 γεγονότα
2106 4568 2199 4621 καὶ
2230 4569 2320 4622 τὸν
2351 4568 2507 4635 ἆγιον
2544 4569 2615 4621 Συ
2625 4563 2839 4645 μεὼνην
2871 4569 2964 4622 τὸν
3007 4570 3253 4649 Εὑλαϐἧ,
3295 4573 3391 4625 τὸν
3420 4646 3421 4649 η

177 4659 469 4724 conditione,
500 4672 557 4715 ut
582 4662 625 4715 si
659 4662 798 4716 Deus
834 4660 1015 4714 mitius
1054 4660 1152 4728 ipsi
1181 4658 1411 4723 dederit,
1442 4670 1712 4711 monaste-

181 4748 290 4798 rium
315 4751 361 4802 in
386 4768 445 4805 eo
474 4764 735 4807 exstruat.
765 4753 868 4806 Per
899 4767 1043 4813 cum,
1068 4752 1311 4820 aliosque
1328 4751 1442 4817 ejus
1470 4750 1711 4818 discipu-

182 4836 244 4890 los
272 4841 447 4896 delata
472 4844 704 4911 querelae
731 4844 796 4897 ad
838 4844 1229 4912 patriarcham.
1266 4842 1573 4896 Remeatus
1600 4841 1712 4910 ipse

183 4929 225 4982 in
245 4934 448 4999 urbem;
472 4947 671 4989 tentata
706 4951 895 4989 rursus
920 4934 1428 4999 constantia,‘obl.iti
1459 4936 1711 4999 honores,

184 5027 529 5095 metropolitica
584 5028 766 5094 sedes,
802 5028 969 5081 nobili
1031 5028 1211 5097 aliqua
1259 5028 1498 5091 civitate,
1554 5025 1713 5079 modo

186 5118 414 5185 tantisper
442 5120 839 5175 contentionem
866 5118 1436 5187 reinitteret.,Cunctis
1464 5118 1712 5180 immoto,

187 5202 304 5259 facta
333 5208 527 5264 licentia
559 5211 770 5266 colendi
826 5210 1040 5265 Patrem
1094 5219 1151 5264 ut
1190 5208 1405 5263 libuerit
1452 5224 1515 5264 ac
1550 5209 1630 5264 vel
1661 5210 1712 5263 in

188 5300 317 5361 urbe,
345 5304 617 5374 prioreque
650 5302 900 5356 cmnobio
924 5302 1171 5371 degeudi,
1199 5301 1279 5356 vel
1311 5302 1362 5355 iu
1401 5315 1538 5355 nova
1579 5301 1711 5356 soli-

190 5389 364 5443 tudine.
401 5390 597 5448 Delecta
626 5392 861 5448 solitudo
895 5408 910 5457 ;
942 5392 994 5445 iu
1018 5404 1082 5444 ea
1112 5398 1333 5445 coactus
1363 5403 1533 5444 novus
1562 5402 1714 5460 grex,

190 5492 480 5539 exatructum
512 5487 741 5556 egregiis
772 5485 978 5540 aedibus
1002 5483 1177 5537 nobile
1207 5483 1542 5546 coenobium,
1577 5499 1715 5536 cuu-

192 5572 278 5627 ctis
306 5577 366 5629 ad
398 5582 508 5633 vita:
537 5580 788 5635 ascetica:
834 5576 1159 5633 necessariis
1184 5577 1318 5630 satis
1339 5576 1663 5630 instructqu
1698 5590 1714 5641 ;

195 5678 367 5720 sanctae
390 5669 589 5725 Marium
615 5680 830 5725 vocant.
854 5670 911 5724 tn
937 5684 1002 5724 eo
1044 5678 1200 5722 aucta
1234 5667 1521 5740 Syuieonis
1540 5666 1717 5722 Vene-

197 5753 355 5810 rabilis
381 5760 549 5830 religio
579 5769 635 5818 et
668 5759 865 5827 cultus,
893 5757 1200 5815 conﬂuente
1226 5772 1289 5813 ex
1321 5760 1432 5827 ipsa
1456 5759 1587 5812 urbe
1607 5758 1719 5810 Au-

203 5853 355 5911 gusta,
400 5858 598 5921 totaque
625 5850 849 5916 vicinia,
910 5850 1191 5905 innumera
1220 5849 1496 5903 hominum
1535 5847 1720 5903 multi-

1812 4664 1872 4714 ὲν
1902 4665 1966 4731 τῇ
2020 4664 2155 4733 μονῇ
2205 4662 2301 4717 τοῦ
2365 4663 2622 4717 Στουδῑου
2685 4666 3056 4735 ἀσκήσανταο
3115 4669 3182 4737 τῇ
3218 4668 3389 4738 πείρᾳ

1813 4755 1951 4824 αὐτῇ
2003 4755 2069 4807 τὰ
2131 4754 2260 4825 napi.
2314 4754 2478 4808 αὐτοῦ
2523 4754 2935 4825 βεδαιωθέντες.
2976 4756 3054 4829 Τῇ
3102 4758 3210 4832 γὰρ
3257 4760 3392 4813 ἀπο-

1815 4845 2044 4914 καλύψει
2068 4845 2163 4898 τοῦ
2217 4847 2275 4898 ἐν
2323 4846 2471 4917 αὐτῷ
2541 4848 2879 4917 Πνεύματος,
2942 4848 3043 4919 τὴν
3080 4851 3162 4913 εἰς
3227 4850 3391 4923 αὔξον

1815 4937 2000 4991 πίστιν
2083 4938 2633 5007 ὲπισφραγίσαντες,
2709 4940 3117 5011 ἀναντιρῤήτως
3183 4942 3392 5011 ταύτην

1814 5029 2175 5100 φυλάττομεν.
2246 5031 2466 5083 Μᾶλλον
2529 5030 2621 5097 δὲ,
2691 5033 2754 5085 ὲκ
2806 5032 2901 5087 τοῦ
2952 5034 3117 5088 αὑτοῦ
3172 5035 3389 5104 φωτὸς,

1814 5121 1892 5183 ὡς
1939 5121 2003 5174 ὲκ
2030 5120 2316 5191 λαμπάδος
2363 5122 2542 5189 τινὸς,
2603 5123 2692 5176 τὸν
2749 5124 2847 5192 τῆς
2881 5124 3060 5196 ψυχῆς
3111 5126 3270 5195 ἡμῶν
3302 5125 3395 5177 λύ-

1815 5228 1943 5283 χνον
1977 5213 2337 5283 μεταδοτικῶς
2362 5213 2688 5284 ἀνάψαντες,
2715 5216 2977 5269 ἄσϐεστον
3001 5216 3391 5287 διατηροῦμεν,

1814 5306 1937 5366 ταῖς
1987 5301 2198 5358 ἐκείνου
2257 5303 2443 5374 εὐχαῖς
2474 5304 2567 5358 καὶ
2593 5305 2915 5375 πρεσΰείαις
2971 5306 3392 5377 φρουρούμενοι.

1835 5392 1975 5457 Quid
2005 5402 2078 5447 est
2119 5392 2340 5463 formari
2362 5396 2415 5449 in
2441 5397 2609 5461 nobis,
2633 5413 2773 5460 eum,
2801 5398 2891 5466 qui
2910 5408 2983 5451 est
3024 5413 3159 5462 vere,
3193 5397 3393 5463 Deum;

1819 5486 1923 5539 nisi
1955 5501 2045 5540 nos
2070 5487 2213 5556 ipsos
2244 5489 2473 5565 omnino.
2509 5497 2890 5556 trausmutare,
2926 5500 2975 5543 et
3007 5490 3058 5544 in
3103 5490 3393 5560 imaginem

1818 5577 2111 5632 divinitatis
2140 5594 2251 5633 suae
2298 5566 2725 5649 transjormare?
2762 5580 2980 5646 Qualem
3020 5582 3195 5651 utique
3223 5583 3391 5637 etiam

1820 5672 2044 5725 evasisse
2091 5673 2328 5725 novimus
2383 5682 2620 5726 sanctum
2675 5670 2967 5727 Simeonem
3006 5670 3391 5739 Venerabitem,

1820 5766 1910 5832 qui
1932 5763 1986 5816 in
2020 5765 2335 5816 monasterio
2372 5761 2551 5817 Studii
2572 5764 2804 5817 exercui:
2833 5782 2851 5829 ,°
2882 5765 2993 5831 ipso
3032 5766 3285 5834 periculo,
3318 5768 3394 5821 rei

1822 5852 1933 5921 ejus
1969 5860 2104 5905 certo
2132 5853 2372 5905 uotiu'rmt
2396 5854 2586 5922 adepti.
2624 5853 2804 5907 οξυὶηί
2831 5856 2966 5908 enim
3000 5857 3051 5909 in
3072 5873 3131 5910 ea
3161 5856 3397 5915 Spiritus
