3882 6546
437 330 539 393 ΞΗ

1709 333 2101 396 ΜΛΝΓΙΞΙΛΞ
2143 328 2447 398 (ῑΑιΕαῈ
2480 406 2491 414 ,
2628 340 2635 347 '
3571 333 3640 407 ετ

436 445 767 509 ret'elatione,
827 445 1146 514 obsignatam
1176 446 1229 499 in
1280 461 1396 499 eum
1443 445 1621 512 ﬁdem,
1648 447 1781 497 citra
1798 461 1998 496 onmem
2028 445 2077 507 Α
2105 458 2306 501 reretur
2336 447 2739 516 videre?Cessa,
2773 466 2833 505 ne
2860 459 2908 504 te
2966 451 3229 521 lapidibus
3265 452 3573 512 obruamus.
3599 459 3683 515 Ea:

434 535 813 590 haesitationem
853 552 1136 592 servamus.
1168 536 1415 602 Quinimo
1457 551 1522 590 ea:
1554 538 1733 591 eadem
1754 537 1884 601 luce,
1921 552 2003 589 ve-

434 629 513 681 lut
539 644 600 682 ex
625 629 851 698 quadam
870 628 1327 706 lampade,mentis
1355 638 1544 683 nostra:
1565 628 1829 681 lucernam
1858 642 2005 681 com-

437 727 626 782 mercio
644 719 1252 791 quodanuaeeendentes,
1277 720 1391 788 ejus
1411 718 1651 789 precibus
1680 735 1742 773 ac
1765 720 2006 774 interces-

432 824 690 888 sionibus,
724 820 912 873 muniti
951 818 1314 871 inexstinetam
1336 832 1621 871 servamus.

504 912 749 983 Tumque
764 914 827 966 de
849 911 1080 965 aemulis:
1098 908 1417 963 Ἀπιστοῦσι
1448 910 1543 963 καὶ
1564 908 1825 963 ἀδύνατον
1857 902 1997 963 εἶναι

433 1009 658 1069 ἑαυτοὺς
691 1005 962 1070 πείθουσι,
1003 1005 1060 1057 τὸ
1086 1002 1425 1073 καθαρεῦσαι
1456 1001 1745 1071 ἄνθρωπον
1784 1001 2005 1066 τελείως

433 1100 541 1155 ἀπὸ
580 1098 790 1163 παθῶν,
818 1098 911 1151 καὶ
935 1097 1055 1150 ὅλον
1092 1094 1367 1157 οὑσιωδῶς
1415 1096 1474 1147 έν
1509 1091 1687 1163 ἑαυτῷ
1747 1091 2005 1155 δέξασθαι

431 1194 524 1247 τὸν
548 1190 928 1262 Παράκλητον.
956 1188 1056 1242 Διά
1075 1186 1232 1242 τοῦτο
1251 1187 1431 1241 τοίνυν
1463 1186 1553 1239 καὶ
1584 1184 1723 1239 κατὰ
1745 1184 1844 1253 τῆς
1876 1184 2041 1237 éau.‘

432 1286 542 1339 τῶν
573 1285 848 1354 σωτηρίας
887 1281 1112 1335 λαλοῦσι
1135 1282 1228 1334 καὶ
1264 1266 1583 1351 πρᾶττουσι,
1617 1277 1889 1341 πλείοντες
1916 1277 2004 1346 ἐφ’

434 1379 649 1440 ἑαυτοῖς
676 1377 770 1439 τὰς
803 1375 976 1438 πύλας
1010 1375 1107 1445 τῆς
1145 1373 1425 1444 βασιλείας
1457 1373 1567 1424 τῶν
1605 1370 1874 1443 οὐρανῶν,
1910 1371 2004 1423 καὶ

435 1475 646 1535 πάντας
677 1471 871 1533 ἄλλους
900 1470 1023 1533 τοὺς
1054 1468 1318 1522 εἰσελθεῖν
1367 1464 1734 1536 βουλομένους
1764 1462 2002 1518 κωλύον-

434 1582 550 1628 τες.
584 1564 649 1616 El
679 1580 782 1616 που
814 1562 870 1616 δὲ
895 1562 989 1615 καὶ
1018 1560 1294 1615 ἀκούσωσι
1325 1558 1455 1629 περὶ
1498 1556 1703 1626 ,ἑτέρου
1736 1555 1878 1619 τινὸς
1928 1573 2008 1608 νο-

437 1659 618 1730 μίμως
637 1656 1077 1727 ἀγωνισαμένου,
1103 1652 1503 1726 καθαρεύοντός
1550 1668 1609 1704 τε
1635 1649 1743 1705 ἀπὸ
1766 1650 2005 1704 ,πάντων

432 1747 642 1812 παθῶν,
699 1747 796 1801 καὶ
842 1746 976 1799 πᾶσι
1044 1743 1111 1797 τὰ
1172 1742 1436 1814 μεγαλεῖα
1490 1740 1852 1811 κηρύττοντος
1909 1736 2003 1791 τοῦ

2111 539 2253 593 vobis
2281 542 2512 609 quidem,
2545 541 2735 606 Amici,
2794 558 2945 597 nemo
2984 560 3224 612 prorsus,
3255 558 3307 600 ut
3331 565 3420 603 vos
3448 549 3629 607 dicitis
3662 569 3682 609 :

2109 632 2194 687 Ea:
2245 631 2353 686 illis
2403 648 2519 687 vero
2579 636 2668 703 qui
2700 650 2908 688 crucem
2945 635 3129 691 tollere
3155 647 3476 704 statuerunt,
3501 652 3550 695 et
3590 660 3680 697 ar-

2106 734 2248 779 ctam
2315 726 2451 779 vium
2514 726 2806 792 ambulare,
2843 737 3001 798 atque
3048 731 3415 813 suaganimas
3462 747 3680 803 propter

2108 816 2266 869 vitam
2304 825 2554 871 aeternam
2602 819 2839 887 perdere,
2861 818 3104 875 uiderunt
3130 823 3283 876 multi
3313 824 3473 879 etiam
3496 827 3683 895 prius;

2107 906 2382 978 pluresque
2400 908 2713 973 etiamnum,
2747 911 2824 965 uti
2864 911 3123 979 arbitror,
3162 914 3361 978 vident,
3384 931 3446 970 ac
3477 918 3685 971 visurus

2105 1009 2185 1054 est
2218 1002 2455 1071 quisquis
2474 1001 2726 1067 voluerit;
2752 1003 2963 1058 tametsi
2993 1020 3080 1058 vos
3120 1007 3308 1083 mentis
3341 1011 3686 1075 peruersitate

2106 1093 2385 1162 lirorisque
2416 1094 2625 1147 malitia
2651 1110 2739 1148 eos
2799 1093 2972 1149 videre
3010 1113 3115 1149 non
3145 1084 3349 1152 ualetis.
3383 1099 3536 1154 Plura
3568 1099 3687 1170 ejus

2107 1186 2325 1258 generis
2387 1194 2496 1240 toto
2520 1185 2611 1240 illo
2670 1201 2943 1254 sermone,
2978 1202 3097 1257 qua:
3132 1189 3246 1257 ipsa
3278 1190 3397 1261 ejus
3425 1206 3588 1244 causa
3622 1207 3686 1245 ac

2106 1277 2315 1332 crimen
2380 1277 2519 1347 apud
2586 1275 2892 1348 Syncellum
2951 1281 3282 1343 videantur;
3334 1296 3454 1351 qum
3489 1291 3675 1337 tamen

2108 1369 2187 1424 sic
2219 1368 2289 1425 ab
2318 1384 2382 1424 eo
2414 1369 2580 1423 diluta
2605 1380 2797 1425 auctor
2826 1379 2910 1426 est
2930 1370 3175 1440 Sergius,
3203 1381 3262 1428 ut
3296 1387 3443 1429 mera
3473 1374 3686 1428 cuium-

2109 1463 2199 1517 nia
2237 1463 2350 1519 visa
2402 1464 2513 1517 sint
2564 1464 2752 1535 synodi
2783 1463 3014 1535 judicio,
3051 1480 3157 1519 uno
3184 1464 3286 1520 hoc
3317 1467 3457 1522 ineo
3495 1481 3689 1536 repre-

2107 1556 2301 1622 henso,
2332 1554 2473 1627 quod
2505 1556 2580 1610 ita
2612 1555 2810 1624 Patris,
2843 1558 3035 1629 sicque
3078 1557 3368 1613 atnbiliose
3400 1559 3531 1613 culti
3564 1576 3687 1613 me-

2106 1648 2333 1706 morium
2386 1647 2706 1703 celebraret.
2741 1646 2832 1702 Sic
2856 1648 3001 1703 enim
3033 1647 3124 1704 ille
3157 1647 3223 1702 ad
3242 1647 3523 1715 Proceres,
3582 1650 3691 1721 Sy-

2110 1737 2424 1807 meonisquc
2446 1737 2762 1807 discipulos.
2811 1736 2953 1807 Ἐγὼ
3007 1739 3128 1806 μὲν,
3188 1736 3545 1806 ἐνδοξότατοι,
3596 1742 3694 1795 οὑ-

432 1837 591 1903 Θεοῦ,
624 1839 721 1891 ὅσα
755 1835 998 1906 δηλονότι
1027 1835 1287 1905 ἐποίησεν
1317 1835 1404 1886 ἐπ’
1433 1831 1580 1903 αὑτῷ
1608 1833 1636 1885 ό
1664 1830 1819 1894 Θεὸς,
1861 1831 2002 1883 κατὰ
2040 1830 2079 1888 Β
2107 1829 2300 1901 δεμίαν
2371 1828 2564 1883 έλαεον
2623 1827 2845 1887 πώποτε
2895 1831 3143 1901 πονηρὰν
3192 1829 3468 1901 ὑπόληψιν
3543 1831 3698 1886 κατά
3750 1843 3765 1859 ⁸

432 1930 529 1993 τὰς
565 1928 815 1998 ἀψευδεῖς
856 1925 1180 1998 ὑποσχέσεις
1218 1924 1415 1979 αὐτοῦ’
1463 1925 1557 1977 καὶ
1586 1925 1736 1987 ὅπως
1785 1923 1885 1994 μὲν
1921 1921 2008 1974 λέ-

431 2038 619 2090 γοντος
651 2019 785 2090 πρὸς
825 2018 1094 2088 ὠφέλειαν
1150 2016 1259 2070 τῶν
1300 2017 1634 2080 ἀκουόντων,
1689 2012 2008 2084 κατηξιώθη

432 2114 550 2184 φῶς
594 2114 722 2167 ἰδεῖν
750 2111 886 2165 Θεοῦ
924 2112 1015 2164 καὶ
1036 2109 1171 2162 Θεὸν
1204 2109 1262 2162 ἐν
1293 2109 1436 2178 φωτὶ
1493 2107 1652 2178 δόξης
1681 2123 1697 2139 ·
1756 2105 1905 2168 ὅπως
1949 2103 2006 2158 δὲ

433 2202 687 2274 γνωστῶς
720 2202 866 2273 ἔργῳ
905 2203 962 2254 ὲν
999 2200 1177 2272 ἑαυτῷ
1234 2199 1333 2269 τὴν
1360 2197 1725 2272 ιιπιφοίτησιν
1762 2195 1885 2250 κατ’
1919 2198 2007 2249 ὲν-

432 2300 655 2366 ἐργειαν
718 2293 811 2347 τοῦ
864 2292 1018 2363 ἁγίου
1068 2291 1406 2362 Πνεύματος,
1454 2290 1549 2343 καὶ
1581 2289 1713 2358 ἆγια
1752 2289 1809 2343 ὲν
1866 2287 2008 2355 ἁγίῳ

432 2379 713 2457 Πνεύματι
744 2385 969 2453 γέγονεν
1005 2399 1018 2413 ·
1050 2381 1211 2443 εὐθὺς
1238 2380 1432 2450 ὥσπερ
1481 2379 1642 2441 κύνες
1698 2376 2007 2441 λυσσῶντες

430 2475 866 2532 καθυλακτοῦσιν
897 2472 1083 2536 αὑτοῦ,
1105 2472 1195 2525 καὶ
1227 2471 1555 2537 κατεσθίειν,
1579 2470 1627 2521 εί
1652 2468 1898 2534 δυνατὸν,
1916 2469 2007 2520 τὸν

428 2571 604 2626 ταῦτα
637 2568 870 2636 λέγοντα
914 2566 1226 2619 σπεύδουσι*
1284 2562 1522 2624 Παῦσαι,
1580 2560 1849 2629 λέγοντες,
1903 2578 2005 2615 πεο

430 2662 742 2735 πλανημένε
794 2662 886 2718 καὶ
943 2661 1263 2729 ὑπερήφανε
1316 2659 1402 2713 σύ.
1448 2657 1545 2721 Τίς
1602 2657 1711 2726 ἄρα
1768 2655 2007 2719 τοιοῦτος

430 2760 558 2831 ἄρτι
588 2759 835 2828 γέγονεν,
869 2754 943 2817 ὡς
977 2754 1029 2807 oi
1054 2752 1210 2822 ἅγιον
1251 2752 1495 2821 Πατέρες
1529 2753 1780 2818 ἐγένοντο
1815 2769 1830 2817 ;
1906 2748 2005 2814 Τίς

429 2853 486 2904 δὲ
519 2850 650 2904 θεὸν
680 2843 905 2916 εἶδεν,ἢ
959 2845 1088 2897 ἰδεῖν
1138 2842 1240 2897 κᾶν
1298 2841 1548 2896 ὁπωσοῦν
1592 2840 1855 2904 δύναται;
1906 2837 2005 2900 Τίς

431 2942 659 3012 Πνεῦμα
701 2939 857 3007 ἆτιον
909 2936 1003 2990 ἐπὶ
1049 2934 1305 2989 τοσοῦτον
1356 2933 1568 2996 έλαὸεν,
1618 2934 1694 2993 ὡς
1722 2931 1790 2986 δι’
1836 2928 2001 2984 αὑτοῦ

428 3042 519 3089 τὸν
545 3034 764 3103 Πατέρα
793 3032 886 3085 καὶ
918 3030 1008 3083 τὸν
1041 3027 1482 3132 Υἱὺνξιωθῆναι
1545 3026 1705 3090 ίδεῖν;
1764 3023 2001 3131 Παῦσαι,

433 3131 506 3199 μή
539 3143 597 3180 σε
630 3124 796 3188 λίθοις
824 3113 1262 3191 καταλευσθῖναι
1296 3122 1637 3188 ποιήσωμεν.
1700 3117 1792 3184 Ἐξ
1844 3113 2001 3186 ὑμῶν

433 3220 502 3291 μὲ
525 3244 555 3288 π,
595 3212 639 3272 ὦ
671 3209 848 3283 οὗτος,
873 3216 946 3277 ὼς
972 3213 1125 3266 αὐτοί
1153 3229 1311 3282 φατε,
1356 3211 1532 3274 οὐδεὶς
1579 3209 1829 3281 οὐδαμῶς
1856 3224 1871 3241 ⁸
1937 3209 2003 3262 ὲκ

429 3316 486 3368 δὲ
520 3312 627 3365 τῶν
680 3308 1131 3381 προαιρουμένων
1166 3304 1255 3358 τὸν
1285 3302 1517 3373 σταυρὸν
1570 3298 1698 3370 ἆραι
1758 3301 1852 3353 καὶ
1902 3299 2002 3372 τὴν

430 3404 625 3476 στενὴν
654 3402 874 3455 ὁδεῦσαι
901 3399 1042 3461 ὁδον,
1064 3398 1158 3450 καὶ
1192 3397 1289 3457 τὰς
1322 3392 1531 3448 ἑαυτῶν
1550 3392 1794 3447 ἀπολέσει
1820 3390 2002 3461 ψυχὰς

432 3500 627 3552 ἕνεκεν
648 3494 749 3563 τῆς
773 3491 991 3573 αἰωνίου
1026 3490 1192 3560 ζωῆς,
1225 3489 1413 3541 πολλοὶ
1452 3489 1552 3557 μὲν
1580 3481 1719 3537 εῐδον
1745 3484 1842 3538 καὶ
1870 3484 2004 3554 πρό-

426 3605 583 3656 τερον
608 3604 622 3617 ·
650 3587 863 3649 πλείους
886 3583 963 3646 δὲ,
988 3578 1166 3654 οἶμαι,
1183 3581 1353 3649 ὁρῶσι
1377 3578 1474 3634 καὶ
1496 3578 1611 3646 νῦν,
1628 3578 1723 3631 καὶ
1749 3576 1855 3630 τῶν
1879 3575 2004 3647 βου-

427 3676 914 3747 λομέικωνὲκαστος
933 3674 1147 3743 ὄψεται·
1172 3673 1277 3724 πᾶν
1292 3671 1450 3741 ὑμεῖς
1473 3671 1758 3740 σκαιότητι
1775 3667 2001 3738 γνώμης

428 3774 521 3824 καὶ
558 3767 853 3839 βασκανίας
890 3754 1189 3834 ’φαυλότητι
1214 3762 1437 3823 τούτους
1468 3761 1596 3814 ίδεῖν
1627 3761 1728 3813 οὐκ
1759 3759 1999 3830 ίσχύετε.

431 3859 553 3913 Nan
576 3858 812 3919 credunt,
858 3857 1056 3922 sibique
1093 3853 1408 3920 persuadent
1457 3850 1575 3919 fieri
1611 3866 1713 3903 non
1739 3864 1909 3918 posse,
1942 3857 2000 3904 ut

426 3951 580 4002 homo
602 3946 825 4016 perfecte
848 3962 878 3997 a
908 3941 1211 3996 libidinibus
1240 3951 1394 4011 atque
1423 3940 1562 3995 vitiis
1606 3946 1831 3995 mundus
1847 3942 1936 4007 sit,
1951 3951 2001 3996 et

429 4050 486 4093 ut
524 4049 689 4091 totum
729 4034 1148 4090 substantialiter
1188 4035 1241 4086 in
1294 4049 1347 4085 se
1373 4029 1709 4086 Paracletum
1747 4032 1994 4100 recipiat.

430 4130 636 4183 Idcirco
656 4132 814 4183 etiam
854 4138 1033 4181 contra
1054 4144 1203 4180 suam
1235 4127 1465 4196 ipsorum
1496 4124 1785 4195 loquuntur:
1813 4134 2001 4197 agunt-

426 4223 788 4294 quesalutem,
840 4221 1141 4275 claudentes
1211 4236 1367 4289 super
1412 4236 1464 4273 se
1492 4219 1629 4285 ipsos
1691 4217 2001 4290 [oresregni

426 4316 697 4382 caelorum,
753 4298 1081 4383 Cunctosqu?
1117 4313 1365 4381 reliquos,
1428 4310 1517 4380 qui
1573 4311 1728 4364 velint
1776 4312 1999 4377 int'rare,
2046 4327 2057 4339 σ

426 4408 774 4478 prohibentes.
810 4404 903 4459 Sin
935 4417 1104 4457 autem
1138 4406 1292 4456 etiam
1318 4401 1382 4456 de
1419 4403 1526 4455 alio
1550 4401 1779 4472 quodam
1817 4401 2001 4455 audie-

2108 1920 2203 1976 τοῦ
2236 1922 2404 1992 κυροῦ
2433 1919 2659 1991 Συμεών
2693 1938 2709 1954 ·
2742 1921 2878 1977 ἀλλὰ
2913 1923 3009 1976 καὶ
3063 1923 3333 1992 ἀναγνοὺς
3400 1925 3695 1995 καταρχὰς

2107 2012 2176 2063 τά
2199 2011 2279 2073 είς
2310 2010 2403 2063 τὸν
2440 2011 2663 2083 Πατέρα
2688 2009 2880 2065 τούτου
2940 2012 3036 2066 ὑπ’
3074 2012 3241 2067 αὑτοῦ
3296 2014 3695 2085 γεγραμμένα,

2072 2128 2081 2137 ι
2108 2101 2283 2174 ἥσθην
2317 2102 2407 2157 ἐπ’
2438 2101 2643 2167 αὑτοῖς,
2672 2103 2762 2156 τὸν
2793 2101 3004 2158 ἐκείνου
3027 2101 3143 2174 βίον
3183 2103 3362 2170 εἰδὼς,
3407 2106 3503 2161 καὶ
3550 2103 3698 2176 oax-

2107 2193 2224 2247 λειν
2257 2193 2536 2266 ἐπέτρεψα
2587 2195 2676 2248 ἔπ’
2715 2194 2985 2265 ἐκκλησίᾳ
3032 2194 3197 2257 αὐτὰ,
3246 2194 3697 2266 ὑπερεπαινέσας

2109 2287 2206 2359 τὴν
2235 2288 2419 2342 πίστιν
2442 2285 2632 2343 αὑτοῦ.
2670 2286 2814 2341 Ἀλλ’
2840 2288 2942 2341 οὑκ
2974 2283 3071 2341 οἷδ’
3103 2287 3250 2355 ὅθεν,
3279 2289 3376 2343 καὶ
3406 2289 3494 2350 τίς
3520 2288 3697 2357 γέγοο

2109 2397 2200 2434 νεν
2231 2378 2553 2450 ἀναμεταξὺ
2583 2379 2794 2434 ἐκείνου
2836 2379 2931 2435 καὶ
2961 2380 3058 2434 τοῦ
3089 2382 3387 2450 συγκέλλου
3416 2381 3693 2451 διαφορά,

2108 2471 2202 2525 καὶ
2239 2470 2439 2540 μυρίας
2465 2471 2587 2524 κατ’
2620 2470 2788 2526 αὑτοῦ
2838 2471 2938 2527 καὶ
2984 2472 3078 2528 τοῦ
3116 2472 3329 2544 Πατρδς
3368 2471 3538 2526 αὑτοῦ
3589 2471 3699 2536 τὰς

2105 2562 2444 2632 κατηγορίας
2475 2559 2785 2632 ἐξήγειρεν,
2820 2562 2975 2617 οὐδὲν
3000 2561 3164 2616 πλέον
3191 2563 3416 2634 ἐχούσας
3449 2564 3483 2634 ἦ
3517 2564 3695 2634 μόνον

2104 2653 2380 2715 διαόολάς.
2417 2654 2485 2706 Ἀ
2514 2653 2569 2706 δὲ
2596 2654 2834 2709 πέπονθε
2871 2656 3001 2727 παρ’
3068 2656 3248 2727 ἡμῶν,
3283 2655 3384 2727 οὑχ
3438 2655 3518 2720 ὡς
3583 2672 3696 2710 πα-

2108 2746 2402 2818 ρασφαλεὶς
2432 2746 2489 2800 έν
2516 2748 2627 2811 τοῖς
2666 2746 2767 2819 τῆς
2803 2748 3129 2818 Ἑκκλησίας
3176 2748 3434 2820 δόγμασι,
3481 2747 3557 2802 δι’
3616 2740 3699 2805 ὧν

2107 2839 2142 2908 η
2182 2837 2318 2911 ὀρθὴ
2353 2841 2447 2894 καὶ
2473 2838 2775 2910 ἀμώμητος
2808 2841 2994 2904 πίστις
3024 2841 3339 2913 ὠχύρωται,
3388 2828 3698 2907 πέπονθεν,

2103 2929 2221 2983 ἀλλ’
2245 2931 2435 3000 ἐπειδὴ
2463 2930 2671 2997 ἐκεῖνος
2707 2931 2810 3003 μὲν
2852 2931 2947 2987 τοῦ
2984 2933 3117 2987 ἰδίου
3163 2933 3519 3005 ἀμεταθέτως
3575 2929 3698 3004 εἶχε

2106 3019 2338 3088 σκοποῦ,
2368 3023 2463 3076 καὶ
2500 3023 2677 3095 τιμῶν
2702 3022 2795 3079 τὸν
2833 3025 3075 3096 Πατέρα,
3121 3023 3217 3080 τοῦ
3255 3025 3530 3096 λαμπρῶς
3567 3026 3701 3096 ἑορ-

2102 3111 2291 3178 τάξειν
2316 3112 2417 3167 οὑκ
2450 3111 2689 3167 ἐπαύετο
2716 3129 2730 3145 ·
2762 3113 2813 3166 oi
2842 3117 3141 3186 κατήγοροι
3166 3114 3222 3169 δὲ
3250 3114 3420 3169 αὑτοῦ
3451 3115 3702 3184 ὲταράσο

2104 3220 2281 3273 σοντο,
2312 3206 2407 3260 καὶ
2436 3204 2506 3259 δι’
2536 3204 2697 3277 ὄχλου
2740 3204 3092 3279 καθεκάστην
3126 3207 3259 3280 ἡμῖν
3287 3206 3561 3276 ἐγίνοντο.
3589 3207 3699 3261 Διὰ

2101 3298 2261 3351 τοῦτο
2291 3297 2389 3369 τῆς
2411 3297 2581 3368 μονῆς
2602 3296 2768 3351 αὑτοῦ
2795 3296 2891 3351 καὶ
2920 3297 3021 3368 τῆς
3061 3298 3271 3361 πόλεως
3320 3299 3486 3367 αὑτὸν
3544 3315 3700 3371 παρ·

2103 3389 2357 3459 εκίνησα.
2377 3390 2493 3443 Νῦν
2520 3387 2599 3455 δὲ,
2622 3390 2671 3442 εἰ
2696 3387 2973 3460 βούλεται,
3003 3390 3097 3444 καὶ
3126 3392 3237 3454 τοῖς
3256 3390 3411 3461 ὲμοῖς
3434 3389 3578 3455 elisi.
3609 3387 3702 3445 λό-

2102 3495 2242 3548 γοις,
2260 3481 2450 3551 κύριος
2468 3476 2627 3546 αὖθις
2646 3484 2740 3537 καὶ
2766 3484 2866 3553 τῆς
2892 3483 3031 3547 ιδίας
3050 3484 3217 3553 μονῆς
3239 3484 3562 3555 γενήσεται,
3595 3485 3700 3538 καὶ

2101 3571 2364 3640 ἀρχιερέα
2388 3573 2576 3627 τοῦτον
2612 3574 2679 3627 έν
2706 3574 2809 3645 μιᾷ
2853 3574 2963 3627 τῶν
2999 3574 3222 3646 ὑψηλῶν
3263 3574 3696 3647 μητροπόλεων,

2106 3664 2533 3736 συνευδοκούσης
2552 3668 2732 3738 πάσης
2745 3667 2846 3737 τῆς
2869 3667 3021 3738 ἱερᾶς
3040 3668 3279 3734 συνόδου,
3295 3670 3696 3742 χειροτονήσει.

2104 3757 2196 3809 καὶ
2212 3756 2281 3809 τὰ.
2323 3756 2510 3822 κακῶς
2530 3757 2869 3830 ἐκϐεϐηκότα
2914 3760 3258 3837 διορθώσεως
3294 3762 3551 3828 τεύξεται
3592 3763 3699 3839 τῆς

2103 3848 2511 3920 προσηκούσης.
2552 3848 2664 3922 Ego
2707 3867 2855 3919 sane,
2877 3853 2975 3907 viri
3006 3853 3207 3925 inclyti,
3230 3854 3430 3910 trullam
3454 3871 3699 3926 unquam

2104 3940 2301 3995 malam
2321 3943 2674 4013 suspicionem
2696 3945 2946 3999 adversus
2976 3945 3227 3999 domuum
3250 3944 3567 4016 Symeonem
3599 3949 3700 4001 ad-

2103 4033 2261 4087 misi:
2294 4033 2385 4088 sed
2421 4042 2470 4088 et
2498 4032 2645 4089 lectis
2678 4035 2832 4089 initio
2859 4051 2978 4106 qua:
3003 4036 3070 4091 ab
3094 4037 3184 4092 illo
3212 4040 3264 4092 in
3295 4036 3512 4093 Patrem
3531 4056 3696 4094 suurn

2102 4127 2363 4194 conscipta
2379 4137 2551 4192 erant,
2574 4127 2680 4181 illis
2712 4128 2932 4199 gavisus
2950 4146 3088 4193 sum,
3114 4130 3205 4199 qui
3242 4130 3387 4185 illius
3415 4132 3586 4186 vitam
3604 4149 3699 4187 e3-

2100 4217 2644 4285 ploratumhaberem,
2672 4220 2785 4290 ejus
2802 4221 2964 4290 ﬁdem
2995 4238 3156 4292 supra
3180 4222 3393 4277 modum
3426 4224 3696 4279 laudans.

2117 4304 2305 4362 Verum
2323 4309 2478 4377 unde,
2505 4314 2699 4376 nescio,
2715 4329 2893 4383 quiane
2911 4314 3049 4368 inter
3059 4330 3180 4369 eum
3193 4314 3552 4385 acsgncellum
3573 4327 3697 4369 orta

2104 4401 2785 4475 discordia,innumeraque
2805 4405 3057 4461 adversus
3091 4423 3208 4461 eum
3246 4407 3461 4478 eiusque
3481 4418 3696 4478 patrem

428 4503 555 4564 rint,
579 4501 807 4570 legitime
836 4513 953 4550 eum
977 4506 1221 4561 certasse,
1251 4496 1605 4564 mundumque
1636 4494 2003 4565 a‘perturbatis
2039 4504 2079 4559 ι)
2104 4491 2275 4544 eacita
2301 4494 2700 4548 accusationum
2738 4496 2940 4565 capita,
2977 4497 3111 4551 nihil
3166 4508 3360 4568 praeter
3387 4514 3570 4554 meras
3592 4517 3698 4556 ca-

429 4590 668 4645 omnibus
718 4586 993 4656 aﬂectibus
1046 4602 1179 4653 esse,
1231 4602 1292 4638 ac
1329 4583 1426 4639 Dei
1444 4585 1711 4639 mirabilia
1763 4586 2003 4640 omnibus

427 4681 749 4750 prwdicare;
798 4693 1117 4751 quacunque
1173 4677 1423 4730 nimirum
1452 4675 1588 4731 Deus
1648 4677 1702 4730 in
1752 4676 1843 4731 illo
1881 4677 2003 4747 fecit

422 4777 580 4845 juxta
616 4775 908 4827 verissimus
926 4771 1295 4840 promissiones
1323 4785 1487 4832 suos;
1523 4770 1898 4839 dicentemque,
1934 4781 1991 4825 ut

380 4881 386 4887 '
429 4865 727 4919 audiorum
769 4864 928 4919 saluti
960 4861 1220 4924 consulat,
1255 4861 1349 4914 hoc
1376 4878 1428 4915 se
1458 4873 1785 4916 consecutum
1818 4878 1926 4915 esse
1943 4872 2002 4916 ut

342 5019 353 5030 .
431 4959 530 5012 Dei
566 4957 742 5011 lumen
788 4955 1005 5020 rideret,
1040 4955 1309 5025 Deumque
1363 4957 1417 5008 in
1467 4955 1727 5009 claritatis
1763 4971 1854 5009 seu
1883 4971 1999 5007 ma-

418 5051 629 5119 ]estatis
674 5048 894 5111 lumine,
937 5059 1090 5116 utque
1113 5049 1253 5102 adeo“
1296 5048 1558 5118 sapienter
1602 5056 1726 5100 actu
1767 5044 1999 5113 Spiritus

426 5143 593 5196 sancti
620 5142 671 5195 iu
691 5155 745 5194 se
773 5140 1047 5191 adventum
1076 5139 1357 5192 secundum
1384 5139 1756 5209 operationem,
1786 5146 2001 5190 sancta-

425 5233 595 5301 quein
621 5240 800 5285 sancto
840 5228 1042 5297 Spiritu
1076 5229 1219 5299 facta
1265 5231 1618 5298 conspiceret;
1645 5230 1818 5283 statim
1861 5227 1996 5282 velut

425 5341 581 5379 canes
640 5322 814 5377 rabidi
854 5323 1102 5376 adversus
1154 5338 1272 5377 eum
1309 5323 1592 5385 oblatrant,
1642 5321 1999 5389 {estinantque

427 5412 483 5469 ul
520 5414 611 5483 qui
647 5413 757 5467 hate
793 5411 1047 5481 loquitur,
1091 5412 1133 5466 si
1185 5413 1300 5483 ﬁeri
1336 5423 1522 5482 potest,
1549 5414 1815 5465 devorent.
1842 5411 1999 5463 Cesso

427 5508 600 5569 aiunt,
619 5505 825 5558 seducle
856 5517 910 5558 tu
943 5522 1002 5557 ac
1026 5502 1261 5574 superbe.
1286 5504 1413 5568 Quis
1439 5506 1590 5557 modo
1624 5504 1767 5565 talis,
1795 5520 1857 5555 ac
1879 5517 1998 5555 san-

427 5596 497 5649 cti
538 5595 723 5650 Patres
763 5597 1046 5650 exstitere?
1079 5586 1208 5663 Quis
1255 5612 1370 5649 vero
1401 5594 1567 5649 Deum
1602 5595 1749 5658 vidit,
1786 5609 1875 5648 aut
1920 5597 1998 5650 vel

425 5686 701 5771 minimum
731 5688 901 5742 videre
928 5699 1091 5757 potest
1126 5691 1151 5744 Ζ)
1186 5689 1318 5754 Quis
1378 5696 1526 5741 tanta
1555 5690 1706 5756 copia
1739 5684 1998 5756 Spiritum

427 5790 663 5835 sanetum
692 5782 909 5851 accepit,
950 5792 1002 5836 ut
1038 5798 1127 5848 per
1154 5798 1291 5846 eum,
1326 5780 1535 5833 Patrem
1565 5777 1867 5849 Filiumque
1893 5796 1999 5834 me-

2110 4583 2337 4640 lumnias
2366 4587 2633 4642 habentia.
2661 4587 2793 4653 Qua:
2812 4604 2930 4643 vero
2951 4608 2983 4645 a
3004 4590 3151 4645 nobis
3169 4592 3247 4646 illi
3259 4594 3427 4648 multa
3447 4594 3695 4664 irrogata

2105 4686 2205 4740 est,
2229 4694 2330 4731 non
2362 4693 2421 4731 eo
2446 4679 2682 4750 irrogata
2708 4689 2783 4734 est
2801 4689 3054 4751 tanquam
3086 4682 3139 4736 in
3160 4683 3532 4739 ecclesiasticis
3566 4688 3695 4757 dog-

2108 4767 2286 4831 matis,
2325 4766 2514 4838 quibus
2564 4782 2706 4824 recta
2740 4786 2802 4824 ac
2817 4772 3087 4839 inculpata
3118 4773 3247 4841 ﬁdes
3270 4786 3382 4829 tota
3416 4777 3692 4841 consistit,

2105 4862 2359 4913 errauerit
2378 4876 2398 4926 ,'
2431 4860 2521 4915 sed
2570 4863 2708 4932 quod
2742 4864 2798 4916 in
2830 4879 2927 4917 suo
2962 4864 3050 4919 ille
3095 4867 3364 4935 proposito
3399 4867 3693 4923 immobilis

2105 4949 2427 5021 persisteret,
2489 4952 2771 5025 Patrisque
2813 4955 3027 5022 honore,
3081 4959 3191 5012 dies
3211 4959 3374 5027 [estos
3439 4962 3694 5028 agitandi

2105 5043 2381 5113 slrtendido
2407 5045 2554 5100 cultu
2595 5063 2658 5101 ac
2689 5048 2992 5118 magniﬁco,
3017 5047 3222 5103 nultum
3253 5050 3412 5117 ﬁnem
3442 5050 3692 5121 faceret;

2104 5150 2266 5203 eoque
2302 5125 2356 5189 re
2383 5136 2723 5191 turbarentur
2753 5138 2897 5192 illius
2938 5150 3299 5205 accusatores,
3332 5157 3395 5194 ac
3441 5142 3689 5211 quotidie

2106 5228 2309 5281 molesti
2339 5229 2482 5282 nobis
2518 5231 2880 5285 obtunderem.
2933 5236 3063 5288 Haec
3092 5249 3253 5286 causa
3288 5241 3389 5300 est,
3427 5249 3531 5287 cur
3591 5250 3691 5291 suo

2106 5320 2256 5375 illum
2286 5325 2606 5377 monasterio
2646 5340 2708 5377 ac
2741 5326 2958 5380 civitate
2995 5327 3266 5381 moverint.
3296 5324 3457 5385 Nunc
3484 5343 3610 5381 vero
3645 5329 3718 5382 sis

2106 5413 2251 5477 uelit,
2311 5414 2537 5484 meisque
2586 5416 2912 5471 sermonibus
2949 5419 3290 5489 acquieverit,
3345 5428 3456 5473 tum
3497 5436 3689 5475 rursus

2106 5507 2408 5560 monasterii
2428 5508 2511 5560 sui
2539 5508 2736 5562 arbiter
2763 5510 2884 5575 erit,
2904 5520 3013 5564 tum
3040 5513 3278 5573 universa
3310 5514 3692 5583 comprobante

2105 5612 2260 5650 sacra
2293 5600 2516 5667 synodo,
2549 5599 2604 5653 in
2647 5616 2752 5654 una
2781 5601 3041 5656 celsarum
3072 5602 3432 5673 metropoleon
3474 5606 3688 5673 episco-

2104 5704 2253 5756 pusa
2299 5690 2445 5744 nobis
2482 5692 2853 5758 ordinabitur;
2893 5704 2942 5748 et
2988 5711 3107 5765 qute
3156 5695 3301 5751 issula
3359 5695 3690 5768 obtigerunt,

2105 5780 2466 5835 convenienter
2494 5784 2935 5849 emerit/«buntur.
2974 5783 3246 5851 Notabsut
3287 5787 3563 5859 superbiae
3590 5800 3684 5858 p0-
