3882 6542
416 356 558 476 ’2-5

1717 422 2116 485 MANUELIS
2157 425 2463 489 CALECE

3547 466 3564 483 .
3598 419 3702 483 276

441 530 497 582 in
529 543 794 596 carneper
811 526 1030 591 Filium.
1051 546 1112 584 ac
1136 530 1503 602 manifestatur
1517 549 1609 602 per
1623 537 2018 592 sanctissimum
2051 546 2096 602 Α
2126 551 2277 597 vacat
2305 545 2525 598 materia
2551 542 2661 597 luto
2689 541 2920 606 miscuit,
2957 541 3065 608 ipse
3096 538 3347 594 ambabus
3381 539 3461 593 his
3521 541 3706 593 incon.

452 637 604 676 suum
648 621 930 692 Spiritum,
967 623 1046 677 uti
1076 624 1182 693 ﬁde
1207 624 1476 692 docemur,
1503 629 1722 699 aequalis
1763 630 1908 685 nobis
1931 648 2020 698 per

450 716 627 768 omnia
656 715 769 769 sine
796 725 1032 786 peccato,
1066 719 1258 773 anima:
1283 719 1594 790 intelligenti
1619 724 1890 787 miscetur,
1917 722 2018 776 mei

439 806 608 859 animi
645 824 832 869 causa,
865 820 920 864 ut
952 809 1165 879 quidam
1193 811 1294 875 ait,
1329 820 1387 864 ut
1414 821 1464 866 et
1501 811 1766 878 Spiritum
1809 813 2015 868 salvum

443 898 629 965 faciat,
648 907 697 952 et
725 901 878 954 carni
906 902 1366 957 immortalitatem
1397 903 1777 974 pra'stet.Qain
1798 915 1844 959 et
1862 906 2020 974 polli-

440 1001 609 1054 cetur,
629 991 832 1046 dicens.
865 1009 883 1043 ι
922 990 1242 1047 Inlmbitabo
1276 994 1326 1047 in
1363 997 1436 1048 eis
1465 1035 1480 1060 ,
1512 1005 1558 1048 et
1591 995 1950 1050 inambulabo.
1995 1013 2013 1046 ›

454 1078 643 1132 Verum
673 1082 911 1135 animum
945 1085 1176 1137 attende.
1203 1084 1330 1148 Deo,
1360 1085 1522 1155 juxta
1548 1086 1686 1154 quod
1719 1101 1834 1140 vere
1857 1086 2018 1157 polli-

440 1173 578 1226 citus
622 1184 718 1238 est,
751 1175 802 1226 in
834 1175 980 1229 nobis
1010 1178 1142 1230 veris
1172 1179 1334 1230 servis
1375 1177 1483 1231 suis
1515 1177 1864 1239 inhabitants,
1895 1195 2020 1233 san-

440 1282 468 1318 c
495 1265 768 1336 issimique
798 1266 1034 1336 Spiritus
1064 1270 1242 1340 afflatu
1261 1279 1309 1332 et
1342 1269 1790 1325 illustrationibus
1820 1272 1872 1325 in
1897 1275 2020 1326 ani-

440 1357 542 1410 mis
572 1360 765 1413 nostris
790 1359 1172 1426 inambulante,
1192 1361 1282 1429 qui
1315 1361 1510 1416 talibus
1563 1362 1710 1434 digni
1740 1372 1862 1418 sunt
1895 1365 2017 1417 ani-

441 1451 535 1514 mi,
569 1467 599 1502 a
627 1451 732 1504 Deo
771 1455 1014 1519 separari
1039 1472 1141 1508 non
1196 1472 1344 1524 posse
1413 1456 1682 1524 explorate
1723 1458 2016 1514 credimus.

445 1539 896 1610 Cumquesrursus
959 1545 1242 1616 animiper
1286 1564 1438 1602 omne
1462 1549 1751 1617 peruadant
1808 1533 2019 1620 corpus,

452 1647 544 1684 nec
587 1633 684 1686 ulli
730 1632 902 1688 desint
937 1637 1100 1705 parti,
1156 1654 1372 1706 prorsus
1432 1657 1636 1697 necesse
1698 1653 1796 1705 est,
1850 1642 2020 1710 ipsam

441 1738 646 1792 quoque
677 1742 914 1795 carnem,
982 1745 1098 1800 qua:
1129 1732 1192 1782 ab
1252 1732 1432 1785 animo
1504 1733 1872 1802 inseparabilis
1927 1735 2020 1800 sit,

445 1817 571 1886 quin
603 1819 731 1883 imo,
769 1837 886 1890 qua:
924 1838 1016 1875 nec
1051 1823 1216 1878 virere
1251 1827 1444 1893 absque
1468 1822 1560 1877 illo
1609 1825 1796 1897 possit,
1856 1833 2021 1879 totam

443 1911 610 1966 animi
635 1915 744 1984 regi
761 1915 1048 1971 uoluntate.
1081 1917 1153 1970 Ac
1182 1917 1315 1971 sicut
1335 1934 1432 1974 non
1451 1927 1618 1986 potest
1648 1935 1838 1988 corpus
1857 1920 2023 1974 uicere

442 2005 557 2058 sine
586 2007 780 2067 animo.
806 2009 880 2062 sio
907 2025 1065 2072 neque
1090 2019 1215 2064 tunc
1241 2010 1563 2065 uoluntatem
1597 2012 1795 2066 habere
1852 2020 2021 2082 potest

446 2098 560 2151 sine
587 2099 700 2154 illo.
739 2098 851 2155 Hoc
907 2100 1131 2167 Christi,
1169 2113 1474 2173 nostraque
1503 2103 1785 2165 Trinitatis
1819 2115 2026 2177 myste-

446 2192 614 2247 rium.
648 2193 846 2248 Christi
875 2195 1292 2265 utexemplaris,
1322 2197 1463 2269 quod
1501 2199 1553 2253 id
1587 2214 1651 2254 eo
1684 2199 1826 2257 Deus
1856 2201 1927 2254 sit
1950 2201 2028 2254 al-

445 2285 570 2338 tiori
603 2285 820 2355 aliaque
851 2301 914 2341 ac
946 2288 996 2342 in
1033 2289 1190 2344 nobis
1223 2291 1451 2348 ratione.
1491 2287 1546 2345 In
1571 2293 1687 2361 ipso
1708 2294 1874 2358 enim,
1903 2293 2023 2364 ipsa

435 2375 725 2445 ,hypostasi
755 2393 913 2440 unus,
946 2388 999 2433 et
1044 2380 1097 2432 in
1132 2395 1240 2449 quo
1294 2396 1423 2435 caro
1478 2382 1550 2436 sit
1611 2383 1727 2451 ipsa
1789 2385 2022 2453 ὁμόϐεος

435 2458 511 2549 uti
542 2465 779 2536 loquitur
806 2469 1124 2538 Gregorius,
1185 2488 1319 2532 una.
1346 2470 1484 2526 Deus
1513 2489 1530 2526 :
1558 2473 1610 2526 in
1660 2475 1816 2528 nobis
1871 2491 2020 2543 vero,

435 2557 1183 2631 ῥνεργείᾳρλλάμψειΑοηο
1241 2562 1454 2632 gratiae,
1489 2565 1692 2634 afﬂatu,
1775 2563 2020 2619 illustra-

435 2637 610 2729 :tione,
639 2665 701 2703 ac
719 2651 981 2720 quidquid
1011 2651 1066 2706 in
1103 2654 1305 2708 sanctis
1340 2653 1480 2708 Deus
1505 2665 1785 2724 operatur,
1823 2665 1881 2710 ut
1938 2670 2003 2723 pe

437 2741 709 2798 'euliarius
743 2743 870 2798 liliis
910 2759 974 2799 ac
1014 2745 1139 2810 diis,
1175 2762 1283 2801 non
1344 2758 1522 2802 tamen
1577 2757 1795 2816 natura,
1840 2748 2024 2817 φύσει,

437 2822 545 2889 ἐειι
570 2835 712 2890 dono
746 2838 984 2905 gratuito
1007 2846 1060 2892 et
1084 2839 1396 2908 adeptione.
1426 2840 1572 2894 Θέσει
1597 2841 1742 2912 quod
1795 2841 2028 2898 disertis

438 2913 630 2983 Averbis
661 2925 896 3000 SymeOu
930 2929 1234 2998 proﬁtetur,
1273 2941 1330 2987 ut.
1359 2947 1464 2986 non
1493 2933 1563 2989 sit
1593 2937 1777 2990 naevus
1809 2933 1862 2988 iu
1892 2934 2029 2990 scir-

438 2999 530 3102 {po
557 3023 903 3087 quarendus.
931 3027 1207 3092 tantisque
1241 3027 1482 3078 Vexantla
1553 3027 1664 3081 haec
1695 3028 1814 3097 ejus
1844 3038 2026 3084 creata

437 3109 714 3184 ,Trinitas,
749 3111 946 3168 divinae
979 3114 1174 3184 imago,
1208 3117 1258 3169 in
1290 3132 1394 3186 qua
1432 3119 1569 3187 ipsa,
1605 3120 1706 3173 tria
1760 3135 1899 3175 unus
1919 3120 2029 3174 sint

2122 637 2236 706 fuse
2257 637 2441 692 unitur
2461 652 2481 702 ,'
2503 652 2695 706 egoque
2723 637 2800 689 uti
2827 651 2998 690 sermo
3014 633 3272 704 probauit,
3307 633 3402 687 hoc
3430 632 3708 686 nanciscor

2123 739 2179 784 ut
2213 729 2281 782 ad
2303 727 2418 798 ejus
2472 729 2758 799 imaginem
2788 745 2849 782 ac
2889 727 3290 783 similitudinem
3347 726 3470 779 sim.
3512 723 3703 778 Verum

2121 831 2303 868 rursus
2321 814 2367 868 si
2397 814 2539 877 libet,
2573 830 2862 868 sermonem
2917 827 3268 867 resumatnus.
3317 807 3499 870 Pater,
3535 806 3704 862 Filius

2122 916 2170 961 et
2203 905 2432 977 Spiritus
2458 915 2693 968 sanctus.
2730 923 2865 960 unus
2893 905 3079 966 Deum,
3106 920 3261 974 quem
3293 903 3541 956 colimus.
3569 900 3703 954 Deus

2121 999 2300 1052 animo
2329 1005 2380 1052 et
2400 1015 2609 1069 corpus,
2645 999 2798 1052 Itomo
2824 997 2894 1051 ad
2931 995 3024 1050 Dei
3053 997 3332 1066 imaginem
3369 994 3634 1057 conditus,
3659 1003 3704 1047 et

2122 1093 2208 1148 cui
2235 1094 2454 1162 obtingit
2485 1102 2543 1146 ut
2569 1092 2636 1145 sit
2668 1091 2819 1144 deus.

2209 1182 2318 1238 Nec
2351 1185 2509 1254 longe
2544 1192 2628 1237 est
2653 1181 2804 1236 locus
2831 1181 2920 1235 ille
2955 1193 3018 1232 ex
3053 1177 3309 1242 orat.27,
3335 1176 3586 1230 Pontauo
3613 1173 3711 1228 du-

2123 1281 2236 1334 rior
2263 1275 2428 1339 visus,
2457 1274 2714 1346 acheoni
2743 1272 2940 1328 Allatio
2965 1273 3018 1326 in
3058 1286 3245 1325 eorum
3273 1268 3586 1337 exemplum
3617 1266 3710 1320 ad-

2123 1372 2341 1434 ductus,
2375 1385 2496 1438 quae
2532 1383 2693 1424 nemo
2735 1369 2855 1438 pius
2917 1381 3074 1434 aequo
3135 1362 3322 1418 animo
3353 1361 3489 1417 ierat
3514 1361 3570 1415 iu
3611 1360 3709 1430 Sy-

2121 1477 2336 1518 meone.
2361 1463 2425 1515 Ὢ
2447 1459 2544 1515 τοῦ
2585 1459 2898 1529 Θαύματοςί
2937 1459 3017 1511 ὅτι
3045 1455 3338 1527 ἅνθρωπος
3387 1452 3508 1523 Θεῷ
3561 1449 3712 1504 ὲνοῦο

2122 1575 2212 1610 ται
2248 1552 2640 1625 πνευματικῶς
2669 1552 2764 1607 καὶ
2801 1549 3156 1621 σωματικῶς,
3209 1547 3369 1615 εἴπερ
3429 1545 3491 1599 οὐ
3549 1542 3712 1614 χωρί-

2123 1647 2273 1712 ζεται
2303 1644 2396 1699 τοῦ
2427 1643 2577 1714 νοῦή
2617 1642 2786 1714 ψυχὴ.
2824 1641 2950 1697 οὐδὲ
2995 1640 3095 1708 τῆς
3140 1637 3320 1709 ψυχῆς
3378 1637 3438 1690 τὸ
3493 1635 3660 1702 σῶμα
3691 1651 3706 1666 ·

2121 1737 2262 1794 ἀλλὰ
2295 1740 2360 1806 τῇ
2411 1735 2687 1797 οὐσιωδῶς
2754 1733 2949 1788 ἐνὼσει
3007 1731 3218 1801 γίνεται
3279 1728 3712 1798 τρισυπόστατνις

2124 1830 2268 1884 κατὰ
2298 1829 2458 1900 χάριν
2485 1827 2580 1882 καὶ
2609 1827 2636 1879 6
2669 1824 2956 1895 ἄνθρωπος
2992 1839 3008 1856 ⁸
3029 1819 3109 1886 εἷς
3143 1823 3292 1874 ῠέσει
3334 1820 3488 1881 Θεὸς,
3509 1822 3578 1871 ὲκ
3611 1817 3712 1870 σὼο

2131 1936 2297 1992 ματος
2334 1919 2428 1972 καὶ
2457 1917 2658 1988 ψυχῆς,
2679 1918 2772 1971 καὶ
2801 1907 2973 1986 οὗπερ
3009 1913 3329 1984 μετείληφε,
3354 1911 3501 1964 θείου
3540 1908 3714 1962 [Ιιεὺ-

2131 2027 2300 2081 ματος
2332 2025 2352 2044 ο
2384 2018 2474 2063 καὶ
2514 2007 2818 2078 πληροῦται
2851 2005 3157 2078 τηνικαῦτα
3186 2004 3248 2056 τὸ
3281 2002 3579 2073 εἰρημένον
3607 1999 3710 2053 ὑπὸ

2128 2101 2221 2154 τοῦ
2239 2101 2523 2173 προφήτου
2549 2099 2731 2164 sum,
2773 2116 2792 2150 ι
2821 2095 2963 2162 Ἐγὼ
2987 2093 3141 2160 εἶπα,
3171 2093 3296 2147 Θεοί
3314 2095 3456 2156 ὲστε,
3484 2092 3586 2145 καὶ
3613 2091 3714 2143 olei

2141 2193 2396 2264 Ὑψίστου
2417 2190 2672 2253 πάντες.»
2702 2189 2838 2243 Κατ’
2868 2187 3053 2242 εἰκόνα
3082 2184 3282 2256 δηλαδὴ
3305 2183 3398 2237 καὶ
3423 2182 3549 2237 καθ’
3569 2180 3713 2251 ὁμοί-

2126 2303 2262 2343 ωσιν
2279 2283 2372 2338 τοῦ
2390 2283 2668 2354 Ὑψίστου,
2688 2281 3008 2351 γεννήματα
3026 2278 3147 2332 θεῖα
3172 2279 3236 2331 ὲκ
3252 2276 3345 2329 τοῦ
3374 2275 3520 2329 Θείου
3547 2272 3714 2328 Πνεῦ-

2134 2396 2325 2451 ματος.
2365 2376 2410 2434 Ο
2443 2393 2548 2432 rem
2581 2373 2794 2431 miram!
2819 2373 2987 2428 Homo
3010 2369 3113 2426 Deo
3131 2371 3445 2439 spiritaliter
3464 2382 3714 2436 corpora-

2133 2473 2348 2540 literque
2376 2471 2597 2533 unitur;
2644 2467 2902 2537 siquidem
2921 2465 3102 2517 anima
3137 2479 3236 2515 non
3279 2479 3311 2515 a
3335 2471 3504 2514 mente
3529 2475 3625 2512 nec
3651 2459 3714 2512 ab

2129 2571 2308 2620 animo
2354 2579 2542 2632 corpus
2564 2561 2859 2632 sejungitur
2894 2575 2911 2614 :
2949 2559 3037 2612 sed
3065 2568 3110 2611 et
3136 2552 3488 2609 essentialiter
3513 2552 3707 2605 unione

2129 2676 2242 2730 quso
2268 2669 2342 2713 est
2367 2674 2455 2727 per
2482 2655 2706 2728 gratiam
2730 2655 2883 2708 homo
2905 2649 3336 2723 τρισυπόστατος
3364 2646 3534 2716 (velut
3551 2645 3709 2699 trium

2130 2749 2552 2805 subslautiarum
2581 2745 2753 2813 dicas)
2783 2741 3047 2812 efﬁcitur;
3101 2756 3234 2794 unus
3294 2736 3491 2792 scilicet
3539 2735 3711 2804 adop-

2133 2842 2271 2894 tione
2289 2838 2446 2903 Deus,
2465 2852 2529 2891 ea:
2556 2851 2771 2904 corpore
2796 2844 2952 2904 atque
2969 2835 3170 2896 anima,
3189 2839 3239 2884 et
3265 2829 3415 2899 cujus
3430 2828 3611 2897 factus
3642 2833 3714 2880 est

2131 2935 2414 3004 particeps,
2458 2928 2619 2983 divini
2671 2926 2932 2997 Spiritus.
2997 2923 3243 2992 Tuncque
3288 2921 3538 2989 impletur
3580 2915 3713 2988 quod

2133 3028 2328 3081 dictum
2353 3034 2425 3079 est
2449 3041 2482 3076 a
2513 3023 2708 3087 Davide
2725 3018 3006 3090 propheta,
3031 3036 3049 3068 ι
3078 3017 3186 3085 Ego
3212 3013 3354 3078 dixi,
3391 3012 3477 3082 Dii
3503 3011 3713 3074 estis,et

2133 3119 2231 3188 lilii
2266 3115 2474 3170 Ercelsi
2503 3129 2702 3167 omnes.
2739 3129 2757 3163 ι
2803 3108 2931 3162 Filii
2967 3106 3202 3169 E.tcelsi,
3228 3103 3478 3173 imaginis
3517 3099 3714 3154 scilicet

451 3200 616 3266 Deus,
653 3203 755 3258 etsi
786 3215 914 3258 sunt
949 3217 1112 3261 caute
1138 3208 1322 3262 omnia
1353 3210 1418 3263 ad
1455 3210 1692 3279 probatae
1729 3211 2026 3282 theologica
2059 3241 2101 3298 ο
2137 3212 2342 3266 ratione
2374 3225 2435 3261 ac
2470 3204 2836 3259 similitudinis
2868 3199 3129 3255 Altissimi
3155 3214 3175 3262 ;
3197 3196 3377 3250 divina
3438 3191 3711 3298 progenies

450 3309 696 3348 normam
727 3297 1052 3351 reducenda:
1086 3312 1204 3368 qua:
1239 3301 1473 3354 maxime
1524 3301 1704 3356 cautio
1735 3316 1814 3356 est
1843 3304 2034 3373 mystio

401 3379 532 3473 .Lcis
557 3389 880 3453 adhibenda,
907 3390 1064 3461 cujus
1100 3390 1311 3446 deiectu
1344 3395 1553 3462 possint
1616 3394 2034 3464 siaupliciuribus

440 3479 746 3559 lollersioni
798 3497 939 3549 esse,
986 3498 1051 3538 ac
1103 3499 1353 3539 errorum
1411 3486 1520 3540 illis
1575 3503 1762 3542 ansmt
1793 3488 2037 3556 praebere

439 3573 621 3648 gittielt
655 3591 782 3644 ergo
816 3573 1072 3647 Symcon.
1106 3577 1514 3632 Ἀποδέδεικται
1546 3578 1724 3631 τοίνυν
1745 3580 1826 3632 ὅτι
1849 3577 2036 3648 ὥσπερ

440 3649 511 3767 ;tv
556 3666 732 3735 Πατρὶ
789 3668 886 3721 και
935 3666 1052 3737 rit;
1113 3668 1206 3721 xui.
1253 3668 1393 3737 ἁγίῳ
1436 3666 1739 3738 "vatiuati,
1784 3665 1866 3728 εἷς
1902 3668 2036 3731 Θεδς

441 3759 779 3838 ξάσυγχύτως
811 3760 904 3813 καὶ
933 3761 1259 3828 ἀδιαιρέτως
1290 3762 1702 3830 προσκυνεῖται,
1754 3759 1900 3813 οὕτω
1934 3761 2037 3814 πά-

440 3847 538 3931 ξλιν
562 3851 618 3902 ὲν
641 3851 762 3920 Θεῷ
791 3851 886 3904 καὶ
943 3851 1088 3922 ψυχῇ
1146 3853 1244 3905 καὶ
1297 3850 1513 3919 σώματι
1562 3850 1890 3922 ἀδιαιρέτως
1941 3853 2038 3905 καὶ

443 3939 778 4020 ξὰσυγχύτως
806 3940 946 3994 κατὰ
985 3942 1142 4014 χάριν
1185 3944 1212 3996 6
1263 3943 1552 4012 ἄνθρωπος
1605 3942 1838 4013 γίνεται.
1896 3943 2037 4014 μήτε

443 4021 551 4114 hoc,
586 4031 840 4100 σώματος
883 4033 962 4095 είς
987 4032 1167 4105 ψυχὴν
1225 4033 1720 4108 μεταϐαλλομένου,
1758 4036 1898 4107 μήτε
1935 4034 2038 4104 τῆς

375 4143 381 4150 ‘
440 4121 638 4206 ξψυχῆς
666 4126 745 4195 είς
774 4123 1002 4197 θεότητα
1033 4127 1510 4199 μεταποιουμὲνης
1543 4143 1558 4159 ο
1591 4127 1728 4182 ἀλλὰ
1797 4128 1976 4198 μένων
2008 4127 2038 4181 6

444 4210 592 4292 :e‘b‘
642 4215 775 4268 καθδ
839 4216 972 4280 Θεόὶ
1025 4219 1164 4287 EQ“,
1195 4218 1343 4289 κοιὶὴ
1381 4219 1528 4292 ψυχὴ
1571 4219 1754 4283 καθὼς
1787 4219 1902 4291 ἔχει
1937 4217 2039 4289 φύ-

443 4279 619 4404 ξσεως,
646 4311 738 4360 καὶ
759 4306 820 4362 τ’)
844 4308 1004 4379 σῶμα
1032 4279 1215 4374 καθὼς
1270 4279 1528 4382 ιτὲλοὶσόὶί
1557 4279 1766 4381 πηλόςλ
1791 4279 2041 4381 ὁηπαρα-

445 4399 628 4486 ὲᾷόξως
662 4400 933 4469 συνδήσας
956 4401 1120 4464 αὐτὰ,
1156 4403 1250 4464 καὶ
1283 4400 1361 4471 τῷ
1389 4400 1548 4473 πηλῷ
1574 4402 1926 4474 συγκεράσας
1967 4402 2026 4456 τὸ

446 4490 646 4559 ἐνοερόν
697 4506 756 4542 τε
821 4491 918 4543 καὶ
976 4492 1160 4558 ἇῦ).ον,
1219 4490 1382 4553 αὐτὸς
1434 4491 1767 4562 ἀμφοτέροις
1829 4490 2039 4555 τούτοις

2136 3320 2200 3359 ex
2229 3303 2402 3355 diuino
2429 3298 2653 3366 Spiritu.
2684 3293 2840 3346 Pont.
2877 3303 2924 3346 et
2950 3291 3110 3344 Allat.
3146 3303 3209 3343 ac
3233 3288 3277 3343 si
3303 3294 3454 3341 esset
3499 3286 3565 3352 τῇ
3631 3281 3716 3334 οὗ·

2140 3389 2766 3454 σιώεειὲνώσειμιηίοηε
2821 3384 3126 3446 essentiali;
3197 3390 3492 3446 monetque
3555 3375 3712 3429 Pont.

2137 3483 2268 3538 illud
2299 3499 2389 3535 nec
2406 3481 2474 3533 ad
2514 3479 2700 3542 Deum,
2738 3493 2825 3530 nec
2854 3478 2918 3527 ad
2959 3476 3184 3544 gratiant
3219 3467 3552 3539 referendum
3609 3479 3715 3520 esss

2139 3575 2342 3647 (Neque
2385 3575 2524 3628 enim
2563 3573 2715 3624 lion.
2743 3571 2922 3640 justus
2959 3576 3050 3620 aut
3105 3583 3222 3622 cum
3261 3564 3390 3625 Deo,
3449 3568 3543 3614 aut
3599 3572 3714 3611 cum

2137 3670 2311 3739 gratia
2346 3664 2694 3720 essentialiter
2727 3662 2911 3715 unitur
2941 3664 2956 3729 )
3009 3658 3098 3713 sed
3130 3656 3197 3710 ad
3265 3656 3432 3710 solam
3491 3650 3714 3719 conjun-

2139 3759 2363 3811 ctionent
2390 3755 2614 3824 corporis
2640 3763 2684 3806 ct
2712 3755 2905 3805 anima'
2936 3791 2949 3815 ,
2972 3751 3280 3820 querulique
3303 3742 3599 3799 essentialis
3619 3747 3712 3794 est.

2139 3850 2319 3909 Malim
2347 3866 2448 3921 ego
2479 3849 2538 3903 τὸ
2553 3847 2932 3911 οὑσιωξῶς,ιιιί
2957 3842 3452 3910 est,ad\'erbialiter
3471 3836 3712 3899 reddere,

2138 3961 2245 4016 quo
2278 3943 2671 3998 determinetur
2733 3957 2835 3994 vox
2879 3938 3339 4010 τρισυπόστατος,
3393 3943 3452 3987 ut
3507 3931 3715 3986 dicatur

2144 4040 2305 4093 homo
2338 4036 2503 4101 trium
2539 4034 2966 4088 suhstantiarum
3001 4029 3021 4095 (
3052 4028 3211 4100 quasi
3261 4026 3474 4082 scilicet
3538 4024 3591 4075 in
3641 4017 3715 4074 eis

2141 4130 2444 4188 subsistens
2476 4127 2494 4196 )
2528 4125 2890 4182 similitudine
2909 4122 3146 4191 quadam
3179 4121 3246 4173 ad
3275 4117 3491 4172 divinas
3521 4127 3713 4185 perso-

2141 4237 2264 4289 nas,
2299 4235 2405 4275 non
2433 4217 2625 4288 quovis
2649 4215 2830 4277 modo,
2889 4216 2984 4269 sed
3037 4210 3339 4272 οὑσιωδῶς,
3399 4222 3527 4261 vere
3588 4217 3716 4260 sane

2140 4325 2380 4390 veraque
2409 4309 2634 4372 unione,
2668 4307 2762 4363 sed
2789 4321 2884 4375 per
2905 4303 3163 4372 gratiam,
3198 4311 3254 4357 et
3275 4316 3379 4370 qua
3405 4313 3545 4353 unus
3572 4295 3714 4348 Θέσει

2145 4401 2259 4466 ﬂat,
2286 4388 2392 4455 non
2422 4415 2528 4457 una
2556 4397 2818 4454 essentia.
2843 4393 3041 4450 Notum
3093 4402 3177 4449 est
3205 4392 3409 4448 sanctis
3464 4388 3715 4444 Patribus

2141 4506 2241 4562 pro
2268 4491 2458 4546 eodem
2481 4489 2649 4558 accipi
2674 4489 2863 4541 οὐσίαν
2893 4502 2958 4544 ac
2987 4484 3272 4554 φύσιν,8ἰο
3302 4483 3507 4553 passim
3534 4493 3704 4549 expo-

459 4579 786 4649 ἀσυγχύτως
817 4579 1032 4638 ἑνοῦται
1073 4597 1088 4611 ·
1120 4579 1279 4648 κάγὼ
1312 4581 1435 4635 κατ’
1460 4581 1647 4634 εἰκόνα
1692 4585 1788 4637 καὶ
1828 4582 2028 4652 ὁμοίω-

2141 4591 2275 4638 nuut
2301 4583 2574 4646 Damasc.,
2605 4580 2824 4635 Maxim.
2848 4589 2902 4634 et
2946 4579 3036 4633 alii
3067 4595 3082 4633 :
3119 4577 3260 4632 idem
3287 4576 3471 4644 itaque
3495 4573 3600 4625 illis
3621 4586 3718 4638 φυ-

448 4666 548 4742 ’σιν
579 4672 810 4738 ἐκείνιυ,
834 4671 957 4742 ὼςῤ
985 4671 1140 4741 λόγος
1163 4673 1434 4739 ἀπέδειξε,
1465 4672 1711 4742 γίνομαι.
1745 4672 1904 4726 Ἀλλὰ
1934 4673 2038 4729 τιά-

461 4763 568 4825 λιν,
635 4765 683 4816 εί
737 4766 906 4828 δοκεῖ,
965 4763 1058 4816 τὸν
1116 4764 1274 4831 λόγον
1328 4764 1785 4834 ὲπαναλάϐωμεν.
1822 4762 2032 4834 Πατὴρ,

459 4853 591 4915 Υἱὸς
623 4852 717 4905 καὶ
747 4854 901 4922 ἅγιον
929 4854 1174 4930 Πνεῦμα,
1197 4848 1276 4916 εἷς
1296 4854 1447 4918 Θεὸς,
1469 4854 1526 4907 ὃν
1557 4854 1848 4926 σεϐόμεθα·
1877 4854 2033 4918 Θεὸς,

460 4945 609 5020 ψυχὴ
635 4946 729 4998 καὶ
765 4945 944 5016 σῶμα,
982 4948 1008 4999 6
1031 4947 1152 4999 κατ’
1188 4947 1374 5002 εἰκόνα
1402 4947 1536 5002 Θεοῦ
1566 4947 1807 5010 κτισθεὶς
1829 4946 2038 5016 ἄνθρω-

462 5025 566 5101 sto;
610 5037 703 5090 καὶ
737 5038 857 5100 Θεὸς
890 5033 1030 5096 εἶναι
1079 5038 1532 5109 καταξιούμενος.
1600 5037 1774 5111 Igitur
1840 5036 2035 5106 proba-

470 5139 580 5193 tum
612 5141 712 5195 est,
742 5129 877 5182 sicut
906 5129 960 5183 in
1012 5127 1174 5185 Patre
1202 5139 1252 5190 et
1309 5130 1445 5183 Filio
1469 5140 1515 5184 et
1573 5129 1777 5199 Spiritu
1832 5113 2039 5191 sancto,

463 5239 603 5275 unus
636 5223 774 5275 Deus
806 5221 1076 5292 inconfuse
1103 5239 1165 5275 ac
1199 5223 1421 5276 indivise
1444 5222 1728 5287 adoratur,
1752 5223 1826 5274 sic
1852 5237 2040 5274 rursus

465 5315 524 5367 in
559 5313 664 5366 Deo
693 5322 743 5366 et
767 5315 947 5366 anima
968 5301 1023 5367 et
1057 5330 1275 5383 corpore
1297 5316 1387 5383 qui
1417 5328 1509 5381 per
1536 5314 1769 5383 gratiam
1791 5322 1888 5376 est,
1924 5310 2042 5379 ﬁeri

467 5407 731 5472 hominem
755 5406 976 5471 indivise
1000 5407 1347 5475 acinconfuse
1369 5421 1388 5460 .'
1419 5408 1496 5460 ita
1522 5408 1774 5459 nimirum
1805 5417 1856 5458 ut
1883 5421 2044 5476 neque

471 5512 659 5565 corpus
689 5498 744 5550 in
775 5498 1008 5550 animum
1041 5505 1290 5565 mutetur,
1320 5513 1480 5567 neque
1507 5501 1689 5554 anima
1719 5497 1773 5550 in
1791 5496 2043 5550 deitatem

473 5591 738 5659 conﬂetur
776 5607 795 5655 ;
839 5591 928 5644 sed
965 5582 1204 5644 manente
1259 5589 1365 5644 Deo
1422 5600 1680 5658 quatenus
1753 5587 1892 5652 Deus
1955 5595 2035 5641 est

473 5683 775 5749 animaque,
803 5681 1064 5751 quomodo
1090 5681 1171 5734 illi
1204 5689 1400 5735 natura
1426 5687 1796 5748 comparatum
1844 5688 1944 5744 est,
1985 5693 2046 5731 ac

475 5787 713 5843 corpore,
744 5788 838 5841 pro
865 5789 924 5827 eo
963 5790 1026 5828 uc
1064 5772 1235 5827 lutum
1265 5773 1554 5844 formatum
1587 5781 1662 5825 est
1703 5789 1721 5837 ;
1765 5769 1856 5841 qui
1886 5770 2046 5823 inau-

457 5865 587 5947 ~dita
613 5864 722 5934 lucc
759 5868 960 5921 ratione
987 5866 1235 5934 divinxit,
1274 5873 1594 5943 mentemque
1620 5879 1682 5918 ac
1711 5861 1852 5939 quod
1907 5861 2050 5917 omni

2145 4675 2314 4739 σικῶς
2341 4683 2395 4730 et
2416 4673 2710 4737 οὑσιωδῶς,
2743 4680 2907 4740 atque
2937 4671 3065 4724 unio
3093 4666 3296 4738 φυσικὴ
3343 4675 3397 4722 et
3428 4663 3710 4732 οὑσιώεης.

2148 4766 2234 4822 Uti
2257 4765 2420 4835 igitur
2446 4764 2572 4819 unio
2597 4761 2868 4832 φυσικὴίιι
2901 4761 3144 4824 Christo,
3178 4756 3557 4818 naturalis,sir
3578 4753 3713 4806 dicta

2145 4859 2364 4930 Cyrillo,
2385 4858 2573 4912 anath.
2608 4856 2775 4917 3.non
2809 4854 2862 4909 in
2886 4869 2951 4907 eo
2979 4853 3178 4906 condiat
3204 4862 3449 4912 naturas,
3482 4849 3556 4902 uti
3581 4844 3716 4900 male

2145 4945 2320 5017 carpit
2341 4944 2735 5004 Theodoretus,
2768 4942 2852 4995 vel
2873 4955 3056 5006 unam,
3086 4941 3190 4993 alia
3226 4943 3503 5007 absorpta,
3525 4937 3713 4991 iactam

2149 5037 2366 5100 astruit,
2399 5035 2712 5105 Apollinarii
2740 5047 2924 5088 errore
2958 5049 2975 5100 ;
3010 5033 3104 5087 sed
3139 5046 3326 5084 earum
3357 5045 3540 5084 veram
3570 5028 3719 5081 unio-

2151 5143 2300 5192 nem,
2326 5127 2451 5192 καθ’
2490 5127 2792 5179 ὑπόστασιν
2845 5135 3026 5183 tamen
3084 5123 3460 5196 (subsistendi
3518 5121 3717 5176 scilicet

2151 5219 2398 5289 ratione)
2430 5220 2510 5273 sic
2539 5227 2594 5274 et
2624 5219 2894 5288 signiﬁcat
2931 5218 3210 5288 Symeoni,
3237 5217 3397 5270 trium
3418 5211 3716 5269 essentialis

2152 5311 2299 5376 uuio,
2327 5311 2409 5364 vel
2435 5327 2538 5378 qua
2572 5310 2732 5364 homo
2763 5325 2902 5364 unus
2944 5309 3306 5364 esseutialiter
3351 5306 3511 5368 deus,
3547 5305 3711 5358 tribus

2151 5416 2409 5470 constans
2435 5403 2547 5474 ﬁat,
2579 5418 2702 5456 vera
2732 5404 2860 5458 unio
2878 5411 2983 5469 est,
3016 5412 3191 5472 etqua
3213 5415 3338 5456 vere
3365 5401 3416 5454 id
3450 5402 3564 5462 liat,
3585 5393 3718 5449 κατὰ

2153 5499 2312 5570 χάριν
2368 5504 2547 5550 tamen
2578 5496 2696 5562 (per
2729 5493 3004 5565 gratiam)
3041 5510 3146 5549 non
3209 5505 3268 5548 ut
3317 5508 3378 5545 ex
3448 5491 3554 5545 illis
3616 5501 3714 5540 una

2153 5590 2399 5658 quaedam
2441 5587 2674 5642 essentia
2715 5593 2980 5654 emergat.
3029 5581 3124 5637 Sic
3159 5583 3409 5650 Sttt‘el'il's
3442 5575 3602 5632 semel
3665 5581 3717 5627 et

2155 5681 2350 5734 iterum
2371 5687 2631 5748 usurpata
2658 5692 2720 5732 ea
2752 5692 2850 5730 vox
2887 5673 3168 5744 Symeoui,
3198 5675 3250 5726 iu
3313 5671 3380 5725 iis
3409 5684 3528 5738 quae
3549 5663 3715 5721 exilio

2157 5770 2472 5834 attulimus;
2534 5772 2815 5838 possitque
2874 5763 3155 5818 Pontanus
3234 5761 3315 5815 vel
3395 5752 3712 5812 Theodoreti

2165 5861 2414 5941 exemplo
2453 5859 2754 5928 emendari,
2783 5860 3007 5930 ejusque
3053 5853 3200 5913 vocis
3227 5865 3407 5934 usuin,
3439 5857 3500 5905 ut
3543 5853 3592 5902 et
3639 5840 3712 5898 illi
