  <div class='ocr_page' id='page_1' title='image "/cluster/home/n/w/nwhite01/storage/ocr_20150623/152/hvd.32044019208404/149.png"; bbox 0 0 3882 6588; ppageno 0'>
   <div class='ocr_carea' id='block_1_1' title="bbox 396 378 520 449">
    <p class='ocr_par' dir='ltr' id='par_1_1' title="bbox 396 378 520 449">
     <span class='ocr_line' id='line_1_1' title="bbox 396 378 520 449; baseline -0.016 0"><span class='ocrx_word' id='word_1_1' title='bbox 396 378 520 449; x_wconf 72' lang='grc' dir='ltr'><strong>9τ9</strong></span> 
     </span>
    </p>
   </div>
   <div class='ocr_carea' id='block_1_2' title="bbox 1687 400 2431 470">
    <p class='ocr_par' dir='ltr' id='par_1_2' title="bbox 1687 400 2431 470">
     <span class='ocr_line' id='line_1_2' title="bbox 1687 400 2431 470; baseline 0.013 -10"><span class='ocrx_word' id='word_1_2' title='bbox 1687 400 1849 466; x_wconf 82' lang='grc' dir='ltr'><strong>ΜΛΝ</strong></span> <span class='ocrx_word' id='word_1_3' title='bbox 1856 402 2084 465; x_wconf 85' lang='lat' dir='ltr'><strong>UELIS</strong></span> <span class='ocrx_word' id='word_1_4' title='bbox 2123 404 2211 466; x_wconf 75' lang='lat' dir='ltr'><strong>CA</strong></span> <span class='ocrx_word' id='word_1_5' title='bbox 2222 406 2431 470; x_wconf 65' lang='lat' dir='ltr'><strong>LECE</strong></span> 
     </span>
    </p>
   </div>
   <div class='ocr_carea' id='block_1_3' title="bbox 3570 328 3714 498">
    <p class='ocr_par' dir='ltr' id='par_1_3' title="bbox 3570 328 3714 498">
     <span class='ocr_line' id='line_1_3' title="bbox 3570 328 3714 498; baseline 0 -20"><span class='ocrx_word' id='word_1_6' title='bbox 3570 328 3714 498; x_wconf 59' lang='lat' dir='ltr'><strong>at?</strong></span> 
     </span>
    </p>
   </div>
   <div class='ocr_carea' id='block_1_4' title="bbox 405 484 3685 593">
    <p class='ocr_par' dir='ltr' id='par_1_4' title="bbox 405 484 3685 593">
     <span class='ocr_line' id='line_1_4' title="bbox 405 484 3685 593; baseline 0.007 -37"><span class='ocrx_word' id='word_1_7' title='bbox 405 503 607 557; x_wconf 78' lang='lat' dir='ltr'><strong>tionem</strong></span> <span class='ocrx_word' id='word_1_8' title='bbox 644 502 917 561; x_wconf 77' lang='lat' dir='ltr'><strong>invehere.</strong></span> <span class='ocrx_word' id='word_1_9' title='bbox 953 504 1107 561; x_wconf 80' lang='lat' dir='ltr'><strong>Haud</strong></span> <span class='ocrx_word' id='word_1_10' title='bbox 1158 506 1375 577; x_wconf 81' lang='lat' dir='ltr'><strong>quidem</strong></span> <span class='ocrx_word' id='word_1_11' title='bbox 1423 506 1800 578; x_wconf 88' lang='lat' dir='ltr'><strong>inliciandum,</strong></span> <span class='ocrx_word' id='word_1_12' title='bbox 1852 514 1984 568; x_wconf 83' lang='lat' dir='ltr'><strong>viris</strong></span> <span class='ocrx_word' id='word_1_13' title='bbox 2017 492 2194 587; x_wconf 71' lang='lat' dir='ltr'><strong>Aque</strong></span> <span class='ocrx_word' id='word_1_14' title='bbox 2228 516 2369 573; x_wconf 89' lang='lat' dir='ltr'><strong>forte</strong></span> <span class='ocrx_word' id='word_1_15' title='bbox 2404 484 2543 573; x_wconf 74' lang='lat' dir='ltr'><strong>alter</strong></span> <span class='ocrx_word' id='word_1_16' title='bbox 2571 518 2728 573; x_wconf 79' lang='lat' dir='ltr'><strong>alteri</strong></span> <span class='ocrx_word' id='word_1_17' title='bbox 2750 517 2986 591; x_wconf 83' lang='lat' dir='ltr'><strong>Syme&#39;on</strong></span> <span class='ocrx_word' id='word_1_18' title='bbox 3011 530 3064 577; x_wconf 87' lang='lat' dir='ltr'><strong>et</strong></span> <span class='ocrx_word' id='word_1_19' title='bbox 3094 521 3381 592; x_wconf 86' lang='lat' dir='ltr'><strong>Syuccllus</strong></span> <span class='ocrx_word' id='word_1_20' title='bbox 3405 484 3685 593; x_wconf 67' lang='lat' dir='ltr'><strong>opposne-</strong></span> 
     </span>
    </p>
   </div>
   <div class='ocr_carea' id='block_1_5' title="bbox 403 593 1984 675">
    <p class='ocr_par' dir='ltr' id='par_1_5' title="bbox 403 593 1984 675">
     <span class='ocr_line' id='line_1_5' title="bbox 403 593 1984 675; baseline 0.006 -27"><span class='ocrx_word' id='word_1_21' title='bbox 403 593 662 664; x_wconf 77' lang='lat' dir='ltr'><strong>perlectis</strong></span> <span class='ocrx_word' id='word_1_22' title='bbox 697 610 761 651; x_wconf 80' lang='lat' dir='ltr'><strong>ex</strong></span> <span class='ocrx_word' id='word_1_23' title='bbox 792 597 1098 653; x_wconf 79' lang='lat' dir='ltr'><strong>divinorum</strong></span> <span class='ocrx_word' id='word_1_24' title='bbox 1129 597 1182 652; x_wconf 91' lang='lat' dir='ltr'><strong>in</strong></span> <span class='ocrx_word' id='word_1_25' title='bbox 1220 599 1300 655; x_wconf 87' lang='lat' dir='ltr'><strong>eis</strong></span> <span class='ocrx_word' id='word_1_26' title='bbox 1348 616 1511 657; x_wconf 86' lang='lat' dir='ltr'><strong>sensu</strong></span> <span class='ocrx_word' id='word_1_27' title='bbox 1562 619 1626 659; x_wconf 88' lang='lat' dir='ltr'><strong>ac</strong></span> <span class='ocrx_word' id='word_1_28' title='bbox 1665 616 1858 675; x_wconf 81' lang='lat' dir='ltr'><strong>gustu,</strong></span> <span class='ocrx_word' id='word_1_29' title='bbox 1899 607 1984 660; x_wconf 80' lang='lat' dir='ltr'><strong>in-</strong></span> 
     </span>
    </p>
   </div>
   <div class='ocr_carea' id='block_1_6' title="bbox 405 690 1981 768">
    <p class='ocr_par' dir='ltr' id='par_1_6' title="bbox 405 690 1981 768">
     <span class='ocr_line' id='line_1_6' title="bbox 405 690 1981 768; baseline 0.008 -27"><span class='ocrx_word' id='word_1_30' title='bbox 405 696 622 757; x_wconf 67' lang='lat' dir='ltr'><strong>gentem</strong></span> <span class='ocrx_word' id='word_1_31' title='bbox 672 690 960 758; x_wconf 80' lang='lat' dir='ltr'><strong>quamdam</strong></span> <span class='ocrx_word' id='word_1_32' title='bbox 1012 691 1143 745; x_wconf 91' lang='lat' dir='ltr'><strong>oriri</strong></span> <span class='ocrx_word' id='word_1_33' title='bbox 1179 694 1612 762; x_wconf 88' lang='lat' dir='ltr'><strong>persuasionem,</strong></span> <span class='ocrx_word' id='word_1_34' title='bbox 1660 700 1802 766; x_wconf 93' lang='lat' dir='ltr'><strong>quod</strong></span> <span class='ocrx_word' id='word_1_35' title='bbox 1849 698 1981 768; x_wconf 84' lang='lat' dir='ltr'><strong>justi</strong></span> 
     </span>
    </p>
   </div>
   <div class='ocr_carea' id='block_1_7' title="bbox 402 778 1984 857">
    <p class='ocr_par' dir='ltr' id='par_1_7' title="bbox 402 778 1984 857">
     <span class='ocr_line' id='line_1_7' title="bbox 402 778 1984 857; baseline 0.01 -27"><span class='ocrx_word' id='word_1_36' title='bbox 402 778 533 841; x_wconf 86' lang='lat' dir='ltr'><strong>slnt,</strong></span> <span class='ocrx_word' id='word_1_37' title='bbox 568 793 634 832; x_wconf 88' lang='lat' dir='ltr'><strong>ac</strong></span> <span class='ocrx_word' id='word_1_38' title='bbox 667 794 792 834; x_wconf 85' lang='lat' dir='ltr'><strong>vere</strong></span> <span class='ocrx_word' id='word_1_39' title='bbox 824 781 933 835; x_wconf 90' lang='lat' dir='ltr'><strong>siut</strong></span> <span class='ocrx_word' id='word_1_40' title='bbox 967 782 1223 853; x_wconf 86' lang='lat' dir='ltr'><strong>templum</strong></span> <span class='ocrx_word' id='word_1_41' title='bbox 1259 783 1392 851; x_wconf 86' lang='lat' dir='ltr'><strong>Dei,</strong></span> <span class='ocrx_word' id='word_1_42' title='bbox 1442 784 1666 857; x_wconf 82' lang='lat' dir='ltr'><strong>ejusque</strong></span> <span class='ocrx_word' id='word_1_43' title='bbox 1696 804 1817 844; x_wconf 77' lang='lat' dir='ltr'><strong>esse</strong></span> <span class='ocrx_word' id='word_1_44' title='bbox 1851 806 1984 857; x_wconf 86' lang='lat' dir='ltr'><strong>quos</strong></span> 
     </span>
    </p>
   </div>
   <div class='ocr_carea' id='block_1_8' title="bbox 406 872 1983 937">
    <p class='ocr_par' dir='ltr' id='par_1_8' title="bbox 406 872 1983 937">
     <span class='ocr_line' id='line_1_8' title="bbox 406 872 1983 937; baseline 0.01 -17"><span class='ocrx_word' id='word_1_45' title='bbox 406 872 684 935; x_wconf 86' lang='lat' dir='ltr'><strong>patiuntur</strong></span> <span class='ocrx_word' id='word_1_46' title='bbox 715 872 926 927; x_wconf 84' lang='lat' dir='ltr'><strong>divinos</strong></span> <span class='ocrx_word' id='word_1_47' title='bbox 962 873 1184 929; x_wconf 86' lang='lat' dir='ltr'><strong>ardores</strong></span> <span class='ocrx_word' id='word_1_48' title='bbox 1220 890 1283 930; x_wconf 89' lang='lat' dir='ltr'><strong>ac</strong></span> <span class='ocrx_word' id='word_1_49' title='bbox 1313 877 1704 935; x_wconf 86' lang='lat' dir='ltr'><strong>illustratioues</strong></span> <span class='ocrx_word' id='word_1_50' title='bbox 1731 899 1743 936; x_wconf 91' lang='lat'><strong>:</strong></span> <span class='ocrx_word' id='word_1_51' title='bbox 1773 881 1983 937; x_wconf 82' lang='lat' dir='ltr'><strong>seclusa</strong></span> 
     </span>
    </p>
   </div>
   <div class='ocr_carea' id='block_1_9' title="bbox 404 960 1981 1041">
    <p class='ocr_par' dir='ltr' id='par_1_9' title="bbox 404 960 1981 1041">
     <span class='ocr_line' id='line_1_9' title="bbox 404 960 1981 1041; baseline 0.01 -29"><span class='ocrx_word' id='word_1_52' title='bbox 404 968 582 1012; x_wconf 88' lang='lat' dir='ltr'><strong>tamen</strong></span> <span class='ocrx_word' id='word_1_53' title='bbox 614 960 965 1025; x_wconf 64' lang='lat' dir='ltr'><strong>rewlatione,</strong></span> <span class='ocrx_word' id='word_1_54' title='bbox 991 979 1151 1032; x_wconf 84' lang='lat' dir='ltr'><strong>quam</strong></span> <span class='ocrx_word' id='word_1_55' title='bbox 1187 976 1241 1023; x_wconf 87' lang='lat' dir='ltr'><strong>et</strong></span> <span class='ocrx_word' id='word_1_56' title='bbox 1267 967 1357 1023; x_wconf 87' lang='lat' dir='ltr'><strong>Dei</strong></span> <span class='ocrx_word' id='word_1_57' title='bbox 1388 985 1512 1026; x_wconf 89' lang='lat' dir='ltr'><strong>esse</strong></span> <span class='ocrx_word' id='word_1_58' title='bbox 1543 981 1694 1025; x_wconf 85' lang='lat' dir='ltr'><strong>certo</strong></span> <span class='ocrx_word' id='word_1_59' title='bbox 1722 976 1846 1041; x_wconf 91' lang='lat' dir='ltr'><strong>quis</strong></span> <span class='ocrx_word' id='word_1_60' title='bbox 1881 989 1981 1027; x_wconf 88' lang='lat' dir='ltr'><strong>uo-</strong></span> 
     </span>
    </p>
   </div>
   <div class='ocr_carea' id='block_1_10' title="bbox 400 1049 1981 1131">
    <p class='ocr_par' dir='ltr' id='par_1_10' title="bbox 400 1049 1981 1131">
     <span class='ocr_line' id='line_1_10' title="bbox 400 1049 1981 1131; baseline 0.009 -31"><span class='ocrx_word' id='word_1_61' title='bbox 400 1049 560 1113; x_wconf 85' lang='lat' dir='ltr'><strong>verit,</strong></span> <span class='ocrx_word' id='word_1_62' title='bbox 591 1064 753 1105; x_wconf 90' lang='lat' dir='ltr'><strong>nemo</strong></span> <span class='ocrx_word' id='word_1_63' title='bbox 783 1051 1067 1121; x_wconf 81' lang='lat' dir='ltr'><strong>sejustum</strong></span> <span class='ocrx_word' id='word_1_64' title='bbox 1099 1056 1177 1109; x_wconf 88' lang='lat' dir='ltr'><strong>sic</strong></span> <span class='ocrx_word' id='word_1_65' title='bbox 1200 1057 1424 1113; x_wconf 88' lang='lat' dir='ltr'><strong>omnino</strong></span> <span class='ocrx_word' id='word_1_66' title='bbox 1442 1060 1761 1114; x_wconf 81' lang='lat' dir='ltr'><strong>existimare</strong></span> <span class='ocrx_word' id='word_1_67' title='bbox 1786 1070 1981 1131; x_wconf 81' lang='lat' dir='ltr'><strong>pctest,</strong></span> 
     </span>
    </p>
   </div>
   <div class='ocr_carea' id='block_1_11' title="bbox 399 1142 1984 1219">
    <p class='ocr_par' dir='ltr' id='par_1_11' title="bbox 399 1142 1984 1219">
     <span class='ocr_line' id='line_1_11' title="bbox 399 1142 1984 1219; baseline 0.008 -24"><span class='ocrx_word' id='word_1_68' title='bbox 399 1149 462 1196; x_wconf 80' lang='lat' dir='ltr'><strong>ut</strong></span> <span class='ocrx_word' id='word_1_69' title='bbox 496 1156 603 1196; x_wconf 90' lang='lat' dir='ltr'><strong>non</strong></span> <span class='ocrx_word' id='word_1_70' title='bbox 634 1143 703 1197; x_wconf 88' lang='lat' dir='ltr'><strong>sit</strong></span> <span class='ocrx_word' id='word_1_71' title='bbox 740 1142 975 1200; x_wconf 87' lang='lat' dir='ltr'><strong>formido</strong></span> <span class='ocrx_word' id='word_1_72' title='bbox 1004 1147 1185 1215; x_wconf 76' lang='lat' dir='ltr'><strong>aliqua</strong></span> <span class='ocrx_word' id='word_1_73' title='bbox 1211 1151 1466 1219; x_wconf 85' lang='lat' dir='ltr'><strong>oppositi,</strong></span> <span class='ocrx_word' id='word_1_74' title='bbox 1497 1160 1555 1206; x_wconf 91' lang='lat' dir='ltr'><strong>ut</strong></span> <span class='ocrx_word' id='word_1_75' title='bbox 1586 1168 1804 1209; x_wconf 86' lang='lat' dir='ltr'><strong>necesse</strong></span> <span class='ocrx_word' id='word_1_76' title='bbox 1838 1155 1906 1208; x_wconf 86' lang='lat' dir='ltr'><strong>sit</strong></span> <span class='ocrx_word' id='word_1_77' title='bbox 1931 1165 1984 1209; x_wconf 91' lang='lat' dir='ltr'><strong>et</strong></span> 
     </span>
    </p>
   </div>
   <div class='ocr_carea' id='block_1_12' title="bbox 398 1233 1981 1315">
    <p class='ocr_par' dir='ltr' id='par_1_12' title="bbox 398 1233 1981 1315">
     <span class='ocr_line' id='line_1_12' title="bbox 398 1233 1981 1315; baseline 0.009 -27"><span class='ocrx_word' id='word_1_78' title='bbox 398 1233 474 1288; x_wconf 86' lang='lat' dir='ltr'><strong>illi</strong></span> <span class='ocrx_word' id='word_1_79' title='bbox 504 1234 685 1291; x_wconf 85' lang='lat' dir='ltr'><strong>dicere</strong></span> <span class='ocrx_word' id='word_1_80' title='bbox 715 1252 837 1291; x_wconf 83' lang='lat' dir='ltr'><strong>cum</strong></span> <span class='ocrx_word' id='word_1_81' title='bbox 871 1239 1132 1308; x_wconf 80' lang='lat' dir='ltr'><strong>Apostolo</strong></span> <span class='ocrx_word' id='word_1_82' title='bbox 1161 1257 1176 1296; x_wconf 90' lang='lat'><strong>:</strong></span> <span class='ocrx_word' id='word_1_83' title='bbox 1212 1242 1364 1297; x_wconf 84' lang='lat' dir='ltr'><strong>Nihil</strong></span> <span class='ocrx_word' id='word_1_84' title='bbox 1395 1246 1524 1298; x_wconf 79' lang='lat' dir='ltr'><strong>mihi</strong></span> <span class='ocrx_word' id='word_1_85' title='bbox 1553 1247 1793 1303; x_wconf 85' lang='lat' dir='ltr'><strong>conscius</strong></span> <span class='ocrx_word' id='word_1_86' title='bbox 1825 1265 1942 1302; x_wconf 87' lang='lat' dir='ltr'><strong>sum</strong></span> <span class='ocrx_word' id='word_1_87' title='bbox 1965 1290 1981 1315; x_wconf 97' lang='lat'><strong>,</strong></span> 
     </span>
    </p>
   </div>
   <div class='ocr_carea' id='block_1_13' title="bbox 398 1324 1986 1399">
    <p class='ocr_par' dir='ltr' id='par_1_13' title="bbox 398 1324 1986 1399">
     <span class='ocr_line' id='line_1_13' title="bbox 398 1324 1986 1399; baseline 0.009 -19"><span class='ocrx_word' id='word_1_88' title='bbox 398 1324 494 1380; x_wconf 81' lang='lat' dir='ltr'><strong>sed</strong></span> <span class='ocrx_word' id='word_1_89' title='bbox 520 1340 625 1381; x_wconf 80' lang='lat' dir='ltr'><strong>non</strong></span> <span class='ocrx_word' id='word_1_90' title='bbox 649 1327 702 1381; x_wconf 85' lang='lat' dir='ltr'><strong>in</strong></span> <span class='ocrx_word' id='word_1_91' title='bbox 734 1327 833 1383; x_wconf 85' lang='lat' dir='ltr'><strong>hoe</strong></span> <span class='ocrx_word' id='word_1_92' title='bbox 857 1329 1191 1399; x_wconf 77' lang='lat' dir='ltr'><strong>justiﬁcatus</strong></span> <span class='ocrx_word' id='word_1_93' title='bbox 1222 1350 1364 1390; x_wconf 87' lang='lat' dir='ltr'><strong>sum.</strong></span> <span class='ocrx_word' id='word_1_94' title='bbox 1392 1336 1450 1389; x_wconf 82' lang='grc' dir='ltr'><strong>ιιι</strong></span> <span class='ocrx_word' id='word_1_95' title='bbox 1474 1344 1594 1390; x_wconf 89' lang='lat' dir='ltr'><strong>actu</strong></span> <span class='ocrx_word' id='word_1_96' title='bbox 1621 1346 1797 1393; x_wconf 89' lang='lat' dir='ltr'><strong>tamen</strong></span> <span class='ocrx_word' id='word_1_97' title='bbox 1827 1354 1986 1394; x_wconf 79' lang='lat' dir='ltr'><strong>exer-</strong></span> 
     </span>
    </p>
   </div>
   <div class='ocr_carea' id='block_1_14' title="bbox 400 1417 1980 1492">
    <p class='ocr_par' dir='ltr' id='par_1_14' title="bbox 400 1417 1980 1492">
     <span class='ocr_line' id='line_1_14' title="bbox 400 1417 1980 1492; baseline 0.011 -23"><span class='ocrx_word' id='word_1_98' title='bbox 400 1417 534 1483; x_wconf 79' lang='lat' dir='ltr'><strong>cito,</strong></span> <span class='ocrx_word' id='word_1_99' title='bbox 571 1427 628 1471; x_wconf 91' lang='lat' dir='ltr'><strong>ut</strong></span> <span class='ocrx_word' id='word_1_100' title='bbox 664 1420 979 1486; x_wconf 85' lang='lat' dir='ltr'><strong>loquuntur,</strong></span> <span class='ocrx_word' id='word_1_101' title='bbox 1014 1425 1094 1479; x_wconf 88' lang='lat' dir='ltr'><strong>sic</strong></span> <span class='ocrx_word' id='word_1_102' title='bbox 1143 1424 1454 1483; x_wconf 72' lang='lat' dir='ltr'><strong>adiciuntur</strong></span> <span class='ocrx_word' id='word_1_103' title='bbox 1478 1469 1493 1492; x_wconf 94' lang='lat'><strong>,</strong></span> <span class='ocrx_word' id='word_1_104' title='bbox 1527 1438 1585 1483; x_wconf 87' lang='lat' dir='ltr'><strong>ut</strong></span> <span class='ocrx_word' id='word_1_105' title='bbox 1614 1446 1779 1485; x_wconf 86' lang='lat' dir='ltr'><strong>unum</strong></span> <span class='ocrx_word' id='word_1_106' title='bbox 1814 1431 1980 1487; x_wconf 87' lang='lat' dir='ltr'><strong>Deum</strong></span> 
     </span>
    </p>
   </div>
   <div class='ocr_carea' id='block_1_15' title="bbox 398 1513 1985 1590">
    <p class='ocr_par' dir='ltr' id='par_1_15' title="bbox 398 1513 1985 1590">
     <span class='ocr_line' id='line_1_15' title="bbox 398 1513 1985 1590; baseline 0.011 -27"><span class='ocrx_word' id='word_1_107' title='bbox 398 1513 665 1581; x_wconf 79' lang='lat' dir='ltr'><strong>cogitent,</strong></span> <span class='ocrx_word' id='word_1_108' title='bbox 696 1528 798 1570; x_wconf 90' lang='lat' dir='ltr'><strong>nec</strong></span> <span class='ocrx_word' id='word_1_109' title='bbox 850 1516 919 1571; x_wconf 87' lang='lat' dir='ltr'><strong>ab</strong></span> <span class='ocrx_word' id='word_1_110' title='bbox 951 1531 1016 1573; x_wconf 91' lang='lat' dir='ltr'><strong>eo</strong></span> <span class='ocrx_word' id='word_1_111' title='bbox 1060 1518 1286 1588; x_wconf 79' lang='lat' dir='ltr'><strong>ejusque</strong></span> <span class='ocrx_word' id='word_1_112' title='bbox 1317 1535 1500 1576; x_wconf 86' lang='lat' dir='ltr'><strong>amore</strong></span> <span class='ocrx_word' id='word_1_113' title='bbox 1532 1536 1590 1577; x_wconf 88' lang='lat' dir='ltr'><strong>se</strong></span> <span class='ocrx_word' id='word_1_114' title='bbox 1632 1538 1868 1590; x_wconf 83' lang='lat' dir='ltr'><strong>unquam</strong></span> <span class='ocrx_word' id='word_1_115' title='bbox 1902 1525 1985 1580; x_wconf 89' lang='lat' dir='ltr'><strong>di-</strong></span> 
     </span>
    </p>
   </div>
   <div class='ocr_carea' id='block_1_16' title="bbox 397 1602 1978 1682">
    <p class='ocr_par' dir='ltr' id='par_1_16' title="bbox 397 1602 1978 1682">
     <span class='ocr_line' id='line_1_16' title="bbox 397 1602 1978 1682; baseline 0.013 -31"><span class='ocrx_word' id='word_1_116' title='bbox 397 1602 522 1656; x_wconf 73' lang='lat' dir='ltr'><strong>velli</strong></span> <span class='ocrx_word' id='word_1_117' title='bbox 546 1618 702 1673; x_wconf 89' lang='lat' dir='ltr'><strong>posse</strong></span> <span class='ocrx_word' id='word_1_118' title='bbox 722 1615 932 1673; x_wconf 88' lang='lat' dir='ltr'><strong>putent.</strong></span> <span class='ocrx_word' id='word_1_119' title='bbox 961 1607 1133 1673; x_wconf 85' lang='lat' dir='ltr'><strong>Quem</strong></span> <span class='ocrx_word' id='word_1_120' title='bbox 1169 1609 1419 1665; x_wconf 71' lang='lat' dir='ltr'><strong>allectum</strong></span> <span class='ocrx_word' id='word_1_121' title='bbox 1454 1615 1719 1682; x_wconf 79' lang='lat' dir='ltr'><strong>expressit</strong></span> <span class='ocrx_word' id='word_1_122' title='bbox 1750 1614 1978 1678; x_wconf 81' lang='lat' dir='ltr'><strong>Paulus.</strong></span> 
     </span>
    </p>
   </div>
   <div class='ocr_carea' id='block_1_17' title="bbox 400 1695 1986 1776">
    <p class='ocr_par' dir='ltr' id='par_1_17' title="bbox 400 1695 1986 1776">
     <span class='ocr_line' id='line_1_17' title="bbox 400 1695 1986 1776; baseline 0.009 -27"><span class='ocrx_word' id='word_1_123' title='bbox 400 1706 521 1749; x_wconf 70' lang='lat' dir='ltr'><strong>cum</strong></span> <span class='ocrx_word' id='word_1_124' title='bbox 556 1695 664 1749; x_wconf 83' lang='lat' dir='ltr'><strong>ait:</strong></span> <span class='ocrx_word' id='word_1_125' title='bbox 687 1695 818 1761; x_wconf 82' lang='lat' dir='ltr'><strong>Quis</strong></span> <span class='ocrx_word' id='word_1_126' title='bbox 844 1715 936 1754; x_wconf 89' lang='lat' dir='ltr'><strong>nos</strong></span> <span class='ocrx_word' id='word_1_127' title='bbox 967 1701 1235 1767; x_wconf 75' lang='lat' dir='ltr'><strong>separabit</strong></span> <span class='ocrx_word' id='word_1_128' title='bbox 1260 1719 1292 1757; x_wconf 89' lang='lat' dir='ltr'><strong>a</strong></span> <span class='ocrx_word' id='word_1_129' title='bbox 1334 1703 1597 1760; x_wconf 69' lang='lat' dir='ltr'><strong>eharitate&#39;</strong></span> <span class='ocrx_word' id='word_1_130' title='bbox 1619 1704 1713 1761; x_wconf 93' lang='lat' dir='ltr'><strong>Dei</strong></span> <span class='ocrx_word' id='word_1_131' title='bbox 1736 1707 1759 1760; x_wconf 70' lang='grc' dir='ltr'><em>ν</em></span> <span class='ocrx_word' id='word_1_132' title='bbox 1781 1706 1986 1776; x_wconf 84' lang='lat' dir='ltr'><strong>Sicque</strong></span> 
     </span>
    </p>
   </div>
   <div class='ocr_carea' id='block_1_18' title="bbox 400 1785 1981 1869">
    <p class='ocr_par' dir='ltr' id='par_1_18' title="bbox 400 1785 1981 1869">
     <span class='ocr_line' id='line_1_18' title="bbox 400 1785 1981 1869; baseline 0.009 -30"><span class='ocrx_word' id='word_1_133' title='bbox 400 1796 535 1839; x_wconf 79' lang='lat' dir='ltr'><strong>sane</strong></span> <span class='ocrx_word' id='word_1_134' title='bbox 577 1785 923 1857; x_wconf 77' lang='lat' dir='ltr'><strong>intelligenda</strong></span> <span class='ocrx_word' id='word_1_135' title='bbox 969 1789 1058 1845; x_wconf 88' lang='lat' dir='ltr'><strong>illa</strong></span> <span class='ocrx_word' id='word_1_136' title='bbox 1100 1791 1382 1863; x_wconf 85' lang='lat' dir='ltr'><strong>Symeonis</strong></span> <span class='ocrx_word' id='word_1_137' title='bbox 1408 1834 1424 1859; x_wconf 92' lang='lat'><strong>,</strong></span> <span class='ocrx_word' id='word_1_138' title='bbox 1462 1810 1584 1866; x_wconf 71' lang='lat' dir='ltr'><strong>qua:</strong></span> <span class='ocrx_word' id='word_1_139' title='bbox 1611 1797 1735 1867; x_wconf 85' lang='lat' dir='ltr'><strong>plus</strong></span> <span class='ocrx_word' id='word_1_140' title='bbox 1775 1799 1981 1869; x_wconf 88' lang='lat' dir='ltr'><strong>aliquid</strong></span> 
     </span>
    </p>
   </div>
   <div class='ocr_carea' id='block_1_19' title="bbox 2095 609 3681 683">
    <p class='ocr_par' dir='ltr' id='par_1_19' title="bbox 2095 609 3681 683">
     <span class='ocr_line' id='line_1_19' title="bbox 2095 609 3681 683; baseline 0.003 -20"><span class='ocrx_word' id='word_1_141' title='bbox 2095 609 2228 663; x_wconf 88' lang='lat' dir='ltr'><strong>rint.</strong></span> <span class='ocrx_word' id='word_1_142' title='bbox 2267 610 2422 675; x_wconf 84' lang='lat' dir='ltr'><strong>Quod</strong></span> <span class='ocrx_word' id='word_1_143' title='bbox 2458 609 2621 665; x_wconf 87' lang='lat' dir='ltr'><strong>refert</strong></span> <span class='ocrx_word' id='word_1_144' title='bbox 2662 610 2899 680; x_wconf 80' lang='lat' dir='ltr'><strong>Symeon</strong></span> <span class='ocrx_word' id='word_1_145' title='bbox 2935 610 3195 667; x_wconf 83' lang='lat' dir='ltr'><strong>Eustratii</strong></span> <span class='ocrx_word' id='word_1_146' title='bbox 3240 612 3519 683; x_wconf 84' lang='lat' dir='ltr'><strong>martyris,</strong></span> <span class='ocrx_word' id='word_1_147' title='bbox 3567 614 3681 668; x_wconf 45' lang='lat' dir='ltr'><strong>virs</strong></span> 
     </span>
    </p>
   </div>
   <div class='ocr_carea' id='block_1_20' title="bbox 2091 701 3686 774">
    <p class='ocr_par' dir='ltr' id='par_1_20' title="bbox 2091 701 3686 774">
     <span class='ocr_line' id='line_1_20' title="bbox 2091 701 3686 774; baseline 0.003 -18"><span class='ocrx_word' id='word_1_148' title='bbox 2091 713 2205 756; x_wconf 89' lang='lat' dir='ltr'><strong>tute</strong></span> <span class='ocrx_word' id='word_1_149' title='bbox 2232 701 2544 764; x_wconf 81' lang='lat' dir='ltr'><strong>clarissimi,</strong></span> <span class='ocrx_word' id='word_1_150' title='bbox 2580 703 2914 773; x_wconf 76' lang='lat' dir='ltr'><strong>exemplum,</strong></span> <span class='ocrx_word' id='word_1_151' title='bbox 2949 720 3061 759; x_wconf 86' lang='lat' dir='ltr'><strong>rem</strong></span> <span class='ocrx_word' id='word_1_152' title='bbox 3101 721 3209 760; x_wconf 89' lang='lat' dir='ltr'><strong>non</strong></span> <span class='ocrx_word' id='word_1_153' title='bbox 3247 703 3502 770; x_wconf 84' lang='lat' dir='ltr'><strong>coulicit;</strong></span> <span class='ocrx_word' id='word_1_154' title='bbox 3534 707 3686 774; x_wconf 83' lang='lat' dir='ltr'><strong>quod</strong></span> 
     </span>
    </p>
   </div>
   <div class='ocr_carea' id='block_1_21' title="bbox 2088 792 3687 868">
    <p class='ocr_par' dir='ltr' id='par_1_21' title="bbox 2088 792 3687 868">
     <span class='ocr_line' id='line_1_21' title="bbox 2088 792 3687 868; baseline 0.001 -20"><span class='ocrx_word' id='word_1_155' title='bbox 2088 792 2298 848; x_wconf 66' lang='lat' dir='ltr'><strong>Scilicet</strong></span> <span class='ocrx_word' id='word_1_156' title='bbox 2329 794 2519 849; x_wconf 81' lang='lat' dir='ltr'><strong>dixerit</strong></span> <span class='ocrx_word' id='word_1_157' title='bbox 2549 812 2563 848; x_wconf 90' lang='lat'>:</span> <span class='ocrx_word' id='word_1_158' title='bbox 2593 793 2705 847; x_wconf 77' lang='grc' dir='ltr'><strong>Νῦν</strong></span> <span class='ocrx_word' id='word_1_159' title='bbox 2761 794 2932 864; x_wconf 79' lang='grc' dir='ltr'>ἔγνων</span> <span class='ocrx_word' id='word_1_160' title='bbox 2963 794 3045 850; x_wconf 82' lang='grc' dir='ltr'>ὅτι</span> <span class='ocrx_word' id='word_1_161' title='bbox 3100 797 3225 860; x_wconf 64' lang='grc' dir='ltr'>ναὸς</span> <span class='ocrx_word' id='word_1_162' title='bbox 3248 796 3383 851; x_wconf 84' lang='grc' dir='ltr'>Θεοῦ</span> <span class='ocrx_word' id='word_1_163' title='bbox 3420 797 3567 868; x_wconf 75' lang='grc' dir='ltr'>ειμι,</span> <span class='ocrx_word' id='word_1_164' title='bbox 3589 797 3687 850; x_wconf 70' lang='grc' dir='ltr'>καὶ</span> 
     </span>
    </p>
   </div>
   <div class='ocr_carea' id='block_1_22' title="bbox 2085 882 3682 959">
    <p class='ocr_par' dir='ltr' id='par_1_22' title="bbox 2085 882 3682 959">
     <span class='ocr_line' id='line_1_22' title="bbox 2085 882 3682 959; baseline 0.003 -24"><span class='ocrx_word' id='word_1_165' title='bbox 2085 882 2146 935; x_wconf 79' lang='grc' dir='ltr'>τὸ</span> <span class='ocrx_word' id='word_1_166' title='bbox 2178 884 2399 953; x_wconf 78' lang='grc' dir='ltr'><strong>Πνεῦμα</strong></span> <span class='ocrx_word' id='word_1_167' title='bbox 2426 883 2591 939; x_wconf 84' lang='grc' dir='ltr'>αὐτοῦ</span> <span class='ocrx_word' id='word_1_168' title='bbox 2622 888 2762 939; x_wconf 76' lang='grc' dir='ltr'>οἰκεῖ</span> <span class='ocrx_word' id='word_1_169' title='bbox 2784 888 2840 939; x_wconf 78' lang='grc' dir='ltr'>ἐν</span> <span class='ocrx_word' id='word_1_170' title='bbox 2874 887 3017 958; x_wconf 74' lang='grc' dir='ltr'><strong>ἐμοί.</strong></span> <span class='ocrx_word' id='word_1_171' title='bbox 3046 906 3065 939; x_wconf 78' lang='grc' dir='ltr'><strong>ι</strong></span> <span class='ocrx_word' id='word_1_172' title='bbox 3088 888 3391 958; x_wconf 48' lang='lat' dir='ltr'><strong>Histriam-re</strong></span> <span class='ocrx_word' id='word_1_173' title='bbox 3410 889 3503 941; x_wconf 82' lang='grc' dir='ltr'><strong>ἀπ’</strong></span> <span class='ocrx_word' id='word_1_174' title='bbox 3539 886 3682 959; x_wconf 79' lang='grc' dir='ltr'><strong>ἐμοῦ</strong></span> 
     </span>
    </p>
   </div>
   <div class='ocr_carea' id='block_1_23' title="bbox 2087 974 3686 1049">
    <p class='ocr_par' dir='ltr' id='par_1_23' title="bbox 2087 974 3686 1049">
     <span class='ocr_line' id='line_1_23' title="bbox 2087 974 3686 1049; baseline 0.005 -23"><span class='ocrx_word' id='word_1_175' title='bbox 2087 974 2291 1039; x_wconf 77' lang='grc' dir='ltr'>πάντες</span> <span class='ocrx_word' id='word_1_176' title='bbox 2304 977 2352 1029; x_wconf 84' lang='lat' dir='ltr'><strong>oi</strong></span> <span class='ocrx_word' id='word_1_177' title='bbox 2366 976 2597 1047; x_wconf 78' lang='grc' dir='ltr'><strong>ἐργάται</strong></span> <span class='ocrx_word' id='word_1_178' title='bbox 2616 978 2709 1046; x_wconf 78' lang='grc' dir='ltr'>τῆς</span> <span class='ocrx_word' id='word_1_179' title='bbox 2724 976 2979 1048; x_wconf 76' lang='grc' dir='ltr'>ἀνομίας.</span> <span class='ocrx_word' id='word_1_180' title='bbox 3009 998 3027 1030; x_wconf 75' lang='grc' dir='ltr'><strong>ι</strong></span> <span class='ocrx_word' id='word_1_181' title='bbox 3051 979 3191 1049; x_wconf 79' lang='grc' dir='ltr'>Πρὸς</span> <span class='ocrx_word' id='word_1_182' title='bbox 3207 980 3263 1033; x_wconf 83' lang='grc' dir='ltr'><strong>δὲ</strong></span> <span class='ocrx_word' id='word_1_183' title='bbox 3279 983 3369 1033; x_wconf 79' lang='grc' dir='ltr'>τὸν</span> <span class='ocrx_word' id='word_1_184' title='bbox 3386 980 3686 1044; x_wconf 70' lang='grc' dir='ltr'><strong>δικάζοντα</strong></span> 
     </span>
    </p>
   </div>
   <div class='ocr_carea' id='block_1_24' title="bbox 2087 1065 3686 1141">
    <p class='ocr_par' dir='ltr' id='par_1_24' title="bbox 2087 1065 3686 1141">
     <span class='ocr_line' id='line_1_24' title="bbox 2087 1065 3686 1141; baseline 0.003 -23"><span class='ocrx_word' id='word_1_185' title='bbox 2087 1065 2376 1136; x_wconf 85' lang='grc' dir='ltr'>τύραννον,</span> <span class='ocrx_word' id='word_1_186' title='bbox 2425 1068 2489 1123; x_wconf 63' lang='lat' dir='ltr'><strong>Et</strong></span> <span class='ocrx_word' id='word_1_187' title='bbox 2540 1085 2623 1122; x_wconf 87' lang='grc' dir='ltr'><strong>σοι</strong></span> <span class='ocrx_word' id='word_1_188' title='bbox 2680 1066 2748 1121; x_wconf 75' lang='grc' dir='ltr'><strong>τὰ</strong></span> <span class='ocrx_word' id='word_1_189' title='bbox 2787 1067 3123 1140; x_wconf 75' lang='grc' dir='ltr'>αἰσθητήρια</span> <span class='ocrx_word' id='word_1_190' title='bbox 3178 1070 3289 1122; x_wconf 82' lang='grc' dir='ltr'>τῶν</span> <span class='ocrx_word' id='word_1_191' title='bbox 3345 1070 3567 1139; x_wconf 78' lang='grc' dir='ltr'>φρενῶν</span> <span class='ocrx_word' id='word_1_192' title='bbox 3611 1070 3686 1141; x_wconf 80' lang='grc' dir='ltr'>μὴ</span> 
     </span>
    </p>
   </div>
   <div class='ocr_carea' id='block_1_25' title="bbox 2088 1155 3687 1231">
    <p class='ocr_par' dir='ltr' id='par_1_25' title="bbox 2088 1155 3687 1231">
     <span class='ocr_line' id='line_1_25' title="bbox 2088 1155 3687 1231; baseline 0.004 -24"><span class='ocrx_word' id='word_1_193' title='bbox 2088 1155 2377 1225; x_wconf 72' lang='grc' dir='ltr'>ἠλλοίωτο,</span> <span class='ocrx_word' id='word_1_194' title='bbox 2411 1158 2509 1211; x_wconf 71' lang='grc' dir='ltr'><strong>καὶ</strong></span> <span class='ocrx_word' id='word_1_195' title='bbox 2557 1159 2635 1228; x_wconf 82' lang='grc' dir='ltr'>τῷ</span> <span class='ocrx_word' id='word_1_196' title='bbox 2684 1159 2792 1212; x_wconf 71' lang='grc' dir='ltr'>τῶν</span> <span class='ocrx_word' id='word_1_197' title='bbox 2845 1160 3035 1212; x_wconf 79' lang='grc' dir='ltr'>παθῶν</span> <span class='ocrx_word' id='word_1_198' title='bbox 3070 1160 3355 1231; x_wconf 72' lang='grc' dir='ltr'>φυράματι</span> <span class='ocrx_word' id='word_1_199' title='bbox 3392 1160 3471 1230; x_wconf 81' lang='grc' dir='ltr'><strong>μὴ</strong></span> <span class='ocrx_word' id='word_1_200' title='bbox 3496 1178 3687 1231; x_wconf 59' lang='grc' dir='ltr'><strong>ικατε-</strong></span> 
     </span>
    </p>
   </div>
   <div class='ocr_carea' id='block_1_26' title="bbox 2091 1246 3693 1321">
    <p class='ocr_par' dir='ltr' id='par_1_26' title="bbox 2091 1246 3693 1321">
     <span class='ocr_line' id='line_1_26' title="bbox 2091 1246 3693 1321; baseline 0.004 -24"><span class='ocrx_word' id='word_1_201' title='bbox 2091 1246 2371 1301; x_wconf 78' lang='grc' dir='ltr'>σκεύαστο</span> <span class='ocrx_word' id='word_1_202' title='bbox 2430 1249 2566 1319; x_wconf 79' lang='grc' dir='ltr'>πρὸς</span> <span class='ocrx_word' id='word_1_203' title='bbox 2613 1249 2675 1302; x_wconf 73' lang='grc' dir='ltr'>τὸ</span> <span class='ocrx_word' id='word_1_204' title='bbox 2732 1250 2933 1318; x_wconf 60' lang='grc' dir='ltr'>γεῶδες</span> <span class='ocrx_word' id='word_1_205' title='bbox 2989 1251 3199 1321; x_wconf 71' lang='grc' dir='ltr'>ἡψυχὴ</span> <span class='ocrx_word' id='word_1_206' title='bbox 3236 1268 3357 1315; x_wconf 84' lang='grc' dir='ltr'>σου,</span> <span class='ocrx_word' id='word_1_207' title='bbox 3389 1250 3575 1316; x_wconf 76' lang='grc' dir='ltr'>ἔδειξα</span> <span class='ocrx_word' id='word_1_208' title='bbox 3624 1254 3693 1306; x_wconf 76' lang='grc' dir='ltr'>ἄν</span> 
     </span>
    </p>
   </div>
   <div class='ocr_carea' id='block_1_27' title="bbox 2087 1337 3691 1412">
    <p class='ocr_par' dir='ltr' id='par_1_27' title="bbox 2087 1337 3691 1412">
     <span class='ocr_line' id='line_1_27' title="bbox 2087 1337 3691 1412; baseline 0.002 -21"><span class='ocrx_word' id='word_1_209' title='bbox 2087 1354 2171 1391; x_wconf 89' lang='grc' dir='ltr'><strong>σοι</strong></span> <span class='ocrx_word' id='word_1_210' title='bbox 2198 1337 2289 1390; x_wconf 78' lang='grc' dir='ltr'><strong>τὸν</strong></span> <span class='ocrx_word' id='word_1_211' title='bbox 2333 1338 2784 1409; x_wconf 72' lang='grc' dir='ltr'>Ἐςταυρωμένον</span> <span class='ocrx_word' id='word_1_212' title='bbox 2845 1339 3056 1406; x_wconf 78' lang='grc' dir='ltr'>τοῦτον,</span> <span class='ocrx_word' id='word_1_213' title='bbox 3088 1339 3321 1412; x_wconf 79' lang='grc' dir='ltr'>Σωτῆρα</span> <span class='ocrx_word' id='word_1_214' title='bbox 3350 1343 3446 1394; x_wconf 72' lang='grc' dir='ltr'><strong>καὶ</strong></span> <span class='ocrx_word' id='word_1_215' title='bbox 3471 1342 3691 1412; x_wconf 82' lang='grc' dir='ltr'>λυτρω-</span> 
     </span>
    </p>
   </div>
   <div class='ocr_carea' id='block_1_28' title="bbox 2084 1432 3686 1503">
    <p class='ocr_par' dir='ltr' id='par_1_28' title="bbox 2084 1432 3686 1503">
     <span class='ocr_line' id='line_1_28' title="bbox 2084 1432 3686 1503; baseline 0.001 -19"><span class='ocrx_word' id='word_1_216' title='bbox 2084 1432 2185 1503; x_wconf 82' lang='grc' dir='ltr'>τὴν</span> <span class='ocrx_word' id='word_1_217' title='bbox 2209 1432 2302 1485; x_wconf 72' lang='grc' dir='ltr'><strong>καὶ</strong></span> <span class='ocrx_word' id='word_1_218' title='bbox 2334 1432 2635 1502; x_wconf 77' lang='grc' dir='ltr'><strong>εὐεργέτην</strong></span> <span class='ocrx_word' id='word_1_219' title='bbox 2668 1434 3035 1503; x_wconf 74' lang='grc' dir='ltr'>τυγχάνοντα.</span> <span class='ocrx_word' id='word_1_220' title='bbox 3088 1433 3245 1486; x_wconf 83' lang='lat' dir='ltr'><strong>Nunc</strong></span> <span class='ocrx_word' id='word_1_221' title='bbox 3270 1434 3509 1503; x_wconf 74' lang='lat' dir='ltr'><strong>cognoui.</strong></span> <span class='ocrx_word' id='word_1_222' title='bbox 3540 1434 3686 1503; x_wconf 82' lang='lat' dir='ltr'><strong>quod</strong></span> 
     </span>
    </p>
   </div>
   <div class='ocr_carea' id='block_1_29' title="bbox 2090 1521 3686 1592">
    <p class='ocr_par' dir='ltr' id='par_1_29' title="bbox 2090 1521 3686 1592">
     <span class='ocr_line' id='line_1_29' title="bbox 2090 1521 3686 1592; baseline 0.001 -17"><span class='ocrx_word' id='word_1_223' title='bbox 2090 1522 2337 1591; x_wconf 77' lang='lat' dir='ltr'><strong>templum</strong></span> <span class='ocrx_word' id='word_1_224' title='bbox 2387 1522 2482 1576; x_wconf 79' lang='lat' dir='ltr'><strong>Dei</strong></span> <span class='ocrx_word' id='word_1_225' title='bbox 2520 1539 2659 1586; x_wconf 85' lang='lat' dir='ltr'><strong>sunt,</strong></span> <span class='ocrx_word' id='word_1_226' title='bbox 2710 1534 2756 1576; x_wconf 92' lang='lat' dir='ltr'><strong>et</strong></span> <span class='ocrx_word' id='word_1_227' title='bbox 2803 1521 3032 1590; x_wconf 72' lang='lat' dir='ltr'><strong>Spiritus</strong></span> <span class='ocrx_word' id='word_1_228' title='bbox 3074 1524 3190 1592; x_wconf 83' lang='lat' dir='ltr'><strong>ejus</strong></span> <span class='ocrx_word' id='word_1_229' title='bbox 3238 1523 3441 1577; x_wconf 79' lang='lat' dir='ltr'><strong>habitat</strong></span> <span class='ocrx_word' id='word_1_230' title='bbox 3488 1526 3545 1577; x_wconf 84' lang='lat' dir='ltr'><strong>in</strong></span> <span class='ocrx_word' id='word_1_231' title='bbox 3587 1541 3686 1577; x_wconf 84' lang='lat' dir='ltr'><strong>me.</strong></span> 
     </span>
    </p>
   </div>
   <div class='ocr_carea' id='block_1_30' title="bbox 2089 1613 3690 1686">
    <p class='ocr_par' dir='ltr' id='par_1_30' title="bbox 2089 1613 3690 1686">
     <span class='ocr_line' id='line_1_30' title="bbox 2089 1613 3690 1686; baseline 0.002 -21"><span class='ocrx_word' id='word_1_232' title='bbox 2089 1633 2108 1665; x_wconf 77' lang='grc' dir='ltr'><strong>ι</strong></span> <span class='ocrx_word' id='word_1_233' title='bbox 2158 1613 2418 1669; x_wconf 86' lang='lat' dir='ltr'><strong>Discedite</strong></span> <span class='ocrx_word' id='word_1_234' title='bbox 2453 1614 2483 1669; x_wconf 80' lang='grc' dir='ltr'>ἓι</span> <span class='ocrx_word' id='word_1_235' title='bbox 2517 1631 2618 1681; x_wconf 87' lang='lat' dir='ltr'><strong>me,</strong></span> <span class='ocrx_word' id='word_1_236' title='bbox 2657 1632 2838 1669; x_wconf 86' lang='lat' dir='ltr'><strong>omnes</strong></span> <span class='ocrx_word' id='word_1_237' title='bbox 2862 1616 3092 1685; x_wconf 80' lang='lat' dir='ltr'><strong>operarii</strong></span> <span class='ocrx_word' id='word_1_238' title='bbox 3126 1617 3449 1686; x_wconf 78' lang='lat' dir='ltr'><strong>iniquitatis.</strong></span> <span class='ocrx_word' id='word_1_239' title='bbox 3483 1635 3503 1668; x_wconf 87' lang='grc'><strong>›</strong></span> <span class='ocrx_word' id='word_1_240' title='bbox 3533 1615 3597 1669; x_wconf 80' lang='lat' dir='ltr'><strong>Et</strong></span> <span class='ocrx_word' id='word_1_241' title='bbox 3624 1616 3690 1669; x_wconf 85' lang='lat' dir='ltr'><strong>ad</strong></span> 
     </span>
    </p>
   </div>
   <div class='ocr_carea' id='block_1_31' title="bbox 2089 1704 3681 1776">
    <p class='ocr_par' dir='ltr' id='par_1_31' title="bbox 2089 1704 3681 1776">
     <span class='ocr_line' id='line_1_31' title="bbox 2089 1704 3681 1776; baseline 0.001 -17"><span class='ocrx_word' id='word_1_242' title='bbox 2089 1705 2395 1776; x_wconf 79' lang='lat' dir='ltr'><strong>Tyrannum</strong></span> <span class='ocrx_word' id='word_1_243' title='bbox 2421 1706 2659 1775; x_wconf 80' lang='lat' dir='ltr'><strong>judicent</strong></span> <span class='ocrx_word' id='word_1_244' title='bbox 2693 1722 2711 1759; x_wconf 91' lang='lat'><em>:</em></span> <span class='ocrx_word' id='word_1_245' title='bbox 2746 1704 2870 1760; x_wconf 78' lang='lat' dir='ltr'><strong>Nisi</strong></span> <span class='ocrx_word' id='word_1_246' title='bbox 2900 1709 2994 1760; x_wconf 83' lang='lat' dir='ltr'><strong>tibi</strong></span> <span class='ocrx_word' id='word_1_247' title='bbox 3026 1725 3207 1761; x_wconf 76' lang='lat' dir='ltr'><strong>sensus</strong></span> <span class='ocrx_word' id='word_1_248' title='bbox 3241 1710 3424 1761; x_wconf 79' lang='lat' dir='ltr'><strong>utentis</strong></span> <span class='ocrx_word' id='word_1_249' title='bbox 3449 1707 3681 1761; x_wconf 71' lang='lat' dir='ltr'><strong>ecariati</strong></span> 
     </span>
    </p>
   </div>
   <div class='ocr_carea' id='block_1_32' title="bbox 2086 1797 3680 1870">
    <p class='ocr_par' dir='ltr' id='par_1_32' title="bbox 2086 1797 3680 1870">
     <span class='ocr_line' id='line_1_32' title="bbox 2086 1797 3680 1870; baseline 0.001 -18"><span class='ocrx_word' id='word_1_250' title='bbox 2086 1808 2280 1861; x_wconf 89' lang='lat' dir='ltr'><strong>essent,</strong></span> <span class='ocrx_word' id='word_1_251' title='bbox 2328 1799 2640 1870; x_wconf 88' lang='lat' dir='ltr'><strong>animusque</strong></span> <span class='ocrx_word' id='word_1_252' title='bbox 2674 1799 2925 1854; x_wconf 79' lang='lat' dir='ltr'><strong>vitiorum</strong></span> <span class='ocrx_word' id='word_1_253' title='bbox 2959 1797 3181 1854; x_wconf 81' lang='lat' dir='ltr'><strong>colluvie</strong></span> <span class='ocrx_word' id='word_1_254' title='bbox 3209 1810 3255 1854; x_wconf 90' lang='lat' dir='ltr'><strong>et</strong></span> <span class='ocrx_word' id='word_1_255' title='bbox 3291 1802 3585 1869; x_wconf 69' lang='lat' dir='ltr'><strong>affectuum</strong></span> <span class='ocrx_word' id='word_1_256' title='bbox 3624 1803 3680 1855; x_wconf 82' lang='lat' dir='ltr'><strong>in</strong></span> 
     </span>
    </p>
   </div>
   <div class='ocr_carea' id='block_1_33' title="bbox 401 1864 3678 1960">
    <p class='ocr_par' dir='ltr' id='par_1_33' title="bbox 401 1864 3678 1960">
     <span class='ocr_line' id='line_1_33' title="bbox 401 1864 3678 1960; baseline 0.005 -30"><span class='ocrx_word' id='word_1_257' title='bbox 401 1876 677 1946; x_wconf 72' lang='lat' dir='ltr'><strong>eutpltaSis</strong></span> <span class='ocrx_word' id='word_1_258' title='bbox 708 1879 908 1933; x_wconf 86' lang='lat' dir='ltr'><strong>habere</strong></span> <span class='ocrx_word' id='word_1_259' title='bbox 954 1883 1229 1938; x_wconf 86' lang='lat' dir='ltr'><strong>videntur.</strong></span> <span class='ocrx_word' id='word_1_260' title='bbox 1268 1883 1422 1940; x_wconf 80' lang='lat' dir='ltr'><strong>Facit</strong></span> <span class='ocrx_word' id='word_1_261' title='bbox 1451 1864 1504 1939; x_wconf 79' lang='lat' dir='ltr'><strong>et</strong></span> <span class='ocrx_word' id='word_1_262' title='bbox 1554 1864 1683 1943; x_wconf 82' lang='lat' dir='ltr'><strong>illud</strong></span> <span class='ocrx_word' id='word_1_263' title='bbox 1735 1864 1981 1959; x_wconf 74' lang='lat' dir='ltr'><strong>ejusdem</strong></span> <span class='ocrx_word' id='word_1_264' title='bbox 2017 1864 2058 1920; x_wconf 63' lang='grc' dir='ltr'><strong><em>Β</em></strong></span> <span class='ocrx_word' id='word_1_265' title='bbox 2093 1904 2352 1946; x_wconf 89' lang='lat' dir='ltr'><strong>terrenum</strong></span> <span class='ocrx_word' id='word_1_266' title='bbox 2382 1864 2617 1946; x_wconf 77' lang='lat' dir='ltr'><strong>habitum</strong></span> <span class='ocrx_word' id='word_1_267' title='bbox 2656 1894 2954 1956; x_wconf 77' lang='lat' dir='ltr'><strong>transisset,</strong></span> <span class='ocrx_word' id='word_1_268' title='bbox 2987 1864 3547 1960; x_wconf 43' lang='lat' dir='ltr'><strong>osletttlissemnutiqtte</strong></span> <span class='ocrx_word' id='word_1_269' title='bbox 3578 1893 3678 1945; x_wconf 83' lang='lat' dir='ltr'><strong>tibi</strong></span> 
     </span>
    </p>
   </div>
   <div class='ocr_carea' id='block_1_34' title="bbox 400 1969 1989 2047">
    <p class='ocr_par' dir='ltr' id='par_1_34' title="bbox 400 1969 1989 2047">
     <span class='ocr_line' id='line_1_34' title="bbox 400 1969 1989 2047; baseline 0.01 -26"><span class='ocrx_word' id='word_1_270' title='bbox 400 1969 642 2036; x_wconf 75' lang='lat' dir='ltr'><strong>Apostuli</strong></span> <span class='ocrx_word' id='word_1_271' title='bbox 670 1988 683 2025; x_wconf 88' lang='lat'><strong>:</strong></span> <span class='ocrx_word' id='word_1_272' title='bbox 713 1970 815 2026; x_wconf 83' lang='lat' dir='ltr'><strong>Vos</strong></span> <span class='ocrx_word' id='word_1_273' title='bbox 841 1973 979 2040; x_wconf 89' lang='lat' dir='ltr'><strong>ipsos</strong></span> <span class='ocrx_word' id='word_1_274' title='bbox 1002 1975 1241 2043; x_wconf 83' lang='lat' dir='ltr'><strong>probate,</strong></span> <span class='ocrx_word' id='word_1_275' title='bbox 1265 1979 1309 2030; x_wconf 87' lang='lat' dir='ltr'><strong>si</strong></span> <span class='ocrx_word' id='word_1_276' title='bbox 1334 1979 1462 2032; x_wconf 82' lang='lat' dir='ltr'><strong>estis</strong></span> <span class='ocrx_word' id='word_1_277' title='bbox 1488 1979 1542 2033; x_wconf 87' lang='lat' dir='ltr'><strong>in</strong></span> <span class='ocrx_word' id='word_1_278' title='bbox 1577 1980 1699 2047; x_wconf 79' lang='lat' dir='ltr'><strong>fide,</strong></span> <span class='ocrx_word' id='word_1_279' title='bbox 1748 1983 1803 2036; x_wconf 85' lang='lat' dir='ltr'><strong>in</strong></span> <span class='ocrx_word' id='word_1_280' title='bbox 1851 1984 1989 2043; x_wconf 84' lang='lat' dir='ltr'><strong>dite-</strong></span> 
     </span>
    </p>
   </div>
   <div class='ocr_carea' id='block_1_35' title="bbox 401 2061 1990 2142">
    <p class='ocr_par' dir='ltr' id='par_1_35' title="bbox 401 2061 1990 2142">
     <span class='ocr_line' id='line_1_35' title="bbox 401 2061 1990 2142; baseline 0.01 -27"><span class='ocrx_word' id='word_1_281' title='bbox 401 2061 590 2116; x_wconf 82' lang='lat' dir='ltr'><strong>stione.</strong></span> <span class='ocrx_word' id='word_1_282' title='bbox 619 2062 697 2116; x_wconf 85' lang='lat' dir='ltr'><strong>Ad</strong></span> <span class='ocrx_word' id='word_1_283' title='bbox 727 2077 844 2118; x_wconf 88' lang='lat' dir='ltr'><strong>eam</strong></span> <span class='ocrx_word' id='word_1_284' title='bbox 872 2066 1242 2134; x_wconf 82' lang='lat' dir='ltr'><strong>probationem</strong></span> <span class='ocrx_word' id='word_1_285' title='bbox 1278 2079 1543 2136; x_wconf 86' lang='lat' dir='ltr'><strong>spectant,</strong></span> <span class='ocrx_word' id='word_1_286' title='bbox 1569 2088 1689 2142; x_wconf 65' lang='lat' dir='ltr'><strong>qua:</strong></span> <span class='ocrx_word' id='word_1_287' title='bbox 1721 2089 1887 2129; x_wconf 87' lang='lat' dir='ltr'><strong>serm.</strong></span> <span class='ocrx_word' id='word_1_288' title='bbox 1922 2074 1990 2131; x_wconf 91' lang='lat' dir='ltr'><strong>de</strong></span> 
     </span>
    </p>
   </div>
   <div class='ocr_carea' id='block_1_36' title="bbox 402 2150 1988 2234">
    <p class='ocr_par' dir='ltr' id='par_1_36' title="bbox 402 2150 1988 2234">
     <span class='ocr_line' id='line_1_36' title="bbox 402 2150 1988 2234; baseline 0.009 -29"><span class='ocrx_word' id='word_1_289' title='bbox 402 2150 619 2209; x_wconf 66' lang='lat' dir='ltr'><strong>Iudicio</strong></span> <span class='ocrx_word' id='word_1_290' title='bbox 665 2154 743 2210; x_wconf 80' lang='lat' dir='ltr'><strong>sic</strong></span> <span class='ocrx_word' id='word_1_291' title='bbox 787 2156 945 2212; x_wconf 82' lang='lat' dir='ltr'><strong>habet</strong></span> <span class='ocrx_word' id='word_1_292' title='bbox 978 2173 992 2211; x_wconf 91' lang='lat'><strong>:</strong></span> <span class='ocrx_word' id='word_1_293' title='bbox 1061 2178 1079 2211; x_wconf 77' lang='grc' dir='ltr'><strong>ι</strong></span> <span class='ocrx_word' id='word_1_294' title='bbox 1116 2159 1387 2225; x_wconf 76' lang='grc' dir='ltr'><strong>Ἕκαστος</strong></span> <span class='ocrx_word' id='word_1_295' title='bbox 1422 2163 1582 2234; x_wconf 77' lang='grc' dir='ltr'><strong>ἡμῶν</strong></span> <span class='ocrx_word' id='word_1_296' title='bbox 1626 2166 1819 2219; x_wconf 67' lang='grc' dir='ltr'>ἑαυτὸν</span> <span class='ocrx_word' id='word_1_297' title='bbox 1858 2166 1988 2220; x_wconf 77' lang='grc' dir='ltr'>θεαο</span> 
     </span>
    </p>
   </div>
   <div class='ocr_carea' id='block_1_37' title="bbox 404 2246 1988 2323">
    <p class='ocr_par' dir='ltr' id='par_1_37' title="bbox 404 2246 1988 2323">
     <span class='ocr_line' id='line_1_37' title="bbox 404 2246 1988 2323; baseline 0.009 -25"><span class='ocrx_word' id='word_1_298' title='bbox 404 2246 612 2309; x_wconf 76' lang='grc' dir='ltr'>σάσθω,</span> <span class='ocrx_word' id='word_1_299' title='bbox 645 2248 695 2301; x_wconf 75' lang='grc' dir='ltr'>εἰ</span> <span class='ocrx_word' id='word_1_300' title='bbox 724 2248 816 2302; x_wconf 75' lang='grc' dir='ltr'>τὸν</span> <span class='ocrx_word' id='word_1_301' title='bbox 860 2249 993 2303; x_wconf 80' lang='grc' dir='ltr'>Θεὸν</span> <span class='ocrx_word' id='word_1_302' title='bbox 1020 2253 1196 2323; x_wconf 86' lang='grc' dir='ltr'>Λόγον</span> <span class='ocrx_word' id='word_1_303' title='bbox 1228 2254 1453 2311; x_wconf 76' lang='grc' dir='ltr'><strong>ἐλθόντα</strong></span> <span class='ocrx_word' id='word_1_304' title='bbox 1494 2254 1707 2323; x_wconf 76' lang='grc' dir='ltr'>ἔλασεν,</span> <span class='ocrx_word' id='word_1_305' title='bbox 1740 2260 1772 2323; x_wconf 75' lang='grc' dir='ltr'><strong>ἢ</strong></span> <span class='ocrx_word' id='word_1_306' title='bbox 1799 2261 1988 2314; x_wconf 80' lang='grc' dir='ltr'>τέκνον</span> 
     </span>
    </p>
   </div>
   <div class='ocr_carea' id='block_1_38' title="bbox 402 2336 1985 2427">
    <p class='ocr_par' dir='ltr' id='par_1_38' title="bbox 402 2336 1985 2427">
     <span class='ocr_line' id='line_1_38' title="bbox 402 2336 1985 2427; baseline 0.009 -38"><span class='ocrx_word' id='word_1_307' title='bbox 402 2336 539 2391; x_wconf 84' lang='grc' dir='ltr'><strong>Θεοῦ</strong></span> <span class='ocrx_word' id='word_1_308' title='bbox 577 2341 876 2407; x_wconf 76' lang='grc' dir='ltr'>ὲγὲνετο,εί</span> <span class='ocrx_word' id='word_1_309' title='bbox 917 2344 1017 2396; x_wconf 74' lang='grc' dir='ltr'><strong>οὐκ</strong></span> <span class='ocrx_word' id='word_1_310' title='bbox 1062 2344 1122 2409; x_wconf 77' lang='grc' dir='ltr'><strong>ἐξ</strong></span> <span class='ocrx_word' id='word_1_311' title='bbox 1149 2346 1526 2427; x_wconf 41' lang='grc' dir='ltr'>αϊματοςνκαὶ</span> <span class='ocrx_word' id='word_1_312' title='bbox 1563 2350 1768 2417; x_wconf 73' lang='grc' dir='ltr'>σαρκὸς</span> <span class='ocrx_word' id='word_1_313' title='bbox 1801 2351 1985 2420; x_wconf 86' lang='grc' dir='ltr'>μόνον,</span> 
     </span>
    </p>
   </div>
   <div class='ocr_carea' id='block_1_39' title="bbox 403 2428 1990 2511">
    <p class='ocr_par' dir='ltr' id='par_1_39' title="bbox 403 2428 1990 2511">
     <span class='ocr_line' id='line_1_39' title="bbox 403 2428 1990 2511; baseline 0.006 -28"><span class='ocrx_word' id='word_1_314' title='bbox 403 2428 540 2483; x_wconf 70' lang='grc' dir='ltr'>ἀλλὰ</span> <span class='ocrx_word' id='word_1_315' title='bbox 558 2431 653 2483; x_wconf 80' lang='grc' dir='ltr'><strong>καὶ</strong></span> <span class='ocrx_word' id='word_1_316' title='bbox 682 2431 747 2485; x_wconf 79' lang='grc' dir='ltr'><strong>ὲκ</strong></span> <span class='ocrx_word' id='word_1_317' title='bbox 771 2431 908 2486; x_wconf 85' lang='grc' dir='ltr'>Θεοῦ</span> <span class='ocrx_word' id='word_1_318' title='bbox 938 2435 1251 2505; x_wconf 81' lang='grc' dir='ltr'>γεγένηται,</span> <span class='ocrx_word' id='word_1_319' title='bbox 1275 2437 1324 2490; x_wconf 75' lang='grc' dir='ltr'>εἰ</span> <span class='ocrx_word' id='word_1_320' title='bbox 1357 2436 1500 2504; x_wconf 74' lang='grc' dir='ltr'>ἔγνω</span> <span class='ocrx_word' id='word_1_321' title='bbox 1525 2438 1617 2491; x_wconf 69' lang='grc' dir='ltr'><strong>τὸν</strong></span> <span class='ocrx_word' id='word_1_322' title='bbox 1637 2439 1990 2511; x_wconf 82' lang='grc' dir='ltr'>σαρκωθέντα</span> 
     </span>
    </p>
   </div>
   <div class='ocr_carea' id='block_1_40' title="bbox 402 2524 1989 2604">
    <p class='ocr_par' dir='ltr' id='par_1_40' title="bbox 402 2524 1989 2604">
     <span class='ocr_line' id='line_1_40' title="bbox 402 2524 1989 2604; baseline 0.006 -28"><span class='ocrx_word' id='word_1_323' title='bbox 402 2524 577 2590; x_wconf 85' lang='grc' dir='ltr'>Λόγον</span> <span class='ocrx_word' id='word_1_324' title='bbox 613 2526 976 2595; x_wconf 85' lang='grc' dir='ltr'>σκηνώσαντα</span> <span class='ocrx_word' id='word_1_325' title='bbox 1005 2529 1064 2580; x_wconf 72' lang='grc' dir='ltr'>ὲν</span> <span class='ocrx_word' id='word_1_326' title='bbox 1095 2529 1268 2600; x_wconf 79' lang='grc' dir='ltr'>αὐτῷ,</span> <span class='ocrx_word' id='word_1_327' title='bbox 1292 2530 1387 2584; x_wconf 72' lang='grc' dir='ltr'>καὶ</span> <span class='ocrx_word' id='word_1_328' title='bbox 1414 2532 1463 2584; x_wconf 82' lang='grc' dir='ltr'><strong>εί</strong></span> <span class='ocrx_word' id='word_1_329' title='bbox 1482 2531 1748 2586; x_wconf 70' lang='grc' dir='ltr'>ἐθεάσατο</span> <span class='ocrx_word' id='word_1_330' title='bbox 1780 2531 1879 2604; x_wconf 80' lang='grc' dir='ltr'>τὴν</span> <span class='ocrx_word' id='word_1_331' title='bbox 1901 2533 1989 2585; x_wconf 82' lang='grc' dir='ltr'>δό-</span> 
     </span>
    </p>
   </div>
   <div class='ocr_carea' id='block_1_41' title="bbox 406 2616 1991 2696">
    <p class='ocr_par' dir='ltr' id='par_1_41' title="bbox 406 2616 1991 2696">
     <span class='ocr_line' id='line_1_41' title="bbox 406 2616 1991 2696; baseline 0.006 -27"><span class='ocrx_word' id='word_1_332' title='bbox 406 2616 506 2681; x_wconf 66' lang='grc' dir='ltr'>ξαν</span> <span class='ocrx_word' id='word_1_333' title='bbox 534 2617 725 2681; x_wconf 83' lang='grc' dir='ltr'>αὐτοῦ,</span> <span class='ocrx_word' id='word_1_334' title='bbox 748 2618 904 2684; x_wconf 74' lang='grc' dir='ltr'>δόξαν</span> <span class='ocrx_word' id='word_1_335' title='bbox 925 2620 1001 2684; x_wconf 84' lang='grc' dir='ltr'>ὡς</span> <span class='ocrx_word' id='word_1_336' title='bbox 1032 2621 1376 2690; x_wconf 86' lang='grc' dir='ltr'>Μονογενοῦς</span> <span class='ocrx_word' id='word_1_337' title='bbox 1412 2624 1565 2695; x_wconf 66' lang='grc' dir='ltr'>παρὰ</span> <span class='ocrx_word' id='word_1_338' title='bbox 1591 2626 1824 2696; x_wconf 81' lang='grc' dir='ltr'><strong>Πατρός.</strong></span> <span class='ocrx_word' id='word_1_339' title='bbox 1861 2624 1991 2679; x_wconf 78' lang='grc' dir='ltr'><strong>Ἰδοὺ</strong></span> 
     </span>
    </p>
   </div>
   <div class='ocr_carea' id='block_1_42' title="bbox 404 2707 1993 2784">
    <p class='ocr_par' dir='ltr' id='par_1_42' title="bbox 404 2707 1993 2784">
     <span class='ocr_line' id='line_1_42' title="bbox 404 2707 1993 2784; baseline 0.007 -25"><span class='ocrx_word' id='word_1_340' title='bbox 404 2707 597 2776; x_wconf 73' lang='grc' dir='ltr'>γέγονε</span> <span class='ocrx_word' id='word_1_341' title='bbox 627 2710 977 2781; x_wconf 78' lang='grc' dir='ltr'>Χριστιανὸς,</span> <span class='ocrx_word' id='word_1_342' title='bbox 1006 2712 1103 2764; x_wconf 74' lang='grc' dir='ltr'><strong>καὶ</strong></span> <span class='ocrx_word' id='word_1_343' title='bbox 1129 2713 1568 2784; x_wconf 82' lang='grc' dir='ltr'>ἀναγεννηθέντα</span> <span class='ocrx_word' id='word_1_344' title='bbox 1613 2714 1807 2770; x_wconf 78' lang='grc' dir='ltr'>ἑαυτὸν</span> <span class='ocrx_word' id='word_1_345' title='bbox 1842 2714 1993 2770; x_wconf 80' lang='grc' dir='ltr'>ἐθεά-</span> 
     </span>
    </p>
   </div>
   <div class='ocr_carea' id='block_1_43' title="bbox 406 2801 1990 2878">
    <p class='ocr_par' dir='ltr' id='par_1_43' title="bbox 406 2801 1990 2878">
     <span class='ocr_line' id='line_1_43' title="bbox 406 2801 1990 2878; baseline 0.004 -25"><span class='ocrx_word' id='word_1_346' title='bbox 406 2817 562 2867; x_wconf 66' lang='lat' dir='ltr'><strong>cato,</strong></span> <span class='ocrx_word' id='word_1_347' title='bbox 584 2801 676 2854; x_wconf 73' lang='grc' dir='ltr'><strong>καὶ</strong></span> <span class='ocrx_word' id='word_1_348' title='bbox 694 2803 787 2857; x_wconf 71' lang='grc' dir='ltr'>τὸν</span> <span class='ocrx_word' id='word_1_349' title='bbox 805 2805 1144 2875; x_wconf 74' lang='grc' dir='ltr'>γεννήσαντα</span> <span class='ocrx_word' id='word_1_350' title='bbox 1160 2804 1321 2858; x_wconf 76' lang='grc' dir='ltr'>αὐτὸν</span> <span class='ocrx_word' id='word_1_351' title='bbox 1342 2805 1563 2878; x_wconf 76' lang='grc' dir='ltr'>Πατέρα</span> <span class='ocrx_word' id='word_1_352' title='bbox 1590 2806 1904 2875; x_wconf 75' lang='grc' dir='ltr'><strong>ἐγνώρισεν,</strong></span> <span class='ocrx_word' id='word_1_353' title='bbox 1930 2809 1990 2860; x_wconf 75' lang='grc' dir='ltr'><strong>οὗ</strong></span> 
     </span>
    </p>
   </div>
   <div class='ocr_carea' id='block_1_44' title="bbox 406 2895 1995 2971">
    <p class='ocr_par' dir='ltr' id='par_1_44' title="bbox 406 2895 1995 2971">
     <span class='ocr_line' id='line_1_44' title="bbox 406 2895 1995 2971; baseline 0.004 -23"><span class='ocrx_word' id='word_1_354' title='bbox 406 2895 555 2964; x_wconf 77' lang='grc' dir='ltr'>λόγῳ</span> <span class='ocrx_word' id='word_1_355' title='bbox 587 2896 773 2966; x_wconf 82' lang='grc' dir='ltr'>μόνον,</span> <span class='ocrx_word' id='word_1_356' title='bbox 804 2897 921 2951; x_wconf 82' lang='grc' dir='ltr'>ἀλλ’</span> <span class='ocrx_word' id='word_1_357' title='bbox 968 2898 1117 2970; x_wconf 78' lang='grc' dir='ltr'>ἔργῳ</span> <span class='ocrx_word' id='word_1_358' title='bbox 1146 2899 1366 2969; x_wconf 78' lang='grc' dir='ltr'>χάριτος</span> <span class='ocrx_word' id='word_1_359' title='bbox 1404 2901 1499 2953; x_wconf 77' lang='grc' dir='ltr'><strong>καὶ</strong></span> <span class='ocrx_word' id='word_1_360' title='bbox 1546 2900 1822 2971; x_wconf 83' lang='grc' dir='ltr'>ἀληθείας.</span> <span class='ocrx_word' id='word_1_361' title='bbox 1870 2900 1995 2970; x_wconf 79' lang='grc' dir='ltr'><strong>Ἑμ-</strong></span> 
     </span>
    </p>
   </div>
   <div class='ocr_carea' id='block_1_45' title="bbox 408 2987 1992 3063">
    <p class='ocr_par' dir='ltr' id='par_1_45' title="bbox 408 2987 1992 3063">
     <span class='ocr_line' id='line_1_45' title="bbox 408 2987 1992 3063; baseline 0.004 -23"><span class='ocrx_word' id='word_1_362' title='bbox 408 2987 691 3061; x_wconf 66' lang='grc' dir='ltr'>μὲνωμεν,</span> <span class='ocrx_word' id='word_1_363' title='bbox 706 2988 944 3059; x_wconf 73' lang='grc' dir='ltr'>ἀδελφοὶ.</span> <span class='ocrx_word' id='word_1_364' title='bbox 964 2992 1021 3043; x_wconf 72' lang='grc' dir='ltr'>ἐν</span> <span class='ocrx_word' id='word_1_365' title='bbox 1039 2990 1211 3060; x_wconf 82' lang='grc' dir='ltr'>τούτῳ</span> <span class='ocrx_word' id='word_1_366' title='bbox 1227 2991 1305 3062; x_wconf 81' lang='grc' dir='ltr'><strong>τῷ</strong></span> <span class='ocrx_word' id='word_1_367' title='bbox 1325 2992 1574 3062; x_wconf 74' lang='grc' dir='ltr'>ἐσόπτρῳ</span> <span class='ocrx_word' id='word_1_368' title='bbox 1593 2991 1687 3061; x_wconf 81' lang='grc' dir='ltr'>τῆς</span> <span class='ocrx_word' id='word_1_369' title='bbox 1712 2991 1992 3063; x_wconf 79' lang='grc' dir='ltr'><strong>ἀληθείας,</strong></span> 
     </span>
    </p>
   </div>
   <div class='ocr_carea' id='block_1_46' title="bbox 407 3080 1993 3154">
    <p class='ocr_par' dir='ltr' id='par_1_46' title="bbox 407 3080 1993 3154">
     <span class='ocr_line' id='line_1_46' title="bbox 407 3080 1993 3154; baseline 0.004 -22"><span class='ocrx_word' id='word_1_370' title='bbox 407 3080 503 3137; x_wconf 73' lang='grc' dir='ltr'><strong>καὶ</strong></span> <span class='ocrx_word' id='word_1_371' title='bbox 529 3080 859 3151; x_wconf 62' lang='grc' dir='ltr'>ἀποστιῖψιεν</span> <span class='ocrx_word' id='word_1_372' title='bbox 885 3084 981 3152; x_wconf 79' lang='grc' dir='ltr'>τῆς</span> <span class='ocrx_word' id='word_1_373' title='bbox 1015 3081 1287 3154; x_wconf 69' lang='grc' dir='ltr'>βλαϐερᾶς</span> <span class='ocrx_word' id='word_1_374' title='bbox 1314 3082 1411 3137; x_wconf 80' lang='grc' dir='ltr'><strong>καὶ</strong></span> <span class='ocrx_word' id='word_1_375' title='bbox 1438 3081 1801 3154; x_wconf 77' lang='grc' dir='ltr'>αἱρεσιώδους</span> <span class='ocrx_word' id='word_1_376' title='bbox 1843 3084 1993 3139; x_wconf 81' lang='grc' dir='ltr'>διδα-</span> 
     </span>
    </p>
   </div>
   <div class='ocr_carea' id='block_1_47' title="bbox 2090 1984 3680 2058">
    <p class='ocr_par' dir='ltr' id='par_1_47' title="bbox 2090 1984 3680 2058">
     <span class='ocr_line' id='line_1_47' title="bbox 2090 1984 3680 2058; baseline 0 -20"><span class='ocrx_word' id='word_1_377' title='bbox 2090 1985 2228 2039; x_wconf 87' lang='lat' dir='ltr'><strong>hunc</strong></span> <span class='ocrx_word' id='word_1_378' title='bbox 2263 1984 2598 2054; x_wconf 70' lang='lat' dir='ltr'><strong>cruciﬁxum,</strong></span> <span class='ocrx_word' id='word_1_379' title='bbox 2629 1986 2719 2058; x_wconf 87' lang='lat' dir='ltr'><strong>qui</strong></span> <span class='ocrx_word' id='word_1_380' title='bbox 2741 1984 2989 2039; x_wconf 81' lang='lat' dir='ltr'><strong>Saluator</strong></span> <span class='ocrx_word' id='word_1_381' title='bbox 3014 1997 3060 2038; x_wconf 86' lang='lat' dir='ltr'><strong>et</strong></span> <span class='ocrx_word' id='word_1_382' title='bbox 3088 1988 3382 2051; x_wconf 69' lang='lat' dir='ltr'><strong>redemptor</strong></span> <span class='ocrx_word' id='word_1_383' title='bbox 3402 2003 3467 2039; x_wconf 85' lang='lat' dir='ltr'><strong>ac</strong></span> <span class='ocrx_word' id='word_1_384' title='bbox 3485 1984 3680 2054; x_wconf 79' lang='lat' dir='ltr'><strong>beneﬁ-</strong></span> 
     </span>
    </p>
   </div>
   <div class='ocr_carea' id='block_1_48' title="bbox 2092 2076 3669 2149">
    <p class='ocr_par' dir='ltr' id='par_1_48' title="bbox 2092 2076 3669 2149">
     <span class='ocr_line' id='line_1_48' title="bbox 2092 2076 3669 2149; baseline -0.001 -18"><span class='ocrx_word' id='word_1_385' title='bbox 2092 2094 2183 2132; x_wconf 87' lang='lat' dir='ltr'><strong>cus</strong></span> <span class='ocrx_word' id='word_1_386' title='bbox 2213 2080 2299 2133; x_wconf 88' lang='lat' dir='ltr'><strong>sit.</strong></span> <span class='ocrx_word' id='word_1_387' title='bbox 2324 2076 2439 2132; x_wconf 86' lang='lat' dir='ltr'><strong>Non</strong></span> <span class='ocrx_word' id='word_1_388' title='bbox 2464 2079 2608 2133; x_wconf 79' lang='lat' dir='ltr'><strong>cnim</strong></span> <span class='ocrx_word' id='word_1_389' title='bbox 2632 2079 2897 2149; x_wconf 85' lang='lat' dir='ltr'><strong>sequitur,</strong></span> <span class='ocrx_word' id='word_1_390' title='bbox 2927 2078 3070 2148; x_wconf 79' lang='lat' dir='ltr'><strong>quod</strong></span> <span class='ocrx_word' id='word_1_391' title='bbox 3100 2078 3170 2131; x_wconf 82' lang='lat' dir='ltr'><strong>ita</strong></span> <span class='ocrx_word' id='word_1_392' title='bbox 3206 2078 3439 2148; x_wconf 74' lang='lat' dir='ltr'><strong>Symeon</strong></span> <span class='ocrx_word' id='word_1_393' title='bbox 3464 2078 3669 2131; x_wconf 75' lang='lat' dir='ltr'><strong>infert:</strong></span> 
     </span>
    </p>
   </div>
   <div class='ocr_carea' id='block_1_49' title="bbox 2093 2165 3674 2241">
    <p class='ocr_par' dir='ltr' id='par_1_49' title="bbox 2093 2165 3674 2241">
     <span class='ocr_line' id='line_1_49' title="bbox 2093 2165 3674 2241; baseline 0.001 -19"><span class='ocrx_word' id='word_1_394' title='bbox 2093 2165 2246 2233; x_wconf 74' lang='grc' dir='ltr'>Εἶδες</span> <span class='ocrx_word' id='word_1_395' title='bbox 2284 2171 2468 2241; x_wconf 75' lang='grc' dir='ltr'><strong>πῶςὴ</strong></span> <span class='ocrx_word' id='word_1_396' title='bbox 2522 2171 2707 2233; x_wconf 78' lang='grc' dir='ltr'>πίστις</span> <span class='ocrx_word' id='word_1_397' title='bbox 2742 2172 2847 2224; x_wconf 85' lang='grc' dir='ltr'><strong>τῶν</strong></span> <span class='ocrx_word' id='word_1_398' title='bbox 2886 2172 3065 2241; x_wconf 67' lang='grc' dir='ltr'>ἔργων</span> <span class='ocrx_word' id='word_1_399' title='bbox 3115 2171 3238 2240; x_wconf 76' lang='grc' dir='ltr'>δίχα</span> <span class='ocrx_word' id='word_1_400' title='bbox 3288 2172 3462 2241; x_wconf 80' lang='grc' dir='ltr'>νεκρά</span> <span class='ocrx_word' id='word_1_401' title='bbox 3516 2173 3674 2236; x_wconf 62' lang='lat' dir='ltr'><strong>East;</strong></span> 
     </span>
    </p>
   </div>
   <div class='ocr_carea' id='block_1_50' title="bbox 2093 2257 3677 2329">
    <p class='ocr_par' dir='ltr' id='par_1_50' title="bbox 2093 2257 3677 2329">
     <span class='ocr_line' id='line_1_50' title="bbox 2093 2257 3677 2329; baseline -0.003 -14"><span class='ocrx_word' id='word_1_402' title='bbox 2093 2261 2210 2329; x_wconf 78' lang='grc' dir='ltr'><strong>Πρὸ</strong></span> <span class='ocrx_word' id='word_1_403' title='bbox 2274 2260 2384 2329; x_wconf 81' lang='grc' dir='ltr'>γὰρ</span> <span class='ocrx_word' id='word_1_404' title='bbox 2424 2259 2522 2313; x_wconf 85' lang='grc' dir='ltr'>τοῦ</span> <span class='ocrx_word' id='word_1_405' title='bbox 2564 2259 2831 2311; x_wconf 77' lang='grc' dir='ltr'>εἰσελθεῖν</span> <span class='ocrx_word' id='word_1_406' title='bbox 2890 2261 2970 2319; x_wconf 87' lang='grc' dir='ltr'><strong>εἰς</strong></span> <span class='ocrx_word' id='word_1_407' title='bbox 3026 2258 3154 2322; x_wconf 75' lang='grc' dir='ltr'>τοὺς</span> <span class='ocrx_word' id='word_1_408' title='bbox 3212 2257 3307 2311; x_wconf 82' lang='grc' dir='ltr'>τοῦ</span> <span class='ocrx_word' id='word_1_409' title='bbox 3368 2257 3677 2328; x_wconf 81' lang='grc' dir='ltr'>μαρτυρίου</span> 
     </span>
    </p>
   </div>
   <div class='ocr_carea' id='block_1_51' title="bbox 2094 2342 3680 2419">
    <p class='ocr_par' dir='ltr' id='par_1_51' title="bbox 2094 2342 3680 2419">
     <span class='ocr_line' id='line_1_51' title="bbox 2094 2342 3680 2419; baseline -0.004 -15"><span class='ocrx_word' id='word_1_410' title='bbox 2094 2351 2312 2419; x_wconf 81' lang='grc' dir='ltr'>ἀγῶνας</span> <span class='ocrx_word' id='word_1_411' title='bbox 2357 2351 2450 2406; x_wconf 71' lang='grc' dir='ltr'><strong>τὸν</strong></span> <span class='ocrx_word' id='word_1_412' title='bbox 2498 2352 2678 2419; x_wconf 74' lang='grc' dir='ltr'>ἅγιον,</span> <span class='ocrx_word' id='word_1_413' title='bbox 2711 2349 2905 2419; x_wconf 70' lang='grc' dir='ltr'>ἐπειδὴ</span> <span class='ocrx_word' id='word_1_414' title='bbox 2937 2349 3036 2419; x_wconf 86' lang='grc' dir='ltr'>τὴν</span> <span class='ocrx_word' id='word_1_415' title='bbox 3087 2348 3277 2401; x_wconf 84' lang='grc' dir='ltr'>πίστιν</span> <span class='ocrx_word' id='word_1_416' title='bbox 3313 2345 3487 2417; x_wconf 73' lang='grc' dir='ltr'>μόνην</span> <span class='ocrx_word' id='word_1_417' title='bbox 3510 2342 3680 2416; x_wconf 77' lang='grc' dir='ltr'>εἶχεν,</span> 
     </span>
    </p>
   </div>
   <div class='ocr_carea' id='block_1_52' title="bbox 2094 2432 3685 2515">
    <p class='ocr_par' dir='ltr' id='par_1_52' title="bbox 2094 2432 3685 2515">
     <span class='ocr_line' id='line_1_52' title="bbox 2094 2432 3685 2515; baseline -0.005 -17"><span class='ocrx_word' id='word_1_418' title='bbox 2094 2446 2195 2498; x_wconf 82' lang='grc' dir='ltr'><strong>οὐκ</strong></span> <span class='ocrx_word' id='word_1_419' title='bbox 2226 2439 2340 2515; x_wconf 73' lang='grc' dir='ltr'>εἶχε</span> <span class='ocrx_word' id='word_1_420' title='bbox 2391 2443 2453 2497; x_wconf 70' lang='grc' dir='ltr'><strong>τὸ</strong></span> <span class='ocrx_word' id='word_1_421' title='bbox 2504 2443 2731 2511; x_wconf 85' lang='grc' dir='ltr'>Πνεῦμα</span> <span class='ocrx_word' id='word_1_422' title='bbox 2773 2432 2834 2495; x_wconf 81' lang='grc' dir='ltr'>τδ</span> <span class='ocrx_word' id='word_1_423' title='bbox 2886 2442 3040 2508; x_wconf 75' lang='grc' dir='ltr'>ἅγιον</span> <span class='ocrx_word' id='word_1_424' title='bbox 3084 2441 3142 2492; x_wconf 80' lang='grc' dir='ltr'>ὲν</span> <span class='ocrx_word' id='word_1_425' title='bbox 3178 2439 3351 2510; x_wconf 80' lang='grc' dir='ltr'>αὐτῷ·</span> <span class='ocrx_word' id='word_1_426' title='bbox 3382 2439 3470 2492; x_wconf 82' lang='grc' dir='ltr'>ὅτε</span> <span class='ocrx_word' id='word_1_427' title='bbox 3514 2439 3573 2491; x_wconf 77' lang='grc' dir='ltr'><strong>δὲ</strong></span> <span class='ocrx_word' id='word_1_428' title='bbox 3622 2439 3685 2490; x_wconf 80' lang='grc' dir='ltr'><strong>ὲκ</strong></span> 
     </span>
    </p>
   </div>
   <div class='ocr_carea' id='block_1_53' title="bbox 2094 2530 3682 2609">
    <p class='ocr_par' dir='ltr' id='par_1_53' title="bbox 2094 2530 3682 2609">
     <span class='ocr_line' id='line_1_53' title="bbox 2094 2530 3682 2609; baseline -0.006 -18"><span class='ocrx_word' id='word_1_429' title='bbox 2094 2538 2204 2591; x_wconf 83' lang='grc' dir='ltr'>τῶν</span> <span class='ocrx_word' id='word_1_430' title='bbox 2233 2536 2415 2609; x_wconf 78' lang='grc' dir='ltr'>ἔργων</span> <span class='ocrx_word' id='word_1_431' title='bbox 2446 2534 2551 2606; x_wconf 80' lang='grc' dir='ltr'>τὴν</span> <span class='ocrx_word' id='word_1_432' title='bbox 2588 2535 2777 2589; x_wconf 87' lang='grc' dir='ltr'>πίστιν</span> <span class='ocrx_word' id='word_1_433' title='bbox 2810 2532 3001 2598; x_wconf 74' lang='grc' dir='ltr'>ἔδειξε,</span> <span class='ocrx_word' id='word_1_434' title='bbox 3034 2532 3156 2586; x_wconf 78' lang='grc' dir='ltr'>τότε</span> <span class='ocrx_word' id='word_1_435' title='bbox 3190 2533 3283 2584; x_wconf 70' lang='grc' dir='ltr'><strong>καὶ</strong></span> <span class='ocrx_word' id='word_1_436' title='bbox 3316 2532 3445 2585; x_wconf 77' lang='grc' dir='ltr'>ναὸν</span> <span class='ocrx_word' id='word_1_437' title='bbox 3491 2530 3682 2585; x_wconf 76' lang='grc' dir='ltr'>ἑαυτὸν</span> 
     </span>
    </p>
   </div>
   <div class='ocr_carea' id='block_1_54' title="bbox 2096 2619 3681 2699">
    <p class='ocr_par' dir='ltr' id='par_1_54' title="bbox 2096 2619 3681 2699">
     <span class='ocr_line' id='line_1_54' title="bbox 2096 2619 3681 2699; baseline -0.008 -14"><span class='ocrx_word' id='word_1_438' title='bbox 2096 2629 2235 2685; x_wconf 82' lang='grc' dir='ltr'><strong>Θεοῦ</strong></span> <span class='ocrx_word' id='word_1_439' title='bbox 2260 2629 2499 2699; x_wconf 69' lang='grc' dir='ltr'>ιπέγνω,</span> <span class='ocrx_word' id='word_1_440' title='bbox 2535 2629 2631 2685; x_wconf 75' lang='grc' dir='ltr'><strong>καὶ</strong></span> <span class='ocrx_word' id='word_1_441' title='bbox 2658 2627 2719 2680; x_wconf 79' lang='grc' dir='ltr'>τὸ</span> <span class='ocrx_word' id='word_1_442' title='bbox 2752 2624 2984 2696; x_wconf 80' lang='grc' dir='ltr'>Πνεῦμα</span> <span class='ocrx_word' id='word_1_443' title='bbox 3018 2623 3186 2677; x_wconf 84' lang='grc' dir='ltr'>αὑτοῦ</span> <span class='ocrx_word' id='word_1_444' title='bbox 3212 2625 3272 2677; x_wconf 75' lang='grc' dir='ltr'><strong>τὺ</strong></span> <span class='ocrx_word' id='word_1_445' title='bbox 3310 2623 3470 2690; x_wconf 71' lang='grc' dir='ltr'>ἅγιον</span> <span class='ocrx_word' id='word_1_446' title='bbox 3497 2619 3681 2675; x_wconf 72' lang='grc' dir='ltr'>οἰκοῦν</span> 
     </span>
    </p>
   </div>
   <div class='ocr_carea' id='block_1_55' title="bbox 2095 2714 3675 2792">
    <p class='ocr_par' dir='ltr' id='par_1_55' title="bbox 2095 2714 3675 2792">
     <span class='ocr_line' id='line_1_55' title="bbox 2095 2714 3675 2792; baseline -0.007 -15"><span class='ocrx_word' id='word_1_447' title='bbox 2095 2724 2154 2777; x_wconf 79' lang='grc' dir='ltr'>ὲν</span> <span class='ocrx_word' id='word_1_448' title='bbox 2203 2721 2385 2792; x_wconf 80' lang='grc' dir='ltr'>ἑαυτῷ</span> <span class='ocrx_word' id='word_1_449' title='bbox 2422 2719 2741 2792; x_wconf 79' lang='grc' dir='ltr'>γνωπικῶς</span> <span class='ocrx_word' id='word_1_450' title='bbox 2771 2720 2885 2781; x_wconf 73' lang='grc' dir='ltr'>τοῖς</span> <span class='ocrx_word' id='word_1_451' title='bbox 2933 2719 3138 2788; x_wconf 82' lang='grc' dir='ltr'>νοεροῖς</span> <span class='ocrx_word' id='word_1_452' title='bbox 3173 2714 3474 2786; x_wconf 73' lang='grc' dir='ltr'><strong>ὀφθαλμοῖς</strong></span> <span class='ocrx_word' id='word_1_453' title='bbox 3518 2714 3675 2766; x_wconf 67' lang='grc' dir='ltr'>ἐθεά-</span> 
     </span>
    </p>
   </div>
   <div class='ocr_carea' id='block_1_56' title="bbox 2097 2803 3684 2883">
    <p class='ocr_par' dir='ltr' id='par_1_56' title="bbox 2097 2803 3684 2883">
     <span class='ocr_line' id='line_1_56' title="bbox 2097 2803 3684 2883; baseline -0.006 -15"><span class='ocrx_word' id='word_1_454' title='bbox 2097 2833 2247 2872; x_wconf 85' lang='grc' dir='ltr'>σατο.</span> <span class='ocrx_word' id='word_1_455' title='bbox 2282 2814 2424 2871; x_wconf 81' lang='lat' dir='ltr'><strong>Vides</strong></span> <span class='ocrx_word' id='word_1_456' title='bbox 2448 2814 2704 2883; x_wconf 80' lang='lat' dir='ltr'><strong>quomado</strong></span> <span class='ocrx_word' id='word_1_457' title='bbox 2732 2810 2862 2877; x_wconf 76' lang='lat' dir='ltr'><strong>ﬁdes</strong></span> <span class='ocrx_word' id='word_1_458' title='bbox 2893 2810 3006 2864; x_wconf 84' lang='lat' dir='ltr'><strong>sine</strong></span> <span class='ocrx_word' id='word_1_459' title='bbox 3043 2806 3283 2878; x_wconf 81' lang='lat' dir='ltr'><strong>operibus</strong></span> <span class='ocrx_word' id='word_1_460' title='bbox 3323 2814 3528 2859; x_wconf 88' lang='lat' dir='ltr'><strong>mortua</strong></span> <span class='ocrx_word' id='word_1_461' title='bbox 3552 2814 3626 2858; x_wconf 86' lang='lat' dir='ltr'><strong>est</strong></span> <span class='ocrx_word' id='word_1_462' title='bbox 3657 2803 3684 2858; x_wconf 66' lang='grc' dir='ltr'><em>τ</em></span> 
     </span>
    </p>
   </div>
   <div class='ocr_carea' id='block_1_57' title="bbox 2093 2897 3672 2976">
    <p class='ocr_par' dir='ltr' id='par_1_57' title="bbox 2093 2897 3672 2976">
     <span class='ocr_line' id='line_1_57' title="bbox 2093 2897 3672 2976; baseline -0.009 -14"><span class='ocrx_word' id='word_1_463' title='bbox 2093 2907 2412 2976; x_wconf 82' lang='lat' dir='ltr'><strong>Priusquam</strong></span> <span class='ocrx_word' id='word_1_464' title='bbox 2439 2905 2577 2959; x_wconf 88' lang='lat' dir='ltr'><strong>enim</strong></span> <span class='ocrx_word' id='word_1_465' title='bbox 2606 2908 2823 2957; x_wconf 79' lang='lat' dir='ltr'><strong>sanctus</strong></span> <span class='ocrx_word' id='word_1_466' title='bbox 2857 2900 3100 2971; x_wconf 81' lang='lat' dir='ltr'><strong>martyrii</strong></span> <span class='ocrx_word' id='word_1_467' title='bbox 3128 2898 3426 2952; x_wconf 80' lang='lat' dir='ltr'><strong>certamina</strong></span> <span class='ocrx_word' id='word_1_468' title='bbox 3455 2897 3672 2957; x_wconf 83' lang='lat' dir='ltr'><strong>subiret,</strong></span> 
     </span>
    </p>
   </div>
   <div class='ocr_carea' id='block_1_58' title="bbox 2097 2987 3684 3070">
    <p class='ocr_par' dir='ltr' id='par_1_58' title="bbox 2097 2987 3684 3070">
     <span class='ocr_line' id='line_1_58' title="bbox 2097 2987 3684 3070; baseline -0.006 -22"><span class='ocrx_word' id='word_1_469' title='bbox 2097 2999 2238 3070; x_wconf 84' lang='lat' dir='ltr'><strong>quod</strong></span> <span class='ocrx_word' id='word_1_470' title='bbox 2255 2997 2422 3052; x_wconf 86' lang='lat' dir='ltr'><strong>solam</strong></span> <span class='ocrx_word' id='word_1_471' title='bbox 2452 2996 2607 3065; x_wconf 83' lang='lat' dir='ltr'><strong>ﬁdem</strong></span> <span class='ocrx_word' id='word_1_472' title='bbox 2637 2995 2871 3057; x_wconf 79' lang='lat' dir='ltr'><strong>haberet,</strong></span> <span class='ocrx_word' id='word_1_473' title='bbox 2898 3009 3000 3046; x_wconf 89' lang='lat' dir='ltr'><strong>non</strong></span> <span class='ocrx_word' id='word_1_474' title='bbox 3024 2992 3245 3045; x_wconf 83' lang='lat' dir='ltr'><strong>habebat</strong></span> <span class='ocrx_word' id='word_1_475' title='bbox 3271 2990 3323 3041; x_wconf 89' lang='lat' dir='ltr'><strong>in</strong></span> <span class='ocrx_word' id='word_1_476' title='bbox 3348 3005 3403 3043; x_wconf 90' lang='lat' dir='ltr'><strong>se</strong></span> <span class='ocrx_word' id='word_1_477' title='bbox 3430 2987 3684 3060; x_wconf 83' lang='lat' dir='ltr'><strong>Spiritum</strong></span> 
     </span>
    </p>
   </div>
   <div class='ocr_carea' id='block_1_59' title="bbox 2096 3078 3686 3153">
    <p class='ocr_par' dir='ltr' id='par_1_59' title="bbox 2096 3078 3686 3153">
     <span class='ocr_line' id='line_1_59' title="bbox 2096 3078 3686 3153; baseline -0.009 -7"><span class='ocrx_word' id='word_1_478' title='bbox 2096 3100 2360 3147; x_wconf 88' lang='lat' dir='ltr'><strong>sanctum.</strong></span> <span class='ocrx_word' id='word_1_479' title='bbox 2394 3086 2498 3143; x_wconf 85' lang='lat' dir='ltr'><strong>Ubi</strong></span> <span class='ocrx_word' id='word_1_480' title='bbox 2519 3078 2695 3142; x_wconf 67' lang='lat' dir='ltr'><strong>autem</strong></span> <span class='ocrx_word' id='word_1_481' title='bbox 2724 3102 2789 3139; x_wconf 77' lang='lat' dir='ltr'><strong>ea:</strong></span> <span class='ocrx_word' id='word_1_482' title='bbox 2821 3084 3063 3153; x_wconf 87' lang='lat' dir='ltr'><strong>operibus</strong></span> <span class='ocrx_word' id='word_1_483' title='bbox 3091 3083 3247 3152; x_wconf 76' lang='lat' dir='ltr'><strong>{idem</strong></span> <span class='ocrx_word' id='word_1_484' title='bbox 3278 3081 3531 3138; x_wconf 84' lang='lat' dir='ltr'><strong>ostendit.</strong></span> <span class='ocrx_word' id='word_1_485' title='bbox 3568 3090 3686 3132; x_wconf 83' lang='lat' dir='ltr'><strong>tunc</strong></span> 
     </span>
    </p>
   </div>
   <div class='ocr_carea' id='block_1_60' title="bbox 408 3170 1994 3263">
    <p class='ocr_par' dir='ltr' id='par_1_60' title="bbox 408 3170 1994 3247">
     <span class='ocr_line' id='line_1_60' title="bbox 408 3170 1994 3247; baseline 0.006 -26"><span class='ocrx_word' id='word_1_486' title='bbox 408 3170 639 3234; x_wconf 74' lang='grc' dir='ltr'>σκαλίας</span> <span class='ocrx_word' id='word_1_487' title='bbox 696 3174 788 3226; x_wconf 78' lang='grc' dir='ltr'><strong>καὶ</strong></span> <span class='ocrx_word' id='word_1_488' title='bbox 844 3174 1105 3237; x_wconf 74' lang='grc' dir='ltr'><strong>ἀπονοίας</strong></span> <span class='ocrx_word' id='word_1_489' title='bbox 1151 3173 1260 3230; x_wconf 81' lang='grc' dir='ltr'><strong>τῶν</strong></span> <span class='ocrx_word' id='word_1_490' title='bbox 1315 3174 1580 3243; x_wconf 74' lang='grc' dir='ltr'>λεγόντων</span> <span class='ocrx_word' id='word_1_491' title='bbox 1648 3177 1723 3247; x_wconf 78' lang='grc' dir='ltr'><strong>μὴ</strong></span> <span class='ocrx_word' id='word_1_492' title='bbox 1779 3179 1994 3231; x_wconf 83' lang='grc' dir='ltr'>ἀποκα-</span> 
     </span>
    </p>
   </div>
   <div class='ocr_carea' id='block_1_61' title="bbox 2100 3170 3676 3263">
    <p class='ocr_par' dir='ltr' id='par_1_61' title="bbox 2100 3172 3676 3251">
     <span class='ocr_line' id='line_1_61' title="bbox 2100 3172 3676 3251; baseline -0.01 -13"><span class='ocrx_word' id='word_1_493' title='bbox 2100 3192 2146 3238; x_wconf 85' lang='lat' dir='ltr'><strong>et</strong></span> <span class='ocrx_word' id='word_1_494' title='bbox 2187 3198 2241 3237; x_wconf 91' lang='lat' dir='ltr'><strong>se</strong></span> <span class='ocrx_word' id='word_1_495' title='bbox 2279 3182 2372 3235; x_wconf 86' lang='lat' dir='ltr'><strong>Dei</strong></span> <span class='ocrx_word' id='word_1_496' title='bbox 2417 3179 2667 3251; x_wconf 82' lang='lat' dir='ltr'><strong>templum</strong></span> <span class='ocrx_word' id='word_1_497' title='bbox 2712 3193 2827 3233; x_wconf 86' lang='lat' dir='ltr'><strong>esse</strong></span> <span class='ocrx_word' id='word_1_498' title='bbox 2873 3175 3113 3246; x_wconf 77' lang='lat' dir='ltr'><strong>agnovit,</strong></span> <span class='ocrx_word' id='word_1_499' title='bbox 3158 3175 3370 3243; x_wconf 82' lang='lat' dir='ltr'><strong>eiusque</strong></span> <span class='ocrx_word' id='word_1_500' title='bbox 3418 3172 3676 3240; x_wconf 85' lang='lat' dir='ltr'><strong>Spiritum</strong></span> 
     </span>
    </p>
   </div>
   <div class='ocr_carea' id='block_1_62' title="bbox 407 3261 1992 3341">
    <p class='ocr_par' dir='ltr' id='par_1_62' title="bbox 407 3261 1992 3341">
     <span class='ocr_line' id='line_1_62' title="bbox 407 3261 1992 3341; baseline 0.006 -26"><span class='ocrx_word' id='word_1_501' title='bbox 407 3261 712 3327; x_wconf 75' lang='grc' dir='ltr'>λύπτεσθαι</span> <span class='ocrx_word' id='word_1_502' title='bbox 746 3265 840 3317; x_wconf 78' lang='grc' dir='ltr'><strong>νῦν</strong></span> <span class='ocrx_word' id='word_1_503' title='bbox 884 3267 946 3330; x_wconf 66' lang='grc' dir='ltr'>ὲν</span> <span class='ocrx_word' id='word_1_504' title='bbox 989 3268 1122 3339; x_wconf 71' lang='grc' dir='ltr'><strong>ἡμῖν</strong></span> <span class='ocrx_word' id='word_1_505' title='bbox 1170 3269 1283 3331; x_wconf 74' lang='grc' dir='ltr'>τοῖς</span> <span class='ocrx_word' id='word_1_506' title='bbox 1318 3270 1531 3331; x_wconf 79' lang='grc' dir='ltr'>πιστοῖς</span> <span class='ocrx_word' id='word_1_507' title='bbox 1571 3268 1669 3341; x_wconf 79' lang='grc' dir='ltr'>τὴν</span> <span class='ocrx_word' id='word_1_508' title='bbox 1702 3269 1862 3341; x_wconf 78' lang='grc' dir='ltr'>δόξαν</span> <span class='ocrx_word' id='word_1_509' title='bbox 1893 3270 1992 3339; x_wconf 76' lang='grc' dir='ltr'>τῆς</span> 
     </span>
    </p>
   </div>
   <div class='ocr_carea' id='block_1_63' title="bbox 2095 3265 3683 3339">
    <p class='ocr_par' dir='ltr' id='par_1_63' title="bbox 2095 3265 3683 3339">
     <span class='ocr_line' id='line_1_63' title="bbox 2095 3265 3683 3339; baseline -0.009 -9"><span class='ocrx_word' id='word_1_510' title='bbox 2095 3283 2336 3330; x_wconf 87' lang='lat' dir='ltr'><strong>sanctum</strong></span> <span class='ocrx_word' id='word_1_511' title='bbox 2370 3274 2428 3327; x_wconf 88' lang='lat' dir='ltr'><strong>in</strong></span> <span class='ocrx_word' id='word_1_512' title='bbox 2461 3289 2514 3327; x_wconf 88' lang='lat' dir='ltr'><strong>se</strong></span> <span class='ocrx_word' id='word_1_513' title='bbox 2540 3271 2806 3335; x_wconf 83' lang='lat' dir='ltr'><strong>habitare,</strong></span> <span class='ocrx_word' id='word_1_514' title='bbox 2838 3268 3104 3339; x_wconf 83' lang='lat' dir='ltr'><strong>sapienter</strong></span> <span class='ocrx_word' id='word_1_515' title='bbox 3139 3268 3324 3319; x_wconf 79' lang='lat' dir='ltr'><strong>utentis</strong></span> <span class='ocrx_word' id='word_1_516' title='bbox 3360 3265 3526 3318; x_wconf 85' lang='lat' dir='ltr'><strong>oculis</strong></span> <span class='ocrx_word' id='word_1_517' title='bbox 3559 3280 3683 3317; x_wconf 81' lang='lat' dir='ltr'><strong>eon-</strong></span> 
     </span>
    </p>
   </div>
   <div class='ocr_carea' id='block_1_64' title="bbox 413 3354 1994 3439">
    <p class='ocr_par' dir='ltr' id='par_1_64' title="bbox 413 3356 1993 3430">
     <span class='ocr_line' id='line_1_64' title="bbox 413 3356 1993 3430; baseline 0.005 -23"><span class='ocrx_word' id='word_1_518' title='bbox 413 3356 686 3428; x_wconf 77' lang='grc' dir='ltr'>Θεότητος</span> <span class='ocrx_word' id='word_1_519' title='bbox 738 3358 835 3412; x_wconf 87' lang='grc' dir='ltr'>τοῦ</span> <span class='ocrx_word' id='word_1_520' title='bbox 898 3359 1109 3430; x_wconf 76' lang='grc' dir='ltr'>Κυρίου</span> <span class='ocrx_word' id='word_1_521' title='bbox 1153 3359 1328 3429; x_wconf 76' lang='grc' dir='ltr'>Ἰησοῦ</span> <span class='ocrx_word' id='word_1_522' title='bbox 1388 3360 1479 3414; x_wconf 76' lang='grc' dir='ltr'><strong>διὰ</strong></span> <span class='ocrx_word' id='word_1_523' title='bbox 1533 3360 1632 3430; x_wconf 85' lang='grc' dir='ltr'>τῆς</span> <span class='ocrx_word' id='word_1_524' title='bbox 1693 3361 1787 3415; x_wconf 82' lang='grc' dir='ltr'>τοῦ</span> <span class='ocrx_word' id='word_1_525' title='bbox 1834 3361 1993 3430; x_wconf 81' lang='grc' dir='ltr'>ἁγίου</span> 
     </span>
    </p>
   </div>
   <div class='ocr_carea' id='block_1_65' title="bbox 2100 3354 3683 3439">
    <p class='ocr_par' dir='ltr' id='par_1_65' title="bbox 2100 3354 3683 3439">
     <span class='ocr_line' id='line_1_65' title="bbox 2100 3354 3683 3439; baseline -0.009 -16"><span class='ocrx_word' id='word_1_526' title='bbox 2100 3369 2285 3439; x_wconf 77' lang='lat' dir='ltr'><strong>spexit.</strong></span> <span class='ocrx_word' id='word_1_527' title='bbox 2329 3365 2483 3422; x_wconf 76' lang='lat' dir='ltr'><strong>Unde</strong></span> <span class='ocrx_word' id='word_1_528' title='bbox 2518 3364 2662 3418; x_wconf 90' lang='lat' dir='ltr'><strong>enim</strong></span> <span class='ocrx_word' id='word_1_529' title='bbox 2702 3363 2782 3416; x_wconf 78' lang='lat' dir='ltr'><strong>\ir</strong></span> <span class='ocrx_word' id='word_1_530' title='bbox 2820 3362 2907 3414; x_wconf 75' lang='grc' dir='ltr'><strong>ἐπ’</strong></span> <span class='ocrx_word' id='word_1_531' title='bbox 2940 3361 3113 3431; x_wconf 75' lang='grc' dir='ltr'>ἀρετῇ</span> <span class='ocrx_word' id='word_1_532' title='bbox 3151 3356 3500 3428; x_wconf 73' lang='grc' dir='ltr'>περιϐόητος,</span> <span class='ocrx_word' id='word_1_533' title='bbox 3530 3354 3683 3411; x_wconf 79' lang='lat' dir='ltr'><strong>Chri-</strong></span> 
     </span>
    </p>
   </div>
   <div class='ocr_carea' id='block_1_66' title="bbox 411 3444 1994 3525">
    <p class='ocr_par' dir='ltr' id='par_1_66' title="bbox 411 3444 1994 3525">
     <span class='ocr_line' id='line_1_66' title="bbox 411 3444 1994 3525; baseline 0.002 -23"><span class='ocrx_word' id='word_1_534' title='bbox 411 3444 740 3521; x_wconf 65' lang='grc' dir='ltr'>Πεὲεύματος</span> <span class='ocrx_word' id='word_1_535' title='bbox 764 3451 997 3521; x_wconf 77' lang='grc' dir='ltr'>δωρεᾶς.</span> <span class='ocrx_word' id='word_1_536' title='bbox 1029 3452 1094 3505; x_wconf 85' lang='grc' dir='ltr'><strong><em>Ἦ</em></strong></span> <span class='ocrx_word' id='word_1_537' title='bbox 1121 3451 1231 3522; x_wconf 85' lang='grc' dir='ltr'><strong>γάρ</strong></span> <span class='ocrx_word' id='word_1_538' title='bbox 1252 3452 1431 3522; x_wconf 69' lang='grc' dir='ltr'>δωρεὰ</span> <span class='ocrx_word' id='word_1_539' title='bbox 1463 3454 1522 3507; x_wconf 75' lang='grc' dir='ltr'>ἐν</span> <span class='ocrx_word' id='word_1_540' title='bbox 1548 3457 1618 3525; x_wconf 77' lang='grc' dir='ltr'><strong>τῇ</strong></span> <span class='ocrx_word' id='word_1_541' title='bbox 1649 3454 1994 3524; x_wconf 76' lang='grc' dir='ltr'>ἀποκαλύψει</span> 
     </span>
    </p>
   </div>
   <div class='ocr_carea' id='block_1_67' title="bbox 410 3541 1994 3616">
    <p class='ocr_par' dir='ltr' id='par_1_67' title="bbox 410 3541 1994 3616">
     <span class='ocr_line' id='line_1_67' title="bbox 410 3541 1994 3616; baseline 0.003 -22"><span class='ocrx_word' id='word_1_542' title='bbox 410 3541 647 3609; x_wconf 76' lang='grc' dir='ltr'>δίδοται·</span> <span class='ocrx_word' id='word_1_543' title='bbox 707 3543 867 3615; x_wconf 78' lang='grc' dir='ltr'><strong>καὶὴ</strong></span> <span class='ocrx_word' id='word_1_544' title='bbox 917 3543 1264 3613; x_wconf 80' lang='grc' dir='ltr'>ἀποκάλυψις</span> <span class='ocrx_word' id='word_1_545' title='bbox 1297 3543 1386 3598; x_wconf 77' lang='grc' dir='ltr'><strong>διὰ</strong></span> <span class='ocrx_word' id='word_1_546' title='bbox 1437 3545 1536 3615; x_wconf 78' lang='grc' dir='ltr'>τῆς</span> <span class='ocrx_word' id='word_1_547' title='bbox 1581 3544 1789 3616; x_wconf 80' lang='grc' dir='ltr'>δωρεᾶς</span> <span class='ocrx_word' id='word_1_548' title='bbox 1839 3547 1994 3615; x_wconf 63' lang='grc' dir='ltr'>ἔνερ-</span> 
     </span>
    </p>
   </div>
   <div class='ocr_carea' id='block_1_68' title="bbox 409 3634 1995 3706">
    <p class='ocr_par' dir='ltr' id='par_1_68' title="bbox 409 3634 1995 3706">
     <span class='ocr_line' id='line_1_68' title="bbox 409 3634 1995 3706; baseline 0.002 -18"><span class='ocrx_word' id='word_1_549' title='bbox 409 3634 592 3704; x_wconf 75' lang='grc' dir='ltr'>γεῖται</span> <span class='ocrx_word' id='word_1_550' title='bbox 617 3650 631 3666; x_wconf 77' lang='grc' dir='ltr'><strong><em>ο</em></strong></span> <span class='ocrx_word' id='word_1_551' title='bbox 663 3634 894 3706; x_wconf 85' lang='lat' dir='ltr'><strong>Quisque</strong></span> <span class='ocrx_word' id='word_1_552' title='bbox 917 3645 1154 3691; x_wconf 86' lang='lat' dir='ltr'><strong>nostrum</strong></span> <span class='ocrx_word' id='word_1_553' title='bbox 1180 3636 1375 3700; x_wconf 78' lang='lat' dir='ltr'><strong>videat,</strong></span> <span class='ocrx_word' id='word_1_554' title='bbox 1403 3652 1529 3693; x_wconf 82' lang='lat' dir='ltr'><strong>num</strong></span> <span class='ocrx_word' id='word_1_555' title='bbox 1562 3636 1732 3699; x_wconf 86' lang='lat' dir='ltr'><strong>Deum</strong></span> <span class='ocrx_word' id='word_1_556' title='bbox 1768 3635 1995 3691; x_wconf 83' lang='lat' dir='ltr'><strong>Verbum</strong></span> 
     </span>
    </p>
   </div>
   <div class='ocr_carea' id='block_1_69' title="bbox 410 3726 1997 3799">
    <p class='ocr_par' dir='ltr' id='par_1_69' title="bbox 410 3726 1997 3799">
     <span class='ocr_line' id='line_1_69' title="bbox 410 3726 1997 3799; baseline 0 -17"><span class='ocrx_word' id='word_1_557' title='bbox 410 3729 697 3793; x_wconf 71' lang='lat' dir='ltr'><strong>uenientem</strong></span> <span class='ocrx_word' id='word_1_558' title='bbox 730 3731 1036 3798; x_wconf 83' lang='lat' dir='ltr'><strong>susceperit,</strong></span> <span class='ocrx_word' id='word_1_559' title='bbox 1063 3742 1186 3797; x_wconf 66' lang='lat' dir='ltr'><strong>nunt</strong></span> <span class='ocrx_word' id='word_1_560' title='bbox 1218 3727 1310 3781; x_wconf 87' lang='lat' dir='ltr'><strong>Dei</strong></span> <span class='ocrx_word' id='word_1_561' title='bbox 1343 3726 1515 3783; x_wconf 81' lang='lat' dir='ltr'><strong>Filius</strong></span> <span class='ocrx_word' id='word_1_562' title='bbox 1540 3730 1755 3799; x_wconf 55' lang='lat' dir='ltr'><strong>electus</strong></span> <span class='ocrx_word' id='word_1_563' title='bbox 1786 3729 1856 3783; x_wconf 88' lang='lat' dir='ltr'><strong>sit</strong></span> <span class='ocrx_word' id='word_1_564' title='bbox 1878 3745 1899 3794; x_wconf 85' lang='lat'><strong>;</strong></span> <span class='ocrx_word' id='word_1_565' title='bbox 1927 3746 1997 3783; x_wconf 80' lang='lat' dir='ltr'><strong>an</strong></span> 
     </span>
    </p>
   </div>
   <div class='ocr_carea' id='block_1_70' title="bbox 411 3820 2005 3891">
    <p class='ocr_par' dir='ltr' id='par_1_70' title="bbox 411 3820 2005 3891">
     <span class='ocr_line' id='line_1_70' title="bbox 411 3820 2005 3891; baseline 0.001 -17"><span class='ocrx_word' id='word_1_566' title='bbox 411 3836 520 3885; x_wconf 64' lang='lat' dir='ltr'><strong>non</strong></span> <span class='ocrx_word' id='word_1_567' title='bbox 581 3836 647 3875; x_wconf 82' lang='lat' dir='ltr'><strong>ea:</strong></span> <span class='ocrx_word' id='word_1_568' title='bbox 697 3822 954 3891; x_wconf 73' lang='lat' dir='ltr'><strong>sanguine</strong></span> <span class='ocrx_word' id='word_1_569' title='bbox 993 3820 1165 3875; x_wconf 88' lang='lat' dir='ltr'><strong>solum</strong></span> <span class='ocrx_word' id='word_1_570' title='bbox 1211 3829 1259 3874; x_wconf 82' lang='lat' dir='ltr'><strong>st</strong></span> <span class='ocrx_word' id='word_1_571' title='bbox 1315 3835 1473 3875; x_wconf 88' lang='lat' dir='ltr'><strong>carne</strong></span> <span class='ocrx_word' id='word_1_572' title='bbox 1498 3860 1513 3885; x_wconf 93' lang='lat'><strong>,</strong></span> <span class='ocrx_word' id='word_1_573' title='bbox 1564 3822 1654 3887; x_wconf 86' lang='lat' dir='ltr'><strong>sed</strong></span> <span class='ocrx_word' id='word_1_574' title='bbox 1687 3831 1734 3875; x_wconf 89' lang='lat' dir='ltr'><strong>et</strong></span> <span class='ocrx_word' id='word_1_575' title='bbox 1779 3836 1845 3875; x_wconf 75' lang='lat' dir='ltr'><strong>ex</strong></span> <span class='ocrx_word' id='word_1_576' title='bbox 1892 3820 2005 3887; x_wconf 80' lang='lat' dir='ltr'><strong>Deo</strong></span> 
     </span>
    </p>
   </div>
   <div class='ocr_carea' id='block_1_71' title="bbox 414 3910 1998 3977">
    <p class='ocr_par' dir='ltr' id='par_1_71' title="bbox 414 3910 1998 3977">
     <span class='ocr_line' id='line_1_71' title="bbox 414 3910 1998 3977; baseline -0.001 -7"><span class='ocrx_word' id='word_1_577' title='bbox 414 3922 577 3970; x_wconf 82' lang='lat' dir='ltr'><strong>status</strong></span> <span class='ocrx_word' id='word_1_578' title='bbox 603 3911 713 3977; x_wconf 84' lang='lat' dir='ltr'><strong>sit;</strong></span> <span class='ocrx_word' id='word_1_579' title='bbox 750 3928 872 3965; x_wconf 81' lang='lat' dir='ltr'><strong>nunt</strong></span> <span class='ocrx_word' id='word_1_580' title='bbox 919 3910 1146 3965; x_wconf 78' lang='lat' dir='ltr'><strong>Verbum</strong></span> <span class='ocrx_word' id='word_1_581' title='bbox 1173 3912 1515 3966; x_wconf 69' lang='lat' dir='ltr'><strong>incantatam</strong></span> <span class='ocrx_word' id='word_1_582' title='bbox 1547 3912 1604 3966; x_wconf 85' lang='lat' dir='ltr'><strong>in</strong></span> <span class='ocrx_word' id='word_1_583' title='bbox 1650 3928 1706 3967; x_wconf 92' lang='lat' dir='ltr'><strong>se</strong></span> <span class='ocrx_word' id='word_1_584' title='bbox 1748 3913 1998 3968; x_wconf 79' lang='lat' dir='ltr'><strong>habitans</strong></span> 
     </span>
    </p>
   </div>
   <div class='ocr_carea' id='block_1_72' title="bbox 416 4003 2002 4075">
    <p class='ocr_par' dir='ltr' id='par_1_72' title="bbox 416 4003 2002 4075">
     <span class='ocr_line' id='line_1_72' title="bbox 416 4003 2002 4075; baseline 0.001 -16"><span class='ocrx_word' id='word_1_585' title='bbox 416 4005 740 4074; x_wconf 76' lang='lat' dir='ltr'><strong>cognoverit,</strong></span> <span class='ocrx_word' id='word_1_586' title='bbox 770 4011 818 4058; x_wconf 92' lang='lat' dir='ltr'><strong>et</strong></span> <span class='ocrx_word' id='word_1_587' title='bbox 845 4003 1073 4074; x_wconf 85' lang='lat' dir='ltr'><strong>gloriam</strong></span> <span class='ocrx_word' id='word_1_588' title='bbox 1111 4003 1249 4073; x_wconf 81' lang='lat' dir='ltr'><strong>ejus,</strong></span> <span class='ocrx_word' id='word_1_589' title='bbox 1281 4004 1509 4075; x_wconf 75' lang='lat' dir='ltr'><strong>gloriam</strong></span> <span class='ocrx_word' id='word_1_590' title='bbox 1535 4004 1689 4075; x_wconf 81' lang='lat' dir='ltr'><strong>quasi</strong></span> <span class='ocrx_word' id='word_1_591' title='bbox 1737 4003 2002 4075; x_wconf 85' lang='lat' dir='ltr'><strong>Unigeniti</strong></span> 
     </span>
    </p>
   </div>
   <div class='ocr_carea' id='block_1_73' title="bbox 418 4095 2001 4168">
    <p class='ocr_par' dir='ltr' id='par_1_73' title="bbox 418 4095 2001 4168">
     <span class='ocr_line' id='line_1_73' title="bbox 418 4095 2001 4168; baseline -0.001 -16"><span class='ocrx_word' id='word_1_592' title='bbox 418 4112 454 4152; x_wconf 75' lang='grc' dir='ltr'><strong>ο</strong></span> <span class='ocrx_word' id='word_1_593' title='bbox 480 4095 648 4163; x_wconf 80' lang='lat' dir='ltr'><strong>Patre</strong></span> <span class='ocrx_word' id='word_1_594' title='bbox 676 4095 861 4151; x_wconf 79' lang='lat' dir='ltr'><strong>uiderit</strong></span> <span class='ocrx_word' id='word_1_595' title='bbox 881 4097 908 4152; x_wconf 82' lang='lat'><strong>.’</strong></span> <span class='ocrx_word' id='word_1_596' title='bbox 937 4098 1073 4152; x_wconf 82' lang='lat' dir='ltr'><strong>Ecce</strong></span> <span class='ocrx_word' id='word_1_597' title='bbox 1100 4095 1437 4153; x_wconf 84' lang='lat' dir='ltr'><strong>Christianus</strong></span> <span class='ocrx_word' id='word_1_598' title='bbox 1460 4101 1646 4166; x_wconf 70' lang='lat' dir='ltr'><strong>euasit,</strong></span> <span class='ocrx_word' id='word_1_599' title='bbox 1675 4113 1832 4168; x_wconf 82' lang='lat' dir='ltr'><strong>seque</strong></span> <span class='ocrx_word' id='word_1_600' title='bbox 1859 4114 2001 4168; x_wconf 80' lang='lat' dir='ltr'><strong>rege-</strong></span> 
     </span>
    </p>
   </div>
   <div class='ocr_carea' id='block_1_74' title="bbox 417 4188 2000 4266">
    <p class='ocr_par' dir='ltr' id='par_1_74' title="bbox 417 4188 2000 4266">
     <span class='ocr_line' id='line_1_74' title="bbox 417 4188 2000 4266; baseline 0 -23"><span class='ocrx_word' id='word_1_601' title='bbox 417 4199 662 4243; x_wconf 78' lang='lat' dir='ltr'><strong>neratum</strong></span> <span class='ocrx_word' id='word_1_602' title='bbox 698 4189 870 4266; x_wconf 63' lang='lat' dir='ltr'><strong>vidit,</strong></span> <span class='ocrx_word' id='word_1_603' title='bbox 915 4198 1095 4260; x_wconf 85' lang='lat' dir='ltr'><strong>etquo</strong></span> <span class='ocrx_word' id='word_1_604' title='bbox 1142 4201 1296 4259; x_wconf 87' lang='lat' dir='ltr'><strong>natus</strong></span> <span class='ocrx_word' id='word_1_605' title='bbox 1344 4198 1442 4255; x_wconf 88' lang='lat' dir='ltr'><strong>est,</strong></span> <span class='ocrx_word' id='word_1_606' title='bbox 1486 4188 1702 4244; x_wconf 85' lang='lat' dir='ltr'><strong>Patrem</strong></span> <span class='ocrx_word' id='word_1_607' title='bbox 1738 4192 2000 4259; x_wconf 84' lang='lat' dir='ltr'><strong>cognovit,</strong></span> 
     </span>
    </p>
   </div>
   <div class='ocr_carea' id='block_1_75' title="bbox 416 4279 2004 4356">
    <p class='ocr_par' dir='ltr' id='par_1_75' title="bbox 416 4279 2004 4356">
     <span class='ocr_line' id='line_1_75' title="bbox 416 4279 2004 4356; baseline 0 -21"><span class='ocrx_word' id='word_1_608' title='bbox 416 4297 525 4356; x_wconf 54' lang='lat' dir='ltr'><strong>non</strong></span> <span class='ocrx_word' id='word_1_609' title='bbox 549 4281 701 4336; x_wconf 72' lang='lat' dir='ltr'><strong>verba</strong></span> <span class='ocrx_word' id='word_1_610' title='bbox 725 4282 918 4347; x_wconf 84' lang='lat' dir='ltr'><strong>solum,</strong></span> <span class='ocrx_word' id='word_1_611' title='bbox 941 4282 1032 4350; x_wconf 81' lang='lat' dir='ltr'><strong>sed</strong></span> <span class='ocrx_word' id='word_1_612' title='bbox 1058 4298 1213 4351; x_wconf 85' lang='lat' dir='ltr'><strong>apere</strong></span> <span class='ocrx_word' id='word_1_613' title='bbox 1237 4282 1426 4356; x_wconf 67' lang='lat' dir='ltr'><strong>gratia:</strong></span> <span class='ocrx_word' id='word_1_614' title='bbox 1449 4292 1495 4335; x_wconf 84' lang='lat' dir='ltr'><strong>et</strong></span> <span class='ocrx_word' id='word_1_615' title='bbox 1520 4282 1779 4351; x_wconf 84' lang='lat' dir='ltr'><strong>veritatis.</strong></span> <span class='ocrx_word' id='word_1_616' title='bbox 1813 4279 2004 4335; x_wconf 87' lang='lat' dir='ltr'><strong>Perse-</strong></span> 
     </span>
    </p>
   </div>
   <div class='ocr_carea' id='block_1_76' title="bbox 416 4372 2000 4444">
    <p class='ocr_par' dir='ltr' id='par_1_76' title="bbox 416 4372 2000 4444">
     <span class='ocr_line' id='line_1_76' title="bbox 416 4372 2000 4444; baseline -0.001 -15"><span class='ocrx_word' id='word_1_617' title='bbox 416 4390 670 4444; x_wconf 56' lang='lat' dir='ltr'><strong>uerernus,</strong></span> <span class='ocrx_word' id='word_1_618' title='bbox 703 4374 918 4444; x_wconf 76' lang='lat' dir='ltr'><strong>fratres,</strong></span> <span class='ocrx_word' id='word_1_619' title='bbox 948 4374 1004 4428; x_wconf 88' lang='lat' dir='ltr'><strong>in</strong></span> <span class='ocrx_word' id='word_1_620' title='bbox 1044 4374 1281 4428; x_wconf 83' lang='lat' dir='ltr'><strong>veritatis</strong></span> <span class='ocrx_word' id='word_1_621' title='bbox 1314 4374 1412 4428; x_wconf 86' lang='lat' dir='ltr'><strong>hoc</strong></span> <span class='ocrx_word' id='word_1_622' title='bbox 1444 4372 1675 4441; x_wconf 82' lang='lat' dir='ltr'><strong>speculo,</strong></span> <span class='ocrx_word' id='word_1_623' title='bbox 1701 4383 1749 4426; x_wconf 89' lang='lat' dir='ltr'><strong>et</strong></span> <span class='ocrx_word' id='word_1_624' title='bbox 1778 4389 1810 4431; x_wconf 79' lang='lat' dir='ltr'><strong>a</strong></span> <span class='ocrx_word' id='word_1_625' title='bbox 1843 4373 2000 4428; x_wconf 73' lang='lat' dir='ltr'><strong>noxia</strong></span> 
     </span>
    </p>
   </div>
   <div class='ocr_carea' id='block_1_77' title="bbox 418 4463 2003 4535">
    <p class='ocr_par' dir='ltr' id='par_1_77' title="bbox 418 4463 2003 4535">
     <span class='ocr_line' id='line_1_77' title="bbox 418 4463 2003 4535; baseline -0.002 -16"><span class='ocrx_word' id='word_1_626' title='bbox 418 4482 483 4519; x_wconf 91' lang='lat' dir='ltr'><strong>ac</strong></span> <span class='ocrx_word' id='word_1_627' title='bbox 502 4466 750 4520; x_wconf 77' lang='lat' dir='ltr'><strong>lueretica</strong></span> <span class='ocrx_word' id='word_1_628' title='bbox 771 4466 1014 4520; x_wconf 84' lang='lat' dir='ltr'><strong>doctrina</strong></span> <span class='ocrx_word' id='word_1_629' title='bbox 1039 4465 1400 4535; x_wconf 83' lang='lat' dir='ltr'><strong>sententiaque</strong></span> <span class='ocrx_word' id='word_1_630' title='bbox 1429 4479 1608 4518; x_wconf 82' lang='lat' dir='ltr'><strong>eorum</strong></span> <span class='ocrx_word' id='word_1_631' title='bbox 1637 4463 2003 4531; x_wconf 85' lang='lat' dir='ltr'><strong>abscedamus,</strong></span> 
     </span>
    </p>
   </div>
   <div class='ocr_carea' id='block_1_78' title="bbox 2096 3446 3681 3522">
    <p class='ocr_par' dir='ltr' id='par_1_78' title="bbox 2096 3446 3681 3522">
     <span class='ocr_line' id='line_1_78' title="bbox 2096 3446 3681 3522; baseline -0.008 -10"><span class='ocrx_word' id='word_1_632' title='bbox 2096 3446 2271 3513; x_wconf 79' lang='lat' dir='ltr'><strong>stiana</strong></span> <span class='ocrx_word' id='word_1_633' title='bbox 2312 3455 2523 3512; x_wconf 88' lang='lat' dir='ltr'><strong>scilicet</strong></span> <span class='ocrx_word' id='word_1_634' title='bbox 2558 3453 2757 3509; x_wconf 86' lang='lat' dir='ltr'><strong>virtute</strong></span> <span class='ocrx_word' id='word_1_635' title='bbox 2788 3452 3125 3522; x_wconf 85' lang='lat' dir='ltr'><strong>conspicuus</strong></span> <span class='ocrx_word' id='word_1_636' title='bbox 3146 3489 3161 3515; x_wconf 92' lang='lat'><strong>,</strong></span> <span class='ocrx_word' id='word_1_637' title='bbox 3191 3449 3308 3505; x_wconf 86' lang='lat' dir='ltr'><strong>sola</strong></span> <span class='ocrx_word' id='word_1_638' title='bbox 3341 3446 3468 3511; x_wconf 88' lang='lat' dir='ltr'><strong>lide.</strong></span> <span class='ocrx_word' id='word_1_639' title='bbox 3518 3461 3681 3517; x_wconf 84' lang='lat' dir='ltr'><strong>eaque</strong></span> 
     </span>
    </p>
   </div>
   <div class='ocr_carea' id='block_1_79' title="bbox 2097 3537 3682 3618">
    <p class='ocr_par' dir='ltr' id='par_1_79' title="bbox 2097 3537 3682 3618">
     <span class='ocr_line' id='line_1_79' title="bbox 2097 3537 3682 3618; baseline -0.01 -13"><span class='ocrx_word' id='word_1_640' title='bbox 2097 3550 2235 3605; x_wconf 89' lang='lat' dir='ltr'><strong>adeo</strong></span> <span class='ocrx_word' id='word_1_641' title='bbox 2284 3557 2495 3604; x_wconf 89' lang='lat' dir='ltr'><strong>mortua</strong></span> <span class='ocrx_word' id='word_1_642' title='bbox 2551 3544 2855 3618; x_wconf 63' lang='lat' dir='ltr'><strong>praeditus?</strong></span> <span class='ocrx_word' id='word_1_643' title='bbox 2904 3542 3018 3599; x_wconf 90' lang='lat' dir='ltr'><strong>Imo</strong></span> <span class='ocrx_word' id='word_1_644' title='bbox 3072 3541 3263 3597; x_wconf 78' lang='lat' dir='ltr'><strong>habuit</strong></span> <span class='ocrx_word' id='word_1_645' title='bbox 3318 3549 3373 3595; x_wconf 90' lang='lat' dir='ltr'><strong>et</strong></span> <span class='ocrx_word' id='word_1_646' title='bbox 3423 3537 3682 3609; x_wconf 85' lang='lat' dir='ltr'><strong>Spiritum</strong></span> 
     </span>
    </p>
   </div>
   <div class='ocr_carea' id='block_1_80' title="bbox 2098 3629 3667 3706">
    <p class='ocr_par' dir='ltr' id='par_1_80' title="bbox 2098 3629 3667 3706">
     <span class='ocr_line' id='line_1_80' title="bbox 2098 3629 3667 3706; baseline -0.01 -8"><span class='ocrx_word' id='word_1_647' title='bbox 2098 3649 2350 3703; x_wconf 82' lang='lat' dir='ltr'><strong>sanctum</strong></span> <span class='ocrx_word' id='word_1_648' title='bbox 2388 3647 2442 3695; x_wconf 86' lang='lat' dir='ltr'><strong>et</strong></span> <span class='ocrx_word' id='word_1_649' title='bbox 2471 3638 2697 3706; x_wconf 85' lang='lat' dir='ltr'><strong>donum,</strong></span> <span class='ocrx_word' id='word_1_650' title='bbox 2728 3637 2821 3692; x_wconf 89' lang='lat' dir='ltr'><strong>sed</strong></span> <span class='ocrx_word' id='word_1_651' title='bbox 2855 3636 2998 3690; x_wconf 89' lang='lat' dir='ltr'><strong>inter</strong></span> <span class='ocrx_word' id='word_1_652' title='bbox 3022 3632 3319 3688; x_wconf 87' lang='lat' dir='ltr'><strong>certamina</strong></span> <span class='ocrx_word' id='word_1_653' title='bbox 3363 3630 3538 3699; x_wconf 76' lang='lat' dir='ltr'><strong>magis</strong></span> <span class='ocrx_word' id='word_1_654' title='bbox 3575 3629 3667 3684; x_wconf 86' lang='lat' dir='ltr'><strong>ba-</strong></span> 
     </span>
    </p>
   </div>
   <div class='ocr_carea' id='block_1_81' title="bbox 2098 3719 3681 3801">
    <p class='ocr_par' dir='ltr' id='par_1_81' title="bbox 2098 3719 3681 3801">
     <span class='ocr_line' id='line_1_81' title="bbox 2098 3719 3681 3801; baseline -0.009 -14"><span class='ocrx_word' id='word_1_655' title='bbox 2098 3731 2216 3787; x_wconf 87' lang='lat' dir='ltr'><strong>buit</strong></span> <span class='ocrx_word' id='word_1_656' title='bbox 2247 3741 2305 3786; x_wconf 87' lang='lat' dir='ltr'><strong>et</strong></span> <span class='ocrx_word' id='word_1_657' title='bbox 2329 3729 2568 3801; x_wconf 79' lang='lat' dir='ltr'><strong>agnovit,</strong></span> <span class='ocrx_word' id='word_1_658' title='bbox 2595 3727 2674 3783; x_wconf 89' lang='lat' dir='ltr'><strong>uti</strong></span> <span class='ocrx_word' id='word_1_659' title='bbox 2702 3725 3063 3796; x_wconf 73' lang='lat' dir='ltr'><strong>Augustinus,</strong></span> <span class='ocrx_word' id='word_1_660' title='bbox 3095 3724 3149 3779; x_wconf 91' lang='lat' dir='ltr'><strong>in</strong></span> <span class='ocrx_word' id='word_1_661' title='bbox 3176 3721 3337 3778; x_wconf 77' lang='lat' dir='ltr'><strong>Joan.</strong></span> <span class='ocrx_word' id='word_1_662' title='bbox 3363 3722 3430 3777; x_wconf 90' lang='lat' dir='ltr'><strong>de</strong></span> <span class='ocrx_word' id='word_1_663' title='bbox 3456 3719 3681 3793; x_wconf 87' lang='lat' dir='ltr'><strong>promis-</strong></span> 
     </span>
    </p>
   </div>
   <div class='ocr_carea' id='block_1_82' title="bbox 2100 3815 3295 3893">
    <p class='ocr_par' dir='ltr' id='par_1_82' title="bbox 2100 3815 3295 3893">
     <span class='ocr_line' id='line_1_82' title="bbox 2100 3815 3295 3893; baseline -0.009 -14"><span class='ocrx_word' id='word_1_664' title='bbox 2100 3823 2251 3879; x_wconf 86' lang='lat' dir='ltr'><strong>sione</strong></span> <span class='ocrx_word' id='word_1_665' title='bbox 2289 3821 2524 3893; x_wconf 77' lang='lat' dir='ltr'><strong>Spiritus</strong></span> <span class='ocrx_word' id='word_1_666' title='bbox 2550 3820 2815 3891; x_wconf 36' lang='lat' dir='ltr'><strong>apost&#39;dis</strong></span> <span class='ocrx_word' id='word_1_667' title='bbox 2848 3816 3013 3881; x_wconf 81' lang='lat' dir='ltr'><strong>facta,</strong></span> <span class='ocrx_word' id='word_1_668' title='bbox 3047 3815 3295 3885; x_wconf 81' lang='lat' dir='ltr'><strong>exponit.</strong></span> 
     </span>
    </p>
   </div>
   <div class='ocr_carea' id='block_1_83' title="bbox 2172 3902 3673 3981">
    <p class='ocr_par' dir='ltr' id='par_1_83' title="bbox 2172 3902 3673 3981">
     <span class='ocr_line' id='line_1_83' title="bbox 2172 3902 3673 3981; baseline -0.009 -11"><span class='ocrx_word' id='word_1_669' title='bbox 2172 3913 2326 3970; x_wconf 88' lang='lat' dir='ltr'><strong>Unus</strong></span> <span class='ocrx_word' id='word_1_670' title='bbox 2356 3912 2512 3968; x_wconf 90' lang='lat' dir='ltr'><strong>locus</strong></span> <span class='ocrx_word' id='word_1_671' title='bbox 2541 3920 2646 3976; x_wconf 86' lang='lat' dir='ltr'><strong>est,</strong></span> <span class='ocrx_word' id='word_1_672' title='bbox 2691 3926 2852 3981; x_wconf 86' lang='lat' dir='ltr'><strong>quem</strong></span> <span class='ocrx_word' id='word_1_673' title='bbox 2886 3908 3052 3963; x_wconf 83' lang='lat' dir='ltr'><strong>refert</strong></span> <span class='ocrx_word' id='word_1_674' title='bbox 3083 3906 3192 3962; x_wconf 85' lang='lat' dir='ltr'><strong>Leo</strong></span> <span class='ocrx_word' id='word_1_675' title='bbox 3216 3905 3450 3961; x_wconf 62' lang='lat' dir='ltr'><strong>Allatius</strong></span> <span class='ocrx_word' id='word_1_676' title='bbox 3480 3921 3549 3959; x_wconf 83' lang='lat' dir='ltr'><strong>ex</strong></span> <span class='ocrx_word' id='word_1_677' title='bbox 3578 3902 3673 3974; x_wconf 80' lang='lat' dir='ltr'><strong>Sy-</strong></span> 
     </span>
    </p>
   </div>
   <div class='ocr_carea' id='block_1_84' title="bbox 2102 3999 3678 4063">
    <p class='ocr_par' dir='ltr' id='par_1_84' title="bbox 2102 3999 3678 4063">
     <span class='ocr_line' id='line_1_84' title="bbox 2102 3999 3678 4063; baseline -0.007 -1"><span class='ocrx_word' id='word_1_678' title='bbox 2102 4006 2317 4063; x_wconf 88' lang='lat' dir='ltr'><strong>meonis</strong></span> <span class='ocrx_word' id='word_1_679' title='bbox 2368 4003 2630 4060; x_wconf 90' lang='lat' dir='ltr'><strong>Sermone</strong></span> <span class='ocrx_word' id='word_1_680' title='bbox 2684 4004 2721 4058; x_wconf 76' lang='lat'><strong>&#39;5</strong></span> <span class='ocrx_word' id='word_1_681' title='bbox 2768 4003 2835 4057; x_wconf 86' lang='lat' dir='ltr'><strong>de</strong></span> <span class='ocrx_word' id='word_1_682' title='bbox 2874 4001 3132 4058; x_wconf 84' lang='lat' dir='ltr'><strong>Oratione</strong></span> <span class='ocrx_word' id='word_1_683' title='bbox 3185 4016 3279 4056; x_wconf 87' lang='lat' dir='ltr'><strong>seu</strong></span> <span class='ocrx_word' id='word_1_684' title='bbox 3331 3999 3678 4059; x_wconf 80' lang='lat' dir='ltr'><strong>Attentione,</strong></span> 
     </span>
    </p>
   </div>
   <div class='ocr_carea' id='block_1_85' title="bbox 2104 4090 3678 4170">
    <p class='ocr_par' dir='ltr' id='par_1_85' title="bbox 2104 4090 3678 4170">
     <span class='ocr_line' id='line_1_85' title="bbox 2104 4090 3678 4170; baseline -0.005 -21"><span class='ocrx_word' id='word_1_685' title='bbox 2104 4114 2265 4170; x_wconf 81' lang='lat' dir='ltr'><strong>quem</strong></span> <span class='ocrx_word' id='word_1_686' title='bbox 2307 4097 2471 4154; x_wconf 88' lang='lat' dir='ltr'><strong>etiam</strong></span> <span class='ocrx_word' id='word_1_687' title='bbox 2513 4096 2692 4168; x_wconf 88' lang='lat' dir='ltr'><strong>Nipho</strong></span> <span class='ocrx_word' id='word_1_688' title='bbox 2742 4095 3038 4151; x_wconf 83' lang='lat' dir='ltr'><strong>Monachus</strong></span> <span class='ocrx_word' id='word_1_689' title='bbox 3095 4093 3360 4149; x_wconf 82' lang='lat' dir='ltr'><strong>adversus</strong></span> <span class='ocrx_word' id='word_1_690' title='bbox 3412 4090 3678 4145; x_wconf 82' lang='lat' dir='ltr'><strong>Palamam</strong></span> 
     </span>
    </p>
   </div>
   <div class='ocr_carea' id='block_1_86' title="bbox 2106 4185 3683 4262">
    <p class='ocr_par' dir='ltr' id='par_1_86' title="bbox 2106 4185 3683 4262">
     <span class='ocr_line' id='line_1_86' title="bbox 2106 4185 3683 4262; baseline -0.007 -16"><span class='ocrx_word' id='word_1_691' title='bbox 2106 4199 2283 4262; x_wconf 79' lang='lat' dir='ltr'><strong>urget,</strong></span> <span class='ocrx_word' id='word_1_692' title='bbox 2312 4191 2402 4261; x_wconf 89' lang='lat' dir='ltr'><strong>qui</strong></span> <span class='ocrx_word' id='word_1_693' title='bbox 2436 4205 2535 4245; x_wconf 87' lang='lat' dir='ltr'><strong>nec</strong></span> <span class='ocrx_word' id='word_1_694' title='bbox 2586 4196 2943 4258; x_wconf 79' lang='lat' dir='ltr'><strong>apparentem</strong></span> <span class='ocrx_word' id='word_1_695' title='bbox 2996 4185 3347 4249; x_wconf 82' lang='lat' dir='ltr'><strong>medicinam,</strong></span> <span class='ocrx_word' id='word_1_696' title='bbox 3402 4192 3683 4238; x_wconf 70' lang='lat' dir='ltr'><strong>sensumve</strong></span> 
     </span>
    </p>
   </div>
   <div class='ocr_carea' id='block_1_87' title="bbox 2110 4274 3683 4350">
    <p class='ocr_par' dir='ltr' id='par_1_87' title="bbox 2110 4274 3683 4350">
     <span class='ocr_line' id='line_1_87' title="bbox 2110 4274 3683 4350; baseline -0.009 -9"><span class='ocrx_word' id='word_1_697' title='bbox 2110 4285 2277 4341; x_wconf 86' lang='lat' dir='ltr'><strong>ullqu</strong></span> <span class='ocrx_word' id='word_1_698' title='bbox 2311 4284 2685 4347; x_wconf 87' lang='lat' dir='ltr'><strong>commodum,</strong></span> <span class='ocrx_word' id='word_1_699' title='bbox 2721 4282 2972 4337; x_wconf 79' lang='lat' dir='ltr'><strong>videatur</strong></span> <span class='ocrx_word' id='word_1_700' title='bbox 3001 4278 3268 4350; x_wconf 86' lang='lat' dir='ltr'><strong>recipere.</strong></span> <span class='ocrx_word' id='word_1_701' title='bbox 3299 4276 3419 4332; x_wconf 83' lang='lat' dir='ltr'><strong>Non</strong></span> <span class='ocrx_word' id='word_1_702' title='bbox 3456 4274 3683 4331; x_wconf 86' lang='lat' dir='ltr'><strong>occurrit</strong></span> 
     </span>
    </p>
   </div>
   <div class='ocr_carea' id='block_1_88' title="bbox 2106 4368 3678 4444">
    <p class='ocr_par' dir='ltr' id='par_1_88' title="bbox 2106 4368 3678 4444">
     <span class='ocr_line' id='line_1_88' title="bbox 2106 4368 3678 4444; baseline -0.007 -12"><span class='ocrx_word' id='word_1_703' title='bbox 2106 4377 2242 4432; x_wconf 83' lang='lat' dir='ltr'><strong>mihi</strong></span> <span class='ocrx_word' id='word_1_704' title='bbox 2275 4376 2364 4432; x_wconf 91' lang='lat' dir='ltr'><strong>ille</strong></span> <span class='ocrx_word' id='word_1_705' title='bbox 2400 4375 2592 4433; x_wconf 89' lang='lat' dir='ltr'><strong>Sermo</strong></span> <span class='ocrx_word' id='word_1_706' title='bbox 2622 4376 2673 4430; x_wconf 92' lang='lat' dir='ltr'><strong>in</strong></span> <span class='ocrx_word' id='word_1_707' title='bbox 2708 4375 2844 4429; x_wconf 87' lang='lat' dir='ltr'><strong>Cod.</strong></span> <span class='ocrx_word' id='word_1_708' title='bbox 2881 4375 2939 4428; x_wconf 88' lang='lat' dir='ltr'><strong>E.</strong></span> <span class='ocrx_word' id='word_1_709' title='bbox 2973 4371 3133 4429; x_wconf 86' lang='lat' dir='ltr'><strong>Card.</strong></span> <span class='ocrx_word' id='word_1_710' title='bbox 3166 4371 3367 4444; x_wconf 72' lang='lat' dir='ltr'><strong>lltazar.</strong></span> <span class='ocrx_word' id='word_1_711' title='bbox 3405 4384 3470 4424; x_wconf 86' lang='lat' dir='ltr'><strong>ac</strong></span> <span class='ocrx_word' id='word_1_712' title='bbox 3497 4381 3596 4426; x_wconf 82' lang='lat' dir='ltr'><strong>nec</strong></span> <span class='ocrx_word' id='word_1_713' title='bbox 3631 4368 3678 4421; x_wconf 88' lang='lat' dir='ltr'><strong>in</strong></span> 
     </span>
    </p>
   </div>
   <div class='ocr_carea' id='block_1_89' title="bbox 2111 4460 3684 4539">
    <p class='ocr_par' dir='ltr' id='par_1_89' title="bbox 2111 4460 3684 4539">
     <span class='ocr_line' id='line_1_89' title="bbox 2111 4460 3684 4539; baseline -0.006 -16"><span class='ocrx_word' id='word_1_714' title='bbox 2111 4467 2221 4525; x_wconf 88' lang='lat' dir='ltr'><strong>illis</strong></span> <span class='ocrx_word' id='word_1_715' title='bbox 2254 4484 2377 4539; x_wconf 80' lang='lat' dir='ltr'><strong>quae</strong></span> <span class='ocrx_word' id='word_1_716' title='bbox 2404 4468 2685 4523; x_wconf 84' lang='lat' dir='ltr'><strong>Pontanus</strong></span> <span class='ocrx_word' id='word_1_717' title='bbox 2716 4466 2884 4522; x_wconf 79' lang='lat' dir='ltr'><strong>latine</strong></span> <span class='ocrx_word' id='word_1_718' title='bbox 2914 4465 3103 4520; x_wconf 84' lang='lat' dir='ltr'><strong>edidit.</strong></span> <span class='ocrx_word' id='word_1_719' title='bbox 3134 4462 3297 4520; x_wconf 78' lang='lat' dir='ltr'><strong>Certe</strong></span> <span class='ocrx_word' id='word_1_720' title='bbox 3346 4463 3394 4521; x_wconf 88' lang='lat' dir='ltr'><strong>si</strong></span> <span class='ocrx_word' id='word_1_721' title='bbox 3450 4462 3518 4518; x_wconf 86' lang='lat' dir='ltr'><strong>ita</strong></span> <span class='ocrx_word' id='word_1_722' title='bbox 3556 4460 3684 4522; x_wconf 83' lang='lat' dir='ltr'><strong>scri-</strong></span> 
     </span>
    </p>
   </div>
   <div class='ocr_carea' id='block_1_90' title="bbox 418 4553 3687 4633">
    <p class='ocr_par' dir='ltr' id='par_1_90' title="bbox 418 4553 3687 4633">
     <span class='ocr_line' id='line_1_90' title="bbox 418 4553 3687 4633; baseline -0.002 -21"><span class='ocrx_word' id='word_1_723' title='bbox 418 4558 509 4624; x_wconf 83' lang='lat' dir='ltr'><strong>qui</strong></span> <span class='ocrx_word' id='word_1_724' title='bbox 532 4558 736 4620; x_wconf 79' lang='lat' dir='ltr'><strong>dicunt,</strong></span> <span class='ocrx_word' id='word_1_725' title='bbox 763 4574 866 4612; x_wconf 87' lang='lat' dir='ltr'><strong>non</strong></span> <span class='ocrx_word' id='word_1_726' title='bbox 895 4557 1115 4613; x_wconf 83' lang='lat' dir='ltr'><strong>revelari</strong></span> <span class='ocrx_word' id='word_1_727' title='bbox 1150 4573 1287 4611; x_wconf 83' lang='lat' dir='ltr'><strong>nunc</strong></span> <span class='ocrx_word' id='word_1_728' title='bbox 1309 4554 1458 4611; x_wconf 87' lang='lat' dir='ltr'><strong>nobis</strong></span> <span class='ocrx_word' id='word_1_729' title='bbox 1486 4555 1756 4623; x_wconf 82' lang='lat' dir='ltr'><strong>ﬁdelibus,</strong></span> <span class='ocrx_word' id='word_1_730' title='bbox 1783 4553 1998 4609; x_wconf 87' lang='lat' dir='ltr'><strong>Domini</strong></span> <span class='ocrx_word' id='word_1_731' title='bbox 2035 4554 2078 4610; x_wconf 87' lang='lat' dir='ltr'><strong>D</strong></span> <span class='ocrx_word' id='word_1_732' title='bbox 2105 4562 2213 4633; x_wconf 82' lang='lat' dir='ltr'><strong>psit</strong></span> <span class='ocrx_word' id='word_1_733' title='bbox 2256 4560 2527 4632; x_wconf 77' lang='lat' dir='ltr'><strong>Symeon,</strong></span> <span class='ocrx_word' id='word_1_734' title='bbox 2564 4575 2668 4615; x_wconf 91' lang='lat' dir='ltr'><strong>non</strong></span> <span class='ocrx_word' id='word_1_735' title='bbox 2703 4560 2888 4614; x_wconf 83' lang='lat' dir='ltr'><strong>divino</strong></span> <span class='ocrx_word' id='word_1_736' title='bbox 2918 4557 3162 4628; x_wconf 90' lang='lat' dir='ltr'><strong>Spiritu,</strong></span> <span class='ocrx_word' id='word_1_737' title='bbox 3196 4556 3289 4613; x_wconf 86' lang='lat' dir='ltr'><strong>sed</strong></span> <span class='ocrx_word' id='word_1_738' title='bbox 3336 4572 3458 4620; x_wconf 85' lang='lat' dir='ltr'><strong>suo,</strong></span> <span class='ocrx_word' id='word_1_739' title='bbox 3490 4555 3687 4621; x_wconf 81' lang='lat' dir='ltr'><strong>illoque</strong></span> 
     </span>
    </p>
   </div>
   <div class='ocr_carea' id='block_1_91' title="bbox 418 4646 2002 4718">
    <p class='ocr_par' dir='ltr' id='par_1_91' title="bbox 418 4646 2002 4718">
     <span class='ocr_line' id='line_1_91' title="bbox 418 4646 2002 4718; baseline -0.002 -12"><span class='ocrx_word' id='word_1_740' title='bbox 418 4649 549 4706; x_wconf 59' lang='lat' dir='ltr'><strong>Iesu</strong></span> <span class='ocrx_word' id='word_1_741' title='bbox 584 4650 807 4704; x_wconf 87' lang='lat' dir='ltr'><strong>Deitatis</strong></span> <span class='ocrx_word' id='word_1_742' title='bbox 842 4650 1160 4715; x_wconf 82' lang='lat' dir='ltr'><strong>claritatem,</strong></span> <span class='ocrx_word' id='word_1_743' title='bbox 1197 4665 1289 4718; x_wconf 85' lang='lat' dir='ltr'><strong>per</strong></span> <span class='ocrx_word' id='word_1_744' title='bbox 1326 4649 1521 4703; x_wconf 83' lang='lat' dir='ltr'><strong>donum</strong></span> <span class='ocrx_word' id='word_1_745' title='bbox 1551 4648 1725 4703; x_wconf 88' lang='lat' dir='ltr'><strong>sancti</strong></span> <span class='ocrx_word' id='word_1_746' title='bbox 1748 4646 2002 4716; x_wconf 88' lang='lat' dir='ltr'><strong>Spiritus.</strong></span> 
     </span>
    </p>
   </div>
   <div class='ocr_carea' id='block_1_92' title="bbox 328 4732 2003 4811">
    <p class='ocr_par' dir='ltr' id='par_1_92' title="bbox 328 4732 2003 4811">
     <span class='ocr_line' id='line_1_92' title="bbox 328 4732 2003 4811; baseline 0 -14"><span class='ocrx_word' id='word_1_747' title='bbox 328 4806 333 4811; x_wconf 23' lang='grc' dir='ltr'><strong><em>ί</em></strong></span> <span class='ocrx_word' id='word_1_748' title='bbox 419 4742 629 4797; x_wconf 83' lang='lat' dir='ltr'><strong>Donum</strong></span> <span class='ocrx_word' id='word_1_749' title='bbox 666 4744 807 4796; x_wconf 85' lang='lat' dir='ltr'><strong>enim</strong></span> <span class='ocrx_word' id='word_1_750' title='bbox 854 4744 910 4797; x_wconf 87' lang='lat' dir='ltr'><strong>in</strong></span> <span class='ocrx_word' id='word_1_751' title='bbox 945 4741 1260 4797; x_wconf 77' lang='lat' dir='ltr'><strong>reuelatione</strong></span> <span class='ocrx_word' id='word_1_752' title='bbox 1300 4743 1495 4808; x_wconf 87' lang='lat' dir='ltr'><strong>datur’,</strong></span> <span class='ocrx_word' id='word_1_753' title='bbox 1541 4749 1592 4797; x_wconf 91' lang='lat' dir='ltr'><strong>et</strong></span> <span class='ocrx_word' id='word_1_754' title='bbox 1635 4732 1879 4797; x_wconf 63' lang='lat' dir='ltr'><strong>reuelatio</strong></span> <span class='ocrx_word' id='word_1_755' title='bbox 1912 4759 2003 4797; x_wconf 86' lang='lat' dir='ltr'><strong>seu</strong></span> 
     </span>
    </p>
   </div>
   <div class='ocr_carea' id='block_1_93' title="bbox 420 4833 2007 4906">
    <p class='ocr_par' dir='ltr' id='par_1_93' title="bbox 420 4833 2007 4906">
     <span class='ocr_line' id='line_1_93' title="bbox 420 4833 2007 4906; baseline 0 -17"><span class='ocrx_word' id='word_1_756' title='bbox 420 4833 803 4904; x_wconf 78' lang='lat' dir='ltr'><strong>manifestalio,</strong></span> <span class='ocrx_word' id='word_1_757' title='bbox 856 4849 948 4903; x_wconf 80' lang='lat' dir='ltr'><strong>per</strong></span> <span class='ocrx_word' id='word_1_758' title='bbox 996 4836 1188 4889; x_wconf 85' lang='lat' dir='ltr'><strong>donum</strong></span> <span class='ocrx_word' id='word_1_759' title='bbox 1232 4844 1540 4906; x_wconf 69' lang='lat' dir='ltr'><strong>praestatur.</strong></span> <span class='ocrx_word' id='word_1_760' title='bbox 1586 4833 1848 4890; x_wconf 69' lang='lat' dir='ltr'><strong>Videntur</strong></span> <span class='ocrx_word' id='word_1_761' title='bbox 1894 4836 2007 4889; x_wconf 68' lang='grc' dir='ltr'>ιιωο</span> 
     </span>
    </p>
   </div>
   <div class='ocr_carea' id='block_1_94' title="bbox 420 4927 2006 4999">
    <p class='ocr_par' dir='ltr' id='par_1_94' title="bbox 420 4927 2006 4999">
     <span class='ocr_line' id='line_1_94' title="bbox 420 4927 2006 4999; baseline 0.001 -19"><span class='ocrx_word' id='word_1_762' title='bbox 420 4927 586 4997; x_wconf 84' lang='lat' dir='ltr'><strong>paulo</strong></span> <span class='ocrx_word' id='word_1_763' title='bbox 612 4927 851 4994; x_wconf 87' lang='lat' dir='ltr'><strong>duriora,</strong></span> <span class='ocrx_word' id='word_1_764' title='bbox 901 4928 1001 4981; x_wconf 89' lang='lat' dir='ltr'><strong>nisi</strong></span> <span class='ocrx_word' id='word_1_765' title='bbox 1051 4927 1424 4999; x_wconf 65' lang='lat' dir='ltr'><strong>intelligantur</strong></span> <span class='ocrx_word' id='word_1_766' title='bbox 1456 4928 1521 4980; x_wconf 88' lang='lat' dir='ltr'><strong>de</strong></span> <span class='ocrx_word' id='word_1_767' title='bbox 1569 4940 1732 4987; x_wconf 86' lang='lat' dir='ltr'><strong>sensu</strong></span> <span class='ocrx_word' id='word_1_768' title='bbox 1774 4928 2006 4996; x_wconf 82' lang='lat' dir='ltr'><strong>quodam</strong></span> 
     </span>
    </p>
   </div>
   <div class='ocr_carea' id='block_1_95' title="bbox 421 5017 2007 5090">
    <p class='ocr_par' dir='ltr' id='par_1_95' title="bbox 421 5017 2007 5090">
     <span class='ocr_line' id='line_1_95' title="bbox 421 5017 2007 5090; baseline -0.001 -15"><span class='ocrx_word' id='word_1_769' title='bbox 421 5033 487 5075; x_wconf 76' lang='lat' dir='ltr'><strong>ac</strong></span> <span class='ocrx_word' id='word_1_770' title='bbox 513 5028 669 5089; x_wconf 74' lang='lat' dir='ltr'><strong>gustu</strong></span> <span class='ocrx_word' id='word_1_771' title='bbox 700 5017 755 5073; x_wconf 87' lang='lat' dir='ltr'><strong>in</strong></span> <span class='ocrx_word' id='word_1_772' title='bbox 789 5017 1056 5087; x_wconf 79' lang='lat' dir='ltr'><strong>ﬁdelibus,</strong></span> <span class='ocrx_word' id='word_1_773' title='bbox 1087 5019 1388 5090; x_wconf 67' lang='lat' dir='ltr'><strong>praesertim</strong></span> <span class='ocrx_word' id='word_1_774' title='bbox 1417 5020 1757 5089; x_wconf 87' lang='lat' dir='ltr'><strong>sapientibus</strong></span> <span class='ocrx_word' id='word_1_775' title='bbox 1791 5027 1845 5073; x_wconf 91' lang='lat' dir='ltr'><strong>et</strong></span> <span class='ocrx_word' id='word_1_776' title='bbox 1876 5034 2007 5089; x_wconf 85' lang='lat' dir='ltr'><strong>per-</strong></span> 
     </span>
    </p>
   </div>
   <div class='ocr_carea' id='block_1_96' title="bbox 421 5110 2006 5182">
    <p class='ocr_par' dir='ltr' id='par_1_96' title="bbox 421 5110 2006 5182">
     <span class='ocr_line' id='line_1_96' title="bbox 421 5110 2006 5182; baseline 0.001 -16"><span class='ocrx_word' id='word_1_777' title='bbox 421 5111 606 5177; x_wconf 85' lang='lat' dir='ltr'><strong>fectis,</strong></span> <span class='ocrx_word' id='word_1_778' title='bbox 642 5125 779 5181; x_wconf 86' lang='lat' dir='ltr'><strong>quos</strong></span> <span class='ocrx_word' id='word_1_779' title='bbox 809 5110 983 5169; x_wconf 74' lang='lat' dir='ltr'><strong>Graeci</strong></span> <span class='ocrx_word' id='word_1_780' title='bbox 1013 5113 1351 5179; x_wconf 76' lang='grc' dir='ltr'>γνωστικοὺς</span> <span class='ocrx_word' id='word_1_781' title='bbox 1401 5120 1622 5173; x_wconf 83' lang='lat' dir='ltr'><strong>vocant.</strong></span> <span class='ocrx_word' id='word_1_782' title='bbox 1672 5111 2006 5182; x_wconf 84' lang='lat' dir='ltr'><strong>Quandoque</strong></span> 
     </span>
    </p>
   </div>
   <div class='ocr_carea' id='block_1_97' title="bbox 419 5203 2006 5274">
    <p class='ocr_par' dir='ltr' id='par_1_97' title="bbox 419 5203 2006 5274">
     <span class='ocr_line' id='line_1_97' title="bbox 419 5203 2006 5274; baseline 0.001 -16"><span class='ocrx_word' id='word_1_783' title='bbox 419 5204 585 5270; x_wconf 88' lang='lat' dir='ltr'><strong>etiam</strong></span> <span class='ocrx_word' id='word_1_784' title='bbox 642 5204 696 5258; x_wconf 90' lang='lat' dir='ltr'><strong>in</strong></span> <span class='ocrx_word' id='word_1_785' title='bbox 749 5203 1140 5272; x_wconf 86' lang='lat' dir='ltr'><strong>incipientibus</strong></span> <span class='ocrx_word' id='word_1_786' title='bbox 1177 5213 1230 5259; x_wconf 88' lang='lat' dir='ltr'><strong>et</strong></span> <span class='ocrx_word' id='word_1_787' title='bbox 1273 5205 1666 5274; x_wconf 63' lang='lat' dir='ltr'><strong>pauitantibus</strong></span> <span class='ocrx_word' id='word_1_788' title='bbox 1698 5205 1751 5258; x_wconf 91' lang='lat' dir='ltr'><strong>in</strong></span> <span class='ocrx_word' id='word_1_789' title='bbox 1789 5203 2006 5261; x_wconf 84' lang='lat' dir='ltr'><strong>fervore</strong></span> 
     </span>
    </p>
   </div>
   <div class='ocr_carea' id='block_1_98' title="bbox 422 5294 2003 5369">
    <p class='ocr_par' dir='ltr' id='par_1_98' title="bbox 422 5294 2003 5369">
     <span class='ocr_line' id='line_1_98' title="bbox 422 5294 2003 5369; baseline 0.003 -22"><span class='ocrx_word' id='word_1_790' title='bbox 422 5294 613 5360; x_wconf 86' lang='lat' dir='ltr'><strong>animi,</strong></span> <span class='ocrx_word' id='word_1_791' title='bbox 644 5309 780 5365; x_wconf 88' lang='lat' dir='ltr'><strong>quos</strong></span> <span class='ocrx_word' id='word_1_792' title='bbox 812 5295 998 5350; x_wconf 78' lang='lat' dir='ltr'><strong>videre</strong></span> <span class='ocrx_word' id='word_1_793' title='bbox 1027 5295 1265 5352; x_wconf 84' lang='lat' dir='ltr'><strong>divinum</strong></span> <span class='ocrx_word' id='word_1_794' title='bbox 1299 5296 1478 5351; x_wconf 84' lang='lat' dir='ltr'><strong>lumen</strong></span> <span class='ocrx_word' id='word_1_795' title='bbox 1510 5295 1584 5361; x_wconf 85' lang='lat' dir='ltr'><strong>ait</strong></span> <span class='ocrx_word' id='word_1_796' title='bbox 1621 5297 1878 5369; x_wconf 84' lang='lat' dir='ltr'><strong>Symeon,</strong></span> <span class='ocrx_word' id='word_1_797' title='bbox 1910 5297 2003 5353; x_wconf 87' lang='lat' dir='ltr'><strong>sed</strong></span> 
     </span>
    </p>
   </div>
   <div class='ocr_carea' id='block_1_99' title="bbox 423 5385 2006 5458">
    <p class='ocr_par' dir='ltr' id='par_1_99' title="bbox 423 5385 2006 5458">
     <span class='ocr_line' id='line_1_99' title="bbox 423 5385 2006 5458; baseline 0.003 -18"><span class='ocrx_word' id='word_1_798' title='bbox 423 5402 533 5441; x_wconf 81' lang='lat' dir='ltr'><strong>non</strong></span> <span class='ocrx_word' id='word_1_799' title='bbox 573 5385 824 5456; x_wconf 68' lang='lat' dir='ltr'><strong>adipisci,</strong></span> <span class='ocrx_word' id='word_1_800' title='bbox 850 5385 995 5457; x_wconf 90' lang='lat' dir='ltr'><strong>quod</strong></span> <span class='ocrx_word' id='word_1_801' title='bbox 1037 5387 1327 5444; x_wconf 86' lang='lat' dir='ltr'><strong>ulteriores</strong></span> <span class='ocrx_word' id='word_1_802' title='bbox 1355 5389 1683 5458; x_wconf 69' lang='lat' dir='ltr'><strong>poenitentiae</strong></span> <span class='ocrx_word' id='word_1_803' title='bbox 1715 5388 1927 5443; x_wconf 81' lang='lat' dir='ltr'><strong>labores</strong></span> <span class='ocrx_word' id='word_1_804' title='bbox 1951 5400 2006 5446; x_wconf 87' lang='lat' dir='ltr'><strong>et</strong></span> 
     </span>
    </p>
   </div>
   <div class='ocr_carea' id='block_1_100' title="bbox 322 5476 2009 5549">
    <p class='ocr_par' dir='ltr' id='par_1_100' title="bbox 322 5476 2009 5549">
     <span class='ocr_line' id='line_1_100' title="bbox 322 5476 2009 5549; baseline 0.002 -18"><span class='ocrx_word' id='word_1_805' title='bbox 322 5538 323 5541; x_wconf 28' lang='grc' dir='ltr'><strong>η</strong></span> <span class='ocrx_word' id='word_1_806' title='bbox 425 5476 729 5532; x_wconf 83' lang='lat' dir='ltr'><strong>certamina</strong></span> <span class='ocrx_word' id='word_1_807' title='bbox 785 5477 1108 5535; x_wconf 64' lang='lat' dir='ltr'><strong>detrectent.</strong></span> <span class='ocrx_word' id='word_1_808' title='bbox 1165 5476 1278 5534; x_wconf 87' lang='lat' dir='ltr'><strong>Nec</strong></span> <span class='ocrx_word' id='word_1_809' title='bbox 1330 5482 1535 5549; x_wconf 88' lang='lat' dir='ltr'><strong>absque</strong></span> <span class='ocrx_word' id='word_1_810' title='bbox 1580 5494 1766 5536; x_wconf 90' lang='lat' dir='ltr'><strong>errore</strong></span> <span class='ocrx_word' id='word_1_811' title='bbox 1821 5481 2009 5548; x_wconf 78' lang='lat' dir='ltr'><strong>negari</strong></span> 
     </span>
    </p>
   </div>
   <div class='ocr_carea' id='block_1_101' title="bbox 430 5568 2010 5643">
    <p class='ocr_par' dir='ltr' id='par_1_101' title="bbox 430 5568 2010 5643">
     <span class='ocr_line' id='line_1_101' title="bbox 430 5568 2010 5643; baseline 0.002 -19"><span class='ocrx_word' id='word_1_812' title='bbox 430 5577 626 5640; x_wconf 84' lang='lat' dir='ltr'><strong>p0test.</strong></span> <span class='ocrx_word' id='word_1_813' title='bbox 652 5568 805 5636; x_wconf 88' lang='lat' dir='ltr'><strong>Quod</strong></span> <span class='ocrx_word' id='word_1_814' title='bbox 837 5579 1017 5625; x_wconf 83' lang='lat' dir='ltr'><strong>autem</strong></span> <span class='ocrx_word' id='word_1_815' title='bbox 1049 5584 1261 5638; x_wconf 86' lang='lat' dir='ltr'><strong>omnes,</strong></span> <span class='ocrx_word' id='word_1_816' title='bbox 1299 5571 1351 5626; x_wconf 91' lang='lat' dir='ltr'><strong>in</strong></span> <span class='ocrx_word' id='word_1_817' title='bbox 1387 5572 1585 5642; x_wconf 88' lang='lat' dir='ltr'><strong>quibus</strong></span> <span class='ocrx_word' id='word_1_818' title='bbox 1619 5571 1792 5643; x_wconf 77' lang='lat' dir='ltr'><strong>gratia</strong></span> <span class='ocrx_word' id='word_1_819' title='bbox 1827 5587 2010 5629; x_wconf 86' lang='lat' dir='ltr'><strong>secre-</strong></span> 
     </span>
    </p>
   </div>
   <div class='ocr_carea' id='block_1_102' title="bbox 424 5659 2012 5730">
    <p class='ocr_par' dir='ltr' id='par_1_102' title="bbox 424 5659 2012 5730">
     <span class='ocr_line' id='line_1_102' title="bbox 424 5659 2012 5730; baseline 0.003 -16"><span class='ocrx_word' id='word_1_820' title='bbox 424 5659 543 5716; x_wconf 87' lang='lat' dir='ltr'><strong>tius</strong></span> <span class='ocrx_word' id='word_1_821' title='bbox 580 5669 871 5730; x_wconf 82' lang='lat' dir='ltr'><strong>operatur;</strong></span> <span class='ocrx_word' id='word_1_822' title='bbox 906 5676 1005 5718; x_wconf 89' lang='lat' dir='ltr'><strong>uec</strong></span> <span class='ocrx_word' id='word_1_823' title='bbox 1033 5673 1120 5718; x_wconf 80' lang='lat' dir='ltr'><strong>est</strong></span> <span class='ocrx_word' id='word_1_824' title='bbox 1147 5662 1239 5719; x_wconf 77' lang='lat' dir='ltr'><strong>illa</strong></span> <span class='ocrx_word' id='word_1_825' title='bbox 1273 5664 1531 5720; x_wconf 84' lang='lat' dir='ltr'><strong>revelatio</strong></span> <span class='ocrx_word' id='word_1_826' title='bbox 1560 5679 1654 5721; x_wconf 88' lang='lat' dir='ltr'><strong>seu</strong></span> <span class='ocrx_word' id='word_1_827' title='bbox 1697 5663 2012 5721; x_wconf 86' lang='lat' dir='ltr'><strong>manifesta-</strong></span> 
     </span>
    </p>
   </div>
   <div class='ocr_carea' id='block_1_103' title="bbox 426 5751 2005 5828">
    <p class='ocr_par' dir='ltr' id='par_1_103' title="bbox 426 5751 2005 5828">
     <span class='ocr_line' id='line_1_103' title="bbox 426 5751 2005 5828; baseline -0.001 -15"><span class='ocrx_word' id='word_1_828' title='bbox 426 5755 531 5820; x_wconf 85' lang='lat' dir='ltr'><strong>tio,</strong></span> <span class='ocrx_word' id='word_1_829' title='bbox 564 5752 707 5823; x_wconf 88' lang='lat' dir='ltr'><strong>quod</strong></span> <span class='ocrx_word' id='word_1_830' title='bbox 733 5751 965 5825; x_wconf 83' lang='lat' dir='ltr'><strong>Symeon</strong></span> <span class='ocrx_word' id='word_1_831' title='bbox 1004 5755 1221 5811; x_wconf 87' lang='lat' dir='ltr'><strong>videtur</strong></span> <span class='ocrx_word' id='word_1_832' title='bbox 1252 5756 1494 5828; x_wconf 78' lang='lat' dir='ltr'><strong>exigere,</strong></span> <span class='ocrx_word' id='word_1_833' title='bbox 1527 5766 1794 5813; x_wconf 89' lang='lat' dir='ltr'><strong>mortuam</strong></span> <span class='ocrx_word' id='word_1_834' title='bbox 1843 5758 2005 5814; x_wconf 83' lang='lat' dir='ltr'><strong>ﬁdem</strong></span> 
     </span>
    </p>
   </div>
   <div class='ocr_carea' id='block_1_104' title="bbox 429 5846 2008 5928">
    <p class='ocr_par' dir='ltr' id='par_1_104' title="bbox 429 5846 2008 5928">
     <span class='ocr_line' id='line_1_104' title="bbox 429 5846 2008 5928; baseline 0.001 -24"><span class='ocrx_word' id='word_1_835' title='bbox 429 5848 691 5921; x_wconf 66' lang='lat' dir='ltr'><strong>habeant,</strong></span> <span class='ocrx_word' id='word_1_836' title='bbox 720 5848 928 5927; x_wconf 84' lang='lat' dir='ltr'><strong>hocque</strong></span> <span class='ocrx_word' id='word_1_837' title='bbox 954 5846 1041 5907; x_wconf 88' lang='lat' dir='ltr'><strong>ille</strong></span> <span class='ocrx_word' id='word_1_838' title='bbox 1073 5846 1224 5923; x_wconf 77' lang='lat' dir='ltr'><strong>velit,l</strong></span> <span class='ocrx_word' id='word_1_839' title='bbox 1258 5850 1482 5928; x_wconf 76' lang='lat' dir='ltr'><strong>majoris</strong></span> <span class='ocrx_word' id='word_1_840' title='bbox 1507 5851 1712 5919; x_wconf 78' lang='lat' dir='ltr'><strong>erroris</strong></span> <span class='ocrx_word' id='word_1_841' title='bbox 1739 5851 1829 5909; x_wconf 89' lang='lat' dir='ltr'><strong>sit.</strong></span> <span class='ocrx_word' id='word_1_842' title='bbox 1858 5850 2008 5906; x_wconf 74' lang='lat' dir='ltr'><strong>Hrec-</strong></span> 
     </span>
    </p>
   </div>
   <div class='ocr_carea' id='block_1_105' title="bbox 2110 4643 3686 4721">
    <p class='ocr_par' dir='ltr' id='par_1_105' title="bbox 2110 4643 3686 4721">
     <span class='ocr_line' id='line_1_105' title="bbox 2110 4643 3686 4721; baseline -0.01 -12"><span class='ocrx_word' id='word_1_843' title='bbox 2110 4662 2355 4718; x_wconf 84' lang='lat' dir='ltr'><strong>errante,</strong></span> <span class='ocrx_word' id='word_1_844' title='bbox 2384 4650 2627 4721; x_wconf 86' lang='lat' dir='ltr'><strong>scripsit.</strong></span> <span class='ocrx_word' id='word_1_845' title='bbox 2672 4648 2763 4704; x_wconf 88' lang='lat' dir='ltr'><strong>Sic</strong></span> <span class='ocrx_word' id='word_1_846' title='bbox 2797 4661 2979 4704; x_wconf 78' lang='lat' dir='ltr'><strong>autem</strong></span> <span class='ocrx_word' id='word_1_847' title='bbox 3030 4648 3340 4717; x_wconf 81' lang='lat' dir='ltr'><strong>scripsisse;</strong></span> <span class='ocrx_word' id='word_1_848' title='bbox 3371 4658 3425 4701; x_wconf 88' lang='lat' dir='ltr'><strong>et</strong></span> <span class='ocrx_word' id='word_1_849' title='bbox 3452 4647 3504 4700; x_wconf 90' lang='lat' dir='ltr'><strong>in</strong></span> <span class='ocrx_word' id='word_1_850' title='bbox 3533 4643 3686 4698; x_wconf 84' lang='lat' dir='ltr'><strong>disci-</strong></span> 
     </span>
    </p>
   </div>
   <div class='ocr_carea' id='block_1_106' title="bbox 2108 4737 3683 4817">
    <p class='ocr_par' dir='ltr' id='par_1_106' title="bbox 2108 4737 3683 4817">
     <span class='ocr_line' id='line_1_106' title="bbox 2108 4737 3683 4817; baseline -0.008 -19"><span class='ocrx_word' id='word_1_851' title='bbox 2108 4745 2263 4817; x_wconf 86' lang='lat' dir='ltr'><strong>pulos</strong></span> <span class='ocrx_word' id='word_1_852' title='bbox 2293 4745 2558 4815; x_wconf 83' lang='lat' dir='ltr'><strong>sparsisse</strong></span> <span class='ocrx_word' id='word_1_853' title='bbox 2575 4760 2696 4813; x_wconf 70' lang='lat' dir='ltr'><strong>qua:</strong></span> <span class='ocrx_word' id='word_1_854' title='bbox 2719 4741 3023 4817; x_wconf 67' lang='lat' dir='ltr'><strong>Messaliaui</strong></span> <span class='ocrx_word' id='word_1_855' title='bbox 3054 4751 3106 4797; x_wconf 90' lang='lat' dir='ltr'><strong>et</strong></span> <span class='ocrx_word' id='word_1_856' title='bbox 3133 4738 3579 4812; x_wconf 71' lang='lat' dir='ltr'><strong>Omphalepsythi</strong></span> <span class='ocrx_word' id='word_1_857' title='bbox 3600 4737 3683 4788; x_wconf 86' lang='lat' dir='ltr'><strong>in-</strong></span> 
     </span>
    </p>
   </div>
   <div class='ocr_carea' id='block_1_107' title="bbox 2112 4808 3675 4910">
    <p class='ocr_par' dir='ltr' id='par_1_107' title="bbox 2112 4808 3675 4910">
     <span class='ocr_line' id='line_1_107' title="bbox 2112 4808 3675 4910; baseline -0.011 -15"><span class='ocrx_word' id='word_1_858' title='bbox 2112 4808 2195 4895; x_wconf 76' lang='lat' dir='ltr'><strong>ter</strong></span> <span class='ocrx_word' id='word_1_859' title='bbox 2235 4852 2437 4910; x_wconf 88' lang='lat' dir='ltr'><strong>paucos</strong></span> <span class='ocrx_word' id='word_1_860' title='bbox 2466 4838 2729 4891; x_wconf 80' lang='lat' dir='ltr'><strong>duntaxat</strong></span> <span class='ocrx_word' id='word_1_861' title='bbox 2761 4808 3039 4905; x_wconf 57' lang='lat' dir='ltr'><strong>magisque</strong></span> <span class='ocrx_word' id='word_1_862' title='bbox 3070 4833 3255 4888; x_wconf 78' lang='lat' dir='ltr'><strong>ﬁdeles</strong></span> <span class='ocrx_word' id='word_1_863' title='bbox 3288 4833 3632 4886; x_wconf 83' lang='lat' dir='ltr'><strong>mussitabant</strong></span> <span class='ocrx_word' id='word_1_864' title='bbox 3660 4864 3675 4887; x_wconf 84' lang='lat'><strong><em>.</em></strong></span> 
     </span>
    </p>
   </div>
   <div class='ocr_carea' id='block_1_108' title="bbox 2109 4923 3678 5003">
    <p class='ocr_par' dir='ltr' id='par_1_108' title="bbox 2109 4923 3678 5003">
     <span class='ocr_line' id='line_1_108' title="bbox 2109 4923 3678 5003; baseline -0.01 -17"><span class='ocrx_word' id='word_1_865' title='bbox 2109 4940 2164 4986; x_wconf 86' lang='lat' dir='ltr'><strong>ct</strong></span> <span class='ocrx_word' id='word_1_866' title='bbox 2194 4930 2247 4984; x_wconf 87' lang='lat' dir='ltr'><strong>in</strong></span> <span class='ocrx_word' id='word_1_867' title='bbox 2280 4928 2390 4985; x_wconf 90' lang='lat' dir='ltr'><strong>illis</strong></span> <span class='ocrx_word' id='word_1_868' title='bbox 2425 4930 2680 5003; x_wconf 82' lang='lat' dir='ltr'><strong>damnata</strong></span> <span class='ocrx_word' id='word_1_869' title='bbox 2715 4935 2875 4981; x_wconf 86' lang='lat' dir='ltr'><strong>erant</strong></span> <span class='ocrx_word' id='word_1_870' title='bbox 2900 4967 2913 4993; x_wconf 92' lang='lat'><strong>,</strong></span> <span class='ocrx_word' id='word_1_871' title='bbox 2951 4940 3059 4980; x_wconf 90' lang='lat' dir='ltr'><strong>non</strong></span> <span class='ocrx_word' id='word_1_872' title='bbox 3097 4924 3254 4980; x_wconf 86' lang='lat' dir='ltr'><strong>facile</strong></span> <span class='ocrx_word' id='word_1_873' title='bbox 3295 4923 3428 4978; x_wconf 83' lang='lat' dir='ltr'><strong>mihi</strong></span> <span class='ocrx_word' id='word_1_874' title='bbox 3467 4934 3678 4994; x_wconf 84' lang='lat' dir='ltr'><strong>persna-</strong></span> 
     </span>
    </p>
   </div>
   <div class='ocr_carea' id='block_1_109' title="bbox 2111 5014 3676 5101">
    <p class='ocr_par' dir='ltr' id='par_1_109' title="bbox 2111 5014 3676 5101">
     <span class='ocr_line' id='line_1_109' title="bbox 2111 5014 3676 5101; baseline -0.003 -26"><span class='ocrx_word' id='word_1_875' title='bbox 2111 5021 2305 5087; x_wconf 86' lang='lat' dir='ltr'><strong>deam;</strong></span> <span class='ocrx_word' id='word_1_876' title='bbox 2340 5020 2480 5090; x_wconf 88' lang='lat' dir='ltr'><strong>quod</strong></span> <span class='ocrx_word' id='word_1_877' title='bbox 2526 5019 2583 5076; x_wconf 85' lang='lat' dir='ltr'><strong>in</strong></span> <span class='ocrx_word' id='word_1_878' title='bbox 2634 5019 2755 5073; x_wconf 87' lang='lat' dir='ltr'><strong>aliis</strong></span> <span class='ocrx_word' id='word_1_879' title='bbox 2802 5018 2938 5074; x_wconf 80' lang='lat' dir='ltr'><strong>locis</strong></span> <span class='ocrx_word' id='word_1_880' title='bbox 2983 5017 3127 5101; x_wconf 69' lang='lat' dir='ltr'><strong>pihil</strong></span> <span class='ocrx_word' id='word_1_881' title='bbox 3163 5016 3429 5087; x_wconf 85' lang='lat' dir='ltr'><strong>ejusmodi</strong></span> <span class='ocrx_word' id='word_1_882' title='bbox 3477 5014 3676 5070; x_wconf 84' lang='lat' dir='ltr'><strong>habeat.</strong></span> 
     </span>
    </p>
   </div>
   <div class='ocr_carea' id='block_1_110' title="bbox 2113 5103 3678 5184">
    <p class='ocr_par' dir='ltr' id='par_1_110' title="bbox 2113 5103 3678 5184">
     <span class='ocr_line' id='line_1_110' title="bbox 2113 5103 3678 5184; baseline -0.007 -16"><span class='ocrx_word' id='word_1_883' title='bbox 2113 5113 2294 5184; x_wconf 83' lang='lat' dir='ltr'><strong>Exigit</strong></span> <span class='ocrx_word' id='word_1_884' title='bbox 2322 5114 2409 5169; x_wconf 90' lang='lat' dir='ltr'><strong>ille</strong></span> <span class='ocrx_word' id='word_1_885' title='bbox 2444 5112 2689 5184; x_wconf 85' lang='lat' dir='ltr'><strong>quidem,</strong></span> <span class='ocrx_word' id='word_1_886' title='bbox 2740 5121 2797 5167; x_wconf 87' lang='lat' dir='ltr'><strong>ut</strong></span> <span class='ocrx_word' id='word_1_887' title='bbox 2840 5120 2894 5165; x_wconf 88' lang='lat' dir='ltr'><strong>et</strong></span> <span class='ocrx_word' id='word_1_888' title='bbox 2943 5111 3139 5180; x_wconf 74' lang='lat' dir='ltr'><strong>reliqui</strong></span> <span class='ocrx_word' id='word_1_889' title='bbox 3186 5108 3423 5180; x_wconf 83' lang='lat' dir='ltr'><strong>mystici,</strong></span> <span class='ocrx_word' id='word_1_890' title='bbox 3458 5106 3522 5160; x_wconf 87' lang='lat' dir='ltr'><strong>ad</strong></span> <span class='ocrx_word' id='word_1_891' title='bbox 3555 5103 3678 5159; x_wconf 73' lang='lat' dir='ltr'><strong>reri-</strong></span> 
     </span>
    </p>
   </div>
   <div class='ocr_carea' id='block_1_111' title="bbox 2111 5199 3675 5275">
    <p class='ocr_par' dir='ltr' id='par_1_111' title="bbox 2111 5199 3675 5275">
     <span class='ocr_line' id='line_1_111' title="bbox 2111 5199 3675 5275; baseline -0.01 -15"><span class='ocrx_word' id='word_1_892' title='bbox 2111 5205 2365 5275; x_wconf 86' lang='lat' dir='ltr'><strong>pieudum</strong></span> <span class='ocrx_word' id='word_1_893' title='bbox 2394 5205 2630 5260; x_wconf 89' lang='lat' dir='ltr'><strong>divinum</strong></span> <span class='ocrx_word' id='word_1_894' title='bbox 2679 5203 2882 5266; x_wconf 87' lang='lat' dir='ltr'><strong>lumen,</strong></span> <span class='ocrx_word' id='word_1_895' title='bbox 2911 5202 3147 5273; x_wconf 85' lang='lat' dir='ltr'><strong>aliquam</strong></span> <span class='ocrx_word' id='word_1_896' title='bbox 3181 5201 3234 5253; x_wconf 92' lang='lat' dir='ltr'><strong>in</strong></span> <span class='ocrx_word' id='word_1_897' title='bbox 3283 5199 3441 5254; x_wconf 83' lang='lat' dir='ltr'><strong>nobis</strong></span> <span class='ocrx_word' id='word_1_898' title='bbox 3485 5210 3675 5267; x_wconf 58' lang='lat' dir='ltr'><strong>purpu-</strong></span> 
     </span>
    </p>
   </div>
   <div class='ocr_carea' id='block_1_112' title="bbox 2117 5286 3674 5368">
    <p class='ocr_par' dir='ltr' id='par_1_112' title="bbox 2117 5286 3674 5368">
     <span class='ocr_line' id='line_1_112' title="bbox 2117 5286 3674 5368; baseline -0.009 -16"><span class='ocrx_word' id='word_1_899' title='bbox 2117 5298 2420 5363; x_wconf 89' lang='lat' dir='ltr'><strong>rationem;</strong></span> <span class='ocrx_word' id='word_1_900' title='bbox 2454 5300 2742 5368; x_wconf 87' lang='lat' dir='ltr'><strong>puritatem</strong></span> <span class='ocrx_word' id='word_1_901' title='bbox 2789 5293 2993 5355; x_wconf 89' lang='lat' dir='ltr'><strong>cordis,</strong></span> <span class='ocrx_word' id='word_1_902' title='bbox 3027 5292 3441 5354; x_wconf 85' lang='lat' dir='ltr'><strong>contritionem,</strong></span> <span class='ocrx_word' id='word_1_903' title='bbox 3476 5286 3674 5341; x_wconf 84' lang='lat' dir='ltr'><strong>humili-</strong></span> 
     </span>
    </p>
   </div>
   <div class='ocr_carea' id='block_1_113' title="bbox 2116 5380 3673 5455">
    <p class='ocr_par' dir='ltr' id='par_1_113' title="bbox 2116 5380 3673 5455">
     <span class='ocr_line' id='line_1_113' title="bbox 2116 5380 3673 5455; baseline -0.01 -13"><span class='ocrx_word' id='word_1_904' title='bbox 2116 5397 2279 5444; x_wconf 87' lang='lat' dir='ltr'><strong>tatem</strong></span> <span class='ocrx_word' id='word_1_905' title='bbox 2306 5403 2320 5452; x_wconf 87' lang='lat'><strong>;</strong></span> <span class='ocrx_word' id='word_1_906' title='bbox 2353 5401 2569 5441; x_wconf 90' lang='lat' dir='ltr'><strong>omnem</strong></span> <span class='ocrx_word' id='word_1_907' title='bbox 2602 5385 2852 5455; x_wconf 78' lang='lat' dir='ltr'><strong>denique</strong></span> <span class='ocrx_word' id='word_1_908' title='bbox 2875 5384 3169 5445; x_wconf 85' lang='grc' dir='ltr'>ἀπάθειαν,</span> <span class='ocrx_word' id='word_1_909' title='bbox 3208 5393 3263 5436; x_wconf 89' lang='lat' dir='ltr'><strong>et</strong></span> <span class='ocrx_word' id='word_1_910' title='bbox 3290 5392 3347 5434; x_wconf 90' lang='lat' dir='ltr'><strong>nt</strong></span> <span class='ocrx_word' id='word_1_911' title='bbox 3388 5380 3545 5434; x_wconf 68' lang='lat' dir='ltr'><strong>hostio</strong></span> <span class='ocrx_word' id='word_1_912' title='bbox 3572 5391 3673 5432; x_wconf 88' lang='lat' dir='ltr'><strong>sen-</strong></span> 
     </span>
    </p>
   </div>
   <div class='ocr_carea' id='block_1_114' title="bbox 2114 5470 3675 5547">
    <p class='ocr_par' dir='ltr' id='par_1_114' title="bbox 2114 5470 3675 5547">
     <span class='ocr_line' id='line_1_114' title="bbox 2114 5470 3675 5547; baseline -0.012 -10"><span class='ocrx_word' id='word_1_913' title='bbox 2114 5480 2266 5537; x_wconf 85' lang='lat' dir='ltr'><strong>sibus</strong></span> <span class='ocrx_word' id='word_1_914' title='bbox 2296 5479 2524 5534; x_wconf 71' lang='lat' dir='ltr'><strong>excedat</strong></span> <span class='ocrx_word' id='word_1_915' title='bbox 2554 5480 2744 5547; x_wconf 89' lang='lat' dir='ltr'><strong>eisque</strong></span> <span class='ocrx_word' id='word_1_916' title='bbox 2783 5476 3064 5542; x_wconf 87' lang='lat' dir='ltr'><strong>moriatur,</strong></span> <span class='ocrx_word' id='word_1_917' title='bbox 3106 5488 3225 5540; x_wconf 67' lang='lat' dir='ltr'><strong>qua:</strong></span> <span class='ocrx_word' id='word_1_918' title='bbox 3258 5482 3386 5528; x_wconf 85' lang='lat' dir='ltr'><strong>sunt</strong></span> <span class='ocrx_word' id='word_1_919' title='bbox 3419 5470 3571 5543; x_wconf 83' lang='lat' dir='ltr'><strong>quasi</strong></span> <span class='ocrx_word' id='word_1_920' title='bbox 3606 5480 3675 5519; x_wconf 82' lang='lat' dir='ltr'><strong>re-</strong></span> 
     </span>
    </p>
   </div>
   <div class='ocr_carea' id='block_1_115' title="bbox 2118 5561 3676 5640">
    <p class='ocr_par' dir='ltr' id='par_1_115' title="bbox 2118 5561 3676 5640">
     <span class='ocr_line' id='line_1_115' title="bbox 2118 5561 3676 5640; baseline -0.009 -14"><span class='ocrx_word' id='word_1_921' title='bbox 2118 5586 2363 5636; x_wconf 84' lang='lat' dir='ltr'><strong>movens,</strong></span> <span class='ocrx_word' id='word_1_922' title='bbox 2393 5572 2534 5640; x_wconf 85' lang='lat' dir='ltr'><strong>quod</strong></span> <span class='ocrx_word' id='word_1_923' title='bbox 2567 5569 2807 5625; x_wconf 72' lang='lat' dir='ltr'><strong>adlatum</strong></span> <span class='ocrx_word' id='word_1_924' title='bbox 2845 5567 3085 5622; x_wconf 89' lang='lat' dir='ltr'><strong>divinum</strong></span> <span class='ocrx_word' id='word_1_925' title='bbox 3116 5566 3401 5636; x_wconf 86' lang='lat' dir='ltr'><strong>prohibeat</strong></span> <span class='ocrx_word' id='word_1_926' title='bbox 3429 5581 3443 5618; x_wconf 88' lang='lat'><strong>:</strong></span> <span class='ocrx_word' id='word_1_927' title='bbox 3478 5561 3564 5631; x_wconf 88' lang='lat' dir='ltr'><strong>qui</strong></span> <span class='ocrx_word' id='word_1_928' title='bbox 3593 5570 3676 5613; x_wconf 73' lang='lat' dir='ltr'><strong>nec</strong></span> 
     </span>
    </p>
   </div>
   <div class='ocr_carea' id='block_1_116' title="bbox 2118 5650 3673 5734">
    <p class='ocr_par' dir='ltr' id='par_1_116' title="bbox 2118 5650 3673 5734">
     <span class='ocr_line' id='line_1_116' title="bbox 2118 5650 3673 5734; baseline -0.009 -14"><span class='ocrx_word' id='word_1_929' title='bbox 2118 5666 2233 5734; x_wconf 86' lang='lat' dir='ltr'><strong>ipse</strong></span> <span class='ocrx_word' id='word_1_930' title='bbox 2261 5664 2342 5718; x_wconf 89' lang='lat' dir='ltr'><strong>his</strong></span> <span class='ocrx_word' id='word_1_931' title='bbox 2371 5660 2678 5718; x_wconf 86' lang='lat' dir='ltr'><strong>necessario</strong></span> <span class='ocrx_word' id='word_1_932' title='bbox 2710 5676 2896 5716; x_wconf 85' lang='lat' dir='ltr'><strong>comes</strong></span> <span class='ocrx_word' id='word_1_933' title='bbox 2928 5661 2999 5715; x_wconf 88' lang='lat' dir='ltr'><strong>sit</strong></span> <span class='ocrx_word' id='word_1_934' title='bbox 3027 5701 3040 5724; x_wconf 89' lang='lat'><strong>,</strong></span> <span class='ocrx_word' id='word_1_935' title='bbox 3074 5659 3165 5713; x_wconf 87' lang='lat' dir='ltr'><strong>sed</strong></span> <span class='ocrx_word' id='word_1_936' title='bbox 3200 5667 3360 5729; x_wconf 85' lang='lat' dir='ltr'><strong>prout</strong></span> <span class='ocrx_word' id='word_1_937' title='bbox 3388 5654 3580 5711; x_wconf 87' lang='lat' dir='ltr'><strong>sederit</strong></span> <span class='ocrx_word' id='word_1_938' title='bbox 3602 5650 3673 5704; x_wconf 86' lang='lat' dir='ltr'><strong>di-</strong></span> 
     </span>
    </p>
   </div>
   <div class='ocr_carea' id='block_1_117' title="bbox 2118 5751 3671 5825">
    <p class='ocr_par' dir='ltr' id='par_1_117' title="bbox 2118 5751 3671 5825">
     <span class='ocr_line' id='line_1_117' title="bbox 2118 5751 3671 5825; baseline -0.007 -14"><span class='ocrx_word' id='word_1_939' title='bbox 2118 5758 2256 5812; x_wconf 69' lang='lat' dir='ltr'><strong>vium</strong></span> <span class='ocrx_word' id='word_1_940' title='bbox 2289 5755 2578 5823; x_wconf 86' lang='lat' dir='ltr'><strong>voluntati,</strong></span> <span class='ocrx_word' id='word_1_941' title='bbox 2611 5770 2676 5809; x_wconf 91' lang='lat' dir='ltr'><strong>ac</strong></span> <span class='ocrx_word' id='word_1_942' title='bbox 2709 5768 2767 5809; x_wconf 90' lang='lat' dir='ltr'><strong>se</strong></span> <span class='ocrx_word' id='word_1_943' title='bbox 2813 5751 3059 5825; x_wconf 87' lang='lat' dir='ltr'><strong>Sponsus</strong></span> <span class='ocrx_word' id='word_1_944' title='bbox 3106 5752 3427 5822; x_wconf 79' lang='lat' dir='ltr'><strong>dignabitur</strong></span> <span class='ocrx_word' id='word_1_945' title='bbox 3474 5754 3671 5818; x_wconf 73' lang='lat' dir='ltr'><strong>sponsa!</strong></span> 
     </span>
    </p>
   </div>
   <div class='ocr_carea' id='block_1_118' title="bbox 2119 5834 3669 5920">
    <p class='ocr_par' dir='ltr' id='par_1_118' title="bbox 2119 5834 3669 5920">
     <span class='ocr_line' id='line_1_118' title="bbox 2119 5834 3669 5920; baseline -0.01 -15"><span class='ocrx_word' id='word_1_946' title='bbox 2119 5850 2487 5905; x_wconf 72' lang='lat' dir='ltr'><strong>rnattifestarv.</strong></span> <span class='ocrx_word' id='word_1_947' title='bbox 2521 5846 2576 5903; x_wconf 86' lang='lat' dir='ltr'><strong>In</strong></span> <span class='ocrx_word' id='word_1_948' title='bbox 2614 5863 2716 5920; x_wconf 89' lang='lat' dir='ltr'><strong>qua</strong></span> <span class='ocrx_word' id='word_1_949' title='bbox 2758 5848 2872 5916; x_wconf 83' lang='lat' dir='ltr'><strong>ipsa</strong></span> <span class='ocrx_word' id='word_1_950' title='bbox 2908 5860 2962 5901; x_wconf 88' lang='lat' dir='ltr'><strong>re</strong></span> <span class='ocrx_word' id='word_1_951' title='bbox 3006 5844 3313 5900; x_wconf 85' lang='lat' dir='ltr'><strong>necessaria</strong></span> <span class='ocrx_word' id='word_1_952' title='bbox 3359 5843 3429 5899; x_wconf 90' lang='lat' dir='ltr'><strong>sit</strong></span> <span class='ocrx_word' id='word_1_953' title='bbox 3461 5834 3669 5895; x_wconf 77' lang='lat' dir='ltr'><strong>maxima</strong></span> 
     </span>
    </p>
   </div>
  </div>
