3882 6552
202 400 276 484 esi
912 430 1010 490 DE
1055 430 1424 493 ESSENTIA
1465 433 1561 494 ET
1600 423 2088 499 OPERATIONE
2129 466 2194 477 --
2235 439 2661 501 veterano.

3308 436 3416 501 232

201 531 408 603 quaedam
437 531 694 588 modestia
727 543 782 588 et
814 538 1017 599 cautio.
1045 539 1259 594 nedum
1284 556 1480 610 sponsa
1506 543 1733 597 nimium

1844 556 1921 600 tus
1952 547 2087 602 nihil
2120 548 2331 603 habebis
2363 567 2382 606 :
2416 548 2507 602 sed
2544 549 2727 601 statim
2757 555 2895 603 totus
2928 564 2960 603 a
3007 558 3055 604 te
3087 549 3414 619 disparebit,

201 638 352 680 tenere
379 625 520 694 cupit
545 624 756 698 sibique
791 628 1066 692 addicere,
1097 640 1148 684 et
1178 631 1231 684 in
1262 631 1378 700 ejus
1408 633 1613 687 intrare
1641 649 1729 688 se-

199 731 334 782 creta,
376 716 644 786 Sponsum
693 729 849 790 cogat
897 722 1150 778 .avolare.
1203 723 1381 778 Serm.
1441 725 1579 793 Περὶ
1629 726 1732 795 τῆς

199 808 420 872 ζωοποιοῦ
445 808 786 876 νειιρώσεως,
824 823 941 879 post
976 824 1358 883 exaggeratam:
1419 809 1510 868 Dei
1542 816 1734 886 digna-

199 903 382 960 tionem,
421 901 560 967 quod
601 903 654 954 in
691 904 846 956 nobis
878 919 973 972 per
1009 907 1384 969 paenitentiam
1425 907 1732 962 inhabitare

197 1008 244 1046 ac
277 993 593 1046 inambulare
621 995 913 1057 sustineat,
954 994 1306 1050 redeuntibus
1334 1010 1650 1060 occurrere;
1678 996 1731 1050 in

196 1085 355 1138 collum
396 1101 572 1146 ruere.
597 1087 784 1140 osculo
817 1088 1085 1155 accipere,
1118 1103 1181 1142 ac
1213 1089 1416 1158 reliqua
1455 1101 1733 1159 pranstare,

194 1195 287 1247 qua!
312 1181 404 1232 snh
454 1179 671 1249 Prodigi
711 1196 942 1250 persona
995 1198 1059 1238 ac
1112 1183 1370 1252 parabola
1429 1184 1731 1253 perscripta

193 1283 290 1325 sunt
322 1273 370 1326 in
403 1273 562 1328 Lucae
609 1273 944 1343 Evangelia;
983 1276 1124 1331 unde
1161 1278 1344 1341 homo,
1393 1278 1551 1346 quasi
1600 1293 1740 1347 prat-

193 1381 336 1430 gnatis
362 1363 488 1429 Deo,
518 1381 695 1437 eoque
724 1369 920 1436 plenus
940 1409 954 1434 ,
987 1369 1132 1424 intra
1165 1370 1417 1423 notitiam
1450 1385 1573 1424 eum
1611 1385 1740 1438 por-

194 1468 273 1518 lat,
307 1457 388 1524 qui
432 1457 608 1525 ipsum
643 1468 948 1524 portantem
985 1470 1036 1511 et
1065 1461 1248 1515 omnia
1283 1461 1537 1529 produxit
1587 1476 1740 1514 crea-

193 1553 368 1615 vitque,
421 1549 714 1620 Θησαυρὸν
780 1553 1008 1618 ἄφατον,
1077 1553 1466 1620 ἀνεκ)άλητον,
1511 1552 1737 1615 ᾶποσον,

192 1643 390 1702 ᾰνῐδεον,
441 1643 626 1706 ἇῦλον,
679 1644 1112 1712 ἀσχημάτιστον,
1149 1646 1206 1696 ὲν
1237 1644 1509 1712 ἀμηχάνῳ
1555 1642 1739 1696 κάλλει

193 1732 612 1801 μεμορφωμένον,
648 1732 766 1784 ὅλον
805 1734 1029 1794 ἁπλοῦν,
1061 1733 1249 1804 ὥσπερ
1298 1734 1434 1800 φῶς,
1468 1734 1562 1786 τὸν
1596 1734 1736 1803 ὑπὲρ

189 1826 276 1875 πίν
300 1827 432 1888 ςῶς.
481 1823 810 1880 Thesaurum
842 1827 1190 1893 ineﬂ'abilem,
1215 1826 1367 1880 nulla
1395 1827 1652 1879 sermonis
1687 1828 1735 1880 vi

188 1915 536 1981 explicabilem,
559 1918 859 1986 qualitatis,
886 1919 1225 1987 quantitatis,
1243 1917 1450 1986 formae,
1475 1918 1730 1981 mnterice,

190 2013 343 2077 figura
367 2018 649 2079 expertem,
675 2011 931 2064 immensa
956 2010 1370 2077 pulchritudine,
1401 2020 1569 2064 totum
1602 2012 1734 2064 sint-

189 2100 512 2166 yliccm,.oelut
531 2102 730 2165 lumen,
746 2102 882 2171 quod
896 2119 1047 2155 omne
1062 2101 1264 2155 excedit
1285 2102 1458 2155 lumen
1475 2120 1493 2167 ;
1509 2119 1615 2171 quo
1633 2102 1738 2155 uti-

189 2209 271 2259 que
286 2195 515 2246 omnium
531 2194 830 2249 ditissimus
855 2195 1534 2263 beatissimusque,nullius
1550 2210 1732 2262 egens,

191 2294 231 2337 ει
257 2298 399 2348 quem
417 2284 557 2338 nulla
589 2285 721 2339 loris
748 2286 1016 2341 desideria
1047 2286 1294 2356 fatigent,
1319 2287 1498 2341 evadit
1524 2288 1626 2349 ;ita
1659 2302 1734 2339 sa-

195 2375 377 2441 pienter
398 2378 672 2431 admonet.
702 2378 874 2430 Βλέπε
905 2380 931 2430 ὁ
966 2377 1206 2441 τοιοῦτος
1247 2377 1502 2444 γενέσθαι
1531 2377 1733 2443 ἀξιωθ-

191 2470 270 2528 εὶς,
294 2469 318 2518 ὁ
343 2466 547 2522 ἑνοικον
583 2469 934 2538 κτησάμενος
964 2469 1084 2522 ὅλον
1117 2472 1175 2522 ὲν
1216 2469 1427 2538 σεαυτῷ
1455 2468 1547 2521 τὸν
1571 2469 1726 2532 Θεὸν,

193 2560 372 2624 μήποτε
400 2558 623 2624 ἀνάξιόν
643 2577 697 2614 τι
726 2560 819 2614 τοῦ
845 2561 1148 2631 θελήματος
1169 2559 1334 2614 αὐτοῦ
1359 2562 1391 2630 ἢ
1423 2560 1669 2630 πράξεις,
1699 2559 1732 2628 ἢ

190 2650 240 2700 ἐκ
262 2650 469 2718 χειλέων
493 2653 811 2723 προφέρεις,
837 2652 928 2705 καὶ
956 2652 1116 2714 εὐθὺς
1136 2651 1420 2714 ἀπολέσεις
1445 2657 1537 2704 τὸν
1563 2652 1620 2702 ὲν
1647 2653 1736 2704 σοὶ

192 2740 542 2809 κεκρυμμένον
582 2741 858 2812 θησαυρὸν
887 2783 902 2806 ,
947 2742 1365 2805 ἀπαναστάντος
1407 2741 1572 2795 αὐτοῦ
1619 2742 1728 2793 ἀπὸ

191 2831 287 2885 σοῦ.
312 2833 548 2903 Τίμησον
579 2833 744 2886 αὐτὸν
779 2835 904 2888 ὅσον
941 2835 1020 2895 εἰς
1055 2832 1308 2904 δύναμιν,
1332 2832 1423 2886 καὶ
1447 2832 1598 2886 οὐδὲν
1627 2831 1735 2884 τῶν

191 2925 342 2977 αὐτῶν
375 2927 447 2995 μὴ
494 2927 1036 2996 ἀρεσκόντων,,μηδὲ
1073 2927 1387 2996 προσόντων
1437 2924 1588 2995 αὐτῷ
1641 2942 1739 2993 φυ-

193 3015 334 3078 σικῶς
368 3016 718 3084 παρεισὰξεις
745 3017 825 3079 εἰς
857 3015 957 3086 τὴν
1001 3016 1180 3068 οὶκίαν
1210 3014 1401 3081 αὐτοῦ,
1449 3016 1542 3068 καὶ
1573 3015 1738 3076 ἐάσας

194 3125 241 3160 σε
265 3111 589 3177 ἀναχωρήσει
638 3107 918 3176 ὀργισθεὶς
961 3108 1103 3178 μετὰ
1152 3108 1273 3162 σοῦ.
1303 3109 1395 3178 Μὴ
1437 3107 1729 3175 πολυλόγει

197 3199 310 3267 πρὸς
331 3200 507 3264 αὐτὸν,
543 3199 682 3270 μηδι
713 3200 1029 3270 πρόσπιπτε
1064 3198 1464 3269 ἀναισχύντως,
1496 3199 1554 3250 ὲν
1584 3215 1740 3251 σεαυ-

193 3253 256 3360 sti)
276 3253 646 3362 ίογιζόμενοςι,
677 3255 773 3345 καί
802 3291 996 3360 λέγων·
1056 3253 1437 3361 Ἐπιδεῖξομαι
1451 3253 1738 3362 ’ὑπερθὰλο
1766 3253 1809 3310 C

194 3382 363 3437 λουσαν
391 3383 744 3454 θερμότητα,
781 3383 878 3436 καὶ
928 3381 1092 3454 ζῆλον
1143 3383 1368 3452 ἀγάπης
1423 3381 1592 3436 πολὺν
1635 3381 1737 3451 τῆς

199 3478 308 3542 1:95;
337 3476 518 3542 αὑτὸν,
557 3476 646 3530 ἵνα
675 3492 776 3545 μου
815 3474 915 3546 τὴν
949 3475 1211 3544 πρόθεσιν
1247 3473 1601 3544 ἀποδέξηται,
1642 3473 1739 3526 καὶ

198 3570 290 3634 γνῷ
315 3568 388 3620 ὅτι
418 3565 619 3636 ἀγαπῶ
667 3567 766 3620 καὶ
793 3566 942 3636 τιμῶ
981 3566 1170 3623 αὐτόν.
1215 3564 1358 3620 Ἰσθι
1388 3564 1484 3618 οὖν
1509 3566 1596 3618 ὅτι
1626 3563 1738 3636 πρὸ

199 3655 276 3707 τοῦ
311 3657 474 3712 ταῦτα
512 3656 770 3712 ἐννοῆσαι
821 3674 884 3710 σε
933 3658 1142 3721 ἐκεῖνος
1190 3656 1400 3719 πάντας
1433 3657 1559 3720 τοὺς
1582 3657 1735 3724 λογι-

199 3748 345 3813 σμούς
403 3767 494 3804 σου
560 3751 855 3803 ἐπίσταται
915 3750 1012 3803 καὶ
1060 3748 1214 3802 οὐδὲν
1268 3749 1434 3802 αὑτὸν
1490 3747 1735 3820 λέληθεν.

209 3839 342 3893 Ἀλλὰ
396 3842 505 3910 γὰρ
563 3841 698 3913 μηδὲ
752 3842 968 3913 νοεραῖς
1016 3842 1175 3911 χερσὶ
1241 3840 1519 3911 κρατῆσαι
1571 3841 1736 3894 αὑτὸν

199 3932 539 4007 ἐπιχειρήσῃς·
571 3936 810 4005 ἄληπτος
828 3935 936 4004 γάρ
958 3936 1098 3990 ἐστι’
1125 3934 1219 3988 καὶ
1236 3936 1360 3988 ὅσον
1377 3931 1617 4003 ἅψασθαι
1641 3933 1740 3988 αὑ-

199 4023 275 4076 τοῦ
299 4027 626 4096 τολμήσειςῆ
659 4030 954 4098 κατασχεῖν
988 4027 1150 4080 αὐτὸν
1184 4027 1395 4099 οἰηθῇς,
1425 4025 1568 4090 ἔξεις
1590 4025 1738 4078 ἔνδον

199 4117 323 4170 οὐδέν
341 4134 353 4147 ⁸
383 4119 497 4173 ἀλλ’
521 4119 685 4183 εὐθὺς
727 4119 847 4180 ὅλος
893 4121 1347 4190 ἀφαντωθήσεται
1381 4117 1489 4171 ἀπὸ
1507 4117 1622 4181 σοῦ,
1643 4118 1739 4171 καὶ

202 4210 339 4261 πολλὰ
373 4211 723 4283 μεταμελήσῃ
753 4213 848 4264 καὶ
877 4211 1137 4274 κλαύσεις
1168 4211 1471 4282 συντρίϐων
1513 4211 1739 4265 σεαυτὸν

204 4302 278 4350 καὶ
322 4303 611 4370 μαστίζων,
658 4303 756 4354 καὶ
800 4300 1102 4371 ὠφελήσεις
1151 4302 1318 4364 ὅντως
1372 4301 1551 4358 οὐδέν.
1613 4299 1740 4354 Vide

203 4394 268 4444 cui
293 4396 458 4464 obtigit
485 4407 538 4448 ut
580 4399 705 4448 tatis
743 4396 893 4463 ﬁeres
917 4435 930 4460 ,
963 4397 1050 4464 qui
1085 4402 1248 4447 totum
1278 4395 1331 4446 in
1365 4396 1524 4461 teipso
1554 4403 1738 4448 nactus

203 4500 243 4536 ei
267 4485 409 4540 Deum
443 4491 728 4556 hospitem,
764 4505 824 4542 ne
850 4491 1062 4557 quando
1089 4489 1365 4558 indignum
1399 4487 1602 4556 aliquid
1628 4487 1740 4556 ejus

205 4576 434 4633 voluntate
464 4593 550 4633 aut
587 4579 778 4650 egeris,
813 4591 902 4632 aut
939 4595 1002 4634 ex
1034 4580 1192 4632 labiis
1221 4580 1529 4646 protuleris,
1585 4593 1736 4632 mox-
1768 4607 1822 4666 Β

205 4686 282 4736 que
311 4673 488 4727 occulti
521 4676 575 4727 in
611 4685 659 4726 te
693 4674 927 4727 thesauri
963 4673 1233 4740 jocturmn
1269 4673 1472 4741 feceris,
1525 4670 1744 4724 abeunte

208 4760 332 4815 illoa
361 4773 422 4819 te.
469 4767 590 4820 Coie
635 4784 752 4820 eunt
802 4783 896 4832 pro
944 4765 1086 4819 virili
1136 4776 1254 4829 tua,
1287 4782 1377 4818 nec
1409 4782 1585 4819 eorum
1631 4781 1748 4834 qua!

211 4855 351 4908 minus
382 4859 424 4910 ei
448 4858 648 4924 placent
673 4899 687 4924 ,
721 4875 810 4911 nec
845 4862 891 4910 ei
923 4866 1114 4910 natura
1152 4857 1352 4946 insunt,
1400 4859 1454 4910 in
1494 4857 1608 4926 ejus
1654 4857 1748 4908 do-

211 4961 321 4999 mum
353 4952 544 5020 aliquid
581 4952 846 5015 intuleris,
871 4951 1018 5018 isque
1047 4962 1093 5002 te
1127 4950 1309 5002 relicto
1340 4949 1608 5014 abscedat,
1636 4947 1748 5002 ira-

211 5043 276 5090 tus
299 5041 344 5092 in
376 5051 437 5096 te.
479 5041 557 5095 Ne
584 5059 700 5095 cum
737 5042 830 5094 illo
861 5043 1119 5095 rerbosior
1144 5042 1237 5105 sis,
1272 5056 1392 5093 neve
1419 5042 1748 5108 impudenter

211 5130 372 5198 in'uas,
403 5135 534 5198 apud
570 5139 895 5200 temetipsum
945 5136 1185 5204 cogitans
1239 5151 1300 5186 ac
1351 5133 1529 5186 dicens
1566 5147 1583 5186 .‘
1617 5132 1746 5186 Exi-

213 5225 338 5274 mium
373 5226 626 5294 feruorem
658 5227 933 5279 ostendunt
960 5265 974 5289 ,
1021 5226 1340 5293 multamque
1370 5225 1642 5277 charitatis
1693 5227 1746 5276 in

213 5311 349 5374 ipsum
377 5319 783 5381 a’mulationem,
819 5326 871 5369 ut
906 5331 1078 5368 meum
1104 5316 1428 5383 propositum
1470 5315 1646 5383 probet
1683 5329 1746 5366 ac

215 5404 490 5461 voluntatem
515 5449 529 5474 ,
559 5410 798 5478 sciatque
826 5449 841 5472 ,
872 5409 1009 5479 quod
1047 5423 1159 5459 eum
1194 5407 1412 5476 diligam
1450 5416 1496 5458 et
1548 5407 1742 5458 colam.

214 5492 333 5549 Scito
357 5499 528 5568 igitur,
559 5501 872 5568 priusquam
899 5499 1006 5551 htrc
1029 5498 1126 5550 tibi
1154 5499 1205 5550 in
1239 5501 1468 5548 animum
1495 5495 1743 5554 uenerint,

214 5603 334 5642 nosse
361 5590 500 5644 illum
532 5609 710 5646 omnes
763 5601 879 5644 luas
911 5592 1251 5659 cogitationes
1278 5631 1292 5654 ,
1331 5606 1423 5642 nec
1457 5587 1743 5657 quidquam

214 5692 307 5731 eunt
331 5679 502 5735 latere.
530 5680 598 5736 At
629 5697 790 5750 neque
815 5681 995 5734 mentis
1026 5680 1269 5733 manibus
1295 5689 1466 5732 tenere
1495 5693 1609 5731 eum
1643 5692 1748 5728 mo-

217 5765 338 5824 lioris
366 5787 382 5824 :
414 5771 948 5843 incomprehensibilis
976 5774 1108 5825 enim
1141 5780 1255 5837 est;
1287 5778 1645 5840 quantumque
1667 5777 1741 5820 nt-

224 5857 385 5930 lt'ngere
416 5882 570 5919 ausus
605 5865 788 5934 fueris,
817 5875 906 5918 aut
933 5864 1164 5918 detinere
1197 5881 1311 5917 cum
1343 5861 1628 5931 putaveris,
1667 5863 1745 5913 in-

1841 639 2110 709 multaque
2145 651 2191 694 te
2215 639 2493 708 paenitudo
2552 641 2765 704 tenebit,
2795 652 2846 695 et
2886 643 3108 711 lugebis,
3149 656 3419 698 conteres-

1836 745 1933 798 que
1963 731 2182 798 teipsum
2212 740 2260 784 et
2295 732 2491 794 credes,
2527 746 2617 784 nec
2656 732 2812 796 plane
2843 732 3129 801 quidquam
3157 733 3420 787 commodi

1836 821 2048 889 referes.
2083 822 2224 887 Quid
2269 823 2381 875 haec
2410 823 2489 876 sic
2519 833 2669 876 casta
2702 832 2754 877 et
2783 823 3024 889 elimata,
3053 841 3177 880 cum
3213 825 3418 881 Messa-

1836 909 2105 966 lianorum
2143 913 2301 979 nugis
2337 927 2465 967 vere
2496 914 2826 968 meretriciis
2856 925 2914 969 et
2964 930 3030 970 ex
3073 932 3207 971 orco
3232 917 3420 985 prole-

1836 1003 1979 1059 c1is?
2004 1003 2104 1057 Vix
2142 1005 2257 1073 ipse
2287 1005 2388 1058 nisi
2420 1005 2538 1058 aliis
2571 1005 2711 1058 edita
2739 1005 3058 1073 proferrem.
3087 1007 3274 1061 Priora
3301 1009 3422 1076 qui-

1837 1097 1959 1148 dam
1997 1094 2098 1147 tria
2135 1094 2458 1147 documenta
2496 1093 2562 1146 ad
2595 1095 3109 1163 contemplationem
3146 1109 3254 1150 non
3287 1098 3419 1150 int;-

1841 1185 1988 1252 tilia;
2013 1184 2184 1238 otium
2210 1185 2480 1252 quoddam
2504 1200 2567 1239 ac
2593 1186 2804 1238 vacatio
2829 1200 2856 1236 a
2883 1184 3110 1253 negotiis
3133 1185 3411 1251 omnibus,

1841 1280 1905 1333 iis
1922 1280 2083 1333 etiam
2103 1296 2223 1350 qua:
2247 1281 2472 1336 honesta
2487 1282 2798 1347 videantur;
2821 1282 3157 1336 conscientia
3185 1260 3381 1335 munda
3397 1318 3418 1348 ,

1839 1380 1892 1424 et
1922 1380 1982 1425 ut
2009 1372 2171 1426 nullis
2210 1372 2374 1427 rebus
2405 1372 2659 1429 alliciaris
2684 1412 2698 1435 ,
2734 1375 2811 1427 vel
2862 1373 2960 1442 ipsi
3012 1374 3249 1436 corpori.
3286 1372 3416 1430 Haec

1839 1465 1982 1517 enim
2015 1463 2274 1528 ἀπάθεια,
2303 1473 2358 1519 et.
2385 1467 2526 1519 unde
2557 1466 2749 1519 mentis
2785 1465 3176 1535 tranquillitas,
3214 1468 3298 1521 cui
3332 1469 3418 1520 di-

1838 1555 1947 1608 vini
1988 1556 2118 1611 solis
2171 1557 2348 1624 fulgur
2401 1557 2641 1625 proclive
2691 1557 2897 1612 illucet.
2947 1558 3104 1624 Quod
3152 1574 3281 1612 vero
3325 1550 3411 1613 se-

1840 1647 2025 1716 quitur
2061 1647 2278 1716 plenum
2323 1648 2537 1717 ineptiae
2575 1657 2655 1702 est
2681 1689 2698 1715 ,
2745 1665 2866 1701 cum
2918 1649 3034 1716 pari
3087 1650 3363 1718 impietate
3399 1664 3414 1700 :

1838 1735 1972 1792 Εἶτα
2003 1737 2232 1800 καθίσας
2263 1739 2321 1789 ἐν
2350 1738 2545 1807 χελλιῳ
2579 1739 2819 1808 ἡσύχως,
2862 1739 2956 1792 καὶ
2995 1740 3052 1790 ἐν
3101 1741 3198 1809 μιᾷ
3241 1756 3415 1812 κατατ

1843 1828 2010 1897 μόνας
2063 1828 2235 1898 γωνεα
2291 1829 2525 1899 πρόσεχε
2571 1832 2794 1899 ποιῆσαι
2820 1828 2848 1881 ὅ
2874 1828 3016 1896 λέγω
3061 1847 3162 1882 σοι.
3195 1830 3422 1883 Κλεῖσον

1775 1899 1812 1952 Β
1840 1922 1940 1991 τὴν
1972 1921 2166 1991 θύραν,
2210 1921 2306 1973 καὶ⁵
2358 1921 2562 1988 ἔπειρον
2611 1921 2699 1972 τὸν
2751 1917 2877 1972 νοῦν
2914 1921 3007 1973 σοῦ
3064 1919 3171 1973 ἀπὸ
3223 1919 3424 1982 παντὸς

1846 2013 2094 2082 ματαίου,
2128 2012 2293 2082 ἤγουν
2349 2013 2714 2079 προσκαίρου.
2767 2010 2902 2066 Εἶτα
2943 2011 3035 2066 οὖν
3086 2012 3308 2082 ἐρείσας
3341 2009 3421 2080 τῷ

1843 2104 2029 2169 στήθει
2059 2105 2150 2157 τὸν
2193 2104 2448 2172 πώγωνα,
2496 2104 2664 2158 κινῶν
2702 2106 2794 2157 τδν
2834 2105 3094 2175 αἰσθητὸν
3129 2103 3413 2173 ὀφθαλμὸν

1845 2197 1942 2250 σὺν
1970 2197 2076 2265 ὅλῳ
2102 2196 2180 2265 τῷ
2214 2193 2294 2248 νοῒ
2329 2196 2384 2247 ἐν
2415 2194 2555 2266 μέσῃ
2581 2195 2791 2264 κοιλίᾳ,
2829 2196 3000 2262 ἣγουν
3043 2195 3098 2244 ὲν
3137 2194 3213 2263 τῷ
3242 2194 3422 2261 ὀμφα-

1841 2290 1941 2360 λῷ,
1972 2291 2137 2357 ἄγξον
2173 2290 2266 2342 καὶ
2303 2288 2404 2358 τὴν
2444 2289 2546 2356 τῆς·
2577 2286 2722 2356 ῥινὸς
2761 2285 2852 2338 τοῦ
2895 2284 3204 2352 πνεύματος
3233 2283 3423 2351 ὁλκὴν,

1841 2379 1935 2433 τοῦ
1971 2381 2045 2450 μὴ
2077 2379 2250 2441 ἀδεῶς
2269 2378 2550 2440 ἀναπνεῖν,
2581 2379 2677 2430 καὶ
2712 2375 3012 2446 ἑρεύνησον
3039 2375 3246 2442 νοητῶς
3273 2374 3423 2426 ἔνδον

1842 2471 1901 2525 ἓν
1954 2475 2066 2535 τοῖς
2123 2472 2377 2538 ὲγκάτοις
2440 2468 2624 2535 εὑρεῖν
2683 2467 2774 2520 τὸν
2803 2499 2808 2502 -
2841 2467 3009 2519 τόπον
3039 2466 3136 2535 τῆς
3175 2464 3421 2534 καρδίας,

1843 2563 1972 2617 ἔνθα
2030 2565 2430 2632 ἐμφιλοχωρεῖν
2484 2559 2763 2625 πεφύκασι
2832 2560 3002 2611 πᾶσαι
3085 2559 3142 2610 αἱ
3195 2557 3424 2626 ψυχικαὶ

1849 2637 2130 2724 δυτάμεις.
2190 2655 2298 2707 Καὶ
2349 2652 2574 2722 πρῶτον
2608 2652 2724 2722 ¹μὲν
2779 2652 2971 2712 σκότος
3021 2652 3299 2720 εὑρήσεις,
3333 2651 3426 2701 καὶ

1856 2748 2027 2816 πάχος
2065 2746 2362 2801 ἁνένδοτον.
2404 2745 2784 2814 Ἐπιμένοντος
2836 2744 2891 2796 δὲ
2925 2743 3041 2807 σοῦ,
3088 2744 3181 2797 καὶ
3233 2742 3423 2796 τούτου

1848 2837 1941 2890 τοῦ
1978 2837 2144 2906 ἔργου
2177 2837 2374 2900 νυκτὸς
2397 2836 2490 2889 καὶ
2514 2835 2730 2907 ἡμέρας
2760 2835 3112 2905 ποιουμένου,
3146 2835 3425 2905 εὑρήσεις,

1847 2932 1892 2984 ὣ
1925 2931 2021 2984 τοῦ
2064 2931 2346 3000 θαύματος
2397 2929 2636 2999 ἄληκτον
2681 2928 3052 3000 εὐφροσύνην.
3113 2929 3266 3000 "Aps.
3315 2928 3428 2999 γὰρ

1846 3020 2000 3091 εὖροι
2039 3023 2066 3074 ὁ
2096 3021 2221 3083 νοῦς
2252 3020 2345 3073 τὸν
2374 3020 2544 3074 τόπον
2582 3022 2683 3090 τῆς
2711 3019 2968 3090 καρδίας,
2997 3019 3183 3088 βλέπει
3216 3034 3424 3089 παρευ-

1846 3109 1965 3173 θὺς,
1995 3109 2032 3164 ἃ
2069 3109 2328 3164 οὐδέποτε
2368 3109 2664 3180 ἠπίστατο·
2707 3107 2898 3180 βλέπει
2947 3108 3060 3181 γὰρ
3092 3110 3185 3162 τὸν
3216 3110 3422 3179 μεταξὺ

1844 3202 1943 3268 τῆς
1982 3200 2214 3269 καρδίας
2269 3199 2409 3269 ἀέρα
2467 3199 2564 3252 καὶ
2620 3200 2835 3265 ἑαυτὸν,
2885 3200 3148 3266 φωτεινὴν
3174 3198 3297 3251 ὅλον
3325 3197 3426 3250 καὶ

1841 3291 2168 3360 διακρίσεως
2194 3290 2473 3360 ἔμπλεων,
2504 3308 2559 3345 κ.
2585 3303 2640 3345 τ.
2673 3291 2720 3346 ι.
2780 3289 2912 3345 Tum
2965 3291 3143 3344 sedens
3174 3292 3342 3359 quiete
3371 3292 3425 3342 in

1841 3383 2054 3449 cellula,
2096 3386 2256 3454 inque
2298 3399 2402 3437 uno
2437 3383 2656 3436 seorsiur
2687 3381 2916 3452 angulo,
2953 3383 3188 3434 animum
3237 3381 3424 3434 adhibe

1842 3486 1897 3530 ut
1925 3475 2114 3544 facias,
2150 3475 2288 3545 quod
2319 3474 2410 3527 tibi
2443 3474 2584 3529 dico.
2617 3473 2814 3527 Clauso
2844 3474 3000 3531 ostio,
3036 3483 3254 3526 mentem
3283 3472 3424 3526 eleua

1841 3568 1904 3620 ab
1954 3567 2094 3620 omni
2139 3581 2194 3621 re
2236 3582 2397 3630 uana,
2451 3575 2787 3634 temporanea
2841 3564 3040 3616 scilicet
3095 3572 3142 3616 et
3198 3563 3424 3619 caduca.

1844 3659 2078 3726 Tumque
2106 3656 2290 3711 innixa
2335 3643 2532 3725 pectori
2567 3657 2750 3716 barba,
2783 3652 3176 3721 sensibilemque
3214 3651 3424 3729 oculum

1841 3767 1957 3804 cum
1989 3749 2129 3805 omni
2161 3759 2348 3814 mente,
2390 3749 2444 3803 in
2478 3748 2669 3803 uentris
2699 3746 2924 3799 medium
2958 3744 3032 3812 (id
3059 3753 3176 3808 est,
3204 3741 3428 3796 umbili-

1842 3841 1979 3912 cum)
2009 3858 2245 3908 movens;
2270 3841 2553 3910 comprime
2582 3850 2627 3893 et
2660 3839 2868 3891 narium
2901 3837 3119 3904 spiritus
3143 3833 3423 3886 attractio-

1843 3947 1981 3994 nem,
2024 3947 2088 3984 ne
2139 3930 2304 3985 libera
2353 3929 2419 3983 sit
2473 3929 2774 3996 respiratio,
2830 3927 3122 3994 mentisque
3181 3923 3428 3990 indagine

1842 4034 2084 4080 scrutare
2109 4023 2249 4077 intus
2276 4024 2333 4076 in
2362 4021 2659 4109 visceribus,
2683 4029 2737 4073 ut
2770 4021 3000 4073 invenias
3036 4019 3205 4071 locum
3230 4015 3425 4078 cordis,

1843 4117 1929 4170 ubi
1968 4132 2145 4169 omnes
2193 4107 2484 4183 facultates
2521 4113 2714 4165 anima:
2746 4111 3019 4163 immorari
3057 4110 3244 4162 solent.
3299 4107 3421 4159 Pri-

1844 4223 2086 4274 mumque
2119 4207 2357 4259 tenebras
2394 4205 2646 4272 offendes,
2675 4213 2722 4255 et
2768 4203 2958 4255 duram
2989 4201 3304 4254 crassitiem.
3339 4199 3431 4249 Ve-

1845 4315 1958 4352 rum
1989 4298 2078 4351 ubi
2124 4298 2554 4366 perseveraveris,
2603 4309 2664 4346 ac
2709 4309 2838 4362 Opus
2889 4292 3004 4355 hoc,
3050 4292 3142 4344 diu
3174 4299 3430 4356 noctuque

1847 4390 2248 4452 continuaveris,
2282 4389 2504 4440 invenies
2536 4386 2665 4456 (rem
2692 4386 2879 4437 miram
2899 4383 2941 4451 !)
2970 4382 3148 4450 jugem
3180 4378 3425 4432 consola-

1849 4487 2060 4536 tionem.
2099 4477 2226 4535 Mox
2269 4481 2402 4534 enim
2437 4495 2495 4532 ac
2521 4494 2684 4540 mens,
2721 4476 2896 4530 cordis
2927 4475 3097 4528 locum
3131 4475 3378 4524 inreuerit
3409 4511 3433 4536 ,,

1848 4573 2119 4642 confestim
2150 4572 2307 4635 videt,
2340 4585 2454 4639 qua:
2504 4583 2767 4638 nunquam
2819 4576 3050 4620 norerat.
3101 4562 3248 4616 Videt
3293 4563 3434 4614 enim

1848 4666 2179 4732 interjectum
2231 4677 2446 4718 acrem.
2510 4661 2726 4727 ipsaque
2788 4657 3117 4723 semetipsum
3183 4653 3422 4713 lucidam

1852 4767 2015 4812 totam
2048 4773 2109 4808 ac
2146 4754 2474 4806 discretionis
2504 4751 2736 4817 plenam,
2771 4757 2876 4802 etc.
2914 4746 3035 4801 llaec
3066 4745 3146 4800 sic
3174 4745 3432 4803 allectata

1849 4864 1913 4904 ac
1950 4829 2196 4908 ridicula,
2234 4847 2346 4914 ipsa
2386 4859 2444 4897 se
2495 4843 2654 4895 latine
2693 4841 2888 4893 ιιιυιιιίε
2920 4838 3111 4892 deliria
3145 4837 3376 4904 produnt
3411 4872 3435 4903 ,

1848 4951 1900 4994 et
1935 4939 2130 5009 quibus
2182 4936 2352 4990 malus
2387 4933 2610 5002 spiritus
2658 4931 2866 4994 illudut,
2921 4943 3026 4981 non
3084 4928 3197 4997 ipsc
3248 4925 3431 4978 bonus.

1852 5033 2086 5102 Spiritus
2114 5045 2208 5084 cor
2237 5027 2472 5082 hominis
2508 5024 2757 5094 impleat,
2789 5022 2874 5074 cui
2922 5023 3102 5091 potius
3149 5017 3436 5074 humilitas

1850 5135 1902 5179 et
1933 5120 2277 5191 compunctio
2308 5133 2371 5172 ac
2403 5116 2583 5170 cordis
2610 5111 2873 5168 contritio
2895 5151 2909 5174 ,
2943 5112 3222 5179 luctusque
3253 5107 3436 5178 paeni-5

1851 5215 2028 5269 tentia:
2080 5214 2182 5266 iter
2234 5211 2285 5264 in
2325 5209 2564 5262 animum
2601 5206 2838 5276 pandunt
2875 5222 2888 5259 :
2923 5219 3041 5272 quzc
3091 5202 3203 5256 fere
3249 5204 3434 5268 exigat

1852 5307 2122 5377 Symcon,
2157 5319 2260 5370 quo
2294 5299 2369 5359 lit'.
2401 5310 2459 5352 ut
2493 5298 2604 5352 hrcc
2636 5297 2748 5365 ejus
2783 5315 2887 5352 non
2939 5296 3094 5350 facile
3122 5292 3430 5350 admittam,

1850 5399 1961 5454 "ac
2008 5398 2188 5466 regula
2241 5402 2462 5449 Sanctus
2511 5390 2851 5460 Nicephorus
2883 5386 3216 5457 patriarcha.
3246 5383 3432 5436 Theo-

1849 5493 1979 5544 doto
2012 5489 2295 5558 Ant-yrano
2329 5474 2570 5552 abrogat,
2603 5497 2738 5551 quos
2772 5481 2818 5534 ci
2859 5491 3138 5532 sermones
3186 5470 3431 5528 ascribe-.-

1850 5562 2374 5638 hantlcmmniachi,
2425 5585 2478 5628 ct
2526 5573 2721 5642 quibus
2775 5569 2850 5623 illi
2897 5583 2993 5622 suo
3028 5567 3201 5620 errori
3241 5566 3428 5632 praesis

1849 5673 1994 5726 dium
2028 5668 2372 5740 qmrrebmt;
2409 5667 2547 5734 quod
2581 5663 2832 5717 nimirum
2859 5659 3009 5717 Orat.
3035 5659 3089 5712 in
3114 5655 3428 5726 Symeonens

1849 5777 1894 5820 et
1931 5765 2176 5827 Annam,
2209 5777 2327 5829 utne
2375 5760 2494 5829 ejus
2536 5767 2742 5813 certum
2801 5761 3207 5810 monumentum
3261 5759 3427 5818 esset,

1851 5856 1936 5910 illc
1995 5855 2148 5910 aliter
2206 5854 2500 5918 sensisset;
2573 5863 2878 5921 quanquam
2946 5845 3064 5926 eius
3121 5842 3421 5910 auctoritas
