3920 6552
433 431 545 497 983

1695 433 1799 493 MA
1810 431 2095 495 NUELIS
2134 430 2445 493 CALEC/E

3578 430 3678 495 2M

431 544 658 612 (quippe
681 540 919 597 auctoris
948 554 1055 595 non
1078 539 1301 596 omnino
1333 538 1559 611 laudati)
1585 554 1692 595 non
1720 541 2012 596 admodum
2045 548 2089 605 Α
2118 540 2218 605 dit,
2251 545 2450 608 mribus
2478 554 2539 595 se
2564 546 2850 612 patronum
2887 540 3202 597 Cerularius
3234 540 3497 610 prmberet
3522 580 3536 603 ,
3571 542 3686 598 hinc

430 639 722 701 premeret.
765 630 1046 684 Potnerint
1095 631 1298 696 tumuli,
1351 646 1489 700 quos
1538 638 1721 686 tantos
1778 630 2011 703 Symeon

430 737 623 792 passus
655 729 758 785 est,
794 722 899 776 hoc
934 721 1008 775 illi
1046 721 1322 790 aﬂingere,
1368 732 1425 776 ut
1473 732 1555 777 est
1610 720 1792 785 facile,
1844 736 2009 776 unum

435 813 671 880 aliquem
701 812 968 881 ejusmodi
1004 821 1318 881 tractatum,
1344 814 1429 868 vel
1461 828 1764 868 sermonem
1793 813 1879 867 vel
1899 812 2013 881 epi-

429 906 643 967 stolam,
674 919 777 958 non
811 914 973 958 tanta}
1002 904 1163 959 molis
1193 913 1286 959 aut
1323 906 1621 970 industriae,
1654 906 1735 959 vel
1774 904 1894 975 ejus
1931 905 2012 958 in-

428 998 661 1051 lamandi
720 1012 880 1051 causa
911 1036 928 1061 ,
975 998 1056 1052 vel
1107 998 1387 1065 captanda:
1436 999 1796 1063 auctoritatis,
1851 998 2009 1053 alteri

429 1090 679 1143 subdere.
710 1087 847 1143 Hinc
874 1090 1153 1143 innumera
1186 1090 1271 1143 illa
1297 1089 1756 1158 ἐπιγραφομένων
1777 1102 1933 1154 seges
1955 1095 2010 1141 et

429 1180 899 1250 ψευδεπιγράφων
958 1183 1097 1249 apud
1154 1182 1371 1236 Graecos
1423 1183 1624 1250 pariter
1667 1190 1721 1235 et
1762 1181 2007 1237 Latinos.

433 1270 664 1324 Michael
712 1268 946 1333 Psellus,
991 1279 1129 1324 orat.
1182 1284 1277 1322 sua
1323 1271 1389 1322 ad
1433 1268 1693 1338 synodum
1754 1267 1807 1320 in
1846 1282 2010 1321 causa

434 1362 723 1426 Cernlarii,
758 1362 886 1416 sede
911 1361 1049 1432 pulsi
1079 1359 1325 1416 saeculari
1357 1368 1639 1429 pctetnate,
1666 1374 1729 1413 ac
1760 1359 2008 1426 synodali

434 1456 747 1522 cognitione
796 1452 1134 1516 damnandi,
1170 1468 1333 1521 quam
1372 1451 1467 1506 ille
1499 1452 1900 1506 daumationem
1946 1465 2010 1504 ac

433 1542 829 1611 depositionem
882 1545 1028 1597 serio
1068 1551 1321 1611 urgeret;
1357 1543 1470 1596 visa
1523 1543 1636 1607 illa,
1677 1543 1873 1612 quibus
1906 1542 2011 1596 ali-

433 1636 563 1702 quid
596 1651 701 1690 non
738 1635 871 1689 satis
898 1634 1259 1689 Christianam
1287 1636 1485 1688 decens
1518 1634 1878 1698 honestatem,
1909 1649 2007 1687 ex-

435 1741 541 1795 que
600 1726 691 1781 Dei
744 1737 799 1781 et
854 1735 1167 1781 sanctorum
1219 1726 1543 1789 rationibus,
1595 1726 2005 1790 immisceatur;

436 1817 701 1871 diabolica
731 1826 1038 1872 commenta
1065 1810 1185 1871 esse
1216 1818 1446 1888 probat;
1476 1816 1778 1887 cuiusmodi
1822 1824 2009 1871 osten-
2034 1884 2055 1907 .-

2122 632 2446 700 gravissime
2481 647 2765 689 arcessens
2793 632 3153 697 Cbaldaismi,
3183 641 3242 687 ut
3276 640 3431 686 vocat
3459 648 3473 697 ;
3503 648 3683 702 supcr-

2120 724 2360 779 stitionis
2390 723 2597 779 scilicet
2628 726 2915 794 spirituum
2941 733 2997 779 et
3024 724 3324 780 animorum
3348 762 3363 786 ,
3390 737 3528 792 qua,
3561 726 3687 779 alia-

2120 828 2222 882 que
2251 812 2305 865 in
2337 826 2458 866 eum
2488 814 2635 869 dicta
2662 815 2980 884 scriptaque
3006 854 3021 879 ,
3063 829 3162 869 nec
3194 814 3481 882 injucunda
3516 814 3647 868 Iecur
3673 857 3686 881 ,

2119 921 2221 964 nec
2252 911 2464 965 inutilia
2504 909 2619 960 fore
2660 922 2840 975 spero,
2878 908 2931 964 in
2956 906 3224 977 vulgando
3255 921 3283 959 a
3322 919 3406 959 me
3453 903 3688 959 Histon‘m

2118 998 2431 1072 Byzantina
2483 1008 2800 1073 exspectato
2860 1008 3008 1051 tomo
3037 1040 3052 1061 ,
3100 1012 3207 1065 quo
3260 1000 3378 1051 suis
3423 997 3686 1052 coloribus

2118 1093 2334 1162 egregie
2357 1093 2555 1161 depicti
2580 1100 2740 1157 atque
2760 1090 2999 1156 eXpressi
3026 1088 3351 1157 prodantur,
3379 1088 3469 1157 qui
3495 1088 3685 1144 Graecis

2118 1182 2429 1237 scltismatis
2462 1192 2711 1235 auctores
2741 1178 3039 1245 exstitere;
3073 1180 3402 1247 nequissima
3445 1193 3571 1231 vere
3602 1195 3685 1232 ea.

2117 1273 2229 1343 pita
2258 1312 2272 1334 ,
2309 1284 2361 1327 et
2390 1273 2480 1342 qui
2535 1280 2694 1325 tanta!
2727 1270 2902 1341 gentis
2932 1279 2986 1324 et
3035 1269 3288 1323 Eccltsia-
3321 1269 3439 1322 late
3469 1286 3533 1321 ac
3562 1272 3684 1323 ἀπο-

2119 1363 2342 1433 στασίᾳ,
2366 1364 2463 1417 ulti
2488 1363 2615 1421 sint.
2646 1376 2781 1427 quas
2810 1360 3133 1413 videbantur
3156 1360 3385 1426 injurias
3406 1359 3509 1427 ipsi
3542 1376 3685 1412 accr-

2117 1452 2279 1521 pisse.
2309 1451 2431 1505 Haec
2465 1452 2749 1512 hactenus,
2775 1450 2924 1519 justo
2950 1448 3092 1501 forte
3120 1446 3682 1514 n3p£x61ttztbtsp.v,

2118 1543 2173 1595 itt
2215 1542 2410 1612 quibus
2456 1541 2591 1610 ipsis
2636 1543 2857 1595 meliora
2910 1550 3184 1608 exspecto,
3234 1540 3279 1591 si
3328 1539 3449 1606 quis
3503 1538 3685 1591 docere

2118 1635 2351 1698 habeat,
2406 1649 2469 1687 ac
2516 1633 2597 1686 vel
2648 1634 2973 1703 Symeonem
3018 1633 3224 1686 certius
3256 1630 3560 1691 vindicare,
3611 1629 3684 1684 vel

2116 1726 2277 1779 etiam
2341 1740 2492 1779 reum
2546 1724 2760 1788 facere,
2810 1732 3061 1792 superest
3115 1737 3286 1792 pauca
3347 1722 3595 1791 quadam
3637 1720 3683 1775 in

2118 1817 2288 1886 ipsam
2318 1815 2527 1871 Calecm
2566 1815 2997 1870 lucubrationem
3036 1830 3100 1895 εξ
3135 1828 3287 1869 more
3340 1814 3620 1868 adnotare.

1628 2181 1766 2237 ΤΟΥ
1796 2182 2199 2238 ΣΟΦΩΤΔΤΟΥ
2229 2182 2492 2238 ΚΥΡΙΟΥ

1048 2357 1887 2497 ΜΑΝΟΥΗΑ
1964 2361 2312 2493 ΤΟΥ
2388 2352 3082 2489 ΚΑΛΕΚΑ

1932 2628 1951 2636 λ.
1990 2590 2148 2640 ΠΕΡΙ

1402 2749 1799 2841 ΟΥΣΙΑΣ
1875 2750 2069 2836 ΚΑΙ
2157 2752 2297 2837 EN
2304 2749 2756 2837 ΕΡΓΕΙΑΣ

1685 3088 2263 3153 SAPIENTISSIMI
2312 3042 2479 3152 vmt

1158 3240 2134 3437 MANUELIS
2198 3269 2986 3499 CALEe/E

1678 3564 1931 3612 0R1)!le
1982 3564 2487 3613 PREDICATORUM

1018 3729 1167 3817 DE
1348 3725 1905 3819 ESSENTIA

2127 3731 2175 3816 Γ
2319 3723 3143 3819 ΟΡΕΒΑἸΊΟΝΕ.

1156 3919 1225 3981 F.
1259 3919 1597 3980 Francisco
1631 3916 2018 3995 Combeﬁsio,
2054 3918 2327 3999 ejusdem
2358 3917 2644 3989 Ordinis,
2680 3919 3040 3997 interprete.

528 4242 587 4297 id
619 4243 778 4300 nobis
804 4245 891 4300 bic
919 4245 1041 4312 loci,
1065 4244 1220 4315 quasi
1255 4246 1698 4316 defungcntibus,
1738 4247 1861 4304 linis
1893 4264 2021 4319 pro-

2200 4244 2409 4309 Σκοπὸς
2453 4244 2959 4315 αὐτοσχεδιάζουσιν
3005 4241 3264 4309 ἐνταῦθα,
3305 4240 3407 4314 τὴν
3452 4239 3691 4315 περὶτοῦ

458 4337 669 4404 positus
700 4345 803 4400 est,
835 4346 895 4392 ut
919 4338 1080 4392 latam
1107 4354 1138 4393 a
1169 4338 1375 4410 synodo
1405 4340 1475 4395 de
1543 4341 1726 4395 divina
1789 4340 2025 4394 essentia

453 4428 747 4497 divinaque
776 4429 1100 4496 operatione,
1133 4429 1308 4498 deque
1327 4430 1434 4485 illis
1463 4440 1606 4485 mota
1660 4432 1961 4500 quzestione
2006 4472 2022 4497 ,

455 4522 803 4584 scutmttiam,
862 4521 1065 4576 clarius
1122 4532 1433 4576 retexamus
1474 4537 1629 4591 ;quo
1685 4523 1915 4587 scilicet,
1994 4522 2027 4577 ii

458 4612 549 4677 qui
588 4611 983 4667 annulationem
1007 4614 1223 4682 quidem
1245 4613 1463 4677 habent,
1482 4615 1576 4668 sed
1602 4630 1705 4668 non
1730 4616 2027 4669 secundum

456 4703 737 4756 scicnt‘am
765 4704 805 4768 ¹,
826 4704 1142 4758 erudiantur
1165 4706 1228 4758 ad
1257 4705 1493 4775 legitime
1523 4707 1857 4769 certandum,
1890 4707 2032 4762 unde

457 4797 556 4847 sibi
588 4803 640 4846 ct
670 4810 925 4849 coronam
982 4796 1296 4863 acquirant;
1329 4796 1421 4865 qui
1475 4805 1651 4849 autem
1680 4812 1743 4850 ex
1778 4797 2032 4867 simplici-

460 4895 565 4938 tate
596 4885 864 4954 ignorant,
898 4886 1227 4953 doreantur;
1265 4903 1411 4952 nam,
1460 4894 1515 4940 ut
1566 4899 1754 4942 auctor
1785 4898 1869 4944 est
1898 4890 2033 4945 divi-

459 4989 556 5026 nus
576 4975 893 5042 Apostolus:
916 4977 1017 5041 Qui
1046 4978 1275 5046 ignorat,
1299 4970 1700 5047 igriorabitur’;
1733 4981 1877 5050 iique
1897 4982 2031 5035 adeo

460 5065 644 5131 etiam,
675 5067 765 5135 qui
817 5068 1053 5134 prodive
1082 5106 1097 5132 ,
1130 5083 1226 5122 seu
1278 5072 1456 5136 potius
1488 5080 1692 5126 temere
1752 5087 1816 5127 ac
1874 5073 2033 5127 mali-

459 5172 563 5222 gne
598 5156 732 5211 alios
768 5158 1198 5222 eulntnniantur,
1235 5162 1425 5229 eisque
1451 5162 1741 5216 detrahunt
1766 5202 1783 5227 ,
1808 5163 2031 5233 injusti-

462 5256 547 5305 ttm
569 5259 886 5320 arguantur.
932 5249 1078 5305 llauc
1113 5252 1373 5307 nimirum
1403 5256 1751 5317 sententiam,
1782 5257 2030 5311 universa

462 5344 723 5412 synodus,
779 5342 1101 5411 praesidente
1189 5344 1534 5413 imperatore,
1597 5347 1790 5417 saepius
1838 5362 2034 5402 come-

464 5436 642 5500 uiens,
669 5433 779 5498 ips:
815 5431 1160 5502 promulgatis
1190 5444 1352 5503 atque
1387 5435 1755 5499 conscribens,
1779 5445 2032 5506 tanquam

466 5532 627 5577 rectae
694 5522 815 5576 ﬁdei
878 5524 1183 5578 columnam
1244 5526 1345 5581 sibi
1407 5528 1827 5595 proposuit,ac
1890 5530 2033 5582 velut

2134 4336 2444 4408 ζητήματος
2475 4340 2573 4406 τῆς
2619 4338 2766 4396 θείας
2797 4337 3015 4402 οὐσίας
3060 4336 3154 4389 καὶ
3198 4335 3349 4399 θείας
3402 4336 3695 4405 ἐνεργείας

2132 4432 2280 4500 παρὰ
2310 4431 2409 4499 τῆς
2464 4430 2681 4483 συνόδου
2732 4428 3155 4500 προενεχθεῖσαν
3190 4426 3488 4495 ἀπόφασιν,
3545 4426 3696 4494 σαφέ·

2133 4539 2323 4593 στερον
2377 4522 2674 4591 ὲξυφάναι·
2725 4522 2799 4584 ὡς
2842 4520 2929 4586 ἂν,
2982 4521 3031 4573 ol
3084 4519 3183 4589 μὲν
3236 4520 3421 4589 ζῆλον,
3478 4520 3539 4573 οὐ
3587 4516 3694 4572 κατ’

2133 4611 2428 4679 ἐπίγνωσιν
2452 4611 2507 4665 δὲ
2537 4612 2775 4681 ἔχοντες,
2828 4610 3195 4664 παιδευθῶσιν
3227 4610 3589 4677 ἀγωνίζεσθαι
3616 4626 3695 4661 νο·

2135 4702 2340 4773 μίμως,
2372 4702 2430 4767 ἒξ
2456 4695 2517 4756 οὗ
2558 4704 2651 4755 καὶ
2698 4702 2727 4754 ὁ
2774 4703 3037 4770 στέφανος
3061 4718 3074 4733 ·
3105 4701 3160 4754 οἳ
3200 4719 3260 4753 τε
3305 4701 3363 4767 ἐξ
3409 4701 3695 4770 ἁπλότητος

2134 4792 2479 4859 ἀγνοοῦντες,
2519 4793 2768 4861 μάθωσιν
2796 4810 2809 4822 ’
2846 4795 2969 4845 ἐπεὶ
2993 4794 3132 4845 κατὰ
3158 4792 3248 4844 τὸν
3278 4792 3419 4844 θεῖον
3459 4792 3697 4844 Ἀπόστο-

2132 4883 2245 4948 λον,
2288 4886 2350 4937 Ὀ
2380 4883 2612 4953 ἀγνοῶν
2665 4883 3107 4953 ἀγνοηθιξσεται
3132 4898 3145 4914 '
3173 4884 3269 4938 καί⁵
3295 4882 3359 4954 δὴ
3392 4884 3484 4936 καὶ
3510 4884 3557 4934 οί
3584 4882 3697 4943 τοὺς

2135 4976 2326 5039 ἄλλους
2360 4980 2686 5046 προχείρως,
2717 4976 2749 5046 ἢ
2803 4976 3003 5045 μᾶλλον
3031 4976 3239 5043 ἀλόγως
3275 4975 3370 5029 καὶ
3416 4974 3694 5042 κακοήθως

2137 5072 2597 5139 συκοφαντοῦντες
2645 5071 2739 5124 καὶ
2797 5068 3181 5128 διαϐάλλοντες
3235 5067 3566 5135 ἐλεγχθῶσιν
3596 5065 3697 5116 d8:-

2137 5163 2379 5226 κοῦντες.
2410 5164 2511 5215 Ἦν
2534 5162 2665 5233 δῆτα
2718 5162 2993 5228 ἀπόφασιν
3033 5162 3128 5227 ὅλη
3182 5160 3401 5224 σύνοδος
3444 5158 3695 5229 βασιλέως

2137 5257 2636 5327 προκαθεζομένου,
2686 5255 2951 5318 πολλὶκις
3008 5253 3363 5314 συνελθοῦσαι,
3432 5254 3697 5319 dno-mw-

2140 5350 2276 5415 μένη
2341 5353 2434 5402 καὶ
2489 5349 2959 5418 συγγραψαμένη,
3009 5346 3083 5410 ὡς
3138 5346 3345 5416 στήλην
3405 5343 3696 5414 ὀρθοδοξίας

2140 5440 2304 5509 ἑαυτῇ
2339 5437 2638 5507 προῦθηκε.
2667 5441 2779 5500 τοῖς
2813 5456 2872 5491 τε
2925 5438 3106 5501 ἄλλοις
3140 5436 3396 5506 κατέχειν
3427 5434 3592 5503 αὐτὴν
3631 5432 3697 5491 ὼς

2141 5531 2264 5599 ὅρον
2298 5529 2580 5594 εὐσεϐείας
2604 5530 2958 5602 παραδέδωκε
2982 5545 2995 5560 ·
3031 5531 3127 5583 καὶ
3162 5529 3225 5598 δὴ
3254 5530 3349 5581 καὶ
3388 5528 3569 5591 Τιτιιον
3600 5522 3697 5576 τοῦ

466 5614 679 5686 pietatis
722 5614 982 5687 regulam,
1033 5617 1253 5686 reliquis
1306 5618 1592 5671 tenendam
1653 5619 2021 5681 tradiditutet

2146 5585 2396 5689 ἀαλαμᾶ
2438 5585 2641 5689 ταύτην
2686 5585 3117 5691 ἐπονομάζεσθαι
3177 5585 3487 5687 δίωρίσατο.
3539 5612 3697 5665 Τοῦτο

467 5722 575 5763 non
602 5709 816 5762 Tantum
852 5705 1091 5766 l’alama:
1118 5710 1496 5780 appellandam
1533 5714 1734 5767 sanxit.
1768 5710 1822 5765 Id
1859 5712 2036 5767 enim-

543 5868 560 5901 ⁸
590 5864 751 5925 Rom.
788 5882 840 5935 ι,
878 5864 929 5921 l.
1005 5862 1070 5920 ἰ
1101 5862 1228 5920 Cor.
1267 5879 1379 5930 xiv,
1412 5864 1503 5921 '58.

2151 5711 2332 5783 μέντοι
2378 5709 2654 5783 γνώριμον
2704 5713 2823 5777 ταῖς
2872 5710 3131 5777 διανοίαις
3175 5710 3285 5764 τῶν
3349 5706 3416 5763 τὰ
3466 5704 3695 5775 παρόντα
