3920 6548
264 436 353 498 335

261 541 687 611 ἀναγνωσομένων
739 541 1179 611 προὺποκείσθω.
1219 544 1295 608 ὡς
1338 540 1407 615 ἦν
1438 544 1652 618 καιρὸς,
1695 547 1783 600 ὅτε
1812 547 1857 604 Δ

260 642 285 708 η
319 633 591 701 Ἐκκλησία
621 631 753 703 αὕτη
788 634 889 697 τῆς
926 633 1256 705 ἀποφάσεως
1285 637 1490 707 ταύτης
1516 638 1782 708 πρότερον

258 730 421 798 ἑτέραν
451 726 691 779 ὲναντίαν
723 724 985 796 ἐξήνεγκε
1008 744 1021 760 ·
1072 728 1168 782 καὶ
1205 728 1575 800 μαρτυροῦσιν
1602 730 1650 782 οἱ
1695 728 1787 782 καὶ

257 822 333 873 νῦν
356 819 429 871 ἔτι
458 817 653 881 ζῶντες
680 819 746 888 τῇ
788 819 994 889 συνόδῳ
1034 817 1157 872 τότε
1202 820 1663 890 παραγενόμενοι,
1693 818 1789 871 καὶ

256 914 301 965 σί
327 908 576 979 προσᾶσαι
631 910 906 964 συνοδικαὶ
934 911 1166 980 ¹πράξεις
1219 912 1312 964 ἐπὶ
1360 908 1591 972 τούτοις,
1631 908 1788 978 βασι-
1838 924 1842 928 ’

257 999 471 1060 λεύοντος
514 998 874 1065 Ἀνδρονίκου,
904 1003 999 1054 καὶ
1026 1001 1096 1053 τά
1120 999 1481 1071 ἱστορούμενα
1516 999 1642 1069 περὶ
1664 996 1789 1050 τού-

254 1109 369 1146 των·
398 1089 521 1143 ὥστ’
550 1090 850 1158 άμφίὸολον
890 1086 1030 1145 εἶναι
1065 1094 1269 1160 ποτέρα
1313 1092 1422 1147 τῶν
1456 1092 1788 1161 ἀποφάσεων

253 1184 426 1237 τούτων
446 1182 670 1251 τάληθὲς
706 1183 826 1252 μεθ’
858 1183 1060 1254 ἑαυτῆς
1092 1184 1205 1254 εχει
1233 1201 1246 1216 ’
1279 1186 1378 1255 τὴν
1406 1185 1519 1254 γὰρ
1555 1184 1786 1252 ἀντίφα-

254 1296 322 1329 σιν
349 1274 697 1345 μὴδύνασθαι
722 1277 1131 1346 συναληθεύειν,
1156 1278 1252 1332 καὶ
1282 1279 1363 1331 ὅτι
1391 1277 1653 1331 ἀδύνατον
1686 1278 1785 1346 τὴν

250 1368 513 1436 λεγομένην
542 1367 635 1420 καὶ
682 1368 1085 1439 πιστευομένην
1117 1368 1413 1440 καθολικὴν
1455 1368 1785 1438 Ἐκκλησίαν

250 1459 391 1528 αὐτὴν
420 1452 576 1521 εἶναι,
607 1458 710 1528 τὴν
743 1456 873 1530 περὶ
904 1461 1013 1513 τῶν
1054 1461 1236 1516 αὑτῶν
1284 1464 1379 1530 τῆς
1413 1461 1649 1523 πίστεως
1688 1477 1785 1513 κε-

252 1550 459 1621 φαλαίων
500 1551 592 1602 νῦν
649 1552 749 1618 μὲν
779 1551 978 1617 οὕτως,
1015 1551 1111 1604 νῦν
1142 1552 1187 1605 δ’
1219 1553 1441 1614 ἐκείνως
1488 1552 1787 1605 τάναντιώο

248 1660 363 1696 τατα
420 1639 711 1710 κρίνουσαν
785 1645 883 1696 καὶ
951 1643 1284 1714 κρατοῦσαν,
1345 1644 1441 1695 καὶ
1498 1644 1785 1713 παρρησίᾳ

250 1738 497 1804 γράμμασι
528 1734 621 1787 καὶ
671 1735 993 1805 πράγμασιν
1044 1739 1507 1810 ἀποφαινομένην.
1560 1737 1785 1809 Δεῖγὰρ

250 1827 328 1897 τὴν
364 1824 642 1896 καθολικὴν
695 1826 1023 1899 Ἐκκλησίαν
1051 1829 1340 1899 ἀληθεύειν
1368 1831 1488 1887 άεί·
1524 1832 1647 1884 ἐπεὶ
1689 1834 1784 1884 καὶ

252 1920 324 1971 τδν
348 1918 715 1989 παρακούοντα
742 1920 949 1992 ταύτης
983 1920 1197 1975 ὲθνικδν
1221 1924 1316 1975 καὶ
1346 1922 1587 1994 τελώνην
1618 1924 1645 1975 6
1675 1923 1785 1975 Κύ-

256 2028 346 2081 ριος
376 2007 499 2063 εἶναι
524 2009 846 2080 διωρίσατο.

313 2103 405 2154 ἰνα
436 2101 611 2156 τοίνυν
644 2103 792 2158 κατὰ
816 2104 1018 2158 σκοπὸν
1049 2106 1370 2178 ἀρξάμενοι,
1402 2108 1499 2179 τὴν
1530 2109 1659 2179 περὶ
1690 2108 1784 2163 τοῦ

267 2193 512 2264 ζητήματος
543 2195 653 2265 τῆς
680 2196 830 2259 Θείας
859 2198 1051 2261 οὐσίας
1088 2199 1179 2253 καὶ
1212 2200 1493 2270 ἐνεργείας
1524 2200 1619 2251 νῦν
1651 2217 1789 2269 κρα.

268 2282 419 2335 τοῦσαν
459 2283 743 2354 ἀπόφασιν
791 2287 1166 2357 ἑξυφάνωμεν,
1219 2292 1313 2345 καὶ
1363 2292 1567 2359 ταύτην
1618 2292 1787 2361 αὐτὴν

263 2374 328 2441 ἐρ’
350 2376 523 2445 ἑαυτῆς
569 2378 728 2442 ὅπως
780 2379 895 2449 ἔχει
924 2380 1243 2451 θεωρῶμεν,
1293 2383 1495 2437 εἰδέναι
1554 2384 1658 2453 χρὴ
1704 2385 1785 2437 ὅτι

254 2466 313 2534 τῷ
343 2467 537 2538 ῥηθέντι
585 2469 758 2540 Τόμῳ
784 2471 884 2538 τῆς
916 2473 1136 2526 συνόδου
1172 2474 1231 2538 ἓξ
1262 2475 1531 2543 κεφάλαια
1570 2480 1661 2529 καὶ
1684 2476 1786 2547 ξη-

247 2557 428 2628 τήματα
469 2563 575 2614 καὶ
614 2564 1061 2635 συμπεράσματα
1111 2566 1395 2637 πρόκειται
1446 2568 1637 2633 δεῖξαι,
1693 2568 1788 2621 καὶ

250 2651 576 2718 περὶτούτων
608 2655 845 2709 καθόλου
894 2658 1384 2729 πραγματεύεται·
1421 2655 1496 2714 ὧν
1544 2661 1783 2730 πρῶτον,

248 2742 315 2796 ὅτι
343 2743 473 2799 ἔστιν
499 2748 595 2799 ἐπὶ
628 2748 765 2802 Θεοῦ
799 2749 1071 2821 διάκρισις
1110 2752 1299 2817 οὐσίας
1340 2754 1434 2807 καὶ
1461 2756 1745 2824 ἐνεργείας
1770 2774 1785 2790 ·

245 2833 455 2905 δεύτερον
483 2839 566 2891 ὅτι
599 2838 863 2910 ἐνέργεια
897 2841 1034 2911 αὕτη
1067 2842 1217 2895 ἐστὶν
1256 2843 1511 2907 ἄκτιστος
1535 2862 1549 2875 ·
1579 2847 1784 2913 τρίτον,

244 2925 360 2996 δτιιή
406 2928 679 3000 διάκρισις
712 2931 851 3004 αὕτη
884 2935 980 2988 καὶ
1021 2936 1053 3005 ἠ
1084 2935 1318 3006 διαφορὰ
1368 2937 1425 2990 ἐν
1453 2936 1531 3007 τῷ
1576 2938 1695 3008 Θεῷ
1725 2940 1786 2992 οὑ

243 3022 363 3072 ποιεῖ
387 3021 637 3079 σύνθεσιν
671 3026 729 3078 ὲν
760 3026 909 3097 αὐτῷ
932 3044 946 3060 ·
980 3029 1041 3081 τὸ
1093 3030 1371 3100 τέταρτον,
1403 3031 1484 3083 ὅτι
1517 3032 1578 3084 τὸ
1618 3030 1790 3100 ὄνομα

243 3110 322 3179 τῆς
366 3113 625 3181 Θεότητος
657 3117 757 3170 οὐκ
788 3120 881 3171 ἐπὶ
926 3119 1028 3188 τῆς
1078 3122 1263 3184 οὐσίας
1311 3121 1474 3191 μόνον
1510 3124 1601 3177 τοῦ
1652 3122 1787 3177 Θεοῦ

242 3204 446 3271 λέγεται,
478 3206 622 3261 ἀλλὰ
667 3211 763 3262 καὶ
806 3212 899 3264 ἐπὶ
931 3212 1031 3281 τῆς
1074 3214 1223 3279 θείας
1266 3217 1548 3285 ἐνεργείας
1577 3216 1745 3271 αὑτοῦ
1769 3231 1785 3249 ⁶
1815 3241 1856 3295 c

242 3297 481 3364 πέμπτον,
507 3301 595 3353 ὅτι
626 3301 657 3369 ἡ
693 3302 849 3356 οὑσία
871 3304 967 3357 τοῦ
999 3304 1131 3358 Θεοῦ
1163 3308 1489 3379 ὑπέρκειται
1520 3310 1617 3379 τῆς
1643 3312 1789 3380 ἐνερ-

240 3390 366 3455 γείας
393 3392 553 3445 αὑτοῦ
581 3409 597 3424 ·
632 3394 818 3460 ἕκτον,
862 3396 945 3450 ὅτι
977 3399 1005 3451 6
1034 3399 1166 3462 Θεὸς
1209 3400 1270 3453 οὑ
1308 3403 1593 3472 μετέχεται
1648 3404 1790 3458 κατὰ

240 3482 320 3549 τὴν
344 3484 521 3537 οὐσίαν
546 3486 743 3553 αὑτοῦ,
776 3488 912 3544 ἀλλὰ
948 3495 1090 3546 κατὰ
1117 3495 1219 3561 τὴν
1247 3495 1553 3565 ἐνέργειαν.
1599 3498 1692 3551 Ἐκ
1724 3498 1813 3571 δὴ,

238 3574 329 3627 τῶν
357 3577 611 3633 τοιούτων
644 3581 999 3652 ζητημάτων,
1033 3586 1068 3639 ά
1097 3589 1186 3639 καί
1216 3588 1627 3661 φιλοτιμότερον
1658 3593 1791 3646 ἁπο-

240 3664 575 3735 δεεκνύουσιν,
620 3673 697 3737 ὡς
744 3676 968 3742 οἴονται,
1004 3679 1035 3748 ἡ
1067 3680 1177 3732 τῶν
1226 3682 1431 3752 ἀνδρῶν
1458 3683 1662 3737 τούτων
1704 3685 1791 3736 πί-

242 3773 342 3821 στις
370 3762 656 3860 (salvs-cate
677 3766 828 3860 ὑμέες
850 3768 907 3821 δὲ
938 3771 1029 3822 καὶ
1059 3772 1115 3837 ἐξ
1146 3769 1221 3825 ὧν
1256 3772 1497 3843 λέγουσι,
1528 3775 1790 3845 σαφέστε-

246 3867 322 3917 ρον
354 3853 530 3915 αὑτοῖς
574 3853 784 3927 ῥήμασι
826 3860 1169 3931 δειχθήσεται
1197 3882 1211 3895 ·
1246 3868 1320 3929 ὡς
1352 3867 1420 3920 ἂν
1462 3870 1489 3921 6
1515 3869 1624 3922 τῶν
1653 3888 1791 3940 προ-

238 3945 474 4001 τεθέντων
532 3950 740 4014 σκοπὸς
770 3951 1150 4025 λαμπρότερον
1178 3957 1423 4029 ἀναφανῇ
1452 4001 1466 4022 ,
1527 3963 1619 4014 καὶ
1675 3964 1791 4031 ἅμα

243 4040 407 4109 μηδεὶς
458 4044 663 4110 αὑτοὺς
707 4050 1161 4117 συκοφαντεῖσθαι
1210 4051 1656 4122 ἢδιαὸάλλεσθαι
1705 4075 1790 4109 νο-

241 4146 372 4201 twn-

297 4224 524 4294 Φανερδν
563 4228 667 4298 μὲν
700 4229 793 4282 οὖν
822 4230 885 4283 ὲκ
916 4232 1017 4301 τῆς
1051 4232 1110 4287 ιν
1148 4234 1227 4305 τῷ
1266 4235 1431 4307 Τόμῳ
1459 4237 1793 4308 ἀποφάσεως

240 4311 311 4367 δτι
332 4318 390 4370 οὑ
421 4322 550 4388 περὶ
574 4321 671 4390 τῆς
692 4321 1023 4393 διακρίσεως
1048 4324 1265 4395 ἐκείνης
1295 4328 1640 4399 προτιθέασι,
1670 4330 1793 4385 καθ’

239 4408 297 4479 ἢν
322 4413 348 4463 6
374 4407 450 4475 εἷς
484 4415 619 4477 Θεὸς
649 4415 977 4484 ἀφθέγκτως
1005 4420 1127 4481 ταῖς
1160 4419 1493 4477 ὑποστάσεσι
1524 4422 1796 4491 διακρίνε-

239 4519 351 4555 ται·
400 4507 648 4560 τουτέστι
704 4510 846 4561 κατὰ
882 4510 982 4572 τὰς
1014 4512 1167 4580 τρεῖς
1206 4512 1533 4573 ὑποστάσεις
1579 4516 1674 4570 καὶ
1723 4516 1793 4570 τὰ

240 4594 350 4662 τρία
395 4599 697 4667 πρόσωπα·
749 4599 842 4652 τοῦ
875 4600 1091 4671 Πατρὸς
1127 4603 1220 4655 καὶ
1276 4604 1368 4656 τοῦ
1400 4604 1529 4657 Υἱοῦ
1558 4606 1667 4659 ’καὶ
1696 4605 1789 4657 τοῦ
1820 4591 1871 4650 Ῑ)

242 4684 381 4763 ἁγίου
419 4688 771 4757 Πνεύματος·
815 4691 1017 4760 μᾶλλον
1045 4693 1121 4756 δὲ,
1155 4693 1245 4745 τὸν
1292 4695 1511 4766 Πατέρα
1544 4697 1632 4750 καὶ⁵
1666 4696 1796 4749 Υίδν

241 4783 324 4833 καὶ
346 4782 402 4833 τὸ
431 4783 583 4849 ἅγιον
618 4783 867 4854 Πνεῦμα,
906 4788 1133 4857 ἐπείπερ
1164 4789 1197 4858 ἡ
1233 4788 1332 4857 μὲν
1366 4788 1497 4857 ἁγία
1538 4790 1709 4857 Τριάς
1737 4791 1796 4843 ἓν

240 4870 341 4925 ἔστι
367 4878 594 4944 πρᾶγμα
639 4878 666 4930 ὃ
694 4877 749 4930 τί
782 4880 916 4933 ποτέ
955 4881 1070 4933 ἐστι
1111 4883 1202 4935 καὶ
1252 4882 1351 4951 μία
1383 4883 1570 4937 οὐσία·
1608 4884 1703 4937 καὶ
1730 4884 1793 4937 οὐ

240 4960 292 5013 τδ
320 4964 410 5031 μὲν
443 4966 553 5019 τῶν
600 4968 914 5038 προσώπων
945 4970 1223 5041 ὑφέστηκε
1273 4973 1397 5026 καθ’
1426 4975 1608 5037 ἑαυτὸ,
1646 4976 1705 5027 τὸ
1736 4975 1793 5028 δὲ

241 5054 325 5126 οὐχ
356 5059 660 5128 ὑφέστηκεν
685 5079 699 5093 ·
734 5062 855 5116 οὐδὲ
896 5064 957 5117 τὸ
1000 5065 1099 5135 μὲν
1142 5067 1409 5135 μεθεκτὺν
1450 5069 1570 5122 καθ’
1608 5070 1793 5134 ἑαυτὸ,

241 5146 361 5199 τὸδὲ
392 5149 692 5219 ἀμέθεκτον
714 5169 727 5183 ο
760 5157 853 5207 καὶ
886 5157 1128 5225 παρίημι
1165 5157 1229 5211 τὰ
1259 5159 1449 5225 πλείω,
1487 5160 1522 5214 ἃ
1550 5163 1676 5233 περὶ
1701 5163 1795 5215 οὑ-

245 5238 348 5295 sint:
370 5243 460 5294 καὶ
490 5242 767 5309 ἐνεργείας
800 5243 1019 5312 λέγουσι
1052 5246 1445 5315 διακρίνοντες,
1472 5248 1549 5312 ὡς
1582 5250 1797 5321 δειχθή-

248 5343 384 5383 σεται
403 5347 417 5359 ·
446 5331 579 5384 ἀλλὰ
602 5333 741 5386 κατά
765 5351 888 5387 τινα
917 5333 1086 5404 ἄλλην
1112 5336 1389 5406 διάκρισιν
1416 5338 1797 5407 ἑπινοηΘείσαν

247 5421 411 5486 αὐτοῖς
434 5440 447 5454 ·
478 5424 602 5478 καθ’
635 5426 700 5495 ῆν
742 5425 817 5488 ὡς
858 5425 1160 5494 βούλονται,
1194 5428 1533 5499 διακρίνεται
1579 5428 1741 5491 αὐτὸς
1770 5430 1798 5484 ὁ

245 5516 643 5579 τρισυπόστατος
676 5518 807 5580 Θεὸς
838 5519 915 5580 είς
951 5519 1140 5571 ούσίαν
1172 5519 1264 5572 καὶ
1302 5520 1583 5587 ἐνέργειαν
1610 5537 1622 5550 ·
1656 5521 1795 5591 μᾶλ-

245 5603 324 5657 λον
350 5608 403 5661 δι
431 5610 619 5662 οὑσίαν
646 5611 740 5664 καὶ
771 5613 1073 5682 ἐνεργείας.
1106 5613 1343 5683 Φανερὸν
1370 5614 1425 5666 δὲ
1454 5616 1548 5667 καὶ
1587 5616 1670 5668 ὅτι
1699 5614 1798 5684 τὴν

248 5698 502 5771 ὲνὲργειαν
552 5705 764 5776 ταύτην
817 5708 909 5759 καὶ
963 5705 1206 5793 Θεῆτητά
1254 5724 1426 5776 φασι·
1484 5708 1685 5781 μᾶλλον
1738 5708 1795 5763 δὲ

312 5882 329 5914 ⁸
350 5882 527 5942 Matth.
592 5904 747 5954 xvut,
780 5885 865 5949 l7.

1242 434 1339 493 DE
1384 433 1757 494 ESSENTIA
1804 434 1897 494 ET
1930 435 2449 501 OPERATIONE.

3356 440 3467 510 286

1891 562 2017 603 vero
2072 564 2260 604 eorum
2290 551 2380 620 qui
2411 549 2510 605 ista
2560 547 2751 605 lecturi
2780 555 2927 616 sunt,
2980 555 3105 607 ante
3127 551 3311 607 omnia
3348 557 3467 608 aui-

1893 639 1996 693 mis
2035 648 2205 694 ratum
2237 650 2356 695 esto
2386 655 2449 695 ac
2476 640 2860 707 Constitutum,
2894 640 3063 698 fuisse
3113 651 3322 713 tempus
3339 660 3464 700 cum

1891 730 2004 784 haec
2031 731 2288 793 Ecclesia,
2352 732 2677 799 sententiam
2742 732 2905 787 aliam
2958 733 3087 789 huic
3136 736 3465 791 contrariam

1889 831 2013 875 ante
2037 822 2243 883 edidit;
2280 836 2345 875 ac
2378 830 2668 888 testantur,
2690 824 2783 893 qui
2810 825 2978 879 etiam
3014 840 3140 880 num
3203 828 3467 894 supersti-

1890 926 1989 977 tes,
2016 915 2221 986 synodo
2248 917 2319 970 illi
2348 916 2734 982 interfuerunt,
2766 918 3040 989 Actusque
3076 919 3173 988 ipsi
3198 933 3263 972 eo
3288 921 3338 971 in
3368 936 3463 974 ue-

1888 1009 2033 1077 gmio
2058 1008 2361 1077 synodales,
2393 1009 2709 1066 Andronico
2754 1010 3083 1079 imperatore
3107 1051 3123 1077 ,
3157 1010 3322 1065 habiti
3353 1028 3369 1070 ;
3403 1025 3468 1063 ac

1888 1099 2118 1169 denique
2141 1114 2260 1168 quae
2294 1101 2359 1154 de
2388 1100 2493 1155 illis
2517 1108 2790 1168 gestorum
2828 1102 3191 1155 monumentis
3218 1102 3464 1156 const-ri-

1889 1198 1979 1261 pta
2012 1199 2136 1243 sunt
2170 1206 2186 1245 :
2217 1191 2469 1259 quocirca
2498 1191 2720 1246 dubium
2752 1200 2858 1257 est,
2888 1200 3005 1244 utra
3023 1191 3215 1245 harum
3242 1202 3467 1246 senten-

1890 1281 2085 1335 tiarum
2120 1281 2350 1336 veritate
2375 1282 2600 1337 nitatur.
2636 1282 2830 1352 Liquet
2854 1284 2999 1337 enim
3028 1282 3141 1337 lieri
3166 1296 3273 1335 non
3305 1297 3466 1350 posse

1889 1382 1945 1427 ut
1973 1372 2263 1429 atiirmatio
2291 1383 2345 1429 et
2374 1376 2590 1444 negatio
2626 1375 2788 1429 simul
2828 1389 2967 1430 vera:
3015 1374 3147 1437 sint,
3181 1373 3262 1428 vel
3290 1383 3346 1426 ut
3379 1373 3467 1426 illa

1887 1462 2097 1518 dicatur
2119 1472 2279 1533 atque
2318 1465 2574 1520 credatur
2634 1464 2873 1520 Ecclesia
2917 1464 3206 1528 catholica,
3238 1478 3361 1533 quas
3398 1463 3469 1519 de

1887 1555 2077 1609 iisdem
2107 1556 2226 1609 ﬁdei
2250 1556 2499 1624 capitulis
2525 1556 2684 1612 modo
2709 1557 2813 1622 sic,
2858 1568 3016 1611 moue
3052 1556 3211 1610 aliter
3243 1595 3258 1621 ,
3293 1555 3470 1610 maxi-

1888 1659 1975 1699 me
2007 1647 2283 1700 contraria
2321 1650 2598 1712 decernat,
2643 1655 2931 1717 teneatque
2958 1655 3014 1702 et
3045 1647 3223 1715 palam
3249 1644 3470 1714 scriptis

1888 1735 2153 1806 factisque
2202 1737 2709 1795 enuntiet.Necesse
2770 1746 2855 1793 est
2908 1740 3075 1803 enim,
3112 1745 3170 1791 ut
3225 1735 3467 1791 Ecclesia

1889 1829 2156 1884 catholica
2200 1843 2389 1883 verum
2425 1844 2637 1899 semper
2665 1830 2809 1885 dicat
2833 1846 2849 1896 ;
2880 1845 3001 1885 nam
3026 1837 3081 1884 et
3109 1828 3337 1899 quieam
3361 1840 3469 1881 non

1892 1922 2150 1984 audierit,
2184 1921 2460 1977 ethnicum
2494 1930 2551 1979 et
2597 1922 2946 1993 publicanum
3011 1921 3151 1991 fore,
3208 1919 3470 1976 Dominus

1888 2010 2079 2067 statuit
2099 2010 2140 2066 ⁸.

1960 2101 2029 2158 Ut
2058 2104 2224 2173 igitur
2276 2112 2426 2159 certa
2459 2104 2525 2158 ad
2576 2104 2849 2160 destinata
2908 2105 3123 2160 ratione
3165 2105 3466 2169 ordientes,

1888 2195 2004 2266 ejus
2030 2211 2151 2265 quas
2180 2210 2320 2251 nunc
2352 2196 2580 2262 obtinet,
2615 2198 2682 2252 de
2723 2198 2903 2251 divina
2925 2196 3159 2253 essentia
3186 2212 3250 2253 ac
3279 2209 3473 2263 opera-

1890 2289 2054 2352 tione,
2084 2288 2400 2357 qlttestiouis
2445 2290 2774 2344 sententiam
2843 2299 3174 2354 retexamus,
3221 2290 3469 2358 hancque
3548 2296 3560 2310 '

1891 2379 2062 2449 ipsam
2088 2380 2143 2435 in
2169 2382 2367 2451 seipsa,
2404 2381 2702 2451 cuiusmodi
2741 2382 2831 2447 sit,
2870 2391 3246 2443 contueamur,
3280 2380 3472 2434 obser—

1890 2472 2120 2527 vandum
2148 2482 2229 2528 est
2255 2490 2273 2541 ;
2306 2472 2382 2528 illi
2403 2488 2564 2544 quem
2586 2472 2697 2527 dixi
2728 2512 2743 2538 ,
2778 2472 2971 2544 synodi
3017 2470 3213 2534 Tomo,
3242 2486 3338 2527 εει
3366 2483 3469 2524 ca-

1891 2571 1998 2638 pita
2044 2584 2107 2623 ac
2148 2571 2480 2637 quaestiones
2553 2566 3070 2635 conclusionesque,
3131 2564 3468 2619 ostendenda

1890 2662 2158 2731 proposita
2190 2675 2334 2722 esse,
2367 2659 2541 2719 deque
2564 2657 2672 2711 illis
2707 2658 3009 2711 universim
3045 2663 3303 2711 tractare.
3342 2654 3469 2707 Pri-

1890 2770 2035 2808 mum
2062 2762 2165 2818 est,
2198 2768 2318 2808 esse
2348 2754 2400 2805 in
2418 2753 2531 2807 Deo
2548 2752 2949 2806 distinctionem
2982 2749 3236 2804 essentia:
3255 2760 3308 2802 et
3330 2762 3465 2815 ope-

1892 2846 2137 2901 rationis.
2164 2846 2428 2907 Alterum,
2456 2842 2976 2911 hancOperatiouem
2996 2841 3291 2894 increatam
3327 2854 3467 2893 esse.

1890 2939 2154 3004 Tertium,
2176 2937 2556 2993 discretionem
2598 2937 2735 2989 hanc
2754 2948 2816 2987 ac
2836 2931 3237 2987 distinctionem
3275 2932 3327 2985 in
3358 2931 3471 2984 Deo

1892 3048 1997 3087 non
2028 3033 2207 3089 facere
2239 3034 2289 3088 in
2322 3048 2388 3088 eo
2413 3034 2881 3094 compositionem.
2910 3029 3198 3096 Quartum,
3242 3026 3469 3080 Deitatis

1892 3140 2088 3181 uomcu
2122 3139 2227 3179 non
2273 3124 2447 3178 solum
2480 3123 2580 3178 dici
2607 3124 2671 3177 de
2701 3122 2792 3175 Dei
2814 3119 3073 3184 essentia,
3094 3131 3282 3171 verum
3303 3116 3468 3169 etiam

1889 3217 1956 3272 de
1993 3217 2173 3271 divina
2203 3215 2537 3283 Operatione.
2562 3214 2843 3279 Quintum,
2886 3209 2978 3264 Dei
3012 3208 3305 3264 essentiam
3325 3206 3472 3258 illius

1898 3307 2199 3380 operationi
2234 3308 2472 3360 eminere
2496 3318 2557 3358 ac
2578 3302 2910 3371 superiorem
2934 3314 3076 3354 esse.
3094 3298 3341 3355 Sextum.
3367 3310 3473 3347 non

1899 3399 2210 3472 participari
2244 3400 2408 3452 Deum
2438 3397 2647 3451 ratione
2670 3393 2941 3455 essentia,
2974 3392 3067 3444 sed
3099 3390 3310 3444 ratione
3339 3400 3473 3455 ope-

1902 3497 2146 3552 rationis.
2186 3494 2262 3548 Ex
2322 3490 2584 3563 ejusmodi
2646 3503 2778 3542 sane
2813 3484 3225 3555 quaestionibus,
3253 3495 3390 3550 quas
3414 3487 3474 3531 et

1899 3589 2251 3649 luculentius,
2290 3595 2347 3639 ut
2376 3583 2475 3639 sibi
2514 3582 2785 3645 videntur,
2810 3579 3103 3633 ostendunt
3132 3590 3194 3629 ac
3222 3574 3470 3642 probant,

1898 3694 2143 3751 qutcuant
2174 3680 2244 3732 sit
2261 3678 2488 3731 istorum
2514 3674 2792 3727 hominum
2812 3669 2945 3724 iides
2970 3675 3137 3737 patet;
3162 3676 3471 3733 quanquam

1899 3772 2060 3827 etiam
2090 3785 2154 3825 ex
2188 3770 2269 3824 his
2300 3783 2419 3838 quae
2450 3766 2656 3828 dicunt,
2691 3762 2824 3832 ipsis
2857 3774 3044 3843 eorum
3086 3757 3287 3818 verbis,
3320 3768 3348 3806 a
3378 3766 3476 3806 uo-

1901 3866 1984 3918 bis
2013 3861 2418 3916 monstrandum
2450 3865 2536 3913 est
2573 3871 2587 3920 ;
2624 3869 2729 3925 quo
2779 3853 3059 3911 nimirum,
3105 3860 3292 3903 eorum
3352 3856 3476 3927 quas

1900 3954 2174 4024 proposita
2199 3959 2344 4013 sunt,
2378 3960 2575 4016 scopus
2625 3944 2824 3999 clarius
2876 3942 2989 4010 ipse
3048 3938 3341 3997 eluccscat,
3374 3945 3495 3986 nec'

1901 4052 2184 4121 quisquam
2223 4059 2316 4115 per
2336 4041 2664 4099 calumniam
2693 4036 2894 4107 aliquid
2914 4035 2992 4090 eis
3022 4048 3054 4088 a
3103 4030 3260 4087 nobis
3308 4023 3473 4097 obiici

1905 4144 2226 4199 arbitretur.

1974 4234 2166 4304 Liquet
2183 4238 2457 4295 autem,ex
2470 4241 2533 4282 ea
2552 4240 2672 4298 qua
2691 4226 2742 4279 iu
2758 4222 2928 4277 Tomo
2947 4219 3141 4277 habeto
3152 4214 3473 4287 r,sententia

1902 4344 2010 4385 uou
2048 4323 2396 4396 proposuisse
2430 4334 2545 4382 eos,
2568 4319 2634 4373 de
2675 4316 2761 4371 illa
2790 4314 3165 4375 distinctione,
3204 4325 3309 4379 qua
3332 4324 3476 4364 unus

1902 4421 2071 4483 Deus,
2096 4416 2258 4472 nullis
2293 4412 2472 4470 verbis
2508 4406 3064 4481 explicabiliratione,
3098 4401 3477 4474 Itypostasihus

1904 4488 2276 4573 discernitnr';
2296 4507 2467 4562 tribus
2519 4503 2730 4558 scilicet
2786 4496 3157 4555 subsistentiis
3206 4508 3269 4549 ac
3306 4492 3479 4547 tribus

1899 4603 2169 4675 personis,
2206 4599 2384 4654 Patris
2428 4606 2483 4649 et
2537 4594 2657 4649 Filii
2687 4602 2742 4647 et
2780 4594 3017 4661 Spiritus
3075 4587 3249 4643 sancti
3288 4601 3303 4650 ;
3345 4585 3475 4654 quin

1901 4697 2080 4769 potius
2107 4694 2271 4769 Patre
2304 4700 2356 4745 et
2384 4688 2522 4745 Filio
2558 4697 2612 4743 et
2642 4685 2847 4756 Spiritu
2879 4691 3095 4746 sancto,
3139 4676 3479 4749 quandoqui-

1901 4766 2021 4845 dem
2042 4795 2224 4843 sancta
2256 4766 2500 4840 Trinitas
2532 4796 2635 4834 una
2661 4793 2746 4833 res
2776 4785 2860 4833 est
2888 4788 3230 4845 quaecunque
3259 4773 3473 4825 tandem

1905 4881 1994 4938 illa
2032 4882 2124 4941 sit.
2145 4891 2360 4947 unaque
2391 4872 2657 4935 essentia;
2696 4885 2793 4924 nec
2815 4881 3167 4938 personarum
3222 4865 3325 4917 alia
3357 4862 3479 4933 qui-

1901 4973 2022 5028 dem
2054 4984 2151 5041 per
2167 4984 2228 5024 se
2246 4966 2490 5023 subsistit
2513 4977 2748 5031 vereque
2768 4969 2872 5025 est,
2898 4960 3000 5014 alia
3025 4973 3127 5013 non
3154 4971 3248 5026 per
3271 4969 3330 5009 se
3352 4955 3483 5010 sub-

1902 5064 2053 5121 sistit
2087 5078 2185 5118 uec
2216 5072 2298 5116 est
2326 5074 2488 5123 vere;
2522 5058 2601 5112 vel
2626 5056 2731 5110 alia
2766 5055 2848 5109 sui
2874 5054 2989 5122 ipsa
3018 5051 3228 5105 ratione
3256 5047 3482 5118 partici-

1900 5152 2092 5224 pabilis
2121 5160 2225 5217 est,
2264 5148 2365 5203 alia
2393 5162 2455 5200 ex
2480 5160 2539 5199 se
2558 5143 2871 5214 participari
2892 5156 2997 5195 non
3023 5147 3220 5207 postct.
3252 5134 3480 5203 Aliaqne

1902 5245 2178 5317 complura
2208 5244 2371 5298 missa
2393 5238 2556 5304 iacio,
2580 5252 2699 5303 qum
2716 5236 2783 5291 de
2811 5232 3044 5289 essmttia
3072 5239 3125 5283 ct
3154 5228 3477 5295 Operatiouc

1901 5333 2623 5409 loquuntur,distinguendo
2672 5344 2737 5384 ac
2789 5326 3172 5386 dist-emendo,
3212 5330 3270 5375 ttt
3328 5335 3482 5373 tuon-

1900 5433 2164 5489 strabitur
2196 5446 2211 5495 ;
2244 5428 2338 5483 sed
2396 5425 2692 5480 secundum
2722 5421 2883 5475 aliam
2952 5416 3355 5471 distinctionem
3416 5425 3482 5465 ac

1906 5523 2313 5583 discretionem,
2346 5517 2502 5586 cujus
2556 5514 2657 5584 ipsi
2722 5523 2972 5567 auctores
3018 5507 3290 5562 ex~istuttt
3326 5521 3341 5560 :
3376 5519 3481 5574 qua

1907 5617 2116 5687 utique,
2142 5621 2200 5668 ut
2225 5613 2299 5667 illi
2330 5611 2671 5670 existimant,
2708 5607 2823 5674 ipse
2852 5606 2991 5658 Deus
3024 5603 3160 5654 trine
3179 5597 3483 5655 subsistens

1908 5710 1962 5766 iu
1980 5708 2276 5766 essentiam
2307 5714 2362 5762 et
2384 5701 2759 5775 operationem
2806 5696 2827 5770 (
2862 5711 2957 5753 seu
2986 5694 3159 5769 magis
3200 5695 3254 5752 in
3291 5705 3479 5749 esseo-

3348 5914 3400 5957 ⁴
3462 5976 3469 5985 τ
