3882 6542
407 361 508 426 $91

1668 357 2064 423 MANUELIS
2095 353 2404 421 CALECAE

3544 353 3649 420 292

408 479 656 551 liquebit.
689 476 799 532 Nec
821 476 963 532 enim
983 476 1116 532 satis
1141 475 1246 531 illis
1269 474 1470 540 fuit,nt
1489 475 1569 530 sic
1601 478 1791 546 quovis
1819 477 1974 532 modo

2082 476 2216 530 Οὐδὲ
2247 477 2354 546 γὰρ
2385 474 2571 540 ἁπλῶς
2595 472 2768 538 οὕτως
2807 473 2901 545 τὴν
2929 470 3118 527 οὒεῐιν
3151 473 3244 525 τοῦ
3269 471 3402 525 Θεοῦ
3435 471 3531 524 καὶ
3551 471 3650 540 τὴν

409 569 506 624 Dei
533 567 825 623 essentiam
858 574 911 622 et
931 565 1297 634 operationem
1359 564 1502 620 inter
1534 579 1594 620 se
1671 565 1974 621 dividerent

407 673 612 728 easque
673 656 932 726 distingui
991 655 1274 721 dicerent;
1340 670 1528 710 verum
1598 657 1760 712 etiam
1833 655 1974 711 mul-

407 763 490 808 tos
534 754 586 808 in
643 753 723 806 eis
811 749 1152 805 discretionis
1221 764 1283 805 ac
1343 747 1699 819 oppositionis
1787 750 1975 804 modos

404 846 787 906 adhibuerunt,
825 858 1054 912 quorum
1087 843 1232 897 nullo
1266 841 1380 896 ﬂeri
1416 851 1613 910 potest,
1646 851 1703 896 ut
1737 841 1972 897 essentia

404 945 459 994 et
515 937 759 1002 operatio
812 934 987 1003 reipsa
1059 935 1113 988 in
1165 948 1331 987 unum
1390 934 1729 1000 conveniant,
1761 945 1977 1002 unaque

403 1032 586 1088 Deitas
624 1032 909 1096 exsistant,
937 1029 1012 1084 uti
1049 1027 1540 1098 hisimplicioribus
1560 1027 1695 1083 falso
1727 1028 1973 1083 suadent.

399 1122 572 1177 Porro
604 1122 1000 1192 examinetnus.
1045 1118 1257 1172 Horum
1310 1119 1453 1172 enim
1497 1117 1802 1182 nonnullos,
1854 1117 1974 1171 illo-

403 1230 523 1268 rum
561 1215 782 1282 probro,
842 1227 936 1266 seu
962 1211 1142 1280 potius
1172 1221 1232 1266 ut
1287 1225 1472 1264 eorum
1535 1209 1666 1265 falsa
1701 1208 1882 1277 opinio
1913 1224 1976 1264 ac

402 1308 669 1362 sententia
697 1305 871 1374 palam
901 1303 995 1358 [int
1029 1318 1092 1359 ac
1128 1312 1424 1368 evertatur,
1447 1317 1510 1356 ex
1553 1303 1617 1358 iis
1667 1317 1803 1372 quos
1850 1318 1976 1356 con-

399 1398 528 1454 fessi
566 1405 690 1451 sunt
736 1396 1096 1462 creduntque,
1127 1394 1180 1448 in
1210 1408 1274 1448 ea
1309 1408 1467 1463 quam
1503 1392 1760 1464 synodice
1785 1392 1972 1448 edide-

399 1498 546 1556 runt,
587 1487 826 1559 ipsorum
860 1486 1137 1557 religionis
1221 1497 1383 1555 atque
1428 1485 1547 1540 ﬁdei
1600 1499 1736 1540 nova
1792 1487 1974 1556 regula

401 1579 574 1649 (tomo
597 1575 826 1648 scilicet)
855 1575 944 1630 hic
973 1575 1072 1629 loci
1110 1587 1460 1644 exponemus.

469 1670 683 1724 Primus
723 1670 903 1742 itaque
934 1667 1276 1722 discretionis
1308 1667 1564 1721 essentne
1603 1674 1656 1721 et
1705 1666 1975 1734 Operatio-

399 1763 484 1818 nis
517 1767 730 1829 modus,
764 1771 822 1814 ut
850 1761 922 1815 illi
970 1775 1066 1815 suo
1099 1760 1164 1815 de
1217 1759 1328 1814 Deo
1389 1773 1550 1814 sensu
1636 1760 1972 1824 existimant,

398 1854 451 1908 in
471 1869 534 1908 eo
556 1863 660 1919 est,
693 1853 832 1923 quod
873 1852 924 1906 in
954 1851 1060 1906 Deo
1089 1850 1231 1905 aliud
1255 1850 1490 1905 essentia
1531 1850 1622 1904 Dei
1671 1859 1774 1910 est.
1829 1850 1972 1902 aliud

399 1944 451 1997 in
479 1959 544 1996 eo
578 1957 682 1996 non
715 1951 799 1996 est
832 1941 948 2008 ejus
993 1940 1250 1996 essentia.
1289 1938 1592 2005 Secundus,
1620 1940 1762 2009 quod
1790 1941 1840 1994 in
1867 1939 1976 1995 Deo

395 2030 541 2086 aliud
576 2040 660 2086 est
694 2033 831 2083 trine
871 2030 1176 2084 subsistens
1211 2030 1326 2098 ejus
1387 2038 1598 2096 natura,
1636 2038 1796 2098 atque
1829 2030 1974 2084 aliud

397 2139 506 2178 non
573 2123 884 2177 subsistens
952 2130 1046 2175 aut
1103 2135 1351 2190 persona.
1416 2120 1571 2176 Unde
1624 2129 1679 2175 et
1723 2122 1871 2176 aiunt
1922 2122 1972 2176 in

395 2213 588 2281 Tomo,
623 2213 768 2267 velut
797 2227 860 2266 ex
907 2225 1135 2280 persomt
1171 2225 1360 2266 eorum
1401 2211 1494 2281 qui
1597 2212 1735 2268 banc
1791 2223 1976 2266 tuean-

397 2315 482 2358 tur
513 2303 856 2372 positionem,
890 2301 971 2355 sic
1009 2301 1088 2356 eis
1134 2312 1403 2372 concepto
1453 2317 1704 2358 sermone
1767 2305 1975 2372 hacque

394 2397 682 2450 verborum
714 2395 886 2449 forma
913 2409 927 2446 :
965 2390 1066 2446 Sed
1093 2409 1252 2461 neque
1283 2394 1430 2448 aliud
1454 2393 1579 2463 quid
1643 2396 1728 2448 aio
1789 2393 1975 2448 Deita-

396 2505 497 2546 tem
527 2502 720 2561 prwter
751 2490 884 2543 trine
912 2488 1276 2542 subsistentem
1319 2489 1603 2554 Deitatem,
1659 2505 1751 2542 nec
1803 2506 1976 2542 essen-

396 2585 527 2636 tiam
583 2581 819 2635 divinam
874 2588 966 2631 aut
1034 2578 1347 2646 angelicam,
1397 2594 1490 2630 nec
1531 2578 1834 2647 ltypostasin
1885 2594 1974 2631 seu

398 2689 701 2745 personam,
739 2672 828 2726 sed
862 2671 1187 2740 operationes
1214 2669 1470 2738 quasdam
1505 2687 1566 2722 ac
1612 2674 1969 2736 processioncs

2077 568 2355 638 ἐνέργειαν
2387 569 2521 637 πρὸς
2564 565 2768 635 ἄλληλα
2802 565 3091 629 διελόντες,
3120 564 3214 616 καὶ
3259 563 3536 632 διαφέρειν
3569 565 3650 614 εἱ-
3719 583 3729 598 ι

2077 649 2270 721 πόντες
2323 656 2677 727 ἠρκέσθησαν
2702 673 2716 688 ο
2746 655 2881 708 ἀλλὰ
2916 655 3012 709 καὶ
3043 656 3262 718 πολλοῖς
3305 656 3527 726 τρόποις
3557 651 3648 705 ἐπ’

2077 749 2258 804 αὐτῶν
2313 747 2641 815 διακρίσεως
2672 746 2770 799 καὶ
2825 746 3151 809 ἀντιθέσεως
3199 746 3524 815 ἐχρήσαντο,
3573 738 3649 796 ὦν

2077 839 2195 892 κατ’
2227 839 2419 892 οὐδένα
2464 838 2691 891 δυνατὸν
2741 836 2838 907 τὴν
2873 837 3065 888 οὐσίαν
3093 835 3186 889 καὶ
3232 836 3328 904 τὴν
3359 835 3646 904 ινέιργειαν

2077 927 2479 998 πραγματικῶς
2518 928 2598 991 εἰς
2643 928 2701 980 ἓν
2731 927 3003 997 συμϐῆναι
3037 927 3132 980 καὶ
3165 927 3297 994 μίαν
3338 921 3478 980 εἶναι
3528 925 3656 978 Θεόο

2075 1039 2236 1089 τητα,
2267 1021 2341 1084 ὠς
2391 1015 2538 1075 οὗτοί
2570 1036 2632 1087 γε
2675 1019 2802 1082 τοὺς
2840 1019 3247 1088 ἁπλουστέρους
3311 1016 3650 1081 ἐξαπατῶσι.

2077 1112 2381 1178 Σκοπῶμεν
2416 1111 2492 1165 δέ.
2523 1110 2742 1164 Τούτων
2767 1111 2875 1181 γὰρ
2915 1111 3090 1172 ἐνίους
3128 1111 3208 1173 είς
3244 1109 3510 1179 αἰσχύνην
3545 1109 3648 1160 αὑ-

2077 1205 2206 1264 τῶν,
2239 1203 2440 1272 μᾶλλον
2472 1201 2530 1255 δὲ
2557 1203 2655 1272 τῆς
2685 1201 3038 1270 ψευδολογίας
3072 1200 3182 1253 τῶν
3212 1200 3423 1268 ἀνδρῶν
3470 1200 3655 1268 παρά-

2078 1313 2268 1348 στασιν
2317 1295 2410 1348 καὶ
2451 1295 2787 1364 ἀνατροπὴν,
2831 1292 2892 1357 ἐξ
2919 1286 2994 1345 ὧν
3041 1291 3401 1361 ὡμολόγησαν
3438 1293 3530 1343 καὶ
3562 1308 3658 1342 πι-

2080 1387 2366 1440 στεύουσιν
2396 1388 2454 1440 ἐν
2479 1386 2558 1456 τῷ
2583 1385 2860 1440 ὲκτεϐέντι
2891 1383 3186 1446 συνοδικῶς
3211 1383 3312 1452 τῆς
3341 1383 3647 1453 θρησκείας

2077 1479 2172 1532 καὶ
2209 1479 2450 1541 πίστεως
2482 1478 2664 1532 αὐτῶν
2717 1479 3048 1546 καινοφωνεῖ
3076 1477 3188 1548 ὅρῳ
3221 1476 3300 1546 τῷ
3342 1477 3507 1546 Τόμῳ
3560 1477 3655 1528 ὲνο

2079 1570 2338 1640 θήσομεν.

2152 1661 2376 1730 Πρῶτος
2415 1662 2514 1731 μὲν
2553 1661 2646 1714 οὖν
2677 1661 2880 1731 τρόπος
2931 1661 3255 1730 διακρίσεως
3311 1660 3501 1721 οὐσίας
3558 1661 3656 1714 καὶ

2081 1755 2359 1823 ἐνεργείας
2392 1754 2560 1817 ἔστιν,
2606 1754 2680 1816 ὡς
2709 1755 2861 1808 αὐτοὶ
2919 1753 3280 1822 θεολογοῦσιν,
3315 1755 3398 1806 ὅτι
3445 1753 3505 1805 τὸ
3550 1755 3654 1822 μὲν

2079 1846 2168 1897 ἐπὶ
2197 1844 2334 1897 Θεοῦ
2366 1845 2398 1914 ἠ
2427 1845 2588 1898 οὐσία
2615 1845 2733 1896 ἐστὶ
2759 1844 2850 1898 τοῦ
2880 1844 3040 1909 Θεοῦ,
3070 1846 3130 1897 τὸ
3161 1845 3217 1898 δὲ
3257 1845 3356 1898 οὐκ
3381 1846 3526 1898 ἐστιν
3560 1841 3656 1897 ἐπ’

2079 1938 2245 1992 αὑτοῦ
2277 1939 2310 2007 ὴ
2334 1938 2490 1992 οὐσία
2516 1938 2684 1991 αὑτοῦ
2713 1957 2725 1971 ·
2756 1938 3029 2010 δεύτερος,
3055 1941 3137 1992 ὅτι
3164 1940 3226 1992 τὸ
3265 1941 3362 2009 μὲν
3393 1941 3485 1993 ἐπὶ
3512 1941 3653 1994 Θεοῦ

2078 2031 2110 2100 ἠ
2144 2030 2580 2100 τρισυπόστατὸς
2609 2031 2759 2082 ἐστιν
2789 2031 2952 2084 αὐτοῦ
2981 2032 3142 2099 φύσις
3168 2048 3182 2064 ·
3215 2031 3276 2084 τδ
3305 2032 3350 2086 δ’
3374 2033 3475 2085 οὐκ
3503 2033 3657 2086 ἔστιν

2078 2120 2380 2182 ὑπόστασις
2407 2136 2422 2152 ο
2478 2123 2571 2172 καὶ
2622 2121 2711 2173 διὰ
2739 2121 2900 2175 τοῦτό
2950 2139 3119 2190 φασιν
3148 2124 3206 2176 ἐν
3255 2124 3331 2193 τῷ
3373 2123 3542 2194 Τόμῳ
3575 2125 3654 2188 ὼς

2076 2213 2185 2266 ἀπὸ
2218 2213 2325 2264 τῶν
2357 2213 2455 2281 τῆς
2478 2211 2680 2275 Θέσεως
2712 2214 2917 2282 ταύτης
2962 2215 3335 2284 προστάντων,
3372 2217 3652 2286 σχηματί-

2077 2303 2261 2368 ζοντες
2283 2303 2374 2358 τόν
2409 2304 2606 2371 λόγον’
2647 2305 2810 2359 Ἀλλ’
2857 2307 3002 2360 οὐδὲ
3043 2307 3198 2361 ἄλλο
3225 2309 3280 2362 τί
3330 2327 3476 2378 φημι
3517 2311 3658 2364 Θεόο

2076 2413 2226 2462 enm
2257 2397 2431 2461 ἐκτὸς
2483 2396 2587 2464 τῆς
2616 2399 3106 2464 τρισυποστάτου
3150 2403 3459 2468 Θεότητος,
3509 2404 3654 2457 οὔτε

2076 2488 2296 2539 οὐσίαν
2323 2490 2488 2541 θείαν
2517 2489 2549 2553 ἢ
2577 2489 2931 2557 ἀγγελικὴν,
2956 2491 3096 2544 οὔτε
3113 2493 3479 2559 ὑπόστασιν,
3509 2494 3658 2548 ἀλλ’

2076 2579 2377 2647 ἐνεργείας
2436 2577 2536 2632 καὶ
2589 2581 2889 2646 προόδους
2943 2580 3135 2646 τινὰς,
3190 2584 3371 2651 φύσει
3429 2585 3530 2637 καὶ
3581 2584 3655 2648 ἐξ

2075 2668 2272 2722 ἀϊδίου
2291 2672 2648 2737 προσούσας
2676 2669 2755 2734 τῷ
2788 2669 2930 2736 Θεῷ,
2956 2671 3036 2736 τῷ
3059 2671 3170 2740 τῆς
3195 2675 3478 2741 Θεότητος
3518 2676 3660 2728 όνό-
3713 2665 3720 2674 ’

392 2783 483 2820 seu
503 2765 877 2829 emanaliones,
902 2773 1093 2815 natura
1113 2770 1160 2814 et
1185 2763 1246 2814 ab
1271 2771 1464 2815 azteruo
1484 2761 1588 2815 Deo
1608 2771 1970 2830 competentes,

2079 2779 2213 2829 ματι
2245 2763 2736 2830 προσηγόρευσα.
2758 2763 2925 2816 Πάλιν
2958 2767 3014 2815 ὲν
3047 2764 3123 2834 τῷ
3147 2765 3293 2834 αὑτῷ
3319 2766 3484 2836 Τόμῳ
3512 2767 3657 2836 μετὰ

391 2857 622 2914 lleitatis
681 2857 888 2910 nomine
946 2853 1224 2922 appellavi.
1288 2852 1630 2923 Rursumque
1683 2853 1735 2908 in
1782 2856 1969 2909 eodem

395 2951 586 3014 Temo,
615 2957 734 3019 post
765 2949 877 3018 jam
910 2949 1056 3002 dicta
1097 2946 1347 3016 quaesita,
1395 2946 1463 3001 de
1511 2947 1629 3002 luce
1685 2946 1739 3002 in
1787 2961 1972 3001 mon'e

395 3042 670 3098 Tbaborio
716 3040 936 3110 (etenim
999 3040 1139 3094 hanc
1191 3054 1408 3109 quoque
1463 3055 1625 3093 unam
1679 3039 1968 3094 multarmn

2073 2857 2142 2907 τὰ
2171 2853 2550 2923 προειρημένα
2580 2852 2870 2922 ζητήματα
2898 2857 3024 2924 περὶ
3059 2854 3155 2908 τοῦ
3187 2857 3245 2907 ὲν
3267 2857 3342 2926 τῷ
3379 2857 3657 2927 Θαῦωρεῳ

2076 2945 2254 3013 φωτὸς
2289 2944 2590 3011 (καὶτοῦτο
2621 2945 2730 3014 γὰρ
2767 2945 2896 3014 μίαν
2927 2945 3035 3000 τῶν
3067 2946 3278 3000 πολλῶν
3305 2947 3398 3001 καὶ
3425 2949 3660 3017 ἀναριθ-

2077 3033 2263 3104 μήτων
2303 3036 2597 3105 ἐνεργειῶν
2627 3036 2891 3100 τιθέασιν,
2917 3038 3250 3108 ἐνεργοῦσαν
3282 3039 3407 3091 καθ’
3443 3040 3658 3110 ἑαυτὴν

395 3148 731 3201 numeroque
793 3132 1132 3200 superiorum
1215 3130 1592 3206 operationum
1673 3140 1966 3194 statuunt,

2079 3130 2206 3198 περὶ
2235 3129 2302 3181 τὰ
2346 3128 2733 3197 ὲλλαμπόμενα
2777 3129 2869 3180 καὶ
2915 3129 3306 3197 φωτιζόμενα),
3343 3134 3658 3200 συμπεραί-

361 3227 552 3297 .cujns
580 3241 672 3294 per
698 3240 752 3279 se
784 3223 865 3278 vis
891 3223 1033 3277 circa
1071 3237 1131 3277 ea
1185 3235 1306 3292 qua:
1359 3221 1694 3276 collucebant
1719 3236 1787 3277 ac
1851 3221 1976 3275 illu-

397 3318 739 3387 strabantur)
785 3317 839 3370 in
889 3315 1002 3370 hinc
1046 3313 1208 3369 verba
1261 3315 1641 3369 concludunt:
1679 3313 1972 3370 increatum

395 3427 505 3465 esse
527 3409 701 3464 lumen
728 3408 1015 3463 Dominij
1049 3406 1570 3477 Trans/igurationis,
1608 3422 1698 3459 nec
1724 3405 1855 3458 illud
1880 3405 1979 3460 Dei

396 3504 676 3558 essentiam
713 3517 845 3555 esse.
905 3501 1150 3569 Itemque
1176 3500 1226 3554 in
1293 3499 1405 3553 suis
1462 3498 1972 3563 Anathematismis,

395 3594 486 3663 qni
524 3593 708 3646 dicant
740 3609 804 3646 ac
833 3592 1235 3646 conﬁteantur:
1265 3587 1465 3642 Lumen
1491 3589 1629 3659 quod
1677 3589 1733 3642 in
1788 3588 1972 3642 Domi-

394 3685 529 3739 nica:
553 3682 1061 3752 Transforntationis
1093 3691 1263 3734 monte
1292 3681 1478 3746 eluxit,
1511 3681 1801 3733 incrcatum
1825 3695 1976 3745 esse;

398 3784 596 3845 negent
683 3786 862 3828 tamen
926 3774 1061 3826 illud
1134 3789 1244 3826 esse
1315 3772 1798 3842 superessentialem
1881 3771 1977 3824 Dei

394 3865 693 3927 essentiam,
729 3863 866 3931 quod
913 3864 1022 3915 hare
1078 3862 1290 3915 omnino
1364 3861 1659 3924 invisibilis,
1729 3873 1977 3928 extraque

396 3973 548 4009 omne
580 3955 949 4008 commercium
999 3963 1232 4020 maneat,
1295 3955 1384 4006 sed
1449 3952 1624 4020 potius
1677 3951 1976 4004 claritatem

395 4050 696 4105 naturalem
720 4066 808 4102 seu
843 4048 1064 4119 gloriam
1130 4063 1240 4101 esse
1293 4047 1473 4100 dicant
1525 4045 1974 4114 superessentialis

394 4143 651 4206 essentiw,
678 4156 742 4194 ea:
771 4142 867 4194 illa
895 4141 1115 4195 indivise
1168 4151 1490 4202 manantem,
1525 4137 1722 4208 Deique
1751 4138 1976 4190 clemen-

394 4243 470 4287 tta
524 4250 586 4287 ac
668 4233 985 4303 benignitate
1044 4230 1150 4283 illis
1215 4228 1411 4298 {actam
1467 4228 1824 4293 conspicuam,
1887 4226 1978 4292 qui

395 4337 563 4380 mente
588 4325 795 4394 purgati
821 4334 1026 4388 essent;
1059 4336 1176 4375 cum
1220 4337 1326 4390 qua
1383 4319 1555 4388 gloria
1596 4335 1658 4371 ac
1709 4317 1973 4382 elargtate,

397 4416 650 4468 Dominus
678 4425 850 4467 uoster
875 4430 937 4465 ac
963 4411 1104 4466 Deus
1139 4421 1384 4466 venturus
1418 4421 1492 4463 est
1526 4409 1582 4460 in
1611 4408 1840 4462 secundo
1871 4417 1970 4458 tre-

2081 3238 2260 3274 νουσιν
2312 3219 2517 3282 οὔτως·
2551 3219 2682 3272 Ὅτι
2743 3218 3032 3273 ἀκτιστόν
3087 3221 3216 3273 ἐστι
3253 3220 3319 3273 τὸ
3365 3220 3490 3288 φῶς
3539 3221 3660 3287 τῆς

2080 3314 2186 3368 τοῦ
2218 3313 2438 3381 Κυρίου
2480 3313 3005 3381 Μεταμορφώσεως
3027 3327 3042 3343 ⁸
3073 3313 3169 3367 καὶ
3223 3315 3309 3366 ὅτι
3345 3316 3456 3367 οὐκ
3518 3315 3658 3368 ἐστι

2079 3423 2255 3461 τουτο
2285 3407 2322 3474 ἡ
2349 3407 2529 3459 οὐσία
2573 3406 2680 3460 τοῦ
2711 3406 2879 3460 Θεοῦ.
2911 3408 3076 3460 Πάλιν
3109 3408 3166 3460 ἐν
3195 3409 3309 3470 sci;
3352 3406 3658 3473 Ἀναοεμιο

2077 3501 2291 3568 σεισμοῖς
2323 3498 2526 3562 αὐτῶν,
2577 3500 2686 3551 τῶν
2734 3497 3164 3568 ὁμολογούντων.
3229 3502 3295 3552 Τι’)
3327 3499 3659 3567 saepe-ar

2077 3593 2204 3663 φῶς
2242 3592 2340 3645 ἐπὶ
2375 3591 2483 3644 τοῦ
2515 3591 2693 3659 ὄρους
2723 3590 2835 3658 τῆς
2874 3592 2980 3645 τοῦ
3007 3591 3227 3658 Κυρίου
3264 3591 3662 3658 Μεταμορφώ-

2078 3703 2231 3752 σεως
2260 3684 2550 3738 ᾶκτιστον
2574 3701 2587 3714 ο
2623 3684 2709 3752 μὴ
2733 3683 2940 3752 μέντοι
2980 3700 3046 3752 γε
3075 3683 3223 3738 αὐτὸ
3253 3680 3405 3737 εἶναι
3435 3685 3657 3752 ,θεῖόν-

2078 3791 2196 3827 των
2217 3775 2330 3841 τὴν
2348 3773 2715 3841 ὑπερούσιον
2739 3771 2844 3826 τοῦ
2872 3772 3020 3825 Θεοῦ
3039 3773 3278 3836 οὐσίαν,
3307 3773 3385 3838 ὠς
3407 3773 3658 3839 ἐκείνης

2077 3866 2336 3935 ἀοράτου
2389 3863 2740 3919 παντάπασι
2789 3864 2887 3916 καὶ
2941 3864 3270 3926 ἀμεθέκτυυ
3314 3863 3653 3932 μενούσης,

2076 3958 2265 4023 δόξαν
2293 3957 2358 4011 δὲ
2415 3955 2659 4027 μᾶλλον
2704 3956 3008 4024 λεγόντων
3047 3957 3194 4009 αὐτὸ
3233 3955 3505 4024 φυσικὴν
3541 3955 3659 4022 τῆς

2076 4050 2445 4118 ὐπερουσίου
2491 4049 2730 4114 οὐσίας,
2760 4048 2828 4112 ἐξ
2866 4046 3103 4113 ἐκείνης
3135 4047 3470 4115 προιοῦσαν
3527 4047 3658 4101 ἀδι-

2077 4143 2343 4211 αιρέτως,
2389 4145 2487 4195 καὶ
2542 4139 3016 4209 ἐπιφαινομένην
3057 4140 3156 4194 διὰ
3200 4141 3658 4209 φιλανθρωπίαν

2079 4235 2227 4290 Θεοῦ
2260 4234 2388 4301 τοῖς
2424 4233 2889 4302 κεκαθαρμένοις
2913 4233 3021 4287 τὸν
3067 4233 3249 4286 νοῦν·
3280 4235 3413 4302 μεθ’
3455 4229 3531 4302 ἧς
3557 4233 3658 4285 δό-

2079 4325 2190 4392 ξης
2221 4327 2255 4379 ό
2289 4326 2496 4392 Κύριος
2531 4323 2700 4394 ἡμῶν
2729 4323 2828 4378 καὶ
2856 4323 3002 4390 Θεὸς
3036 4323 3167 4391 ἥξει
3203 4326 3354 4378 κατὰ
3384 4324 3500 4391 τὴν
3521 4325 3651 4378 δευ-

2077 4417 2259 4485 τέραν
2306 4417 2404 4471 καὶ
2457 4417 2716 4486 φρικτὴν
2769 4415 2958 4470 αὐτοῦ
3015 4416 3377 4483 παρουσίαν,
3431 4417 3656 4484 κρίνων

396 4505 682 4573 merulaque
719 4519 813 4555 suo
844 4504 1087 4566 aduentu,
1138 4501 1409 4570 utjudicet
1449 4500 1586 4553 rivos
1615 4509 1662 4552 et
1715 4507 1970 4554 mortuos.

2079 4507 2296 4575 ζῶντας
2327 4508 2425 4561 καὶ
2480 4509 2759 4576 νεκρούς.
2797 4507 2968 4560 Πάλιν
2998 4509 3054 4560 ἐν
3103 4511 3215 4570 τοῖς
3255 4508 3457 4570 αὐτοῖς.
3522 4509 3655 4573 Τοῖς

402 4600 745 4664 lini-sumque
775 4597 826 4647 in
889 4594 1114 4648 iisdem:
1169 4593 1266 4647 His
1317 4594 1406 4662 qui
1461 4607 1564 4644 non
1631 4591 1969 4658 conﬁtentur.

392 4690 551 4752 juxta
579 4687 782 4736 dit-inus
810 4697 1110 4736 sanctorum
1147 4695 1293 4734 voces
1323 4695 1386 4731 ac
1429 4678 1734 4739 sententias,
1803 4677 1977 4744 piunt-

393 4794 495 4849 que
525 4774 779 4830 Ecclesia:
807 4791 1037 4832 sensum.
1069 4788 1160 4826 nec
1189 4786 1484 4826 creaturam
1538 4785 1649 4824 esse
1707 4769 1976 4822 divinissi-

397 4885 535 4922 mam
566 4861 696 4920 illud
723 4866 920 4929 lumen,
949 4881 1040 4919 nec
1063 4864 1157 4917 Dei
1191 4865 1494 4926 essentiam,
1543 4865 1630 4914 sed
1686 4864 1976 4914 increatam

396 4979 457 5013 ac
491 4957 787 5012 naturalem
822 4959 1051 5027 gratiam
1127 4957 1634 5023 illustrationemque
1701 4963 1747 5007 et
1793 4952 1978 5021 opera-

396 5057 612 5118 tionem,
697 5066 763 5105 ex
831 5053 946 5121 ipsa
1034 5050 1211 5104 divina
1265 5050 1492 5102 essentia
1556 5045 1978 5113 inseparabiliter

395 5158 598 5210 semper
655 5137 978 5206 manantem,
1045 5142 1327 5194 anatltenta
1382 5142 1470 5194 sit.
1527 5139 1870 5207 Rursumque
1923 5138 1976 5191 in

397 5237 588 5290 eodem
625 5233 798 5286 Tomo
827 5232 970 5286 circa
1001 5232 1161 5286 linem
1199 5232 1588 5300 quaestionum:
1648 5226 1814 5282 Nobis
1857 5243 1978 5282 vero

395 5327 609 5382 omnino
631 5313 849 5378 ἐει-ηιο
892 5333 991 5389 est,
1058 5341 1161 5378 non
1209 5325 1272 5377 de
1316 5324 1414 5377 Itac
1463 5324 1758 5392 operatione
1823 5331 1978 5388 atque

397 5416 592 5469 rirtute
625 5412 711 5483 (de
755 5411 897 5466 Filio
930 5413 1124 5468 scilicet
1156 5424 1203 5467 et
1230 5412 1457 5484 Spiritu)
1491 5414 1581 5467 sed
1619 5413 1683 5466 de
1713 5410 1978 5465 communi

396 5510 529 5562 trine
561 5506 891 5561 subsistentis
951 5507 1196 5573 Deitatis,
1247 5522 1363 5576 ante
1400 5523 1502 5560 non
1551 5515 1628 5559 est
1681 5505 1978 5574 Itypostnsis

394 5616 455 5655 ac
484 5614 729 5668 persona,
779 5600 869 5652 sed
947 5609 1162 5664 natura,
1208 5599 1494 5668 altioriqtte
1527 5613 1688 5667 supra
1732 5604 1978 5649 naturam

395 5693 619 5753 ratione,
651 5691 927 5760 unicuique
955 5691 1250 5744 divinarum
1290 5690 1635 5761 [typostaseon
1677 5703 1766 5741 seu
1798 5701 1978 5756 perso-

396 5795 586 5834 narum
621 5779 773 5835 inest.
807 5779 931 5836 1|th
951 5779 1168 5852 quidem
1195 5780 1563 5836 communiter
1629 5777 1874 5833 sentiunt
1903 5791 1969 5831 ac

2074 4598 2159 4668 μὴ
2192 4597 2562 4668 ὁμολογοῦσι
2595 4597 2744 4649 κατὰ
2793 4595 2902 4658 τὰς
2950 4595 3068 4648 τῶν
3099 4596 3285 4664 ἁγίων
3337 4596 3654 4661 θεολογίας

2080 4688 2176 4740 καὶ
2208 4688 2270 4740 τὸ
2319 4685 2424 4752 τῆς
2475 4685 2841 4751 Ἐκκλησίας
2867 4683 3116 4750 εὐσεϐὲς
3156 4684 3436 4753 φρόνημα
3500 4681 3654 4750 μήτε

2078 4779 2300 4849 κτίσμα
2329 4774 2483 4832 εἶναι
2535 4779 2603 4830 τὸ
2633 4779 2938 4832 θειότατον
2967 4776 3159 4830 ἐκεῖνο
3184 4775 3329 4844 φῶς,
3366 4775 3520 4843 μήτε
3549 4777 3651 4828 οὐ-

2077 4870 2223 4922 σίαν
2253 4868 2423 4934 Θεοῦ,
2451 4869 2591 4921 ἀλλ’
2615 4868 2901 4921 ἄκτιστον
2927 4867 3024 4920 καὶ
3054 4866 3329 4935 φυσικὴν
3353 4865 3531 4933 χάριν
3553 4866 3649 4916 καὶ

2077 4961 2385 5030 ἑλλαμψιν
2413 4960 2511 5012 καὶ
2537 4960 2863 5029 ἐνέργειαν,
2893 4959 2962 5023 ἐξ
2995 4957 3187 5026 αὐτῆς
3215 4957 3325 5024 τῆς
3352 4958 3515 5020 θείας
3547 4957 3648 5009 οὐ·

2077 5055 2218 5117 σίας
2245 5051 2596 5119 ἀχωρίστως
2619 5050 2709 5105 ἀεὶ
2743 5051 3105 5117 προιοῦσαν,
3149 5049 3439 5116 ἀνάθεμα.
3477 5047 3644 5099 ﬂii.“

2080 5146 2138 5197 ὲν
2161 5144 2309 5213 αὐτῷ
2337 5143 2413 5213 τῷ
2463 5144 2626 5214 Τόμῳ
2667 5145 2795 5213 περὶ
2820 5144 2881 5196 τὸ
2933 5143 3086 5208 τέλος
3129 5141 3238 5197 τῶν
3291 5142 3644 5212 ζητημάτων,

2093 5234 2260 5304 Ἡμῖν
2291 5233 2359 5288 δὲ
2410 5235 2628 5302 ἀρτίως
2654 5238 2686 5288 ό
2733 5237 2917 5304 λόγος
2962 5239 3036 5289 οὺ
3085 5235 3220 5302 περὶ
3267 5235 3489 5298 ταύτης
3541 5232 3647 5297 τῆς

2077 5324 2382 5392 ἐνεργείας
2412 5323 2508 5376 καὶ
2537 5323 2863 5393 δυνάμεως,
2896 5324 3091 5393 ἤγουν
3112 5325 3218 5378 τοῦ
3257 5324 3392 5378 γίοῦ
3424 5321 3646 5377 καὶτοῦ

2081 5417 2449 5484 Πνεύματος,
2478 5414 2640 5469 anna
2670 5417 2802 5483 περὶ
2843 5413 2954 5482 τῆς
2983 5415 3194 5482 κοινῆς
3226 5413 3332 5480 τῆς
3363 5429 3648 5483 τρισυποο

2081 5509 2307 5562 στάτου
2353 5509 2663 5573 Θεότητος,
2715 5506 2842 5573 ἥτις
2895 5509 3009 5576 οὐχ
3060 5507 3404 5573 ὑπόστασις
3455 5507 3645 5566 ἐστιν,

2079 5599 2241 5653 ἀλλὰ
2296 5599 2476 5666 φύσει
2531 5598 2629 5650 καὶ
2667 5596 2984 5664 ὑπερφυῶς
3035 5598 3371 5665 πρόσεστιν
3421 5593 3644 5657 ἑκάστη

2079 5691 2201 5744 τῶν
2251 5689 2580 5758 θεαρχικῶν
2625 5687 3045 5743 ὐποστάσεων.
3098 5686 3285 5744 Ταῦτα
3335 5687 3434 5758 μὲν
3493 5687 3641 5754 κοινῇ

2097 5778 2440 5848 θεολογοῦσιν
2464 5793 2479 5809 ο
2515 5778 2661 5841 ἰδίως
2691 5777 2802 5832 δὶό
2830 5776 2939 5831 τῶν
2962 5777 3250 5849 δογμάτων
3283 5774 3492 5852 τούτων
3541 5788 3643 5827 πα·
