3882 6580
244 407 335 473 365

1227 404 1327 467 DE
1361 400 1742 468 ESSENTIA
1784 398 1880 459 ET
1915 392 2420 458 OPERATIONE.

2048 192 2071 223 κ

3318 397 3450 462 ’366

243 521 326 578 εἴτ’
349 518 434 572 οὖν
477 515 695 589 ὁρισμὸς
742 516 1000 587 διάφορος
1026 532 1040 548 ⁸
1076 518 1220 572 κατὰ
1249 517 1308 571 δὲ
1341 516 1404 569 τδ
1445 515 1679 585 πρᾶγμα
1709 510 1768 563 τὸ

1894 525 1963 565 eu
1992 509 2255 579 potentia,
2309 506 2452 561 aliud
2503 516 2669 575 atque
2720 503 2867 561 aliud
2890 514 3040 561 sunt.
3074 502 3280 562 Horum
3304 510 3451 565 enim

240 609 357 666 αὐτό
384 610 555 664 ἐστιν·
587 607 779 680 ὥσπερ
806 610 836 663 ό
875 608 1079 672 κόκκος
1105 607 1201 662 τοῦ
1232 608 1383 662 σίτου
1422 607 1643 675 λέγεται
1676 604 1774 659 καὶ

240 704 339 758 ἔπι
364 701 573 773 σπέρμα
604 701 701 756 καὶ
727 700 945 771 καρπὸς
967 743 983 770 ,
1017 703 1112 756 καὶ
1139 700 1331 772 ὥσπερ
1355 698 1419 753 τὸ
1461 699 1686 770 σημεῖον
1715 697 1774 750 ιν

236 798 290 865 τῇ
312 794 531 864 γραμμῇ
555 794 650 846 καὶ
678 792 827 865 ἀρχὴ
870 795 964 847 καὶ
1009 794 1166 859 τέλος
1192 792 1410 863 λέγεται
1437 828 1455 856 ,
1498 789 1642 861 ἀρχὴ
1675 786 1774 858 μὲν

236 886 313 942 τοῦ
337 886 612 956 ἑπομένου,
640 887 796 951 τέλος
823 887 883 943 δὲ
911 885 1006 943 τοῦ
1040 885 1485 959 προηγουμένου.
1536 883 1616 954 Τῇ
1641 880 1775 951 γοῦν

235 979 415 1048 στιγμῇ
444 978 505 1032 τὸ
532 979 685 1043 τὲλος
714 982 811 1036 καὶ
843 981 878 1051 ἡ
913 979 1060 1051 ἀρχὴ
1088 978 1400 1035 ἀποδίδοται
1423 974 1564 1031 κατά
1591 974 1778 1043 διάφοσ

236 1091 314 1144 ρον
338 1073 486 1141 λόγον
539 1073 635 1128 καὶ
678 1072 977 1144 διαφόρους
1006 1071 1254 1136 ἀπινοίας
1278 1087 1293 1102 °
1316 1071 1420 1127 οὐκ
1447 1068 1563 1126 εστι
1589 1066 1690 1139 μιν
1714 1066 1774 1122 τδ

232 1165 362 1228 τέλος
383 1165 477 1219 καὶ
508 1165 544 1235 ἡ
569 1165 714 1237 ἀρχὴ
736 1166 977 1238 διάφορα
1006 1166 1336 1238 πράγματα,
1360 1164 1422 1219 τὸ
1446 1162 1492 1218 δ’
1522 1160 1656 1218 αὐτὸ
1680 1161 1777 1215 καὶ

233 1258 283 1310 ἰν
313 1256 639 1326 ἀμφοτέροις
687 1258 977 1312 ὑπόκειται
1013 1259 1271 1330 πρᾶγμα,
1319 1258 1354 1327 ἡ
1389 1254 1618 1327 στιγμή.
1652 1251 1779 1306 Ἔτι

231 1364 279 1401 τι
307 1347 418 1401 οὐδὲ
456 1348 491 1417 ἠ
540 1347 826 1421 ἀποδημία
872 1348 968 1404 καὶ
998 1348 1265 1420 ἐπιδημία
1317 1347 1623 1419 πράγματα
1666 1344 1780 1399 διά-

231 1458 349 1511 φορα
371 1455 386 1470 ⁶
420 1440 639 1512 κίνησις
669 1443 779 1513 γὰρ
817 1443 852 1514 ἡ
879 1441 1022 1515 αὐτὴ
1048 1442 1193 1497 κατά
1224 1441 1289 1497 τὸ
1312 1442 1550 1512 πρᾶγμα
1580 1439 1640 1493 ὲν
1664 1439 1778 1508 ἀμ-

234 1536 336 1602 φοῖν
355 1550 371 1566 ·
408 1535 555 1609 λόγῳ
587 1535 646 1590 δὲ
684 1535 1009 1608 διαφόρουσι
1040 1534 1225 1607 μόνον,
1266 1533 1411 1590 κατά
1440 1530 1646 1597 ταύτας
1674 1530 1775 1593 τὰς

231 1628 431 1692 ἑννοίας.

289 1806 386 1860 Καὶ
406 1806 434 1860 ό
460 1805 621 1877 ἅγιος
654 1805 924 1878 Κύριλλος
953 1808 1011 1861 ὲν
1046 1806 1091 1878 β’
1120 1807 1231 1862 τῶν
1253 1807 1589 1879 Θησαυρῶν
1624 1810 1782 1883 εἴρη-

232 1916 329 1963 κεν,
371 1898 531 1966 Ἔχει
572 1899 643 1953 τὸ
672 1897 897 1970 γεννᾷν
935 1901 968 1956 ὁ
1021 1896 1226 1969 Πατὴρ
1292 1901 1599 1970 φυσικῶς-ο
1654 1903 1783 1973 ἔχει

233 1994 313 2048 καὶ
361 1994 423 2048 τὸ
453 1993 677 2057 astrifera-
721 1991 1161 2064 δημιουργικῶς
1201 1994 1277 2048 δι’
1327 1994 1501 2049 Υἱοῦ³
1553 1994 1656 2050 καί
1709 1998 1783 2052 οὐ

231 2085 367 2155 παρὰ
393 2086 572 2142 τοῦτο
604 2086 903 2159 curtisth
930 2085 1061 2140 ἐστι
1083 2102 1098 2116 ·
1118 2104 1264 2156 μιας
1298 2085 1409 2156 γὰρ
1440 2087 1683 2156 φύσεως
1712 2089 1784 2143 τὰ

232 2179 445 2233 τοιαῦτα
496 2178 755 2247 καρπός.
803 2178 973 2234 ῐιάλιν
1011 2179 1040 2231 δ
1091 2176 1274 2245 αὐτὸς,
1329 2179 1400 2233 Τὸ
1444 2177 1557 2249 μὲν
1588 2177 1785 2234 ποιεῖν

232 2270 511 2339 ἐνεργείας
547 2271 685 2326 ἐστι
702 2288 717 2302 ο
757 2270 1001 2340 φύσεως
1021 2268 1091 2324 δὲ
1118 2270 1185 2324 τὸ
1218 2271 1463 2340 γεννᾶν.
1505 2271 1785 2336 Ὡσαύτως

234 2363 310 2413 καὶ
329 2364 356 2415 ό
390 2360 764 2433 Δαμασκηνὸς
791 2362 921 2435 ἔφη,
958 2362 1174 2430 Ἔργον
1196 2362 1316 2430 μὲν
1344 2362 1509 2429 θείας
1541 2361 1785 2431 φύσεως
1824 2380 1827 2385 ε

234 2455 265 2523 ἡ
303 2444 655 2524 προαιῶνιος
711 2454 1001 2524 γέννησις
1022 2469 1037 2484 ο
1072 2444 1255 2523 ἔργον
1300 2452 1370 2508 δὲ
1403 2453 1570 2521 θείας
1602 2453 1785 2521 Θελή-

235 2564 366 2612 σεως
398 2547 436 2615 ἡ
474 2548 703 2611 κτίσις.

296 2637 403 2688 Ἔτι
429 2637 519 2702 δὲ,
556 2633 630 2694 ὡς
652 2635 768 2706 ἔχει
802 2635 864 2689 τὸ
896 2634 996 2706 τῆς
1022 2633 1250 2707 Γραφῆς
1276 2636 1477 2700 ἐκεῖνο,
1527 2637 1593 2691 '0
1630 2654 1786 2693 τετο-

237 2727 336 2793 κὼς
350 2726 596 2797 βώλους
623 2728 873 2797 δρόσου,
892 2727 992 2800 οὐχ
1020 2728 1219 2801 ὁμοίως
1252 2728 1353 2793 τάς
1375 2747 1436 2783 τε
1464 2728 1668 2802 βώλους
1692 2731 1788 2785 καὶ

238 2822 313 2875 τὸν
341 2823 459 2875 Υἱδν
494 2822 870 2892 ὑπεστήσατο.
905 2821 1195 2894 ’Υφίστησι
1228 2822 1329 2894 μὶν
1352 2822 1463 2895 γὰρ
1486 2822 1516 2877 δ
1538 2822 1672 2888 Θεὸς
1694 2823 1789 2878 καὶ

240 2914 400 2982 Πατὴρ
428 2915 528 2968 τὸν
552 2913 705 2975 Υῑδν,
734 2914 1011 2986 ὕπέστησε
1047 2917 1143 2967 καὶ
1184 2914 1253 2970 τὰ
1285 2916 1582 2986 κτίσματα.
1629 2916 1786 2969 Κατά

238 3008 327 3075 γὰρ
353 3008 439 3061 τὸν
473 3006 653 3078 μέγαν
684 3007 1028 3070 Ἀθανάσιον,
1046 3008 1211 3063 Aitla
1228 3008 1401 3063 ἐστὶν
1428 3009 1468 3077 ἡ
1498 3010 1605 3065 τοῦ
1638 3010 1788 3064 Θεοῦ

239 3098 399 3166 φύσις
443 3096 563 3151 τοῦ
611 3096 751 3152 Υίοῦ
806 3098 905 3151 καὶ
948 3096 1056 3153 τοῦ
1098 3099 1479 3169 Πνεύματος,
1540 3097 1640 3153 καί
1677 3098 1789 3167 τῆς

1872 601 2138 673 cujusque
2164 600 2419 655 distincta
2442 598 2767 667 diversaque
2796 599 2936 653 ratio
2963 607 3071 663 est,
3100 600 3217 655 sive
3261 601 3456 656 deﬂui-

1875 692 1970 758 tio,
2016 691 2316 748 secundum
2354 705 2468 747 rem
2491 703 2618 745 vero
2677 689 2820 746 idem
2850 698 3002 745 sunt.
3032 689 3195 747 Velut
3227 707 3453 761 granum

1874 781 2037 837 tritici
2072 781 2273 836 dicitur
2295 790 2459 849 atque
2504 790 2592 835 est
2637 795 2822 836 semen
2852 789 2907 837 et
2934 781 3168 848 fructus,
3220 791 3278 840 et
3315 785 3459 839 sicut
3506 782 3521 839 ,τ’

1876 882 2138 943 punctum
2178 871 2230 925 in
2264 870 2429 937 linea,
2459 880 2514 926 et
2547 871 2759 926 initium
2805 881 3030 928 vocatur
3051 885 3106 928 et
3136 874 3296 942 linis;
3337 874 3456 931 ini-

1875 961 2011 1018 tiam
2038 963 2258 1035 quidem
2302 964 2603 1033 sequentis,
2638 963 2761 1019 linis
2788 978 2915 1020 vero
2958 964 3078 1035 ejus
3105 965 3249 1036 quod
3297 975 3455 1024 ante-

1874 1055 2044 1112 cedit.
2098 1051 2309 1112 Puncto
2362 1056 2526 1127 igitur
2572 1063 2629 1112 et
2672 1054 2889 1112 initium
2938 1066 2995 1114 et
3023 1057 3145 1114 linis
3201 1058 3459 1130 tribuitur

1876 1146 2177 1204 secundum
2202 1147 2473 1204 diversam
2497 1147 2787 1216 rationem,
2819 1158 2982 1219 atque
3006 1148 3297 1208 diStinctos
3327 1150 3459 1208 sub-

1878 1237 2001 1293 tiles
2032 1237 2324 1310 cogitatus.
2378 1236 2495 1298 Non
2525 1247 2703 1296 tamen
2736 1240 2946 1297 initium
2977 1250 3031 1298 et
3056 1243 3179 1300 linis
3209 1255 3340 1301 sunt
3377 1246 3461 1301 di-

1879 1345 2048 1387 versae
2094 1346 2202 1397 res,
2231 1330 2329 1386 sed
2351 1330 2566 1402 utrique
2592 1348 2701 1388 una
2754 1334 3053 1405 eademque
3082 1350 3171 1392 res
3215 1336 3460 1410 subjecta

1878 1432 1985 1490 est,
2036 1437 2229 1496 nempe
2258 1434 2562 1496 (punctum.
2614 1427 2695 1482 Ad
2730 1427 2853 1485 btec
2899 1430 3066 1485 etiam
3120 1444 3378 1489 accessus
3408 1441 3468 1489 et

1880 1528 2130 1571 recessus
2176 1531 2283 1571 non
2340 1528 2469 1572 sunt
2516 1533 2605 1575 res
2632 1518 2903 1577 diversa:
2937 1520 3077 1577 idem
3108 1522 3253 1579 enim
3286 1524 3464 1596 reipsa

1881 1598 1947 1662 in'
1969 1614 2198 1677 utroque
2220 1616 2395 1664 motus
2424 1618 2505 1665 est
2535 1626 2549 1666 :
2578 1610 2670 1666 sed
2694 1609 3100 1682 distinguuntur
3112 1614 3230 1671 sola
3255 1616 3467 1674 ratione

1882 1699 2177 1756 secundum
2210 1699 2306 1757 llas
2330 1703 2820 1761 consideratioues.

1956 1787 2187 1846 Sanctus
2202 1806 2419 1862 quoque
2437 1793 2673 1865 Cyrillus
2702 1795 2757 1850 in
2783 1796 3023 1854 secundo
3072 1794 3467 1855 Thesaurorum

1813 1856 1858 1913 Β
1885 1883 2022 1938 dixit
2055 1901 2069 1938 :
2097 1856 2271 1939 liabet
2309 1856 2365 1938 ut
2393 1856 2570 1957 gignat
2588 1885 2750 1943 Pater
2776 1898 3007 1958 natura;
3047 1890 3199 1947 habet
3219 1894 3383 1948 etiam
3406 1904 3465 1949 ut

1884 1984 2022 2029 creet
2057 1976 2345 2031 conditoris
2380 1979 2640 2047 potentia,
2677 1997 2771 2051 per
2798 1977 3149 2051 Filium;nec
3189 1996 3467 2057 propterea

1890 2074 2209 2135 compositus
2258 2081 2362 2137 est;
2380 2079 2501 2126 sunt
2553 2075 2690 2127 enim
2722 2074 2931 2143 {ructus
2961 2076 3196 2146 ejusdem
3229 2068 3463 2135 natura'.

1884 2159 2027 2217 Idem
2051 2178 2255 2219 rursus:
2277 2161 2480 2219 Facere
2495 2165 2703 2236 quidem
2720 2184 2782 2221 ac
2796 2184 2975 2225 creare
3015 2172 3330 2241 operationis
3349 2183 3465 2242 est;

1883 2270 2134 2329 generare
2179 2265 2378 2320 autem,
2426 2267 2654 2335 naturas.
2708 2257 2975 2316 Similiter
3001 2278 3218 2335 quoque
3270 2262 3467 2321 Dama-

1887 2361 2084 2404 scenus
2157 2347 2233 2401 ait
2269 2363 2289 2402 :
2328 2334 2530 2402 Divina'
2554 2359 2762 2404 natura:
2789 2367 2941 2422 opus.
2976 2334 3184 2409 sarculis
3229 2358 3467 2412 anterior

1885 2448 2175 2511 generatio,
2222 2456 2353 2510 opus
2398 2456 2516 2495 vero
2576 2439 2768 2499 divinat
2806 2443 3095 2502 t'oluntatis
3148 2450 3465 2515 aceonsilii,

1885 2533 2110 2588 creatio.

1957 2625 2038 2681 Ad
2089 2628 2229 2691 haec,
2285 2625 2427 2683 sicut
2473 2628 2637 2685 habet
2672 2628 2762 2688 ille
2804 2628 3097 2703 Scriptum
3124 2635 3277 2695 locus
3320 2639 3467 2706 :Qui

1886 2726 2061 2795 genuit
2110 2724 2285 2794 glebas
2353 2726 2491 2781 roris
2550 2726 2618 2791 ",
2656 2743 2758 2782 non
2822 2731 3010 2786 eadem
3071 2731 3276 2789 ratione
3340 2745 3453 2791 tum

1886 2815 2091 2886 glebas,
2128 2826 2240 2871 tum
2270 2817 2464 2873 Filium
2514 2819 2789 2889 produxit.
2817 2821 3078 2878 Producit
3124 2826 3273 2882 enim
3326 2829 3467 2885 Deus

1887 2919 1944 2964 et
1986 2908 2146 2964 Pater
2191 2906 2391 2964 Filium
2435 2947 2451 2973 ,
2502 2912 2751 2980 producit
2798 2928 2932 2972 vero
2972 2917 3137 2973 etiam
3165 2928 3463 2977 creaturas.

1886 2997 1958 3055 Ut
1982 3000 2124 3054 enim
2144 2999 2303 3056 docet
2335 3016 2561 3070 magnus
2581 3003 2911 3059 Athanasius
2930 3023 2944 3061 :
2963 3003 3138 3062 Causa
3156 3020 3231 3065 est
3254 3010 3350 3065 Dei
3373 3030 3469 3068 na-
3494 2997 3514 3019 ’

1890 3102 2009 3146 tura
2047 3089 2199 3155 Filii,
2216 3089 2446 3161 Spiritus
2473 3111 2534 3148 ac
2552 3095 2723 3149 omnis
2750 3105 3029 3154 creaturae.
3049 3100 3117 3154 At
3134 3100 3329 3156 Filium
3345 3106 3468 3174 qui-

240 3193 463 3257 xtt'o'ewc
491 3189 762 3256 ἀπάσης.
815 3190 982 3245 Ἀλλά
1023 3191 1268 3263 δηλονότι
1291 3191 1384 3245 τδν
1418 3191 1518 3259 μὲν
1546 3192 1787 3262 ἀχρόνως

1895 3184 2016 3237 dem
2049 3182 2167 3237 sine
2185 3193 2425 3254 tempore
2442 3194 2496 3239 et
2518 3197 2787 3242 coaeterne
2808 3189 2970 3260 inque
2986 3192 3171 3247 eadem
3191 3203 3385 3250 natura
3401 3211 3467 3252 ex

242 3283 321 3335 καὶ
358 3282 694 3353 συνωνύμως
733 3282 793 3348 ἔξ
829 3281 1025 3337 ἑαυτοῦ
1059 3284 1263 3355 γεννᾷ’
1294 3281 1363 3338 τά
1401 3282 1459 3338 δὲ
1506 3283 1567 3339 ὲν
1614 3284 1794 3355 χρόνῳ

243 3374 321 3427 καὶ
354 3377 667 3445 ὁμωνύμως
694 3375 790 3429 καὶ
821 3374 1260 3445 δημιουργικῶς,
1296 3376 1392 3430 καὶ
1441 3374 1547 3440 ἔξω
1590 3373 1792 3429 ἑαυτοῦ

244 3470 541 3535 παρήγαγε.
573 3465 746 3535 Δῆλον
775 3466 832 3519 δὲ
864 3466 961 3521 καὶ
990 3468 1057 3521 ἐκ
1082 3465 1190 3520 τῶν
1218 3466 1314 3521 τοῦ
1346 3465 1508 3535 ἁγίου
1536 3463 1793 3536 Μαξίμου

243 3556 304 3619 ὡς
337 3558 513 3619 ἄλλως
540 3562 638 3613 καὶ
668 3559 842 3623 ἄλλως
868 3559 938 3614 τὰ
982 3560 1205 3615 αἰτιατὰ
1236 3561 1301 3613 ὲκ
1343 3558 1438 3613 τοῦ
1467 3558 1604 3612 Θεοῦ
1632 3560 1792 3623 εἰσιν,

243 3649 324 3702 οὐκ
362 3649 512 3719 ἄλλῳ
541 3654 638 3705 καὶ
669 3651 839 3722 ἄλλῳ.
874 3652 950 3706 Οὐ
974 3652 1106 3723 γὰρ,
1152 3653 1247 3706 καὶ
1292 3651 1440 3723 ἄλλῳ
1469 3653 1654 3724 γεννᾷ,
1699 3651 1794 3705 καὶ

242 3739 398 3806 ἀλλοις
425 3740 629 3806 κτίζει.
683 3742 795 3796 Καὶ
822 3740 899 3806 ὡς
922 3742 953 3795 ό
997 3742 1160 3807 αὑτός
1212 3759 1403 3814 φησιν,
1432 3741 1619 3809 Ὅλος
1663 3758 1795 3812 τεν-

243 3828 365 3896 νῶν,
417 3831 525 3885 καὶ
577 3834 723 3898 ὅλος
774 3832 1188 3904 ὅημιουργιῖιν⁹
1228 3836 1368 3890 ἀλλ’
1410 3837 1522 3905 οὐχ
1554 3836 1793 3905 ὁμοίως,

243 3923 358 3977 ἀλλ’
380 3925 529 3991 ὅλος
551 3924 807 3994 γεννῶν,
833 3926 916 3993 ὡς
946 3925 1083 3993 ὅλος
1114 3928 1299 3981 οὐσία
1317 3944 1332 3957 ο
1358 3926 1502 3994 ὅλος
1529 3927 1640 3999 γάρ
1661 3926 1795 3982 ἐστι

246 4016 370 4082 Θεὸς
396 4020 427 4071 ό
472 4018 607 4084 Υἱὸς
635 4017 706 4082 ἐξ
733 4015 884 4072 ὅλου
906 4034 922 4052 ·
957 4016 1101 4085 ὅλος
1141 4016 1519 4090 δημιουργῶν
1543 4020 1624 4087 ὡς
1654 4020 1798 4086 ὅλος

244 4105 689 4174 ἁνθυπόστατος
738 4108 1042 4180 ἐνέργειαν
1090 4108 1189 4164 καὶ
1215 4109 1359 4176 ὅλος
1404 4109 1667 4181 σοφίζων
1697 4111 1798 4166 καὶ

243 4196 559 4269 ἀγαθύνων,
590 4200 671 4265 ὡς
702 4199 851 4267 ὅλος
878 4202 1068 4271 σοφία
1109 4202 1207 4257 καί
1241 4203 1537 4273 ἁγαθότης
1569 4204 1667 4259 καὶ
1697 4202 1799 4259 δύ-

244 4305 433 4359 ναμιςο
468 4294 544 4357 ὡς
576 4294 677 4363 μὲν
702 4293 811 4364 γὰρ
836 4294 936 4359 τῆς
965 4294 1161 4347 ἑαυτοῦ
1192 4294 1410 4364 φύσεως
1444 4294 1796 4365 μεταδοτικὸς

243 4386 425 4455 γεννᾷι
453 4384 531 4450 ὡς
575 4384 632 4439 δὲ
668 4386 765 4456 τῆς
815 4384 1013 4439 ἑαυτοῦ
1045 4385 1365 4456 ὁμοιότητος
1406 4386 1550 4441 κατά
1595 4387 1796 4461 τέχνην

244 4473 589 4546 δημιουργεῖ’
624 4475 713 4530 ῑνα
763 4477 954 4547 μηδεὶς
989 4475 1226 4548 μετοχῆς
1278 4478 1483 4548 τρόπος
1530 4480 1646 4552 ἀπῇ
1695 4480 1792 4534 τοῦ

248 4566 479 4634 ἐντελοῦς
506 4570 602 4623 καὶ
632 4568 842 4639 ἀγαθοῦ
875 4571 973 4623 καὶ
995 4570 1170 4641 ἄκρου
1196 4583 1212 4601 ⁶
1240 4569 1350 4624 τῶν
1372 4568 1633 4627 τοιούτων
1659 4572 1792 4644 παρ’

247 4657 387 4725 ἡμῶν
444 4660 551 4730 μὶν
605 4659 768 4729 μόνον
807 4660 1219 4730 πιστευομένων
1246 4677 1261 4692 ·
1291 4661 1369 4725 ὡς
1396 4660 1513 4732 ἔχει
1540 4662 1597 4717 δὲ
1629 4663 1793 4735 ἀκριο

250 4748 363 4813 ὁῶς,
384 4751 519 4823 παρ’
546 4750 699 4821 αὐτῷ
729 4752 892 4821 μόνον
917 4751 1364 4824 γινωσκομένων.

305 4928 407 4983 Καὶ
434 4928 512 4993 ὡς
536 4927 598 4993 ιξ
624 4926 888 4999 ἀμυδρῶν
916 4927 1146 4983 εἰκόνων
1188 4927 1283 4982 ἀπὶ
1312 4928 1408 4983 τὸν
1447 4930 1665 4986 πάντων
1703 4933 1792 4987 αῐ-

246 5033 345 5072 τιον
370 5020 695 5092 ἀναχθῆναι,
729 5019 913 5092 μικρῷ
949 5019 1096 5091 λόγῳ
1114 5020 1183 5076 τὰ
1213 5021 1427 5092 μεγάλα
1460 5024 1788 5095 σταθμωμέ-

248 5126 375 5176 νους,
431 5111 621 5182 ὥσπερ
652 5111 723 5165 ἀν
778 5113 831 5166 εί
872 5112 971 5166 καὶ
997 5112 1215 5184 νοήσειὲ
1257 5129 1345 5177 τις
1392 5114 1458 5168 εκ
1514 5113 1609 5169 τοῦ
1635 5116 1789 5187 ἡλίου

248 5200 388 5255 ἄλλον
414 5204 570 5275 ἥλιον
604 5204 886 5274 προϊόντα,
917 5204 1055 5275 ὁμοῦ
1086 5207 1154 5278 τῇ
1201 5205 1298 5259 τοῦ
1328 5206 1549 5278 πρώτου
1574 5208 1789 5281 ἐπινοίᾳ

250 5296 495 5364 γτπητῶς
551 5295 704 5365 αὐτῷ
738 5295 1212 5367 συνεκλάμποντα,
1262 5299 1359 5353 καὶ
1412 5300 1554 5355 κατά
1608 5301 1790 5355 πάντα

250 5382 482 5450 ὡσαύτως
510 5386 713 5457 ἔχοντα
732 5402 745 5418 ·
778 5390 873 5440 καὶ
895 5383 1053 5452 αὖθις
1081 5392 1162 5453 είς
1185 5392 1283 5443 τὸν
1306 5393 1457 5462 ἥλιον
1479 5393 1790 5463 ἐννοήσειεν

251 5472 419 5540 ἄλλως,
446 5478 545 5531 ενα
581 5478 712 5530 ὄντα
751 5480 890 5532 κατὰ
924 5484 1126 5549 τρόπον
1153 5482 1475 5554 ὁμοιότητος
1503 5486 1582 5547 εἰς
1613 5484 1789 5537 πολλὰ

253 5566 832 5640 πολλαπλασωσοῆναιο
863 5567 976 5625 οἷον
1015 5575 1075 5625 ἐν
1133 5572 1289 5628 ὕδασι
1334 5576 1431 5629 καὶ
1459 5576 1788 5646 κατόπτροις

252 5656 461 5727 δρῶμεν,
498 5661 768 5731 ἀκινήτου
826 5663 1083 5735 μένοντος
1115 5665 1324 5721 ἐκείνου
1363 5667 1457 5721 καὶ
1493 5668 1569 5740 μὴ
1623 5683 1788 5737 μετα-

319 5835 357 5867 "
392 5836 485 5894 Job
526 5856 755 5901 εχιτ-ιιι.
786 5847 874 5901 εὶὸ.

1896 3276 2077 3345 seipse
2098 3276 2299 3348 gignit;
2324 3286 2609 3333 creaturas
2637 3294 2764 3334 vero
2788 3280 2839 3334 in
2870 3292 3112 3353 tempore
3136 3287 3472 3359 diversaeque

1896 3377 2103 3423 naturae
2130 3383 2195 3425 ac
2222 3370 2456 3425 creantis
2486 3379 2779 3440 potestate,
2811 3382 3073 3443 extraque
3095 3391 3155 3431 se
3194 3378 3469 3447 produxit.

1896 3460 2094 3530 Liquet
2121 3467 2175 3515 et
2200 3475 2265 3515 cx
2298 3460 2513 3515 Maximi
2565 3464 2859 3524 sententia.
2892 3465 3087 3521 elTecta
3121 3470 3279 3523 aliter
3310 3474 3472 3542 atque

1896 3554 2055 3609 aliter
2101 3570 2166 3609 ex
2216 3552 2328 3608 Deo
2357 3568 2498 3617 esse.
2553 3570 2656 3609 non
2687 3555 2791 3610 alio
2835 3566 2997 3629 atque
3024 3558 3153 3614 alio.
3175 3558 3292 3617 Non
3323 3564 3469 3621 enim

1897 3646 2004 3701 alio
2032 3645 2223 3719 gignit,
2257 3654 2418 3717 atque
2448 3646 2571 3701 aliis
2603 3658 2773 3704 creat.
2816 3651 2991 3719 Atque
3042 3662 3100 3705 ut
3144 3653 3286 3708 idem
3339 3657 3417 3711 ait
3451 3675 3467 3712 :

1899 3736 2060 3794 Totus
2093 3741 2331 3810 gignens,
2374 3756 2440 3794 ac
2473 3749 2615 3795 totus
2667 3740 2892 3796 condens
2921 3758 2983 3796 ac
3014 3758 3222 3809 creans,
3260 3763 3362 3801 non
3388 3758 3471 3803 ta-

1898 3846 2014 3885 men
2045 3831 2224 3885 eadem
2257 3831 2484 3898 ratione,
2514 3832 2605 3886 sed
2636 3840 2775 3886 totus
2798 3833 3015 3903 gignens
3038 3845 3094 3889 ut
3119 3845 3260 3892 totus
3289 3856 3467 3894 essen-

1898 3923 1973 3976 tia
2004 3920 2161 3994 (totus
2178 3924 2314 3978 enim
2335 3919 2508 3979 Filius
2544 3924 2679 3980 Deus
2710 3941 2773 3980 ex
2797 3934 2902 3980 toto
2931 3928 3057 3998 est),
3088 3936 3229 3984 totus
3242 3932 3470 3987 condens

1898 4027 1962 4067 ac
1987 4030 2195 4077 creans,
2233 4023 2290 4068 ut
2323 4024 2465 4070 totus
2487 4016 2603 4085 ipsa
2639 4033 2672 4069 a
2711 4032 2767 4070 ss
2806 4034 2921 4073 vere
2947 4020 3201 4076 assistens
3231 4025 3470 4088 operatio

1897 4114 2168 4175 actusque.
2208 4103 2367 4160 Totus
2398 4107 2536 4162 idem
2579 4110 2892 4177 sapientiam
2937 4123 3195 4180 prtestans
3235 4125 3284 4169 et
3318 4114 3471 4170 boni-

1897 4205 2081 4262 tatem,
2107 4206 2162 4250 ut
2198 4206 2335 4252 totas
2363 4199 2619 4267 sapientia
2668 4208 2715 4255 et
2745 4200 2948 4256 bonitas
2980 4214 3029 4257 et
3072 4206 3234 4259 virtus
3258 4224 3349 4260 seu
3374 4226 3471 4275 po-

1898 4291 2083 4346 tentia.
2112 4289 2395 4358 Quatenus
2423 4290 2568 4347 enim
2597 4308 2657 4346 ea
2692 4293 2742 4345 vi
2768 4293 3028 4363 prtcditus
3069 4308 3153 4352 est
3216 4308 3275 4352 ut
3314 4314 3470 4356 natu.

1900 4398 2013 4438 ram
2049 4397 2200 4437 suam
2255 4385 2639 4448 communicet,
2669 4385 2862 4455 gignit,
2929 4398 3197 4456 quatenus
3247 4404 3377 4447 vero
3411 4402 3470 4446 ut

1898 4472 2196 4530 secundum
2226 4484 2395 4531 artem
2430 4474 2784 4531 similitudine
2810 4492 2905 4532 sua
2932 4478 3233 4549 impertiat,
3277 4494 3467 4550 creat;

1894 4580 1965 4621 ne
1990 4565 2128 4622 ullus
2153 4566 2346 4621 modus
2372 4565 2804 4637 participationis
2834 4569 2975 4625 desit
3009 4570 3127 4641 ejus
3156 4574 3249 4645 qui
3285 4577 3470 4647 perfe-

1893 4666 2016 4713 ctus
2055 4658 2334 4728 bonusque
2381 4665 2437 4711 et
2476 4671 2720 4713 summus
2759 4670 2864 4716 est.
2895 4660 3067 4719 Porro
3114 4665 3244 4721 talia
3291 4670 3468 4727 solum

1893 4749 2206 4815 credimus;
2255 4759 2315 4805 ut
2358 4759 2537 4805 autem
2576 4764 2635 4805 se
2660 4749 2916 4822 habeant,
2943 4768 3200 4816 accurate
3229 4760 3305 4817 illi
3325 4766 3468 4819 dust-

1894 4851 2043 4898 tasat
2065 4852 2151 4898 est
2170 4841 2465 4912 cognitum.
2936 4894 2937 4897 η

1969 4937 2145 5006 Atque
2175 4942 2232 4989 ut
2258 4951 2325 4992 ex
2355 4936 2605 4992 obscuris
2637 4935 2939 4994 simulacris
2976 4939 3044 4996 ad
3090 4943 3463 4998 universorum

1899 5032 2183 5084 auctorem
2231 5027 2618 5094 provehamur,
2660 5026 2787 5081 exili
2843 5030 3055 5088 ratione
3107 5048 3193 5088 res
3243 5051 3466 5108 magnas

1901 5119 2294 5191 ponderantes,
2320 5118 2467 5174 velut
2496 5117 2540 5172 si
2572 5118 2696 5187 quis
2726 5134 2791 5173 cx
2816 5118 2927 5176 sole
2952 5123 3123 5178 solem
3155 5126 3318 5181 alium
3343 5144 3468 5197 pro-

1897 5210 2203 5276 cedentem,
2241 5222 2362 5262 mos
2395 5221 2457 5263 ac
2488 5207 2577 5262 ille
2608 5209 2817 5278 primus
2844 5210 2900 5265 in
2925 5214 3165 5269 animum
3199 5217 3460 5285 incurrit.

1898 5314 2002 5355 una
2051 5313 2174 5353 cum
2216 5298 2306 5354 illa
2354 5298 2604 5369 gignendi
2660 5301 2871 5356 ratione
2902 5304 3121 5360 elucere
3170 5305 3459 5380 intelligat,

1895 5390 2085 5446 eodem
2115 5404 2176 5444 se
2207 5403 2431 5458 prorsus
2466 5391 2625 5444 modo
2652 5405 2717 5444 ac
2740 5391 2833 5447 ille
2861 5392 3151 5451 habentem
3188 5413 3203 5451 :
3241 5406 3463 5471 tumque

1894 5496 2083 5536 rursus
2123 5494 2247 5536 eum
2302 5479 2494 5542 solem,
2524 5494 2645 5534 cum
2676 5481 2873 5551 alioqui
2908 5500 3047 5540 unus
3077 5491 3169 5551 sit,
3226 5489 3281 5544 in
3310 5490 3460 5561 plura

1900 5571 2275 5629 similitudinis
2308 5571 2516 5627 ratione
2546 5572 2892 5643 multiplicari
2925 5579 3280 5649 cogitaverit;
3308 5582 3463 5640 velut

1893 5668 1947 5725 in
1980 5683 2118 5739 aqua
2156 5666 2405 5725 videmus
2440 5673 2496 5722 et
2525 5665 2785 5737 speculis,
2830 5680 3081 5728 manente
3130 5672 3223 5730 illo
3262 5675 3462 5734 immo-
