  <div class='ocr_page' id='page_1' title='image "/cluster/home/n/w/nwhite01/storage/ocr_20150623/152/hvd.32044019208404/199.png"; bbox 0 0 3814 6546; ppageno 0'>
   <div class='ocr_carea' id='block_1_1' title="bbox 409 354 3616 439">
    <p class='ocr_par' dir='ltr' id='par_1_1' title="bbox 409 354 3616 439">
     <span class='ocr_line' id='line_1_1' title="bbox 409 354 3616 439; baseline 0.006 -18"><span class='ocrx_word' id='word_1_1' title='bbox 409 357 515 421; x_wconf 73' lang='lat'><strong>379</strong></span> <span class='ocrx_word' id='word_1_2' title='bbox 747 358 756 365; x_wconf 73' lang='lat'>&#39;</span> <span class='ocrx_word' id='word_1_3' title='bbox 1661 361 2063 425; x_wconf 70' lang='lat' dir='ltr'><strong>manusua</strong></span> <span class='ocrx_word' id='word_1_4' title='bbox 2106 364 2417 430; x_wconf 65' lang='lat' dir='ltr'><strong>cauum</strong></span> <span class='ocrx_word' id='word_1_5' title='bbox 3469 354 3616 439; x_wconf 71' lang='lat'><strong>‘380</strong></span> 
     </span>
    </p>
   </div>
   <div class='ocr_carea' id='block_1_2' title="bbox 408 473 1977 551">
    <p class='ocr_par' dir='ltr' id='par_1_2' title="bbox 408 473 1970 547">
     <span class='ocr_line' id='line_1_2' title="bbox 408 473 1970 547; baseline -0.001 -16"><span class='ocrx_word' id='word_1_6' title='bbox 408 487 672 545; x_wconf 85' lang='lat' dir='ltr'><strong>veantnr;</strong></span> <span class='ocrx_word' id='word_1_7' title='bbox 707 476 821 546; x_wconf 88' lang='lat' dir='ltr'><strong>ipse</strong></span> <span class='ocrx_word' id='word_1_8' title='bbox 840 490 996 541; x_wconf 85' lang='lat' dir='ltr'><strong>vero,</strong></span> <span class='ocrx_word' id='word_1_9' title='bbox 1024 474 1318 531; x_wconf 84' lang='lat' dir='ltr'><strong>immobilis</strong></span> <span class='ocrx_word' id='word_1_10' title='bbox 1346 483 1452 530; x_wconf 89' lang='lat' dir='ltr'><strong>est.</strong></span> <span class='ocrx_word' id='word_1_11' title='bbox 1476 473 1628 532; x_wconf 88' lang='lat' dir='ltr'><strong>Unde</strong></span> <span class='ocrx_word' id='word_1_12' title='bbox 1654 476 1817 531; x_wconf 90' lang='lat' dir='ltr'><strong>etiam</strong></span> <span class='ocrx_word' id='word_1_13' title='bbox 1848 492 1970 547; x_wconf 87' lang='lat' dir='ltr'><strong>cap.</strong></span> 
     </span>
    </p>
   </div>
   <div class='ocr_carea' id='block_1_3' title="bbox 2084 473 3605 551">
    <p class='ocr_par' dir='ltr' id='par_1_3' title="bbox 2084 476 3605 551">
     <span class='ocr_line' id='line_1_3' title="bbox 2084 476 3605 551; baseline 0.001 -20"><span class='ocrx_word' id='word_1_14' title='bbox 2084 476 2121 531; x_wconf 85' lang='grc' dir='ltr'><strong>θ’</strong></span> <span class='ocrx_word' id='word_1_15' title='bbox 2149 478 2242 533; x_wconf 80' lang='grc' dir='ltr'><strong>τοῦ</strong></span> <span class='ocrx_word' id='word_1_16' title='bbox 2266 481 2405 550; x_wconf 70' lang='grc' dir='ltr'><strong>Περὶ</strong></span> <span class='ocrx_word' id='word_1_17' title='bbox 2433 480 2608 536; x_wconf 77' lang='grc' dir='ltr'><strong>θείων</strong></span> <span class='ocrx_word' id='word_1_18' title='bbox 2628 478 2938 550; x_wconf 75' lang='grc' dir='ltr'><strong>ὀνομάτων</strong></span> <span class='ocrx_word' id='word_1_19' title='bbox 2959 477 3123 549; x_wconf 67' lang='grc' dir='ltr'><strong>φησὶν</strong></span> <span class='ocrx_word' id='word_1_20' title='bbox 3145 476 3173 532; x_wconf 79' lang='grc' dir='ltr'><strong>ὁ</strong></span> <span class='ocrx_word' id='word_1_21' title='bbox 3192 476 3328 543; x_wconf 79' lang='grc' dir='ltr'><strong>θεῖος</strong></span> <span class='ocrx_word' id='word_1_22' title='bbox 3346 481 3605 551; x_wconf 69' lang='grc' dir='ltr'><strong>Διονύσιοςε</strong></span> 
     </span>
    </p>
   </div>
   <div class='ocr_carea' id='block_1_4' title="bbox 409 566 1977 639">
    <p class='ocr_par' dir='ltr' id='par_1_4' title="bbox 409 566 1977 639">
     <span class='ocr_line' id='line_1_4' title="bbox 409 566 1977 639; baseline 0.001 -18"><span class='ocrx_word' id='word_1_23' title='bbox 409 568 445 621; x_wconf 84' lang='grc'>9</span> <span class='ocrx_word' id='word_1_24' title='bbox 474 568 593 622; x_wconf 89' lang='lat' dir='ltr'><strong>libri</strong></span> <span class='ocrx_word' id='word_1_25' title='bbox 630 567 701 621; x_wconf 87' lang='lat' dir='ltr'><strong>De</strong></span> <span class='ocrx_word' id='word_1_26' title='bbox 722 567 908 621; x_wconf 82' lang='lat' dir='ltr'><strong>divinis</strong></span> <span class='ocrx_word' id='word_1_27' title='bbox 927 567 1250 630; x_wconf 71' lang='lat' dir='ltr'><strong>nominibus,</strong></span> <span class='ocrx_word' id='word_1_28' title='bbox 1269 568 1345 622; x_wconf 81' lang='lat' dir='ltr'><strong>ait</strong></span> <span class='ocrx_word' id='word_1_29' title='bbox 1368 566 1430 622; x_wconf 90' lang='lat' dir='ltr'><strong>D.</strong></span> <span class='ocrx_word' id='word_1_30' title='bbox 1466 566 1758 639; x_wconf 87' lang='lat' dir='ltr'><strong>Dionysius</strong></span> <span class='ocrx_word' id='word_1_31' title='bbox 1789 587 1803 624; x_wconf 89' lang='lat'><strong>:</strong></span> <span class='ocrx_word' id='word_1_32' title='bbox 1835 568 1977 635; x_wconf 78' lang='lat' dir='ltr'><strong>Quid</strong></span> 
     </span>
    </p>
   </div>
   <div class='ocr_carea' id='block_1_5' title="bbox 2084 566 3607 639">
    <p class='ocr_par' dir='ltr' id='par_1_5' title="bbox 2084 566 3607 637">
     <span class='ocr_line' id='line_1_5' title="bbox 2084 566 3607 637; baseline 0 -13"><span class='ocrx_word' id='word_1_33' title='bbox 2084 571 2143 625; x_wconf 78' lang='grc' dir='ltr'><strong>Τί</strong></span> <span class='ocrx_word' id='word_1_34' title='bbox 2189 569 2258 623; x_wconf 80' lang='grc' dir='ltr'><strong>δὲ</strong></span> <span class='ocrx_word' id='word_1_35' title='bbox 2306 571 2403 625; x_wconf 79' lang='grc' dir='ltr'><strong>καὶ</strong></span> <span class='ocrx_word' id='word_1_36' title='bbox 2432 570 2582 625; x_wconf 78' lang='grc' dir='ltr'><strong>ὅταν</strong></span> <span class='ocrx_word' id='word_1_37' title='bbox 2628 566 2803 633; x_wconf 84' lang='grc' dir='ltr'><strong>αὖθις</strong></span> <span class='ocrx_word' id='word_1_38' title='bbox 2828 571 2882 625; x_wconf 82' lang='grc' dir='ltr'><strong>οι</strong></span> <span class='ocrx_word' id='word_1_39' title='bbox 2912 569 3183 637; x_wconf 73' lang='grc' dir='ltr'><strong>θεολόγοι</strong></span> <span class='ocrx_word' id='word_1_40' title='bbox 3230 572 3499 637; x_wconf 76' lang='grc' dir='ltr'><strong>προϊόντα</strong></span> <span class='ocrx_word' id='word_1_41' title='bbox 3526 576 3607 629; x_wconf 75' lang='grc' dir='ltr'><strong>και</strong></span> 
     </span>
    </p>
   </div>
   <div class='ocr_carea' id='block_1_6' title="bbox 310 658 1979 733">
    <p class='ocr_par' dir='ltr' id='par_1_6' title="bbox 310 658 1979 733">
     <span class='ocr_line' id='line_1_6' title="bbox 310 658 1979 733; baseline 0.001 -22"><span class='ocrx_word' id='word_1_42' title='bbox 310 724 323 733; x_wconf 24' lang='grc' dir='ltr'>κ</span> <span class='ocrx_word' id='word_1_43' title='bbox 410 674 529 711; x_wconf 72' lang='lat' dir='ltr'><strong>vero</strong></span> <span class='ocrx_word' id='word_1_44' title='bbox 563 658 719 712; x_wconf 84' lang='lat' dir='ltr'><strong>etiam</strong></span> <span class='ocrx_word' id='word_1_45' title='bbox 749 674 864 711; x_wconf 75' lang='lat' dir='ltr'><strong>cum</strong></span> <span class='ocrx_word' id='word_1_46' title='bbox 900 673 1085 712; x_wconf 73' lang='lat' dir='ltr'><strong>rursus</strong></span> <span class='ocrx_word' id='word_1_47' title='bbox 1117 660 1265 712; x_wconf 83' lang='lat' dir='ltr'><strong>aiunt</strong></span> <span class='ocrx_word' id='word_1_48' title='bbox 1294 658 1521 728; x_wconf 77' lang='lat' dir='ltr'><strong>theologi</strong></span> <span class='ocrx_word' id='word_1_49' title='bbox 1559 664 1841 728; x_wconf 81' lang='lat' dir='ltr'><strong>procedere</strong></span> <span class='ocrx_word' id='word_1_50' title='bbox 1892 668 1979 713; x_wconf 87' lang='lat' dir='ltr'><strong>at-</strong></span> 
     </span>
    </p>
   </div>
   <div class='ocr_carea' id='block_1_7' title="bbox 411 748 1976 815">
    <p class='ocr_par' dir='ltr' id='par_1_7' title="bbox 411 748 1976 815">
     <span class='ocr_line' id='line_1_7' title="bbox 411 748 1976 815; baseline 0.003 -16"><span class='ocrx_word' id='word_1_51' title='bbox 411 764 511 815; x_wconf 80' lang='lat' dir='ltr'><strong>que</strong></span> <span class='ocrx_word' id='word_1_52' title='bbox 536 748 729 800; x_wconf 78' lang='lat' dir='ltr'><strong>moveri</strong></span> <span class='ocrx_word' id='word_1_53' title='bbox 784 763 928 811; x_wconf 79' lang='lat' dir='ltr'><strong>eum,</strong></span> <span class='ocrx_word' id='word_1_54' title='bbox 956 748 1048 815; x_wconf 85' lang='lat' dir='ltr'><strong>qui</strong></span> <span class='ocrx_word' id='word_1_55' title='bbox 1078 748 1365 803; x_wconf 83' lang='lat' dir='ltr'><strong>immobilis</strong></span> <span class='ocrx_word' id='word_1_56' title='bbox 1398 758 1474 803; x_wconf 87' lang='lat' dir='ltr'><strong>est</strong></span> <span class='ocrx_word' id='word_1_57' title='bbox 1502 750 1529 805; x_wconf 73' lang='grc'><strong><em>7</em></strong></span> <span class='ocrx_word' id='word_1_58' title='bbox 1548 748 1606 804; x_wconf 88' lang='lat' dir='ltr'><strong>Si</strong></span> <span class='ocrx_word' id='word_1_59' title='bbox 1637 749 1781 805; x_wconf 88' lang='lat' dir='ltr'><strong>enim</strong></span> <span class='ocrx_word' id='word_1_60' title='bbox 1813 750 1976 805; x_wconf 82' lang='lat' dir='ltr'><strong>est.in</strong></span> 
     </span>
    </p>
   </div>
   <div class='ocr_carea' id='block_1_8' title="bbox 410 835 1975 911">
    <p class='ocr_par' dir='ltr' id='par_1_8' title="bbox 410 835 1975 911">
     <span class='ocr_line' id='line_1_8' title="bbox 410 835 1975 911; baseline 0.004 -22"><span class='ocrx_word' id='word_1_61' title='bbox 410 835 506 891; x_wconf 90' lang='lat' dir='ltr'><strong>illo</strong></span> <span class='ocrx_word' id='word_1_62' title='bbox 526 838 859 903; x_wconf 72' lang='lat' dir='ltr'><strong>operationis</strong></span> <span class='ocrx_word' id='word_1_63' title='bbox 892 846 1092 905; x_wconf 89' lang='lat' dir='ltr'><strong>motus,</strong></span> <span class='ocrx_word' id='word_1_64' title='bbox 1131 839 1237 895; x_wconf 91' lang='lat' dir='ltr'><strong>erit</strong></span> <span class='ocrx_word' id='word_1_65' title='bbox 1268 842 1578 896; x_wconf 83' lang='lat' dir='ltr'><strong>communis</strong></span> <span class='ocrx_word' id='word_1_66' title='bbox 1607 840 1779 896; x_wconf 76' lang='lat' dir='ltr'><strong>forma</strong></span> <span class='ocrx_word' id='word_1_67' title='bbox 1832 840 1975 911; x_wconf 86' lang='lat' dir='ltr'><strong>pati-</strong></span> 
     </span>
    </p>
   </div>
   <div class='ocr_carea' id='block_1_9' title="bbox 408 926 1979 1002">
    <p class='ocr_par' dir='ltr' id='par_1_9' title="bbox 408 926 1979 1002">
     <span class='ocr_line' id='line_1_9' title="bbox 408 926 1979 1002; baseline 0.005 -22"><span class='ocrx_word' id='word_1_68' title='bbox 408 926 532 981; x_wconf 84' lang='lat' dir='ltr'><strong>bilis</strong></span> <span class='ocrx_word' id='word_1_69' title='bbox 563 928 779 984; x_wconf 88' lang='lat' dir='ltr'><strong>virtutis</strong></span> <span class='ocrx_word' id='word_1_70' title='bbox 813 944 1017 996; x_wconf 89' lang='lat' dir='ltr'><strong>rerum,</strong></span> <span class='ocrx_word' id='word_1_71' title='bbox 1054 939 1109 985; x_wconf 91' lang='lat' dir='ltr'><strong>et</strong></span> <span class='ocrx_word' id='word_1_72' title='bbox 1133 929 1374 987; x_wconf 76' lang='lat' dir='ltr'><strong>factricis</strong></span> <span class='ocrx_word' id='word_1_73' title='bbox 1425 930 1542 1002; x_wconf 84' lang='lat' dir='ltr'><strong>ejus</strong></span> <span class='ocrx_word' id='word_1_74' title='bbox 1568 930 1813 987; x_wconf 88' lang='lat' dir='ltr'><strong>virtutis.</strong></span> <span class='ocrx_word' id='word_1_75' title='bbox 1866 931 1979 987; x_wconf 77' lang='lat' dir='ltr'><strong>Mo-</strong></span> 
     </span>
    </p>
   </div>
   <div class='ocr_carea' id='block_1_10' title="bbox 410 1019 1977 1095">
    <p class='ocr_par' dir='ltr' id='par_1_10' title="bbox 410 1019 1977 1095">
     <span class='ocr_line' id='line_1_10' title="bbox 410 1019 1977 1095; baseline 0.004 -22"><span class='ocrx_word' id='word_1_76' title='bbox 410 1028 496 1073; x_wconf 81' lang='lat' dir='ltr'><strong>tus</strong></span> <span class='ocrx_word' id='word_1_77' title='bbox 524 1019 668 1073; x_wconf 88' lang='lat' dir='ltr'><strong>enim</strong></span> <span class='ocrx_word' id='word_1_78' title='bbox 716 1030 870 1076; x_wconf 90' lang='lat' dir='ltr'><strong>actus</strong></span> <span class='ocrx_word' id='word_1_79' title='bbox 907 1031 992 1076; x_wconf 86' lang='lat' dir='ltr'><strong>est</strong></span> <span class='ocrx_word' id='word_1_80' title='bbox 1018 1031 1073 1075; x_wconf 91' lang='lat' dir='ltr'><strong>et</strong></span> <span class='ocrx_word' id='word_1_81' title='bbox 1090 1021 1353 1093; x_wconf 76' lang='lat' dir='ltr'><strong>perfectio</strong></span> <span class='ocrx_word' id='word_1_82' title='bbox 1388 1038 1451 1078; x_wconf 88' lang='lat' dir='ltr'><strong>ac</strong></span> <span class='ocrx_word' id='word_1_83' title='bbox 1502 1024 1676 1079; x_wconf 76' lang='lat' dir='ltr'><strong>forma</strong></span> <span class='ocrx_word' id='word_1_84' title='bbox 1696 1024 1977 1095; x_wconf 87' lang='lat' dir='ltr'><strong>utriusque</strong></span> 
     </span>
    </p>
   </div>
   <div class='ocr_carea' id='block_1_11' title="bbox 2086 660 3611 733">
    <p class='ocr_par' dir='ltr' id='par_1_11' title="bbox 2086 660 3611 733">
     <span class='ocr_line' id='line_1_11' title="bbox 2086 660 3611 733; baseline 0.003 -19"><span class='ocrx_word' id='word_1_85' title='bbox 2086 660 2447 732; x_wconf 77' lang='grc' dir='ltr'><strong>κινούμενον</strong></span> <span class='ocrx_word' id='word_1_86' title='bbox 2476 663 2625 733; x_wconf 71' lang='grc' dir='ltr'><strong>φασὶ</strong></span> <span class='ocrx_word' id='word_1_87' title='bbox 2661 663 2769 717; x_wconf 78' lang='grc' dir='ltr'><strong>τὸν</strong></span> <span class='ocrx_word' id='word_1_88' title='bbox 2798 661 3123 729; x_wconf 67' lang='grc' dir='ltr'><strong>ἀκίνητον-ς</strong></span> <span class='ocrx_word' id='word_1_89' title='bbox 3147 660 3207 713; x_wconf 86' lang='lat' dir='ltr'><strong>El</strong></span> <span class='ocrx_word' id='word_1_90' title='bbox 3243 660 3348 730; x_wconf 81' lang='grc' dir='ltr'><strong>γὰρ</strong></span> <span class='ocrx_word' id='word_1_91' title='bbox 3374 661 3509 716; x_wconf 76' lang='grc' dir='ltr'><strong>ἐστιν</strong></span> <span class='ocrx_word' id='word_1_92' title='bbox 3537 664 3611 719; x_wconf 73' lang='grc' dir='ltr'><strong>ἐπ’</strong></span> 
     </span>
    </p>
   </div>
   <div class='ocr_carea' id='block_1_12' title="bbox 2077 749 3613 826">
    <p class='ocr_par' dir='ltr' id='par_1_12' title="bbox 2077 749 3613 826">
     <span class='ocr_line' id='line_1_12' title="bbox 2077 749 3613 826; baseline 0.001 -21"><span class='ocrx_word' id='word_1_93' title='bbox 2077 751 2289 807; x_wconf 75' lang='grc' dir='ltr'><strong>ἐκείνου</strong></span> <span class='ocrx_word' id='word_1_94' title='bbox 2316 755 2349 822; x_wconf 80' lang='grc' dir='ltr'><strong>ἡ</strong></span> <span class='ocrx_word' id='word_1_95' title='bbox 2384 753 2664 826; x_wconf 74' lang='grc' dir='ltr'><strong>ἐνεργείας</strong></span> <span class='ocrx_word' id='word_1_96' title='bbox 2694 754 2932 825; x_wconf 79' lang='grc' dir='ltr'><strong>κίνησις,</strong></span> <span class='ocrx_word' id='word_1_97' title='bbox 2984 752 3140 805; x_wconf 75' lang='grc' dir='ltr'><strong>ἔσται</strong></span> <span class='ocrx_word' id='word_1_98' title='bbox 3180 751 3352 805; x_wconf 76' lang='grc' dir='ltr'><strong>κοινὸν</strong></span> <span class='ocrx_word' id='word_1_99' title='bbox 3379 749 3505 818; x_wconf 75' lang='grc' dir='ltr'><strong>εἶδος</strong></span> <span class='ocrx_word' id='word_1_100' title='bbox 3529 757 3613 825; x_wconf 78' lang='grc' dir='ltr'><strong>τῆς</strong></span> 
     </span>
    </p>
   </div>
   <div class='ocr_carea' id='block_1_13' title="bbox 2077 841 3611 917">
    <p class='ocr_par' dir='ltr' id='par_1_13' title="bbox 2077 841 3611 917">
     <span class='ocr_line' id='line_1_13' title="bbox 2077 841 3611 917; baseline -0.001 -19"><span class='ocrx_word' id='word_1_101' title='bbox 2077 844 2389 917; x_wconf 78' lang='grc' dir='ltr'><strong>παθητικῆς</strong></span> <span class='ocrx_word' id='word_1_102' title='bbox 2413 846 2698 916; x_wconf 82' lang='grc' dir='ltr'><strong>δυνάμεως</strong></span> <span class='ocrx_word' id='word_1_103' title='bbox 2726 845 2835 900; x_wconf 85' lang='grc' dir='ltr'><strong>τῶν</strong></span> <span class='ocrx_word' id='word_1_104' title='bbox 2876 845 3068 908; x_wconf 75' lang='grc' dir='ltr'><strong>ὅντων,</strong></span> <span class='ocrx_word' id='word_1_105' title='bbox 3109 841 3207 895; x_wconf 71' lang='grc' dir='ltr'><strong>καὶ</strong></span> <span class='ocrx_word' id='word_1_106' title='bbox 3227 844 3322 912; x_wconf 78' lang='grc' dir='ltr'><strong>τῆς</strong></span> <span class='ocrx_word' id='word_1_107' title='bbox 3354 844 3611 913; x_wconf 80' lang='grc' dir='ltr'><strong>ποιητικῆς</strong></span> 
     </span>
    </p>
   </div>
   <div class='ocr_carea' id='block_1_14' title="bbox 2077 933 3613 1009">
    <p class='ocr_par' dir='ltr' id='par_1_14' title="bbox 2077 933 3613 1009">
     <span class='ocr_line' id='line_1_14' title="bbox 2077 933 3613 1009; baseline -0.003 -16"><span class='ocrx_word' id='word_1_108' title='bbox 2077 937 2365 1009; x_wconf 66' lang='grc' dir='ltr'><strong>δυνάμεως</strong></span> <span class='ocrx_word' id='word_1_109' title='bbox 2392 938 2578 995; x_wconf 79' lang='grc' dir='ltr'><strong>αὐτοῦ.</strong></span> <span class='ocrx_word' id='word_1_110' title='bbox 2618 938 2684 993; x_wconf 81' lang='grc' dir='ltr'><strong><em>Ἢ</em></strong></span> <span class='ocrx_word' id='word_1_111' title='bbox 2716 937 2831 1009; x_wconf 81' lang='grc' dir='ltr'><strong>γὰρ</strong></span> <span class='ocrx_word' id='word_1_112' title='bbox 2856 935 3072 1005; x_wconf 82' lang='grc' dir='ltr'><strong>κίνησίς</strong></span> <span class='ocrx_word' id='word_1_113' title='bbox 3101 937 3247 989; x_wconf 82' lang='grc' dir='ltr'><strong>ἐστιν</strong></span> <span class='ocrx_word' id='word_1_114' title='bbox 3274 934 3306 1002; x_wconf 76' lang='grc' dir='ltr'>ἡ</span> <span class='ocrx_word' id='word_1_115' title='bbox 3340 933 3613 1003; x_wconf 70' lang='grc' dir='ltr'><strong>ἐντελέχεια</strong></span> 
     </span>
    </p>
   </div>
   <div class='ocr_carea' id='block_1_15' title="bbox 2079 1026 3610 1102">
    <p class='ocr_par' dir='ltr' id='par_1_15' title="bbox 2079 1026 3610 1102">
     <span class='ocr_line' id='line_1_15' title="bbox 2079 1026 3610 1102; baseline -0.003 -17"><span class='ocrx_word' id='word_1_116' title='bbox 2079 1032 2176 1085; x_wconf 79' lang='grc' dir='ltr'><strong>καὶ</strong></span> <span class='ocrx_word' id='word_1_117' title='bbox 2214 1029 2281 1086; x_wconf 87' lang='grc' dir='ltr'><strong>τὸ</strong></span> <span class='ocrx_word' id='word_1_118' title='bbox 2331 1027 2473 1095; x_wconf 72' lang='grc' dir='ltr'><strong>εἶδος</strong></span> <span class='ocrx_word' id='word_1_119' title='bbox 2528 1031 2797 1102; x_wconf 67' lang='grc' dir='ltr'><strong>ἑκατέρας</strong></span> <span class='ocrx_word' id='word_1_120' title='bbox 2848 1029 3153 1099; x_wconf 81' lang='grc' dir='ltr'><strong>δυνάμεως,</strong></span> <span class='ocrx_word' id='word_1_121' title='bbox 3182 1026 3303 1080; x_wconf 82' lang='grc' dir='ltr'><strong>καθ’</strong></span> <span class='ocrx_word' id='word_1_122' title='bbox 3330 1026 3357 1079; x_wconf 81' lang='grc' dir='ltr'><strong>ὃ</strong></span> <span class='ocrx_word' id='word_1_123' title='bbox 3380 1026 3610 1096; x_wconf 75' lang='grc' dir='ltr'><strong>δύναμιςο</strong></span> 
     </span>
    </p>
   </div>
   <div class='ocr_carea' id='block_1_16' title="bbox 408 1111 1977 1195">
    <p class='ocr_par' dir='ltr' id='par_1_16' title="bbox 408 1111 1977 1185">
     <span class='ocr_line' id='line_1_16' title="bbox 408 1111 1977 1185; baseline 0.006 -21"><span class='ocrx_word' id='word_1_124' title='bbox 408 1111 627 1165; x_wconf 77' lang='lat' dir='ltr'><strong>virtutis</strong></span> <span class='ocrx_word' id='word_1_125' title='bbox 662 1125 757 1166; x_wconf 89' lang='lat' dir='ltr'><strong>seu</strong></span> <span class='ocrx_word' id='word_1_126' title='bbox 782 1114 1055 1181; x_wconf 62' lang='lat' dir='ltr'><strong>potentia,</strong></span> <span class='ocrx_word' id='word_1_127' title='bbox 1084 1122 1354 1184; x_wconf 80' lang='lat' dir='ltr'><strong>quatenus</strong></span> <span class='ocrx_word' id='word_1_128' title='bbox 1382 1116 1625 1185; x_wconf 86' lang='lat' dir='ltr'><strong>potentia</strong></span> <span class='ocrx_word' id='word_1_129' title='bbox 1654 1127 1771 1183; x_wconf 89' lang='lat' dir='ltr'><strong>est;</strong></span> <span class='ocrx_word' id='word_1_130' title='bbox 1832 1117 1977 1173; x_wconf 88' lang='lat' dir='ltr'><strong>velut</strong></span> 
     </span>
    </p>
   </div>
   <div class='ocr_carea' id='block_1_17' title="bbox 2084 1111 3611 1195">
    <p class='ocr_par' dir='ltr' id='par_1_17' title="bbox 2084 1117 3611 1195">
     <span class='ocr_line' id='line_1_17' title="bbox 2084 1117 3611 1195; baseline -0.004 -18"><span class='ocrx_word' id='word_1_131' title='bbox 2084 1118 2265 1195; x_wconf 75' lang='grc' dir='ltr'><strong>ὥσπερ</strong></span> <span class='ocrx_word' id='word_1_132' title='bbox 2290 1123 2321 1195; x_wconf 74' lang='grc' dir='ltr'>ἡ</span> <span class='ocrx_word' id='word_1_133' title='bbox 2347 1121 2697 1192; x_wconf 82' lang='grc' dir='ltr'><strong>οἰκοδόμησις</strong></span> <span class='ocrx_word' id='word_1_134' title='bbox 2728 1121 2825 1175; x_wconf 80' lang='grc' dir='ltr'><strong>τοῦ</strong></span> <span class='ocrx_word' id='word_1_135' title='bbox 2865 1138 2927 1175; x_wconf 77' lang='grc' dir='ltr'><strong>τε</strong></span> <span class='ocrx_word' id='word_1_136' title='bbox 2965 1117 3321 1188; x_wconf 70' lang='grc' dir='ltr'><strong>οἰκοδομητοῦ</strong></span> <span class='ocrx_word' id='word_1_137' title='bbox 3370 1118 3460 1171; x_wconf 76' lang='grc' dir='ltr'><strong>καὶ</strong></span> <span class='ocrx_word' id='word_1_138' title='bbox 3487 1119 3611 1172; x_wconf 73' lang='lat' dir='ltr'><strong>olito-</strong></span> 
     </span>
    </p>
   </div>
   <div class='ocr_carea' id='block_1_18' title="bbox 407 1200 1973 1279">
    <p class='ocr_par' dir='ltr' id='par_1_18' title="bbox 407 1200 1973 1279">
     <span class='ocr_line' id='line_1_18' title="bbox 407 1200 1973 1279; baseline 0.006 -25"><span class='ocrx_word' id='word_1_139' title='bbox 407 1200 695 1256; x_wconf 65' lang='lat' dir='ltr'><strong>adiﬂcatio</strong></span> <span class='ocrx_word' id='word_1_140' title='bbox 737 1201 856 1272; x_wconf 75' lang='lat' dir='ltr'><strong>ejus</strong></span> <span class='ocrx_word' id='word_1_141' title='bbox 887 1205 1028 1274; x_wconf 90' lang='lat' dir='ltr'><strong>quod</strong></span> <span class='ocrx_word' id='word_1_142' title='bbox 1057 1204 1313 1260; x_wconf 68' lang='lat' dir='ltr'><strong>aediﬁcari</strong></span> <span class='ocrx_word' id='word_1_143' title='bbox 1358 1206 1542 1273; x_wconf 90' lang='lat' dir='ltr'><strong>habet,</strong></span> <span class='ocrx_word' id='word_1_144' title='bbox 1565 1216 1620 1263; x_wconf 90' lang='lat' dir='ltr'><strong>et</strong></span> <span class='ocrx_word' id='word_1_145' title='bbox 1653 1208 1797 1279; x_wconf 86' lang='lat' dir='ltr'><strong>quod</strong></span> <span class='ocrx_word' id='word_1_146' title='bbox 1865 1209 1973 1263; x_wconf 87' lang='lat' dir='ltr'><strong>vim</strong></span> 
     </span>
    </p>
   </div>
   <div class='ocr_carea' id='block_1_19' title="bbox 409 1290 1974 1356">
    <p class='ocr_par' dir='ltr' id='par_1_19' title="bbox 409 1290 1974 1356">
     <span class='ocr_line' id='line_1_19' title="bbox 409 1290 1974 1356; baseline 0.006 -10"><span class='ocrx_word' id='word_1_147' title='bbox 409 1290 927 1353; x_wconf 67' lang='lat' dir='ltr'><strong>babctaediticandi.</strong></span> <span class='ocrx_word' id='word_1_148' title='bbox 994 1294 1149 1350; x_wconf 80' lang='lat' dir='ltr'><strong>Nulla</strong></span> <span class='ocrx_word' id='word_1_149' title='bbox 1178 1307 1355 1353; x_wconf 89' lang='lat' dir='ltr'><strong>autem</strong></span> <span class='ocrx_word' id='word_1_150' title='bbox 1407 1298 1500 1355; x_wconf 86' lang='lat' dir='ltr'><strong>Dei</strong></span> <span class='ocrx_word' id='word_1_151' title='bbox 1545 1314 1611 1355; x_wconf 89' lang='lat' dir='ltr'><strong>ac</strong></span> <span class='ocrx_word' id='word_1_152' title='bbox 1658 1314 1838 1356; x_wconf 89' lang='lat' dir='ltr'><strong>rerum</strong></span> <span class='ocrx_word' id='word_1_153' title='bbox 1892 1309 1974 1356; x_wconf 75' lang='lat' dir='ltr'><strong>est</strong></span> 
     </span>
    </p>
   </div>
   <div class='ocr_carea' id='block_1_20' title="bbox 407 1382 943 1439">
    <p class='ocr_par' dir='ltr' id='par_1_20' title="bbox 407 1382 943 1439">
     <span class='ocr_line' id='line_1_20' title="bbox 407 1382 943 1439; baseline 0.009 -6"><span class='ocrx_word' id='word_1_154' title='bbox 407 1383 711 1437; x_wconf 85' lang='lat' dir='ltr'><strong>communis</strong></span> <span class='ocrx_word' id='word_1_155' title='bbox 747 1382 943 1439; x_wconf 78' lang='lat' dir='ltr'><strong>forma.</strong></span> 
     </span>
    </p>
   </div>
   <div class='ocr_carea' id='block_1_21' title="bbox 480 1468 1972 1553">
    <p class='ocr_par' dir='ltr' id='par_1_21' title="bbox 480 1468 1972 1553">
     <span class='ocr_line' id='line_1_21' title="bbox 480 1468 1972 1553; baseline 0.009 -29"><span class='ocrx_word' id='word_1_156' title='bbox 480 1468 744 1537; x_wconf 83' lang='lat' dir='ltr'><strong>Septimo,</strong></span> <span class='ocrx_word' id='word_1_157' title='bbox 781 1474 923 1542; x_wconf 88' lang='lat' dir='ltr'><strong>quod</strong></span> <span class='ocrx_word' id='word_1_158' title='bbox 952 1475 1016 1529; x_wconf 86' lang='lat' dir='ltr'><strong>de</strong></span> <span class='ocrx_word' id='word_1_159' title='bbox 1053 1476 1167 1545; x_wconf 87' lang='lat' dir='ltr'><strong>ipsa</strong></span> <span class='ocrx_word' id='word_1_160' title='bbox 1192 1478 1412 1547; x_wconf 81' lang='lat' dir='ltr'><strong>quidem</strong></span> <span class='ocrx_word' id='word_1_161' title='bbox 1473 1484 1808 1549; x_wconf 76' lang='lat' dir='ltr'><strong>operatione,</strong></span> <span class='ocrx_word' id='word_1_162' title='bbox 1863 1497 1972 1553; x_wconf 89' lang='lat' dir='ltr'><strong>qua</strong></span> 
     </span>
    </p>
   </div>
   <div class='ocr_carea' id='block_1_22' title="bbox 412 1558 1975 1643">
    <p class='ocr_par' dir='ltr' id='par_1_22' title="bbox 412 1558 1975 1643">
     <span class='ocr_line' id='line_1_22' title="bbox 412 1558 1975 1643; baseline 0.011 -30"><span class='ocrx_word' id='word_1_163' title='bbox 412 1558 560 1617; x_wconf 89' lang='lat' dir='ltr'><strong>Deus</strong></span> <span class='ocrx_word' id='word_1_164' title='bbox 588 1563 777 1631; x_wconf 77' lang='lat' dir='ltr'><strong>agendi</strong></span> <span class='ocrx_word' id='word_1_165' title='bbox 812 1565 861 1617; x_wconf 91' lang='lat' dir='ltr'><strong>vi</strong></span> <span class='ocrx_word' id='word_1_166' title='bbox 886 1566 1152 1634; x_wconf 59' lang='lat' dir='ltr'><strong>praeditus</strong></span> <span class='ocrx_word' id='word_1_167' title='bbox 1214 1578 1321 1634; x_wconf 86' lang='lat' dir='ltr'><strong>est,</strong></span> <span class='ocrx_word' id='word_1_168' title='bbox 1386 1572 1713 1643; x_wconf 81' lang='lat' dir='ltr'><strong>quandoque</strong></span> <span class='ocrx_word' id='word_1_169' title='bbox 1768 1575 1975 1630; x_wconf 87' lang='lat' dir='ltr'><strong>sanctis</strong></span> 
     </span>
    </p>
   </div>
   <div class='ocr_carea' id='block_1_23' title="bbox 410 1651 1973 1732">
    <p class='ocr_par' dir='ltr' id='par_1_23' title="bbox 410 1651 1973 1732">
     <span class='ocr_line' id='line_1_23' title="bbox 410 1651 1973 1732; baseline 0.008 -27"><span class='ocrx_word' id='word_1_170' title='bbox 410 1651 592 1717; x_wconf 86' lang='lat' dir='ltr'><strong>dicta;</strong></span> <span class='ocrx_word' id='word_1_171' title='bbox 621 1654 687 1706; x_wconf 88' lang='lat' dir='ltr'><strong>ad</strong></span> <span class='ocrx_word' id='word_1_172' title='bbox 719 1655 939 1724; x_wconf 64' lang='lat' dir='ltr'><strong>haecque</strong></span> <span class='ocrx_word' id='word_1_173' title='bbox 965 1658 1032 1712; x_wconf 92' lang='lat' dir='ltr'><strong>de</strong></span> <span class='ocrx_word' id='word_1_174' title='bbox 1062 1658 1171 1713; x_wconf 85' lang='lat' dir='ltr'><strong>vita</strong></span> <span class='ocrx_word' id='word_1_175' title='bbox 1220 1669 1276 1715; x_wconf 87' lang='lat' dir='ltr'><strong>et</strong></span> <span class='ocrx_word' id='word_1_176' title='bbox 1317 1660 1586 1731; x_wconf 75' lang='lat' dir='ltr'><strong>sapientia</strong></span> <span class='ocrx_word' id='word_1_177' title='bbox 1630 1670 1686 1717; x_wconf 92' lang='lat' dir='ltr'><strong>et</strong></span> <span class='ocrx_word' id='word_1_178' title='bbox 1736 1664 1973 1732; x_wconf 89' lang='lat' dir='ltr'><strong>potentia</strong></span> 
     </span>
    </p>
   </div>
   <div class='ocr_carea' id='block_1_24' title="bbox 412 1744 1973 1823">
    <p class='ocr_par' dir='ltr' id='par_1_24' title="bbox 412 1744 1973 1823">
     <span class='ocr_line' id='line_1_24' title="bbox 412 1744 1973 1823; baseline 0.01 -26"><span class='ocrx_word' id='word_1_179' title='bbox 412 1758 508 1797; x_wconf 89' lang='lat' dir='ltr'><strong>seu</strong></span> <span class='ocrx_word' id='word_1_180' title='bbox 538 1744 733 1800; x_wconf 87' lang='lat' dir='ltr'><strong>virtute</strong></span> <span class='ocrx_word' id='word_1_181' title='bbox 768 1754 823 1801; x_wconf 87' lang='lat' dir='ltr'><strong>et</strong></span> <span class='ocrx_word' id='word_1_182' title='bbox 850 1748 1111 1816; x_wconf 77' lang='lat' dir='ltr'><strong>bonitate,</strong></span> <span class='ocrx_word' id='word_1_183' title='bbox 1140 1767 1355 1823; x_wconf 90' lang='lat' dir='ltr'><strong>nempe,</strong></span> <span class='ocrx_word' id='word_1_184' title='bbox 1384 1756 1625 1823; x_wconf 87' lang='lat' dir='ltr'><strong>potentia</strong></span> <span class='ocrx_word' id='word_1_185' title='bbox 1670 1770 1764 1812; x_wconf 90' lang='lat' dir='ltr'><strong>seu</strong></span> <span class='ocrx_word' id='word_1_186' title='bbox 1798 1759 1973 1812; x_wconf 84' lang='lat' dir='ltr'><strong>virtus</strong></span> 
     </span>
    </p>
   </div>
   <div class='ocr_carea' id='block_1_25' title="bbox 2071 1207 3610 1286">
    <p class='ocr_par' dir='ltr' id='par_1_25' title="bbox 2071 1207 3610 1286">
     <span class='ocr_line' id='line_1_25' title="bbox 2071 1207 3610 1286; baseline -0.001 -18"><span class='ocrx_word' id='word_1_187' title='bbox 2071 1212 2393 1286; x_wconf 79' lang='grc' dir='ltr'><strong>δομητικοῦ.</strong></span> <span class='ocrx_word' id='word_1_188' title='bbox 2432 1214 2602 1270; x_wconf 64' lang='grc' dir='ltr'><strong>οῦδὲν</strong></span> <span class='ocrx_word' id='word_1_189' title='bbox 2634 1214 2691 1268; x_wconf 69' lang='grc' dir='ltr'><strong>δὲ</strong></span> <span class='ocrx_word' id='word_1_190' title='bbox 2726 1207 2866 1278; x_wconf 73' lang='grc' dir='ltr'><strong>εἶδος</strong></span> <span class='ocrx_word' id='word_1_191' title='bbox 2898 1213 2993 1268; x_wconf 75' lang='grc' dir='ltr'><strong>τοῦ</strong></span> <span class='ocrx_word' id='word_1_192' title='bbox 3028 1210 3165 1268; x_wconf 82' lang='grc' dir='ltr'><strong>Θεοῦ</strong></span> <span class='ocrx_word' id='word_1_193' title='bbox 3194 1212 3287 1266; x_wconf 78' lang='grc' dir='ltr'><strong>καὶ</strong></span> <span class='ocrx_word' id='word_1_194' title='bbox 3316 1210 3419 1265; x_wconf 84' lang='grc' dir='ltr'><strong>τῶν</strong></span> <span class='ocrx_word' id='word_1_195' title='bbox 3445 1210 3610 1267; x_wconf 76' lang='grc' dir='ltr'><strong>ὄντων.</strong></span> 
     </span>
    </p>
   </div>
   <div class='ocr_carea' id='block_1_26' title="bbox 2146 1470 3597 1547">
    <p class='ocr_par' dir='ltr' id='par_1_26' title="bbox 2146 1470 3597 1547">
     <span class='ocr_line' id='line_1_26' title="bbox 2146 1470 3597 1547; baseline 0 -18"><span class='ocrx_word' id='word_1_196' title='bbox 2146 1470 2213 1538; x_wconf 74' lang='grc' dir='ltr'><strong>ζ’.</strong></span> <span class='ocrx_word' id='word_1_197' title='bbox 2253 1474 2378 1528; x_wconf 79' lang='grc' dir='ltr'><strong>Ὀτι</strong></span> <span class='ocrx_word' id='word_1_198' title='bbox 2414 1474 2487 1529; x_wconf 73' lang='grc' dir='ltr'><strong>τὰ</strong></span> <span class='ocrx_word' id='word_1_199' title='bbox 2519 1476 2651 1547; x_wconf 78' lang='grc' dir='ltr'><strong>περὶ</strong></span> <span class='ocrx_word' id='word_1_200' title='bbox 2705 1474 2877 1547; x_wconf 70' lang='grc' dir='ltr'><strong>αὐτῆς</strong></span> <span class='ocrx_word' id='word_1_201' title='bbox 2934 1476 3036 1547; x_wconf 87' lang='grc' dir='ltr'><strong>μέν</strong></span> <span class='ocrx_word' id='word_1_202' title='bbox 3061 1472 3163 1544; x_wconf 83' lang='grc' dir='ltr'><strong>τῆς</strong></span> <span class='ocrx_word' id='word_1_203' title='bbox 3195 1473 3483 1546; x_wconf 85' lang='grc' dir='ltr'><strong>ἐνεργείας,</strong></span> <span class='ocrx_word' id='word_1_204' title='bbox 3510 1475 3597 1529; x_wconf 78' lang='grc' dir='ltr'><strong>καθ</strong></span> 
     </span>
    </p>
   </div>
   <div class='ocr_carea' id='block_1_27' title="bbox 2069 1565 3613 1638">
    <p class='ocr_par' dir='ltr' id='par_1_27' title="bbox 2069 1565 3613 1638">
     <span class='ocr_line' id='line_1_27' title="bbox 2069 1565 3613 1638; baseline 0.001 -20"><span class='ocrx_word' id='word_1_205' title='bbox 2069 1565 2141 1636; x_wconf 70' lang='grc' dir='ltr'><strong>ἢν</strong></span> <span class='ocrx_word' id='word_1_206' title='bbox 2165 1567 2194 1619; x_wconf 84' lang='grc' dir='ltr'><strong>ό</strong></span> <span class='ocrx_word' id='word_1_207' title='bbox 2243 1566 2376 1630; x_wconf 83' lang='grc' dir='ltr'><strong>Θεὸς</strong></span> <span class='ocrx_word' id='word_1_208' title='bbox 2431 1566 2785 1638; x_wconf 79' lang='grc' dir='ltr'><strong>ἐνεργητικός</strong></span> <span class='ocrx_word' id='word_1_209' title='bbox 2835 1567 3007 1633; x_wconf 75' lang='grc' dir='ltr'><strong>ἐστιν,</strong></span> <span class='ocrx_word' id='word_1_210' title='bbox 3067 1566 3286 1635; x_wconf 77' lang='grc' dir='ltr'><strong>ἐνιαχοῦ</strong></span> <span class='ocrx_word' id='word_1_211' title='bbox 3332 1568 3437 1631; x_wconf 79' lang='grc' dir='ltr'><strong>τοῖς</strong></span> <span class='ocrx_word' id='word_1_212' title='bbox 3464 1568 3613 1633; x_wconf 74' lang='grc' dir='ltr'><strong>ἁγίοις</strong></span> 
     </span>
    </p>
   </div>
   <div class='ocr_carea' id='block_1_28' title="bbox 2074 1656 3613 1731">
    <p class='ocr_par' dir='ltr' id='par_1_28' title="bbox 2074 1656 3613 1731">
     <span class='ocr_line' id='line_1_28' title="bbox 2074 1656 3613 1731; baseline 0 -19"><span class='ocrx_word' id='word_1_213' title='bbox 2074 1658 2342 1730; x_wconf 74' lang='grc' dir='ltr'><strong>είρημένα</strong></span> <span class='ocrx_word' id='word_1_214' title='bbox 2361 1675 2377 1691; x_wconf 78' lang='grc' dir='ltr'><strong>ο</strong></span> <span class='ocrx_word' id='word_1_215' title='bbox 2402 1659 2486 1713; x_wconf 78' lang='grc' dir='ltr'><strong>ἐτι</strong></span> <span class='ocrx_word' id='word_1_216' title='bbox 2528 1659 2586 1713; x_wconf 77' lang='grc' dir='ltr'><strong>δὲ</strong></span> <span class='ocrx_word' id='word_1_217' title='bbox 2613 1658 2743 1731; x_wconf 75' lang='grc' dir='ltr'><strong>περὶ</strong></span> <span class='ocrx_word' id='word_1_218' title='bbox 2769 1660 2868 1729; x_wconf 80' lang='grc' dir='ltr'><strong>τῆς</strong></span> <span class='ocrx_word' id='word_1_219' title='bbox 2895 1657 3042 1728; x_wconf 79' lang='grc' dir='ltr'><strong>ζωῆς</strong></span> <span class='ocrx_word' id='word_1_220' title='bbox 3072 1657 3168 1712; x_wconf 75' lang='grc' dir='ltr'><strong>καὶ</strong></span> <span class='ocrx_word' id='word_1_221' title='bbox 3201 1656 3387 1725; x_wconf 79' lang='grc' dir='ltr'>σοφίας</span> <span class='ocrx_word' id='word_1_222' title='bbox 3432 1658 3520 1712; x_wconf 77' lang='grc' dir='ltr'><strong>καὶ</strong></span> <span class='ocrx_word' id='word_1_223' title='bbox 3538 1659 3613 1712; x_wconf 89' lang='grc' dir='ltr'><strong>δυ-</strong></span> 
     </span>
    </p>
   </div>
   <div class='ocr_carea' id='block_1_29' title="bbox 2074 1747 3611 1820">
    <p class='ocr_par' dir='ltr' id='par_1_29' title="bbox 2074 1747 3611 1820">
     <span class='ocr_line' id='line_1_29' title="bbox 2074 1747 3611 1820; baseline 0.001 -18"><span class='ocrx_word' id='word_1_224' title='bbox 2074 1749 2291 1819; x_wconf 83' lang='grc' dir='ltr'><strong>νάμεως</strong></span> <span class='ocrx_word' id='word_1_225' title='bbox 2314 1750 2407 1805; x_wconf 73' lang='grc' dir='ltr'><strong>καὶ</strong></span> <span class='ocrx_word' id='word_1_226' title='bbox 2436 1749 2795 1820; x_wconf 83' lang='grc' dir='ltr'><strong>ἀγαθότητος,</strong></span> <span class='ocrx_word' id='word_1_227' title='bbox 2831 1750 2865 1820; x_wconf 75' lang='grc' dir='ltr'>ἡ</span> <span class='ocrx_word' id='word_1_228' title='bbox 2895 1747 3125 1818; x_wconf 74' lang='grc' dir='ltr'><strong>δύναμις</strong></span> <span class='ocrx_word' id='word_1_229' title='bbox 3164 1750 3259 1803; x_wconf 72' lang='grc' dir='ltr'><strong>καὶ</strong></span> <span class='ocrx_word' id='word_1_230' title='bbox 3290 1749 3402 1818; x_wconf 75' lang='grc' dir='ltr'><strong>ζωὴ</strong></span> <span class='ocrx_word' id='word_1_231' title='bbox 3422 1750 3507 1803; x_wconf 73' lang='grc' dir='ltr'><strong>καὶ</strong></span> <span class='ocrx_word' id='word_1_232' title='bbox 3534 1767 3611 1804; x_wconf 85' lang='grc' dir='ltr'><strong>σο-</strong></span> 
     </span>
    </p>
   </div>
   <div class='ocr_carea' id='block_1_30' title="bbox 410 1830 1977 1919">
    <p class='ocr_par' dir='ltr' id='par_1_30' title="bbox 410 1836 1975 1919">
     <span class='ocr_line' id='line_1_30' title="bbox 410 1836 1975 1919; baseline 0.011 -31"><span class='ocrx_word' id='word_1_233' title='bbox 410 1842 466 1888; x_wconf 93' lang='lat' dir='ltr'><strong>et</strong></span> <span class='ocrx_word' id='word_1_234' title='bbox 494 1836 606 1890; x_wconf 82' lang='lat' dir='ltr'><strong>vita</strong></span> <span class='ocrx_word' id='word_1_235' title='bbox 632 1845 687 1891; x_wconf 89' lang='lat' dir='ltr'><strong>et</strong></span> <span class='ocrx_word' id='word_1_236' title='bbox 715 1839 979 1908; x_wconf 83' lang='lat' dir='ltr'><strong>sapientia</strong></span> <span class='ocrx_word' id='word_1_237' title='bbox 1020 1852 1074 1897; x_wconf 90' lang='lat' dir='ltr'><strong>et</strong></span> <span class='ocrx_word' id='word_1_238' title='bbox 1108 1842 1321 1899; x_wconf 84' lang='lat' dir='ltr'><strong>bonitas</strong></span> <span class='ocrx_word' id='word_1_239' title='bbox 1345 1863 1361 1912; x_wconf 88' lang='lat'><strong>;</strong></span> <span class='ocrx_word' id='word_1_240' title='bbox 1385 1846 1515 1913; x_wconf 85' lang='lat' dir='ltr'><strong>quin</strong></span> <span class='ocrx_word' id='word_1_241' title='bbox 1552 1847 1681 1913; x_wconf 91' lang='lat' dir='ltr'><strong>imo,</strong></span> <span class='ocrx_word' id='word_1_242' title='bbox 1729 1849 1841 1917; x_wconf 85' lang='lat' dir='ltr'><strong>ipsa</strong></span> <span class='ocrx_word' id='word_1_243' title='bbox 1878 1864 1975 1919; x_wconf 84' lang='lat' dir='ltr'><strong>per</strong></span> 
     </span>
    </p>
   </div>
   <div class='ocr_carea' id='block_1_31' title="bbox 2084 1830 3613 1919">
    <p class='ocr_par' dir='ltr' id='par_1_31' title="bbox 2084 1840 3613 1914">
     <span class='ocr_line' id='line_1_31' title="bbox 2084 1840 3613 1914; baseline 0.001 -19"><span class='ocrx_word' id='word_1_244' title='bbox 2084 1843 2178 1911; x_wconf 78' lang='grc' dir='ltr'><strong>φία</strong></span> <span class='ocrx_word' id='word_1_245' title='bbox 2200 1843 2293 1895; x_wconf 75' lang='grc' dir='ltr'><strong>καὶ</strong></span> <span class='ocrx_word' id='word_1_246' title='bbox 2322 1842 2620 1913; x_wconf 81' lang='grc' dir='ltr'><strong>ἀγαθότης,</strong></span> <span class='ocrx_word' id='word_1_247' title='bbox 2652 1841 2853 1912; x_wconf 78' lang='grc' dir='ltr'><strong>μᾶλλον</strong></span> <span class='ocrx_word' id='word_1_248' title='bbox 2871 1840 2928 1894; x_wconf 79' lang='grc' dir='ltr'><strong>δὲ</strong></span> <span class='ocrx_word' id='word_1_249' title='bbox 2957 1840 3257 1909; x_wconf 72' lang='grc' dir='ltr'><strong>αὖτοσοφία</strong></span> <span class='ocrx_word' id='word_1_250' title='bbox 3280 1842 3371 1895; x_wconf 67' lang='grc' dir='ltr'><strong>καὶ</strong></span> <span class='ocrx_word' id='word_1_251' title='bbox 3397 1842 3613 1914; x_wconf 74' lang='grc' dir='ltr'><strong>αὑτοζωὴ</strong></span> 
     </span>
    </p>
   </div>
   <div class='ocr_carea' id='block_1_32' title="bbox 412 1929 1972 2009">
    <p class='ocr_par' dir='ltr' id='par_1_32' title="bbox 412 1929 1972 2009">
     <span class='ocr_line' id='line_1_32' title="bbox 412 1929 1972 2009; baseline 0.009 -30"><span class='ocrx_word' id='word_1_252' title='bbox 412 1940 473 1980; x_wconf 89' lang='lat' dir='ltr'><strong>se</strong></span> <span class='ocrx_word' id='word_1_253' title='bbox 502 1929 790 1997; x_wconf 85' lang='lat' dir='ltr'><strong>sapientia,</strong></span> <span class='ocrx_word' id='word_1_254' title='bbox 817 1932 928 2002; x_wconf 90' lang='lat' dir='ltr'><strong>ipsa</strong></span> <span class='ocrx_word' id='word_1_255' title='bbox 954 1933 1084 1999; x_wconf 89' lang='lat' dir='ltr'><strong>vita,</strong></span> <span class='ocrx_word' id='word_1_256' title='bbox 1106 1935 1335 2006; x_wconf 88' lang='lat' dir='ltr'><strong>ipsaque</strong></span> <span class='ocrx_word' id='word_1_257' title='bbox 1368 1940 1608 2007; x_wconf 89' lang='lat' dir='ltr'><strong>potentia</strong></span> <span class='ocrx_word' id='word_1_258' title='bbox 1637 1954 1733 1995; x_wconf 90' lang='lat' dir='ltr'><strong>seu</strong></span> <span class='ocrx_word' id='word_1_259' title='bbox 1763 1942 1972 2009; x_wconf 87' lang='lat' dir='ltr'><strong>virtus;</strong></span> 
     </span>
    </p>
   </div>
   <div class='ocr_carea' id='block_1_33' title="bbox 410 2017 1975 2093">
    <p class='ocr_par' dir='ltr' id='par_1_33' title="bbox 410 2017 1975 2093">
     <span class='ocr_line' id='line_1_33' title="bbox 410 2017 1975 2093; baseline 0.013 -27"><span class='ocrx_word' id='word_1_260' title='bbox 410 2030 533 2085; x_wconf 69' lang='lat' dir='ltr'><strong>qum</strong></span> <span class='ocrx_word' id='word_1_261' title='bbox 553 2017 802 2074; x_wconf 81' lang='lat' dir='ltr'><strong>videlicet</strong></span> <span class='ocrx_word' id='word_1_262' title='bbox 840 2034 937 2091; x_wconf 88' lang='lat' dir='ltr'><strong>pro</strong></span> <span class='ocrx_word' id='word_1_263' title='bbox 965 2021 1212 2080; x_wconf 65' lang='lat' dir='ltr'><strong>humana</strong></span> <span class='ocrx_word' id='word_1_264' title='bbox 1242 2026 1529 2082; x_wconf 88' lang='lat' dir='ltr'><strong>locutionis</strong></span> <span class='ocrx_word' id='word_1_265' title='bbox 1564 2030 1744 2093; x_wconf 78' lang='lat' dir='ltr'><strong>modo,</strong></span> <span class='ocrx_word' id='word_1_266' title='bbox 1778 2030 1975 2085; x_wconf 84' lang='lat' dir='ltr'><strong>huma-</strong></span> 
     </span>
    </p>
   </div>
   <div class='ocr_carea' id='block_1_34' title="bbox 413 2108 1974 2186">
    <p class='ocr_par' dir='ltr' id='par_1_34' title="bbox 413 2108 1974 2186">
     <span class='ocr_line' id='line_1_34' title="bbox 413 2108 1974 2186; baseline 0.009 -24"><span class='ocrx_word' id='word_1_267' title='bbox 413 2108 536 2163; x_wconf 85' lang='lat' dir='ltr'><strong>nios</strong></span> <span class='ocrx_word' id='word_1_268' title='bbox 555 2109 636 2179; x_wconf 88' lang='lat' dir='ltr'><strong>(ut</strong></span> <span class='ocrx_word' id='word_1_269' title='bbox 660 2112 730 2166; x_wconf 86' lang='lat' dir='ltr'><strong>ita</strong></span> <span class='ocrx_word' id='word_1_270' title='bbox 755 2112 954 2181; x_wconf 89' lang='lat' dir='ltr'><strong>dicam)</strong></span> <span class='ocrx_word' id='word_1_271' title='bbox 974 2114 1320 2186; x_wconf 82' lang='lat' dir='ltr'><strong>crassiusque</strong></span> <span class='ocrx_word' id='word_1_272' title='bbox 1342 2119 1535 2174; x_wconf 86' lang='lat' dir='ltr'><strong>tradita</strong></span> <span class='ocrx_word' id='word_1_273' title='bbox 1556 2130 1838 2185; x_wconf 90' lang='lat' dir='ltr'><strong>sunt,cum</strong></span> <span class='ocrx_word' id='word_1_274' title='bbox 1871 2137 1974 2176; x_wconf 91' lang='lat' dir='ltr'><strong>non</strong></span> 
     </span>
    </p>
   </div>
   <div class='ocr_carea' id='block_1_35' title="bbox 324 2202 1976 2281">
    <p class='ocr_par' dir='ltr' id='par_1_35' title="bbox 324 2202 1976 2281">
     <span class='ocr_line' id='line_1_35' title="bbox 324 2202 1976 2281; baseline 0.008 -28"><span class='ocrx_word' id='word_1_275' title='bbox 324 2258 337 2270; x_wconf 57' lang='grc'><em>,</em></span> <span class='ocrx_word' id='word_1_276' title='bbox 410 2202 684 2269; x_wconf 75' lang='lat' dir='ltr'><strong>contingat</strong></span> <span class='ocrx_word' id='word_1_277' title='bbox 714 2203 870 2258; x_wconf 87' lang='lat' dir='ltr'><strong>aliter</strong></span> <span class='ocrx_word' id='word_1_278' title='bbox 897 2218 1039 2270; x_wconf 90' lang='lat' dir='ltr'><strong>eam,</strong></span> <span class='ocrx_word' id='word_1_279' title='bbox 1073 2220 1234 2275; x_wconf 76' lang='lat' dir='ltr'><strong>quam</strong></span> <span class='ocrx_word' id='word_1_280' title='bbox 1279 2221 1375 2276; x_wconf 85' lang='lat' dir='ltr'><strong>pro</strong></span> <span class='ocrx_word' id='word_1_281' title='bbox 1408 2223 1557 2264; x_wconf 84' lang='lat' dir='ltr'><strong>eoae</strong></span> <span class='ocrx_word' id='word_1_282' title='bbox 1590 2210 1663 2264; x_wconf 91' lang='lat' dir='ltr'><strong>illi</strong></span> <span class='ocrx_word' id='word_1_283' title='bbox 1696 2226 1976 2281; x_wconf 85' lang='lat' dir='ltr'><strong>compara-</strong></span> 
     </span>
    </p>
   </div>
   <div class='ocr_carea' id='block_1_36' title="bbox 413 2298 1979 2369">
    <p class='ocr_par' dir='ltr' id='par_1_36' title="bbox 413 2298 1979 2369">
     <span class='ocr_line' id='line_1_36' title="bbox 413 2298 1979 2369; baseline 0.01 -25"><span class='ocrx_word' id='word_1_284' title='bbox 413 2298 525 2344; x_wconf 84' lang='lat' dir='ltr'><strong>tnm</strong></span> <span class='ocrx_word' id='word_1_285' title='bbox 548 2300 653 2358; x_wconf 83' lang='lat' dir='ltr'><strong>est,</strong></span> <span class='ocrx_word' id='word_1_286' title='bbox 686 2305 982 2364; x_wconf 88' lang='lat' dir='ltr'><strong>conceptus</strong></span> <span class='ocrx_word' id='word_1_287' title='bbox 1014 2305 1173 2366; x_wconf 87' lang='lat' dir='ltr'><strong>atque</strong></span> <span class='ocrx_word' id='word_1_288' title='bbox 1195 2299 1413 2353; x_wconf 88' lang='lat' dir='ltr'><strong>nomina</strong></span> <span class='ocrx_word' id='word_1_289' title='bbox 1452 2299 1696 2369; x_wconf 75' lang='lat' dir='ltr'><strong>proferre</strong></span> <span class='ocrx_word' id='word_1_290' title='bbox 1720 2343 1735 2367; x_wconf 90' lang='lat'><strong>,</strong></span> <span class='ocrx_word' id='word_1_291' title='bbox 1786 2304 1865 2357; x_wconf 90' lang='lat' dir='ltr'><strong>sic</strong></span> <span class='ocrx_word' id='word_1_292' title='bbox 1920 2312 1979 2360; x_wconf 90' lang='lat' dir='ltr'><strong>ut</strong></span> 
     </span>
    </p>
   </div>
   <div class='ocr_carea' id='block_1_37' title="bbox 413 2381 1979 2462">
    <p class='ocr_par' dir='ltr' id='par_1_37' title="bbox 413 2381 1979 2462">
     <span class='ocr_line' id='line_1_37' title="bbox 413 2381 1979 2462; baseline 0.01 -27"><span class='ocrx_word' id='word_1_293' title='bbox 413 2381 556 2436; x_wconf 89' lang='lat' dir='ltr'><strong>dicta</strong></span> <span class='ocrx_word' id='word_1_294' title='bbox 582 2392 731 2451; x_wconf 90' lang='lat' dir='ltr'><strong>sunt,</strong></span> <span class='ocrx_word' id='word_1_295' title='bbox 766 2386 933 2441; x_wconf 89' lang='lat' dir='ltr'><strong>etiam</strong></span> <span class='ocrx_word' id='word_1_296' title='bbox 964 2389 1018 2443; x_wconf 91' lang='lat' dir='ltr'><strong>in</strong></span> <span class='ocrx_word' id='word_1_297' title='bbox 1052 2390 1160 2444; x_wconf 89' lang='lat' dir='ltr'><strong>Deo</strong></span> <span class='ocrx_word' id='word_1_298' title='bbox 1190 2405 1248 2445; x_wconf 90' lang='lat' dir='ltr'><strong>se</strong></span> <span class='ocrx_word' id='word_1_299' title='bbox 1272 2393 1486 2462; x_wconf 87' lang='lat' dir='ltr'><strong>proprie</strong></span> <span class='ocrx_word' id='word_1_300' title='bbox 1540 2392 1741 2450; x_wconf 87' lang='lat' dir='ltr'><strong>habere</strong></span> <span class='ocrx_word' id='word_1_301' title='bbox 1798 2397 1979 2451; x_wconf 88' lang='lat' dir='ltr'><strong>credi-</strong></span> 
     </span>
    </p>
   </div>
   <div class='ocr_carea' id='block_1_38' title="bbox 413 2474 1980 2553">
    <p class='ocr_par' dir='ltr' id='par_1_38' title="bbox 413 2474 1980 2553">
     <span class='ocr_line' id='line_1_38' title="bbox 413 2474 1980 2553; baseline 0.01 -25"><span class='ocrx_word' id='word_1_302' title='bbox 413 2474 633 2531; x_wconf 86' lang='lat' dir='ltr'><strong>derunt.</strong></span> <span class='ocrx_word' id='word_1_303' title='bbox 665 2476 756 2544; x_wconf 87' lang='lat' dir='ltr'><strong>Ut,</strong></span> <span class='ocrx_word' id='word_1_304' title='bbox 789 2480 938 2534; x_wconf 86' lang='lat' dir='ltr'><strong>verbi</strong></span> <span class='ocrx_word' id='word_1_305' title='bbox 973 2483 1170 2551; x_wconf 77' lang='lat' dir='ltr'><strong>gratia,</strong></span> <span class='ocrx_word' id='word_1_306' title='bbox 1204 2485 1325 2553; x_wconf 84' lang='lat' dir='ltr'><strong>quia</strong></span> <span class='ocrx_word' id='word_1_307' title='bbox 1362 2484 1563 2540; x_wconf 88' lang='lat' dir='ltr'><strong>dicitur</strong></span> <span class='ocrx_word' id='word_1_308' title='bbox 1612 2486 1775 2542; x_wconf 86' lang='lat' dir='ltr'><strong>Deum</strong></span> <span class='ocrx_word' id='word_1_309' title='bbox 1812 2489 1980 2543; x_wconf 88' lang='lat' dir='ltr'><strong>habe-</strong></span> 
     </span>
    </p>
   </div>
   <div class='ocr_carea' id='block_1_39' title="bbox 416 2568 1981 2651">
    <p class='ocr_par' dir='ltr' id='par_1_39' title="bbox 416 2568 1981 2651">
     <span class='ocr_line' id='line_1_39' title="bbox 416 2568 1981 2651; baseline 0.01 -30"><span class='ocrx_word' id='word_1_310' title='bbox 416 2581 479 2621; x_wconf 89' lang='lat' dir='ltr'><strong>re</strong></span> <span class='ocrx_word' id='word_1_311' title='bbox 505 2568 693 2634; x_wconf 89' lang='lat' dir='ltr'><strong>vitam,</strong></span> <span class='ocrx_word' id='word_1_312' title='bbox 725 2579 818 2627; x_wconf 90' lang='lat' dir='ltr'><strong>aut</strong></span> <span class='ocrx_word' id='word_1_313' title='bbox 850 2573 1106 2630; x_wconf 82' lang='lat' dir='ltr'><strong>virtutem</strong></span> <span class='ocrx_word' id='word_1_314' title='bbox 1142 2586 1234 2631; x_wconf 93' lang='lat' dir='ltr'><strong>aut</strong></span> <span class='ocrx_word' id='word_1_315' title='bbox 1283 2578 1605 2648; x_wconf 78' lang='lat' dir='ltr'><strong>sapientiam</strong></span> <span class='ocrx_word' id='word_1_316' title='bbox 1639 2576 1734 2635; x_wconf 87' lang='lat' dir='ltr'><strong>aut</strong></span> <span class='ocrx_word' id='word_1_317' title='bbox 1788 2595 1981 2651; x_wconf 83' lang='lat' dir='ltr'><strong>Opera-</strong></span> 
     </span>
    </p>
   </div>
   <div class='ocr_carea' id='block_1_40' title="bbox 412 2661 1973 2743">
    <p class='ocr_par' dir='ltr' id='par_1_40' title="bbox 412 2661 1973 2743">
     <span class='ocr_line' id='line_1_40' title="bbox 412 2661 1973 2743; baseline 0.01 -29"><span class='ocrx_word' id='word_1_318' title='bbox 412 2661 651 2730; x_wconf 84' lang='lat' dir='ltr'><strong>tionem;</strong></span> <span class='ocrx_word' id='word_1_319' title='bbox 686 2672 741 2717; x_wconf 89' lang='lat' dir='ltr'><strong>et</strong></span> <span class='ocrx_word' id='word_1_320' title='bbox 770 2681 787 2718; x_wconf 85' lang='lat'><strong>:</strong></span> <span class='ocrx_word' id='word_1_321' title='bbox 824 2663 972 2719; x_wconf 80' lang='lat' dir='ltr'><strong>Sicut</strong></span> <span class='ocrx_word' id='word_1_322' title='bbox 1021 2666 1185 2722; x_wconf 85' lang='lat' dir='ltr'><strong>Pater</strong></span> <span class='ocrx_word' id='word_1_323' title='bbox 1213 2669 1364 2724; x_wconf 81' lang='lat' dir='ltr'><strong>habet</strong></span> <span class='ocrx_word' id='word_1_324' title='bbox 1405 2671 1563 2726; x_wconf 75' lang='lat' dir='ltr'><strong>vitam</strong></span> <span class='ocrx_word' id='word_1_325' title='bbox 1598 2673 1655 2726; x_wconf 80' lang='lat' dir='ltr'><strong>in</strong></span> <span class='ocrx_word' id='word_1_326' title='bbox 1676 2676 1973 2743; x_wconf 84' lang='lat' dir='ltr'><strong>semetipso,</strong></span> 
     </span>
    </p>
   </div>
   <div class='ocr_carea' id='block_1_41' title="bbox 410 2754 1981 2836">
    <p class='ocr_par' dir='ltr' id='par_1_41' title="bbox 410 2754 1981 2836">
     <span class='ocr_line' id='line_1_41' title="bbox 410 2754 1981 2836; baseline 0.008 -28"><span class='ocrx_word' id='word_1_327' title='bbox 410 2754 489 2808; x_wconf 87' lang='lat' dir='ltr'><strong>sic</strong></span> <span class='ocrx_word' id='word_1_328' title='bbox 509 2756 655 2809; x_wconf 83' lang='lat' dir='ltr'><strong>dedit</strong></span> <span class='ocrx_word' id='word_1_329' title='bbox 680 2764 729 2810; x_wconf 88' lang='lat' dir='ltr'><strong>et</strong></span> <span class='ocrx_word' id='word_1_330' title='bbox 754 2755 898 2812; x_wconf 87' lang='lat' dir='ltr'><strong>Filio</strong></span> <span class='ocrx_word' id='word_1_331' title='bbox 916 2760 1074 2814; x_wconf 80' lang='lat' dir='ltr'><strong>vitam</strong></span> <span class='ocrx_word' id='word_1_332' title='bbox 1104 2760 1293 2817; x_wconf 79' lang='lat' dir='ltr'><strong>habere</strong></span> <span class='ocrx_word' id='word_1_333' title='bbox 1314 2763 1367 2816; x_wconf 84' lang='lat' dir='ltr'><strong>in</strong></span> <span class='ocrx_word' id='word_1_334' title='bbox 1391 2766 1664 2835; x_wconf 82' lang='lat' dir='ltr'><strong>semetipso</strong></span> <span class='ocrx_word' id='word_1_335' title='bbox 1693 2764 1759 2831; x_wconf 83' lang='grc'><strong>⁸⁸,</strong></span> <span class='ocrx_word' id='word_1_336' title='bbox 1785 2775 1838 2821; x_wconf 92' lang='lat' dir='ltr'><strong>et</strong></span> <span class='ocrx_word' id='word_1_337' title='bbox 1860 2781 1981 2836; x_wconf 64' lang='lat' dir='ltr'><strong>quae</strong></span> 
     </span>
    </p>
   </div>
   <div class='ocr_carea' id='block_1_42' title="bbox 410 2848 1979 2927">
    <p class='ocr_par' dir='ltr' id='par_1_42' title="bbox 410 2848 1979 2927">
     <span class='ocr_line' id='line_1_42' title="bbox 410 2848 1979 2927; baseline 0.004 -24"><span class='ocrx_word' id='word_1_338' title='bbox 410 2855 537 2903; x_wconf 86' lang='lat' dir='ltr'><strong>sunt</strong></span> <span class='ocrx_word' id='word_1_339' title='bbox 566 2848 860 2918; x_wconf 83' lang='lat' dir='ltr'><strong>ejusmodi;</strong></span> <span class='ocrx_word' id='word_1_340' title='bbox 887 2864 951 2905; x_wconf 84' lang='lat' dir='ltr'><strong>ex</strong></span> <span class='ocrx_word' id='word_1_341' title='bbox 978 2852 1061 2907; x_wconf 85' lang='lat' dir='ltr'><strong>his</strong></span> <span class='ocrx_word' id='word_1_342' title='bbox 1091 2851 1191 2919; x_wconf 90' lang='lat' dir='ltr'><strong>illi,</strong></span> <span class='ocrx_word' id='word_1_343' title='bbox 1212 2852 1355 2910; x_wconf 85' lang='lat' dir='ltr'><strong>aliud</strong></span> <span class='ocrx_word' id='word_1_344' title='bbox 1376 2854 1595 2924; x_wconf 89' lang='lat' dir='ltr'><strong>quidem</strong></span> <span class='ocrx_word' id='word_1_345' title='bbox 1625 2855 1768 2927; x_wconf 88' lang='lat' dir='ltr'><strong>quod</strong></span> <span class='ocrx_word' id='word_1_346' title='bbox 1795 2856 1979 2921; x_wconf 85' lang='lat' dir='ltr'><strong>habet,</strong></span> 
     </span>
    </p>
   </div>
   <div class='ocr_carea' id='block_1_43' title="bbox 409 2942 1978 3019">
    <p class='ocr_par' dir='ltr' id='par_1_43' title="bbox 409 2942 1978 3019">
     <span class='ocr_line' id='line_1_43' title="bbox 409 2942 1978 3019; baseline 0.008 -24"><span class='ocrx_word' id='word_1_347' title='bbox 409 2942 554 2996; x_wconf 80' lang='lat' dir='ltr'><strong>aliud</strong></span> <span class='ocrx_word' id='word_1_348' title='bbox 608 2944 659 2998; x_wconf 88' lang='lat' dir='ltr'><strong>id</strong></span> <span class='ocrx_word' id='word_1_349' title='bbox 706 2946 847 3016; x_wconf 88' lang='lat' dir='ltr'><strong>quod</strong></span> <span class='ocrx_word' id='word_1_350' title='bbox 897 2946 1143 3015; x_wconf 78' lang='lat' dir='ltr'><strong>habetur,</strong></span> <span class='ocrx_word' id='word_1_351' title='bbox 1176 2963 1295 3005; x_wconf 86' lang='lat' dir='ltr'><strong>esse</strong></span> <span class='ocrx_word' id='word_1_352' title='bbox 1317 2959 1643 3019; x_wconf 81' lang='lat' dir='ltr'><strong>statuerunt,</strong></span> <span class='ocrx_word' id='word_1_353' title='bbox 1667 2961 1978 3007; x_wconf 85' lang='lat' dir='ltr'><strong>sanctorum</strong></span> 
     </span>
    </p>
   </div>
   <div class='ocr_carea' id='block_1_44' title="bbox 410 3035 1977 3113">
    <p class='ocr_par' dir='ltr' id='par_1_44' title="bbox 410 3035 1977 3113">
     <span class='ocr_line' id='line_1_44' title="bbox 410 3035 1977 3113; baseline 0.008 -25"><span class='ocrx_word' id='word_1_354' title='bbox 410 3035 479 3089; x_wconf 83' lang='lat' dir='ltr'><strong>de</strong></span> <span class='ocrx_word' id='word_1_355' title='bbox 519 3035 603 3090; x_wconf 92' lang='lat' dir='ltr'><strong>his</strong></span> <span class='ocrx_word' id='word_1_356' title='bbox 634 3037 1055 3107; x_wconf 74' lang='lat' dir='ltr'><strong>expositionibus</strong></span> <span class='ocrx_word' id='word_1_357' title='bbox 1088 3041 1325 3097; x_wconf 88' lang='lat' dir='ltr'><strong>anintum</strong></span> <span class='ocrx_word' id='word_1_358' title='bbox 1369 3043 1588 3100; x_wconf 87' lang='lat' dir='ltr'><strong>minime</strong></span> <span class='ocrx_word' id='word_1_359' title='bbox 1622 3045 1977 3113; x_wconf 86' lang='lat' dir='ltr'><strong>attendentes,</strong></span> 
     </span>
    </p>
   </div>
   <div class='ocr_carea' id='block_1_45' title="bbox 416 3132 1975 3209">
    <p class='ocr_par' dir='ltr' id='par_1_45' title="bbox 416 3132 1975 3209">
     <span class='ocr_line' id='line_1_45' title="bbox 416 3132 1975 3209; baseline 0.008 -29"><span class='ocrx_word' id='word_1_360' title='bbox 416 3136 514 3182; x_wconf 87' lang='lat' dir='ltr'><strong>aut</strong></span> <span class='ocrx_word' id='word_1_361' title='bbox 544 3143 674 3184; x_wconf 88' lang='lat' dir='ltr'><strong>vero</strong></span> <span class='ocrx_word' id='word_1_362' title='bbox 701 3132 979 3187; x_wconf 86' lang='lat' dir='ltr'><strong>attendere</strong></span> <span class='ocrx_word' id='word_1_363' title='bbox 1010 3133 1289 3204; x_wconf 86' lang='lat' dir='ltr'><strong>nolentes;</strong></span> <span class='ocrx_word' id='word_1_364' title='bbox 1318 3136 1371 3191; x_wconf 88' lang='lat' dir='ltr'><strong>id</strong></span> <span class='ocrx_word' id='word_1_365' title='bbox 1390 3136 1603 3207; x_wconf 86' lang='lat' dir='ltr'><strong>quidem</strong></span> <span class='ocrx_word' id='word_1_366' title='bbox 1626 3137 1766 3209; x_wconf 84' lang='lat' dir='ltr'><strong>quod</strong></span> <span class='ocrx_word' id='word_1_367' title='bbox 1795 3138 1975 3202; x_wconf 86' lang='lat' dir='ltr'><strong>habet,</strong></span> 
     </span>
    </p>
   </div>
   <div class='ocr_carea' id='block_1_46' title="bbox 410 3212 1975 3288">
    <p class='ocr_par' dir='ltr' id='par_1_46' title="bbox 410 3212 1975 3288">
     <span class='ocr_line' id='line_1_46' title="bbox 410 3212 1975 3288; baseline 0.011 -20"><span class='ocrx_word' id='word_1_368' title='bbox 410 3212 629 3270; x_wconf 85' lang='lat' dir='ltr'><strong>Patrem</strong></span> <span class='ocrx_word' id='word_1_369' title='bbox 662 3218 812 3273; x_wconf 82' lang='lat' dir='ltr'><strong>verbi</strong></span> <span class='ocrx_word' id='word_1_370' title='bbox 836 3222 1031 3288; x_wconf 77' lang='lat' dir='ltr'><strong>gratia,</strong></span> <span class='ocrx_word' id='word_1_371' title='bbox 1065 3232 1157 3276; x_wconf 90' lang='lat' dir='ltr'><strong>aut</strong></span> <span class='ocrx_word' id='word_1_372' title='bbox 1190 3224 1377 3288; x_wconf 89' lang='lat' dir='ltr'><strong>Deum,</strong></span> <span class='ocrx_word' id='word_1_373' title='bbox 1430 3225 1513 3281; x_wconf 83' lang='lat' dir='ltr'><strong>vel</strong></span> <span class='ocrx_word' id='word_1_374' title='bbox 1553 3228 1845 3283; x_wconf 89' lang='lat' dir='ltr'><strong>essentiam</strong></span> <span class='ocrx_word' id='word_1_375' title='bbox 1888 3243 1975 3284; x_wconf 88' lang='lat' dir='ltr'><strong>es-</strong></span> 
     </span>
    </p>
   </div>
   <div class='ocr_carea' id='block_1_47' title="bbox 412 3306 1969 3383">
    <p class='ocr_par' dir='ltr' id='par_1_47' title="bbox 412 3306 1969 3383">
     <span class='ocr_line' id='line_1_47' title="bbox 412 3306 1969 3383; baseline 0.01 -23"><span class='ocrx_word' id='word_1_376' title='bbox 412 3321 473 3361; x_wconf 91' lang='lat' dir='ltr'><strong>se</strong></span> <span class='ocrx_word' id='word_1_377' title='bbox 499 3306 889 3377; x_wconf 87' lang='lat' dir='ltr'><strong>decernentes;</strong></span> <span class='ocrx_word' id='word_1_378' title='bbox 923 3313 1066 3383; x_wconf 89' lang='lat' dir='ltr'><strong>quod</strong></span> <span class='ocrx_word' id='word_1_379' title='bbox 1105 3328 1235 3371; x_wconf 85' lang='lat' dir='ltr'><strong>vero</strong></span> <span class='ocrx_word' id='word_1_380' title='bbox 1257 3314 1505 3383; x_wconf 89' lang='lat' dir='ltr'><strong>habetur,</strong></span> <span class='ocrx_word' id='word_1_381' title='bbox 1556 3318 1722 3373; x_wconf 85' lang='lat' dir='ltr'><strong>vitam</strong></span> <span class='ocrx_word' id='word_1_382' title='bbox 1752 3328 1845 3374; x_wconf 89' lang='lat' dir='ltr'><strong>aut</strong></span> <span class='ocrx_word' id='word_1_383' title='bbox 1880 3334 1969 3375; x_wconf 87' lang='lat' dir='ltr'><strong>sa-</strong></span> 
     </span>
    </p>
   </div>
   <div class='ocr_carea' id='block_1_48' title="bbox 412 3399 1979 3490">
    <p class='ocr_par' dir='ltr' id='par_1_48' title="bbox 412 3399 1979 3490">
     <span class='ocr_line' id='line_1_48' title="bbox 412 3399 1979 3490; baseline 0.01 -39"><span class='ocrx_word' id='word_1_384' title='bbox 412 3399 692 3466; x_wconf 87' lang='lat' dir='ltr'><strong>pientiam,</strong></span> <span class='ocrx_word' id='word_1_385' title='bbox 720 3413 813 3457; x_wconf 86' lang='lat' dir='ltr'><strong>aut</strong></span> <span class='ocrx_word' id='word_1_386' title='bbox 841 3405 1132 3490; x_wconf 68' lang='lat' dir='ltr'><strong>poteptiam</strong></span> <span class='ocrx_word' id='word_1_387' title='bbox 1159 3420 1257 3461; x_wconf 90' lang='lat' dir='ltr'><strong>seu</strong></span> <span class='ocrx_word' id='word_1_388' title='bbox 1278 3407 1556 3474; x_wconf 88' lang='lat' dir='ltr'><strong>virtutem,</strong></span> <span class='ocrx_word' id='word_1_389' title='bbox 1588 3420 1683 3463; x_wconf 93' lang='lat' dir='ltr'><strong>aut</strong></span> <span class='ocrx_word' id='word_1_390' title='bbox 1706 3411 1979 3480; x_wconf 87' lang='lat' dir='ltr'><strong>operatio—</strong></span> 
     </span>
    </p>
   </div>
   <div class='ocr_carea' id='block_1_49' title="bbox 416 3492 1979 3571">
    <p class='ocr_par' dir='ltr' id='par_1_49' title="bbox 416 3492 1979 3571">
     <span class='ocr_line' id='line_1_49' title="bbox 416 3492 1979 3571; baseline 0.01 -30"><span class='ocrx_word' id='word_1_391' title='bbox 416 3504 562 3556; x_wconf 89' lang='lat' dir='ltr'><strong>nem,</strong></span> <span class='ocrx_word' id='word_1_392' title='bbox 589 3506 695 3560; x_wconf 85' lang='lat' dir='ltr'><strong>qua</strong></span> <span class='ocrx_word' id='word_1_393' title='bbox 721 3492 861 3548; x_wconf 88' lang='lat' dir='ltr'><strong>Deus</strong></span> <span class='ocrx_word' id='word_1_394' title='bbox 884 3494 1164 3564; x_wconf 86' lang='lat' dir='ltr'><strong>(quidquid</strong></span> <span class='ocrx_word' id='word_1_395' title='bbox 1185 3499 1400 3552; x_wconf 88' lang='lat' dir='ltr'><strong>tandem</strong></span> <span class='ocrx_word' id='word_1_396' title='bbox 1427 3509 1548 3553; x_wconf 91' lang='lat' dir='ltr'><strong>actu</strong></span> <span class='ocrx_word' id='word_1_397' title='bbox 1571 3497 1675 3571; x_wconf 91' lang='lat' dir='ltr'><strong>est)</strong></span> <span class='ocrx_word' id='word_1_398' title='bbox 1700 3500 1754 3555; x_wconf 90' lang='lat' dir='ltr'><strong>in</strong></span> <span class='ocrx_word' id='word_1_399' title='bbox 1778 3511 1979 3556; x_wconf 79' lang='lat' dir='ltr'><strong>teterna</strong></span> 
     </span>
    </p>
   </div>
   <div class='ocr_carea' id='block_1_50' title="bbox 414 3580 1975 3654">
    <p class='ocr_par' dir='ltr' id='par_1_50' title="bbox 414 3580 1975 3654">
     <span class='ocr_line' id='line_1_50' title="bbox 414 3580 1975 3654; baseline 0.008 -20"><span class='ocrx_word' id='word_1_400' title='bbox 414 3580 844 3654; x_wconf 88' lang='lat' dir='ltr'><strong>immutabilique</strong></span> <span class='ocrx_word' id='word_1_401' title='bbox 897 3585 1180 3642; x_wconf 87' lang='lat' dir='ltr'><strong>identitate</strong></span> <span class='ocrx_word' id='word_1_402' title='bbox 1204 3590 1562 3647; x_wconf 84' lang='lat' dir='ltr'><strong>consimiliter</strong></span> <span class='ocrx_word' id='word_1_403' title='bbox 1598 3592 1871 3649; x_wconf 89' lang='lat' dir='ltr'><strong>subsistit.</strong></span> <span class='ocrx_word' id='word_1_404' title='bbox 1899 3592 1975 3647; x_wconf 92' lang='lat' dir='ltr'><strong>lta</strong></span> 
     </span>
    </p>
   </div>
   <div class='ocr_carea' id='block_1_51' title="bbox 411 3672 1977 3753">
    <p class='ocr_par' dir='ltr' id='par_1_51' title="bbox 411 3672 1977 3753">
     <span class='ocr_line' id='line_1_51' title="bbox 411 3672 1977 3753; baseline 0.008 -26"><span class='ocrx_word' id='word_1_405' title='bbox 411 3672 665 3729; x_wconf 86' lang='lat' dir='ltr'><strong>nimirum</strong></span> <span class='ocrx_word' id='word_1_406' title='bbox 688 3674 793 3732; x_wconf 86' lang='lat' dir='ltr'><strong>illis</strong></span> <span class='ocrx_word' id='word_1_407' title='bbox 818 3675 931 3732; x_wconf 81' lang='lat' dir='ltr'><strong>fere</strong></span> <span class='ocrx_word' id='word_1_408' title='bbox 956 3678 1154 3741; x_wconf 90' lang='lat' dir='ltr'><strong>evenit,</strong></span> <span class='ocrx_word' id='word_1_409' title='bbox 1171 3694 1236 3735; x_wconf 91' lang='lat' dir='ltr'><strong>ac</strong></span> <span class='ocrx_word' id='word_1_410' title='bbox 1272 3680 1481 3752; x_wconf 87' lang='lat' dir='ltr'><strong>si,quia</strong></span> <span class='ocrx_word' id='word_1_411' title='bbox 1511 3683 1673 3738; x_wconf 88' lang='lat' dir='ltr'><strong>etiam</strong></span> <span class='ocrx_word' id='word_1_412' title='bbox 1698 3684 1977 3753; x_wconf 82' lang='lat' dir='ltr'><strong>Scriptura</strong></span> 
     </span>
    </p>
   </div>
   <div class='ocr_carea' id='block_1_52' title="bbox 411 3762 1976 3843">
    <p class='ocr_par' dir='ltr' id='par_1_52' title="bbox 411 3762 1976 3843">
     <span class='ocr_line' id='line_1_52' title="bbox 411 3762 1976 3843; baseline 0.008 -24"><span class='ocrx_word' id='word_1_413' title='bbox 411 3762 577 3820; x_wconf 85' lang='lat' dir='ltr'><strong>dicit:</strong></span> <span class='ocrx_word' id='word_1_414' title='bbox 605 3764 798 3822; x_wconf 70' lang='lat' dir='ltr'><strong>Manus</strong></span> <span class='ocrx_word' id='word_1_415' title='bbox 824 3778 928 3822; x_wconf 73' lang='lat' dir='ltr'><strong>tua:</strong></span> <span class='ocrx_word' id='word_1_416' title='bbox 956 3767 1190 3836; x_wconf 79' lang='lat' dir='ltr'><strong>fecerunt</strong></span> <span class='ocrx_word' id='word_1_417' title='bbox 1218 3787 1298 3827; x_wconf 82' lang='lat' dir='ltr'><strong>me</strong></span> <span class='ocrx_word' id='word_1_418' title='bbox 1316 3781 1365 3826; x_wconf 84' lang='lat' dir='ltr'><strong>et</strong></span> <span class='ocrx_word' id='word_1_419' title='bbox 1390 3771 1778 3843; x_wconf 80' lang='lat' dir='ltr'><strong>plasmaoerunt</strong></span> <span class='ocrx_word' id='word_1_420' title='bbox 1802 3792 1881 3830; x_wconf 85' lang='lat' dir='ltr'><strong>me</strong></span> <span class='ocrx_word' id='word_1_421' title='bbox 1902 3776 1976 3842; x_wconf 84' lang='grc'><strong>⁸¹;</strong></span> 
     </span>
    </p>
   </div>
   <div class='ocr_carea' id='block_1_53' title="bbox 410 3857 1977 3933">
    <p class='ocr_par' dir='ltr' id='par_1_53' title="bbox 410 3857 1977 3933">
     <span class='ocr_line' id='line_1_53' title="bbox 410 3857 1977 3933; baseline 0.006 -22"><span class='ocrx_word' id='word_1_422' title='bbox 410 3857 522 3925; x_wconf 82' lang='lat' dir='ltr'><strong>vel,</strong></span> <span class='ocrx_word' id='word_1_423' title='bbox 548 3860 733 3915; x_wconf 76' lang='lat' dir='ltr'><strong>Audivi</strong></span> <span class='ocrx_word' id='word_1_424' title='bbox 759 3878 929 3917; x_wconf 75' lang='lat' dir='ltr'><strong>vocem</strong></span> <span class='ocrx_word' id='word_1_425' title='bbox 953 3871 1101 3917; x_wconf 87' lang='lat' dir='ltr'><strong>tuam</strong></span> <span class='ocrx_word' id='word_1_426' title='bbox 1131 3864 1513 3920; x_wconf 81' lang='lat' dir='ltr'><strong>deambulantis</strong></span> <span class='ocrx_word' id='word_1_427' title='bbox 1541 3867 1597 3920; x_wconf 87' lang='lat' dir='ltr'><strong>in</strong></span> <span class='ocrx_word' id='word_1_428' title='bbox 1620 3867 1869 3933; x_wconf 83' lang='lat' dir='ltr'><strong>paradiso</strong></span> <span class='ocrx_word' id='word_1_429' title='bbox 1907 3869 1977 3923; x_wconf 92' lang='lat' dir='ltr'><strong>ad</strong></span> 
     </span>
    </p>
   </div>
   <div class='ocr_carea' id='block_1_54' title="bbox 412 3954 1979 4021">
    <p class='ocr_par' dir='ltr' id='par_1_54' title="bbox 412 3954 1979 4021">
     <span class='ocr_line' id='line_1_54' title="bbox 412 3954 1979 4021; baseline 0.006 -16"><span class='ocrx_word' id='word_1_430' title='bbox 412 3968 697 4019; x_wconf 73' lang='lat' dir='ltr'><strong>vesperam,</strong></span> <span class='ocrx_word' id='word_1_431' title='bbox 735 3961 785 4007; x_wconf 86' lang='lat' dir='ltr'><strong>et</strong></span> <span class='ocrx_word' id='word_1_432' title='bbox 825 3954 1080 4009; x_wconf 82' lang='lat' dir='ltr'><strong>abscondi</strong></span> <span class='ocrx_word' id='word_1_433' title='bbox 1116 3971 1198 4010; x_wconf 83' lang='lat' dir='ltr'><strong>me</strong></span> <span class='ocrx_word' id='word_1_434' title='bbox 1240 3955 1321 4021; x_wconf 83' lang='grc'><strong>³¹;</strong></span> <span class='ocrx_word' id='word_1_435' title='bbox 1358 3956 1477 4013; x_wconf 87' lang='lat' dir='ltr'><strong>sive</strong></span> <span class='ocrx_word' id='word_1_436' title='bbox 1514 3974 1528 4012; x_wconf 91' lang='lat'><strong>:</strong></span> <span class='ocrx_word' id='word_1_437' title='bbox 1574 3956 1845 4015; x_wconf 85' lang='lat' dir='ltr'><strong>Odoratus</strong></span> <span class='ocrx_word' id='word_1_438' title='bbox 1901 3969 1979 4015; x_wconf 84' lang='lat' dir='ltr'><strong>est</strong></span> 
     </span>
    </p>
   </div>
   <div class='ocr_carea' id='block_1_55' title="bbox 414 4041 1981 4132">
    <p class='ocr_par' dir='ltr' id='par_1_55' title="bbox 414 4041 1981 4132">
     <span class='ocr_line' id='line_1_55' title="bbox 414 4041 1981 4132; baseline 0.008 -37"><span class='ocrx_word' id='word_1_439' title='bbox 414 4041 670 4098; x_wconf 80' lang='lat' dir='ltr'><strong>Dominus</strong></span> <span class='ocrx_word' id='word_1_440' title='bbox 698 4044 909 4100; x_wconf 85' lang='lat' dir='ltr'><strong>odorem</strong></span> <span class='ocrx_word' id='word_1_441' title='bbox 940 4046 1219 4102; x_wconf 85' lang='lat' dir='ltr'><strong>suavitatis</strong></span> <span class='ocrx_word' id='word_1_442' title='bbox 1232 4045 1311 4114; x_wconf 85' lang='grc'><strong>³⁸;</strong></span> <span class='ocrx_word' id='word_1_443' title='bbox 1338 4057 1451 4116; x_wconf 90' lang='lat' dir='ltr'><strong>aut,</strong></span> <span class='ocrx_word' id='word_1_444' title='bbox 1485 4048 1704 4121; x_wconf 79' lang='lat' dir='ltr'><strong>Pergam</strong></span> <span class='ocrx_word' id='word_1_445' title='bbox 1724 4051 1792 4106; x_wconf 87' lang='lat' dir='ltr'><strong>ad</strong></span> <span class='ocrx_word' id='word_1_446' title='bbox 1817 4053 1981 4132; x_wconf 68' lang='lat' dir='ltr'><strong>vosju</strong></span> 
     </span>
    </p>
   </div>
   <div class='ocr_carea' id='block_1_56' title="bbox 412 4135 1983 4210">
    <p class='ocr_par' dir='ltr' id='par_1_56' title="bbox 412 4135 1983 4210">
     <span class='ocr_line' id='line_1_56' title="bbox 412 4135 1983 4210; baseline 0.007 -23"><span class='ocrx_word' id='word_1_447' title='bbox 412 4135 592 4204; x_wconf 76' lang='lat' dir='ltr'><strong>furore</strong></span> <span class='ocrx_word' id='word_1_448' title='bbox 622 4136 849 4205; x_wconf 84' lang='lat' dir='ltr'><strong>obliquo,</strong></span> <span class='ocrx_word' id='word_1_449' title='bbox 889 4138 1018 4192; x_wconf 86' lang='lat' dir='ltr'><strong>dicit</strong></span> <span class='ocrx_word' id='word_1_450' title='bbox 1053 4138 1305 4193; x_wconf 75' lang='lat' dir='ltr'><strong>Dominus</strong></span> <span class='ocrx_word' id='word_1_451' title='bbox 1329 4138 1376 4171; x_wconf 75' lang='lat'>“</span> <span class='ocrx_word' id='word_1_452' title='bbox 1404 4156 1421 4195; x_wconf 91' lang='lat'><strong>:</strong></span> <span class='ocrx_word' id='word_1_453' title='bbox 1452 4156 1514 4194; x_wconf 80' lang='lat' dir='ltr'><strong>ex</strong></span> <span class='ocrx_word' id='word_1_454' title='bbox 1550 4140 1635 4197; x_wconf 89' lang='lat' dir='ltr'><strong>his</strong></span> <span class='ocrx_word' id='word_1_455' title='bbox 1688 4142 1876 4210; x_wconf 90' lang='lat' dir='ltr'><strong>utique</strong></span> <span class='ocrx_word' id='word_1_456' title='bbox 1926 4150 1983 4198; x_wconf 86' lang='lat' dir='ltr'><strong>et</strong></span> 
     </span>
    </p>
   </div>
   <div class='ocr_carea' id='block_1_57' title="bbox 413 4227 1979 4304">
    <p class='ocr_par' dir='ltr' id='par_1_57' title="bbox 413 4227 1979 4304">
     <span class='ocr_line' id='line_1_57' title="bbox 413 4227 1979 4304; baseline 0.005 -24"><span class='ocrx_word' id='word_1_457' title='bbox 413 4227 705 4292; x_wconf 85' lang='lat' dir='ltr'><strong>similibus,</strong></span> <span class='ocrx_word' id='word_1_458' title='bbox 725 4229 891 4284; x_wconf 91' lang='lat' dir='ltr'><strong>Deum</strong></span> <span class='ocrx_word' id='word_1_459' title='bbox 914 4232 1207 4290; x_wconf 87' lang='lat' dir='ltr'><strong>statuerint</strong></span> <span class='ocrx_word' id='word_1_460' title='bbox 1236 4248 1351 4289; x_wconf 87' lang='lat' dir='ltr'><strong>rem</strong></span> <span class='ocrx_word' id='word_1_461' title='bbox 1378 4234 1668 4304; x_wconf 86' lang='lat' dir='ltr'><strong>quamdam</strong></span> <span class='ocrx_word' id='word_1_462' title='bbox 1720 4249 1841 4290; x_wconf 88' lang='lat' dir='ltr'><strong>esse</strong></span> <span class='ocrx_word' id='word_1_463' title='bbox 1873 4237 1979 4288; x_wconf 58' lang='lat' dir='ltr'><strong>huc</strong></span> 
     </span>
    </p>
   </div>
   <div class='ocr_carea' id='block_1_58' title="bbox 414 4319 1977 4390">
    <p class='ocr_par' dir='ltr' id='par_1_58' title="bbox 414 4319 1977 4390">
     <span class='ocr_line' id='line_1_58' title="bbox 414 4319 1977 4390; baseline 0.004 -17"><span class='ocrx_word' id='word_1_464' title='bbox 414 4333 570 4373; x_wconf 83' lang='lat' dir='ltr'><strong>mana</strong></span> <span class='ocrx_word' id='word_1_465' title='bbox 606 4319 885 4390; x_wconf 67' lang='lat' dir='ltr'><strong>praeditam</strong></span> <span class='ocrx_word' id='word_1_466' title='bbox 916 4321 1110 4390; x_wconf 79' lang='lat' dir='ltr'><strong>forma,</strong></span> <span class='ocrx_word' id='word_1_467' title='bbox 1143 4332 1198 4381; x_wconf 90' lang='lat' dir='ltr'><strong>et</strong></span> <span class='ocrx_word' id='word_1_468' title='bbox 1217 4324 1543 4381; x_wconf 86' lang='lat' dir='ltr'><strong>sentientem</strong></span> <span class='ocrx_word' id='word_1_469' title='bbox 1570 4340 1633 4379; x_wconf 91' lang='lat' dir='ltr'><strong>ac</strong></span> <span class='ocrx_word' id='word_1_470' title='bbox 1654 4325 1977 4379; x_wconf 85' lang='lat' dir='ltr'><strong>irascentem</strong></span> 
     </span>
    </p>
   </div>
   <div class='ocr_carea' id='block_1_59' title="bbox 414 4414 1981 4485">
    <p class='ocr_par' dir='ltr' id='par_1_59' title="bbox 414 4414 1981 4485">
     <span class='ocr_line' id='line_1_59' title="bbox 414 4414 1981 4485; baseline 0.004 -21"><span class='ocrx_word' id='word_1_471' title='bbox 414 4424 476 4465; x_wconf 86' lang='lat' dir='ltr'><strong>ac</strong></span> <span class='ocrx_word' id='word_1_472' title='bbox 498 4422 832 4482; x_wconf 62' lang='lat' dir='ltr'><strong>quaecunque</strong></span> <span class='ocrx_word' id='word_1_473' title='bbox 880 4414 987 4468; x_wconf 89' lang='lat' dir='ltr'><strong>alia</strong></span> <span class='ocrx_word' id='word_1_474' title='bbox 1040 4416 1218 4471; x_wconf 86' lang='lat' dir='ltr'><strong>divina</strong></span> <span class='ocrx_word' id='word_1_475' title='bbox 1276 4414 1557 4485; x_wconf 86' lang='lat' dir='ltr'><strong>Scriptura</strong></span> <span class='ocrx_word' id='word_1_476' title='bbox 1618 4415 1862 4484; x_wconf 90' lang='lat' dir='ltr'><strong>loquitur</strong></span> <span class='ocrx_word' id='word_1_477' title='bbox 1910 4414 1981 4470; x_wconf 92' lang='lat' dir='ltr'><strong>ob</strong></span> 
     </span>
    </p>
   </div>
   <div class='ocr_carea' id='block_1_60' title="bbox 2082 1930 3615 2005">
    <p class='ocr_par' dir='ltr' id='par_1_60' title="bbox 2082 1930 3615 2005">
     <span class='ocr_line' id='line_1_60' title="bbox 2082 1930 3615 2005; baseline -0.001 -18"><span class='ocrx_word' id='word_1_478' title='bbox 2082 1934 2179 1987; x_wconf 73' lang='grc' dir='ltr'><strong>καὶ</strong></span> <span class='ocrx_word' id='word_1_479' title='bbox 2202 1930 2565 2001; x_wconf 75' lang='grc' dir='ltr'><strong>αὕτοδύναμις</strong></span> <span class='ocrx_word' id='word_1_480' title='bbox 2586 1950 2601 1965; x_wconf 79' lang='grc'><em>’</em></span> <span class='ocrx_word' id='word_1_481' title='bbox 2632 1932 2773 1986; x_wconf 80' lang='grc' dir='ltr'><strong>κατὰ</strong></span> <span class='ocrx_word' id='word_1_482' title='bbox 2819 1931 2884 2002; x_wconf 79' lang='grc' dir='ltr'><strong>δὴ</strong></span> <span class='ocrx_word' id='word_1_483' title='bbox 2922 1932 3013 1986; x_wconf 83' lang='grc' dir='ltr'><strong>τὸν</strong></span> <span class='ocrx_word' id='word_1_484' title='bbox 3066 1932 3269 2003; x_wconf 80' lang='grc' dir='ltr'>τρόπον</span> <span class='ocrx_word' id='word_1_485' title='bbox 3305 1934 3403 2002; x_wconf 80' lang='grc' dir='ltr'><strong>τῆς</strong></span> <span class='ocrx_word' id='word_1_486' title='bbox 3435 1932 3615 2005; x_wconf 78' lang='grc' dir='ltr'><strong>ἀνθρω-</strong></span> 
     </span>
    </p>
   </div>
   <div class='ocr_carea' id='block_1_61' title="bbox 2082 2023 3613 2094">
    <p class='ocr_par' dir='ltr' id='par_1_61' title="bbox 2082 2023 3613 2094">
     <span class='ocr_line' id='line_1_61' title="bbox 2082 2023 3613 2094; baseline 0.003 -17"><span class='ocrx_word' id='word_1_487' title='bbox 2082 2024 2243 2094; x_wconf 85' lang='grc' dir='ltr'><strong>πίνης</strong></span> <span class='ocrx_word' id='word_1_488' title='bbox 2290 2023 2599 2090; x_wconf 79' lang='grc' dir='ltr'><strong>διαλέξεως,</strong></span> <span class='ocrx_word' id='word_1_489' title='bbox 2664 2024 3153 2094; x_wconf 80' lang='grc' dir='ltr'><strong>ἀνθρωπινώτερον</strong></span> <span class='ocrx_word' id='word_1_490' title='bbox 3219 2023 3613 2094; x_wconf 76' lang='grc' dir='ltr'><strong>παραδεδομένα,</strong></span> 
     </span>
    </p>
   </div>
   <div class='ocr_carea' id='block_1_62' title="bbox 2083 2114 3615 2189">
    <p class='ocr_par' dir='ltr' id='par_1_62' title="bbox 2083 2114 3615 2189">
     <span class='ocr_line' id='line_1_62' title="bbox 2083 2114 3615 2189; baseline 0.002 -19"><span class='ocrx_word' id='word_1_491' title='bbox 2083 2116 2182 2170; x_wconf 83' lang='grc' dir='ltr'><strong>οὐκ</strong></span> <span class='ocrx_word' id='word_1_492' title='bbox 2213 2115 2388 2180; x_wconf 69' lang='grc' dir='ltr'><strong>ἄλλως</strong></span> <span class='ocrx_word' id='word_1_493' title='bbox 2415 2116 2787 2186; x_wconf 78' lang='grc' dir='ltr'><strong>ἐγχωρούσης,</strong></span> <span class='ocrx_word' id='word_1_494' title='bbox 2816 2114 2851 2187; x_wconf 81' lang='grc' dir='ltr'>ἢ</span> <span class='ocrx_word' id='word_1_495' title='bbox 2879 2116 2953 2179; x_wconf 86' lang='grc' dir='ltr'><strong>ὼς</strong></span> <span class='ocrx_word' id='word_1_496' title='bbox 2983 2115 3218 2186; x_wconf 77' lang='grc' dir='ltr'><strong>πέφυκε,</strong></span> <span class='ocrx_word' id='word_1_497' title='bbox 3244 2116 3522 2189; x_wconf 78' lang='grc' dir='ltr'><strong>προφέρειν</strong></span> <span class='ocrx_word' id='word_1_498' title='bbox 3562 2119 3615 2174; x_wconf 77' lang='grc' dir='ltr'><strong>τὰ</strong></span> 
     </span>
    </p>
   </div>
   <div class='ocr_carea' id='block_1_63' title="bbox 2084 2206 3616 2278">
    <p class='ocr_par' dir='ltr' id='par_1_63' title="bbox 2084 2206 3616 2278">
     <span class='ocr_line' id='line_1_63' title="bbox 2084 2206 3616 2278; baseline -0.001 -16"><span class='ocrx_word' id='word_1_499' title='bbox 2084 2207 2329 2278; x_wconf 82' lang='grc' dir='ltr'><strong>νοήματα</strong></span> <span class='ocrx_word' id='word_1_500' title='bbox 2361 2207 2455 2261; x_wconf 77' lang='grc' dir='ltr'><strong>καὶ</strong></span> <span class='ocrx_word' id='word_1_501' title='bbox 2488 2208 2556 2261; x_wconf 81' lang='grc' dir='ltr'><strong>τὰ</strong></span> <span class='ocrx_word' id='word_1_502' title='bbox 2579 2206 2839 2275; x_wconf 82' lang='grc' dir='ltr'><strong>ὀνόματα,</strong></span> <span class='ocrx_word' id='word_1_503' title='bbox 2868 2206 3043 2270; x_wconf 78' lang='grc' dir='ltr'><strong>οὕτως</strong></span> <span class='ocrx_word' id='word_1_504' title='bbox 3066 2206 3141 2269; x_wconf 85' lang='grc' dir='ltr'><strong>ὡς</strong></span> <span class='ocrx_word' id='word_1_505' title='bbox 3168 2206 3404 2277; x_wconf 73' lang='grc' dir='ltr'><strong>εἴρηται,</strong></span> <span class='ocrx_word' id='word_1_506' title='bbox 3430 2208 3517 2260; x_wconf 76' lang='grc' dir='ltr'><strong>καὶ</strong></span> <span class='ocrx_word' id='word_1_507' title='bbox 3540 2208 3616 2261; x_wconf 78' lang='grc' dir='ltr'><strong>ἐπὶ</strong></span> 
     </span>
    </p>
   </div>
   <div class='ocr_carea' id='block_1_64' title="bbox 2087 2292 3617 2369">
    <p class='ocr_par' dir='ltr' id='par_1_64' title="bbox 2087 2292 3617 2369">
     <span class='ocr_line' id='line_1_64' title="bbox 2087 2292 3617 2369; baseline -0.001 -14"><span class='ocrx_word' id='word_1_508' title='bbox 2087 2299 2175 2355; x_wconf 78' lang='grc' dir='ltr'><strong>τοῦ</strong></span> <span class='ocrx_word' id='word_1_509' title='bbox 2236 2297 2372 2353; x_wconf 88' lang='grc' dir='ltr'><strong>Θεοῦ</strong></span> <span class='ocrx_word' id='word_1_510' title='bbox 2422 2297 2627 2368; x_wconf 80' lang='grc' dir='ltr'><strong>κυρίως</strong></span> <span class='ocrx_word' id='word_1_511' title='bbox 2661 2296 2808 2369; x_wconf 74' lang='grc' dir='ltr'><strong>ἔχειν</strong></span> <span class='ocrx_word' id='word_1_512' title='bbox 2866 2298 3222 2353; x_wconf 78' lang='grc' dir='ltr'><strong>ἐπίστευσαν.</strong></span> <span class='ocrx_word' id='word_1_513' title='bbox 3262 2292 3403 2365; x_wconf 80' lang='grc' dir='ltr'><strong>Οἷον,</strong></span> <span class='ocrx_word' id='word_1_514' title='bbox 3428 2298 3617 2353; x_wconf 72' lang='grc' dir='ltr'><strong>ἐπειδὰν</strong></span> 
     </span>
    </p>
   </div>
   <div class='ocr_carea' id='block_1_65' title="bbox 2084 2387 3615 2463">
    <p class='ocr_par' dir='ltr' id='par_1_65' title="bbox 2084 2387 3615 2463">
     <span class='ocr_line' id='line_1_65' title="bbox 2084 2387 3615 2463; baseline -0.002 -19"><span class='ocrx_word' id='word_1_515' title='bbox 2084 2390 2301 2460; x_wconf 77' lang='grc' dir='ltr'><strong>λέγεται</strong></span> <span class='ocrx_word' id='word_1_516' title='bbox 2343 2387 2437 2443; x_wconf 78' lang='grc' dir='ltr'><strong>τὸν</strong></span> <span class='ocrx_word' id='word_1_517' title='bbox 2469 2388 2602 2443; x_wconf 86' lang='grc' dir='ltr'><strong>Θεὸν</strong></span> <span class='ocrx_word' id='word_1_518' title='bbox 2633 2389 2779 2459; x_wconf 76' lang='grc' dir='ltr'><strong>ἔχειν</strong></span> <span class='ocrx_word' id='word_1_519' title='bbox 2807 2387 2974 2460; x_wconf 79' lang='grc' dir='ltr'><strong>ζωὴν,</strong></span> <span class='ocrx_word' id='word_1_520' title='bbox 3010 2389 3042 2459; x_wconf 81' lang='grc' dir='ltr'>ἢ</span> <span class='ocrx_word' id='word_1_521' title='bbox 3067 2388 3297 2463; x_wconf 80' lang='grc' dir='ltr'><strong>δύναμιν</strong></span> <span class='ocrx_word' id='word_1_522' title='bbox 3327 2388 3358 2458; x_wconf 75' lang='grc' dir='ltr'>ἢ</span> <span class='ocrx_word' id='word_1_523' title='bbox 3383 2389 3555 2458; x_wconf 76' lang='grc' dir='ltr'><strong>σοφίαν</strong></span> <span class='ocrx_word' id='word_1_524' title='bbox 3587 2391 3615 2459; x_wconf 77' lang='grc' dir='ltr'>ἢ</span> 
     </span>
    </p>
   </div>
   <div class='ocr_carea' id='block_1_66' title="bbox 2086 2479 3618 2553">
    <p class='ocr_par' dir='ltr' id='par_1_66' title="bbox 2086 2479 3618 2553">
     <span class='ocr_line' id='line_1_66' title="bbox 2086 2479 3618 2553; baseline -0.002 -18"><span class='ocrx_word' id='word_1_525' title='bbox 2086 2484 2403 2553; x_wconf 79' lang='grc' dir='ltr'><strong>ἐνέργειανο</strong></span> <span class='ocrx_word' id='word_1_526' title='bbox 2463 2482 2581 2545; x_wconf 70' lang='grc' dir='ltr'><strong>καὶ,</strong></span> <span class='ocrx_word' id='word_1_527' title='bbox 2642 2481 2871 2550; x_wconf 84' lang='grc' dir='ltr'><strong>Ὠσπερ</strong></span> <span class='ocrx_word' id='word_1_528' title='bbox 2932 2482 2965 2536; x_wconf 87' lang='grc' dir='ltr'><em>ὁ</em></span> <span class='ocrx_word' id='word_1_529' title='bbox 2997 2480 3200 2549; x_wconf 75' lang='grc' dir='ltr'><strong>Πατὴρ</strong></span> <span class='ocrx_word' id='word_1_530' title='bbox 3251 2481 3373 2550; x_wconf 76' lang='grc' dir='ltr'><strong>ἔχει</strong></span> <span class='ocrx_word' id='word_1_531' title='bbox 3402 2479 3539 2547; x_wconf 74' lang='grc' dir='ltr'><strong>ζωὴν</strong></span> <span class='ocrx_word' id='word_1_532' title='bbox 3563 2481 3618 2533; x_wconf 82' lang='grc' dir='ltr'><strong>ἐν</strong></span> 
     </span>
    </p>
   </div>
   <div class='ocr_carea' id='block_1_67' title="bbox 2085 2572 3617 2641">
    <p class='ocr_par' dir='ltr' id='par_1_67' title="bbox 2085 2572 3617 2641">
     <span class='ocr_line' id='line_1_67' title="bbox 2085 2572 3617 2641; baseline -0.003 -12"><span class='ocrx_word' id='word_1_533' title='bbox 2085 2573 2295 2641; x_wconf 84' lang='grc' dir='ltr'><strong>ἐαυτῷ,</strong></span> <span class='ocrx_word' id='word_1_534' title='bbox 2328 2574 2518 2640; x_wconf 82' lang='grc' dir='ltr'><strong>οὕτως</strong></span> <span class='ocrx_word' id='word_1_535' title='bbox 2563 2573 2749 2629; x_wconf 74' lang='grc' dir='ltr'><strong>ἔδωκε</strong></span> <span class='ocrx_word' id='word_1_536' title='bbox 2806 2573 2905 2629; x_wconf 78' lang='grc' dir='ltr'><strong>καὶ</strong></span> <span class='ocrx_word' id='word_1_537' title='bbox 2941 2574 3020 2639; x_wconf 82' lang='grc' dir='ltr'><strong>τῷ</strong></span> <span class='ocrx_word' id='word_1_538' title='bbox 3048 2572 3159 2639; x_wconf 81' lang='grc' dir='ltr'><strong>Υιῷ</strong></span> <span class='ocrx_word' id='word_1_539' title='bbox 3190 2572 3341 2641; x_wconf 77' lang='grc' dir='ltr'><strong>ζωὴν</strong></span> <span class='ocrx_word' id='word_1_540' title='bbox 3396 2573 3545 2641; x_wconf 76' lang='grc' dir='ltr'><strong>ἔχειν</strong></span> <span class='ocrx_word' id='word_1_541' title='bbox 3560 2573 3617 2626; x_wconf 77' lang='grc' dir='ltr'><strong>ἐν</strong></span> 
     </span>
    </p>
   </div>
   <div class='ocr_carea' id='block_1_68' title="bbox 2085 2658 3616 2735">
    <p class='ocr_par' dir='ltr' id='par_1_68' title="bbox 2085 2658 3616 2735">
     <span class='ocr_line' id='line_1_68' title="bbox 2085 2658 3616 2735; baseline -0.003 -14"><span class='ocrx_word' id='word_1_542' title='bbox 2085 2666 2298 2733; x_wconf 81' lang='grc' dir='ltr'><strong>ἐαυτῷ,</strong></span> <span class='ocrx_word' id='word_1_543' title='bbox 2331 2666 2423 2720; x_wconf 74' lang='grc' dir='ltr'><strong>καὶ</strong></span> <span class='ocrx_word' id='word_1_544' title='bbox 2454 2668 2555 2721; x_wconf 84' lang='grc' dir='ltr'><strong>ὃσα</strong></span> <span class='ocrx_word' id='word_1_545' title='bbox 2586 2665 2810 2719; x_wconf 79' lang='grc' dir='ltr'><strong>τοιαῦτα</strong></span> <span class='ocrx_word' id='word_1_546' title='bbox 2833 2680 2849 2697; x_wconf 77' lang='grc'><strong>⁸</strong></span> <span class='ocrx_word' id='word_1_547' title='bbox 2904 2667 2964 2730; x_wconf 82' lang='grc' dir='ltr'><strong>ἐξ</strong></span> <span class='ocrx_word' id='word_1_548' title='bbox 2994 2658 3067 2721; x_wconf 84' lang='grc' dir='ltr'><strong>ὧν</strong></span> <span class='ocrx_word' id='word_1_549' title='bbox 3092 2666 3224 2721; x_wconf 78' lang='grc' dir='ltr'><strong>ἄλλο</strong></span> <span class='ocrx_word' id='word_1_550' title='bbox 3273 2665 3371 2735; x_wconf 71' lang='grc' dir='ltr'><strong>μὲν</strong></span> <span class='ocrx_word' id='word_1_551' title='bbox 3396 2665 3453 2718; x_wconf 88' lang='grc' dir='ltr'><strong>τὸ</strong></span> <span class='ocrx_word' id='word_1_552' title='bbox 3497 2665 3616 2735; x_wconf 78' lang='grc' dir='ltr'><strong>ἔχον,</strong></span> 
     </span>
    </p>
   </div>
   <div class='ocr_carea' id='block_1_69' title="bbox 2086 2752 3616 2829">
    <p class='ocr_par' dir='ltr' id='par_1_69' title="bbox 2086 2752 3616 2829">
     <span class='ocr_line' id='line_1_69' title="bbox 2086 2752 3616 2829; baseline -0.003 -16"><span class='ocrx_word' id='word_1_553' title='bbox 2086 2758 2215 2814; x_wconf 74' lang='grc' dir='ltr'><strong>ἄλλο</strong></span> <span class='ocrx_word' id='word_1_554' title='bbox 2245 2758 2303 2812; x_wconf 78' lang='grc' dir='ltr'><strong>δὲ</strong></span> <span class='ocrx_word' id='word_1_555' title='bbox 2330 2758 2388 2812; x_wconf 86' lang='grc' dir='ltr'><strong>τὸ</strong></span> <span class='ocrx_word' id='word_1_556' title='bbox 2422 2758 2680 2829; x_wconf 85' lang='grc' dir='ltr'><strong>ἐχόμενον</strong></span> <span class='ocrx_word' id='word_1_557' title='bbox 2714 2757 2899 2811; x_wconf 78' lang='grc' dir='ltr'><strong>ἔθεντο</strong></span> <span class='ocrx_word' id='word_1_558' title='bbox 2925 2752 3088 2821; x_wconf 74' lang='grc' dir='ltr'><strong>εἶναι,</strong></span> <span class='ocrx_word' id='word_1_559' title='bbox 3127 2756 3206 2828; x_wconf 81' lang='grc' dir='ltr'><strong>μὴ</strong></span> <span class='ocrx_word' id='word_1_560' title='bbox 3235 2758 3350 2819; x_wconf 75' lang='grc' dir='ltr'><strong>ταῖς</strong></span> <span class='ocrx_word' id='word_1_561' title='bbox 3374 2757 3492 2825; x_wconf 77' lang='grc' dir='ltr'><strong>περὶ</strong></span> <span class='ocrx_word' id='word_1_562' title='bbox 3514 2756 3616 2809; x_wconf 73' lang='grc' dir='ltr'><strong>τού·</strong></span> 
     </span>
    </p>
   </div>
   <div class='ocr_carea' id='block_1_70' title="bbox 2086 2848 3615 2921">
    <p class='ocr_par' dir='ltr' id='par_1_70' title="bbox 2086 2848 3615 2921">
     <span class='ocr_line' id='line_1_70' title="bbox 2086 2848 3615 2921; baseline -0.002 -18"><span class='ocrx_word' id='word_1_563' title='bbox 2086 2866 2195 2906; x_wconf 73' lang='grc' dir='ltr'><strong>τωΛ</strong></span> <span class='ocrx_word' id='word_1_564' title='bbox 2226 2850 2515 2920; x_wconf 78' lang='grc' dir='ltr'><strong>ἐξηγήσεσι</strong></span> <span class='ocrx_word' id='word_1_565' title='bbox 2542 2848 2650 2903; x_wconf 84' lang='grc' dir='ltr'><strong>τῶν</strong></span> <span class='ocrx_word' id='word_1_566' title='bbox 2678 2851 2849 2919; x_wconf 77' lang='grc' dir='ltr'><strong>ἁγίων</strong></span> <span class='ocrx_word' id='word_1_567' title='bbox 2888 2849 3278 2921; x_wconf 82' lang='grc' dir='ltr'><strong>προσσχόντες,</strong></span> <span class='ocrx_word' id='word_1_568' title='bbox 3304 2849 3615 2919; x_wconf 78' lang='grc' dir='ltr'><strong>ἢπροσσχείν</strong></span> 
     </span>
    </p>
   </div>
   <div class='ocr_carea' id='block_1_71' title="bbox 2091 2940 3613 3015">
    <p class='ocr_par' dir='ltr' id='par_1_71' title="bbox 2091 2940 3613 3015">
     <span class='ocr_line' id='line_1_71' title="bbox 2091 2940 3613 3015; baseline -0.003 -19"><span class='ocrx_word' id='word_1_569' title='bbox 2091 2942 2165 3015; x_wconf 75' lang='grc' dir='ltr'><strong>μὴ</strong></span> <span class='ocrx_word' id='word_1_570' title='bbox 2191 2942 2568 3014; x_wconf 76' lang='grc' dir='ltr'><strong>βουληθέντες,</strong></span> <span class='ocrx_word' id='word_1_571' title='bbox 2593 2943 2652 2996; x_wconf 85' lang='grc' dir='ltr'><strong>τὸ</strong></span> <span class='ocrx_word' id='word_1_572' title='bbox 2686 2943 2785 3012; x_wconf 68' lang='grc' dir='ltr'><strong>μὲν</strong></span> <span class='ocrx_word' id='word_1_573' title='bbox 2814 2942 2935 3013; x_wconf 79' lang='grc' dir='ltr'><strong>ἔχον</strong></span> <span class='ocrx_word' id='word_1_574' title='bbox 2952 2943 3042 2995; x_wconf 86' lang='grc' dir='ltr'><strong>τὸν</strong></span> <span class='ocrx_word' id='word_1_575' title='bbox 3065 2941 3284 3010; x_wconf 79' lang='grc' dir='ltr'><strong>Πατέρα</strong></span> <span class='ocrx_word' id='word_1_576' title='bbox 3307 2940 3430 3011; x_wconf 80' lang='grc' dir='ltr'><strong>φέρε</strong></span> <span class='ocrx_word' id='word_1_577' title='bbox 3447 2941 3613 3003; x_wconf 75' lang='grc' dir='ltr'><strong>εἰπεῖν,</strong></span> 
     </span>
    </p>
   </div>
   <div class='ocr_carea' id='block_1_72' title="bbox 2088 3029 3615 3107">
    <p class='ocr_par' dir='ltr' id='par_1_72' title="bbox 2088 3029 3615 3107">
     <span class='ocr_line' id='line_1_72' title="bbox 2088 3029 3615 3107; baseline -0.003 -19"><span class='ocrx_word' id='word_1_578' title='bbox 2088 3035 2123 3107; x_wconf 72' lang='grc' dir='ltr'>ἢ</span> <span class='ocrx_word' id='word_1_579' title='bbox 2159 3035 2251 3088; x_wconf 85' lang='grc' dir='ltr'><strong>τὸν</strong></span> <span class='ocrx_word' id='word_1_580' title='bbox 2287 3034 2437 3099; x_wconf 90' lang='grc' dir='ltr'><strong>Θεὸν,</strong></span> <span class='ocrx_word' id='word_1_581' title='bbox 2468 3035 2501 3105; x_wconf 76' lang='grc' dir='ltr'>ἢ</span> <span class='ocrx_word' id='word_1_582' title='bbox 2541 3035 2639 3104; x_wconf 78' lang='grc' dir='ltr'><strong>τὴν</strong></span> <span class='ocrx_word' id='word_1_583' title='bbox 2671 3035 2859 3088; x_wconf 80' lang='grc' dir='ltr'><strong>οὐσίαν</strong></span> <span class='ocrx_word' id='word_1_584' title='bbox 2887 3029 3027 3087; x_wconf 74' lang='grc' dir='ltr'><strong>εἶναι</strong></span> <span class='ocrx_word' id='word_1_585' title='bbox 3086 3033 3404 3105; x_wconf 74' lang='grc' dir='ltr'><strong>ὁρισάμενοι</strong></span> <span class='ocrx_word' id='word_1_586' title='bbox 3426 3049 3440 3065; x_wconf 80' lang='grc' dir='ltr'><strong>ο</strong></span> <span class='ocrx_word' id='word_1_587' title='bbox 3473 3031 3525 3084; x_wconf 85' lang='grc' dir='ltr'><strong>τὸ</strong></span> <span class='ocrx_word' id='word_1_588' title='bbox 3570 3032 3615 3085; x_wconf 78' lang='grc' dir='ltr'><strong>δὲ</strong></span> 
     </span>
    </p>
   </div>
   <div class='ocr_carea' id='block_1_73' title="bbox 2088 3123 3613 3199">
    <p class='ocr_par' dir='ltr' id='par_1_73' title="bbox 2088 3123 3613 3199">
     <span class='ocr_line' id='line_1_73' title="bbox 2088 3123 3613 3199; baseline -0.003 -20"><span class='ocrx_word' id='word_1_589' title='bbox 2088 3127 2345 3198; x_wconf 77' lang='grc' dir='ltr'><strong>ἐχόμενον</strong></span> <span class='ocrx_word' id='word_1_590' title='bbox 2374 3128 2471 3199; x_wconf 82' lang='grc' dir='ltr'><strong>τὴν</strong></span> <span class='ocrx_word' id='word_1_591' title='bbox 2498 3124 2645 3197; x_wconf 71' lang='grc' dir='ltr'><strong>ζωῆν</strong></span> <span class='ocrx_word' id='word_1_592' title='bbox 2672 3128 2704 3197; x_wconf 80' lang='grc' dir='ltr'>ἢ</span> <span class='ocrx_word' id='word_1_593' title='bbox 2729 3128 2829 3199; x_wconf 81' lang='grc' dir='ltr'><strong>τὴν</strong></span> <span class='ocrx_word' id='word_1_594' title='bbox 2879 3128 3096 3196; x_wconf 78' lang='grc' dir='ltr'><strong>σοφίαν,</strong></span> <span class='ocrx_word' id='word_1_595' title='bbox 3131 3125 3167 3196; x_wconf 86' lang='grc' dir='ltr'><strong>ἧ</strong></span> <span class='ocrx_word' id='word_1_596' title='bbox 3208 3125 3306 3193; x_wconf 74' lang='grc' dir='ltr'><strong>τὴν</strong></span> <span class='ocrx_word' id='word_1_597' title='bbox 3334 3124 3545 3194; x_wconf 79' lang='grc' dir='ltr'><strong>δύναμιν</strong></span> <span class='ocrx_word' id='word_1_598' title='bbox 3587 3123 3613 3192; x_wconf 73' lang='grc' dir='ltr'>ἦ</span> 
     </span>
    </p>
   </div>
   <div class='ocr_carea' id='block_1_74' title="bbox 2079 3217 3614 3292">
    <p class='ocr_par' dir='ltr' id='par_1_74' title="bbox 2079 3217 3614 3292">
     <span class='ocr_line' id='line_1_74' title="bbox 2079 3217 3614 3292; baseline -0.003 -20"><span class='ocrx_word' id='word_1_599' title='bbox 2079 3218 2176 3290; x_wconf 75' lang='grc' dir='ltr'><strong>τὴν</strong></span> <span class='ocrx_word' id='word_1_600' title='bbox 2214 3219 2514 3292; x_wconf 80' lang='grc' dir='ltr'><strong>ἐνέργειαν,</strong></span> <span class='ocrx_word' id='word_1_601' title='bbox 2569 3220 2692 3274; x_wconf 86' lang='grc' dir='ltr'><strong>καθ’</strong></span> <span class='ocrx_word' id='word_1_602' title='bbox 2715 3220 2781 3290; x_wconf 79' lang='grc' dir='ltr'><strong>ἢν</strong></span> <span class='ocrx_word' id='word_1_603' title='bbox 2809 3219 3139 3289; x_wconf 75' lang='grc' dir='ltr'><strong>ὑφέστηκεν,</strong></span> <span class='ocrx_word' id='word_1_604' title='bbox 3177 3219 3205 3272; x_wconf 84' lang='grc' dir='ltr'><strong>ὅ</strong></span> <span class='ocrx_word' id='word_1_605' title='bbox 3248 3219 3299 3272; x_wconf 89' lang='grc' dir='ltr'><strong>τί</strong></span> <span class='ocrx_word' id='word_1_606' title='bbox 3330 3217 3441 3270; x_wconf 80' lang='grc' dir='ltr'><strong>ποτ’</strong></span> <span class='ocrx_word' id='word_1_607' title='bbox 3488 3217 3614 3270; x_wconf 79' lang='grc' dir='ltr'><strong>ἐστιν</strong></span> 
     </span>
    </p>
   </div>
   <div class='ocr_carea' id='block_1_75' title="bbox 2080 3309 3616 3383">
    <p class='ocr_par' dir='ltr' id='par_1_75' title="bbox 2080 3309 3616 3383">
     <span class='ocr_line' id='line_1_75' title="bbox 2080 3309 3616 3383; baseline -0.003 -18"><span class='ocrx_word' id='word_1_608' title='bbox 2080 3311 2351 3383; x_wconf 72' lang='grc' dir='ltr'><strong>ἐνεργείᾳ,</strong></span> <span class='ocrx_word' id='word_1_609' title='bbox 2391 3315 2419 3368; x_wconf 84' lang='grc' dir='ltr'>ὁ</span> <span class='ocrx_word' id='word_1_610' title='bbox 2457 3312 2615 3378; x_wconf 89' lang='grc' dir='ltr'><strong>Θεὸς,</strong></span> <span class='ocrx_word' id='word_1_611' title='bbox 2647 3314 2704 3366; x_wconf 88' lang='grc' dir='ltr'><strong>ἐν</strong></span> <span class='ocrx_word' id='word_1_612' title='bbox 2732 3312 2931 3383; x_wconf 70' lang='grc' dir='ltr'><strong>αἰωνίᾳ</strong></span> <span class='ocrx_word' id='word_1_613' title='bbox 2957 3311 3049 3365; x_wconf 76' lang='grc' dir='ltr'><strong>καὶ</strong></span> <span class='ocrx_word' id='word_1_614' title='bbox 3076 3309 3438 3383; x_wconf 77' lang='grc' dir='ltr'><strong>ἀμεταϐλήτῳ</strong></span> <span class='ocrx_word' id='word_1_615' title='bbox 3457 3309 3616 3362; x_wconf 81' lang='grc' dir='ltr'><strong>ταυτό-</strong></span> 
     </span>
    </p>
   </div>
   <div class='ocr_carea' id='block_1_76' title="bbox 2035 3399 3614 3483">
    <p class='ocr_par' dir='ltr' id='par_1_76' title="bbox 2035 3399 3614 3483">
     <span class='ocr_line' id='line_1_76' title="bbox 2035 3399 3614 3483; baseline -0.001 -30"><span class='ocrx_word' id='word_1_616' title='bbox 2035 3418 2203 3483; x_wconf 64' lang='grc' dir='ltr'><strong>.τητι</strong></span> <span class='ocrx_word' id='word_1_617' title='bbox 2232 3401 2622 3472; x_wconf 81' lang='grc' dir='ltr'><strong>παραπλήσιον</strong></span> <span class='ocrx_word' id='word_1_618' title='bbox 2653 3401 3007 3465; x_wconf 80' lang='grc' dir='ltr'><strong>πεπονθότες,</strong></span> <span class='ocrx_word' id='word_1_619' title='bbox 3032 3400 3226 3471; x_wconf 81' lang='grc' dir='ltr'><strong>ὥσπερ</strong></span> <span class='ocrx_word' id='word_1_620' title='bbox 3257 3399 3321 3453; x_wconf 81' lang='grc' dir='ltr'><strong>ἂν</strong></span> <span class='ocrx_word' id='word_1_621' title='bbox 3351 3401 3397 3453; x_wconf 89' lang='grc' dir='ltr'><strong>εί</strong></span> <span class='ocrx_word' id='word_1_622' title='bbox 3430 3401 3516 3454; x_wconf 81' lang='grc' dir='ltr'><strong>καὶ</strong></span> <span class='ocrx_word' id='word_1_623' title='bbox 3535 3399 3614 3469; x_wconf 83' lang='grc' dir='ltr'><strong>τῆς</strong></span> 
     </span>
    </p>
   </div>
   <div class='ocr_carea' id='block_1_77' title="bbox 2079 3492 3615 3565">
    <p class='ocr_par' dir='ltr' id='par_1_77' title="bbox 2079 3492 3615 3565">
     <span class='ocr_line' id='line_1_77' title="bbox 2079 3492 3615 3565; baseline -0.002 -18"><span class='ocrx_word' id='word_1_624' title='bbox 2079 3493 2304 3565; x_wconf 80' lang='grc' dir='ltr'><strong>Γραφῆς</strong></span> <span class='ocrx_word' id='word_1_625' title='bbox 2330 3494 2620 3565; x_wconf 76' lang='grc' dir='ltr'><strong>λεγούσης,</strong></span> <span class='ocrx_word' id='word_1_626' title='bbox 2651 3496 2722 3548; x_wconf 79' lang='grc' dir='ltr'><strong>ΑΖ</strong></span> <span class='ocrx_word' id='word_1_627' title='bbox 2760 3494 2955 3562; x_wconf 82' lang='grc' dir='ltr'><strong>χεῖρές</strong></span> <span class='ocrx_word' id='word_1_628' title='bbox 2977 3508 3093 3547; x_wconf 87' lang='grc' dir='ltr'><strong>σου</strong></span> <span class='ocrx_word' id='word_1_629' title='bbox 3128 3492 3425 3560; x_wconf 78' lang='grc' dir='ltr'><strong>ἐποίησάν</strong></span> <span class='ocrx_word' id='word_1_630' title='bbox 3448 3509 3515 3561; x_wconf 83' lang='grc' dir='ltr'><strong>με</strong></span> <span class='ocrx_word' id='word_1_631' title='bbox 3536 3492 3615 3545; x_wconf 81' lang='grc' dir='ltr'><strong>καὶ</strong></span> 
     </span>
    </p>
   </div>
   <div class='ocr_carea' id='block_1_78' title="bbox 2079 3585 3616 3656">
    <p class='ocr_par' dir='ltr' id='par_1_78' title="bbox 2079 3585 3616 3656">
     <span class='ocr_line' id='line_1_78' title="bbox 2079 3585 3616 3656; baseline -0.003 -16"><span class='ocrx_word' id='word_1_632' title='bbox 2079 3586 2360 3641; x_wconf 73' lang='grc' dir='ltr'><strong>ἔπλασαν</strong></span> <span class='ocrx_word' id='word_1_633' title='bbox 2382 3603 2487 3656; x_wconf 77' lang='grc' dir='ltr'><strong>με’</strong></span> <span class='ocrx_word' id='word_1_634' title='bbox 2527 3586 2583 3655; x_wconf 78' lang='grc' dir='ltr'><strong>ἢ,</strong></span> <span class='ocrx_word' id='word_1_635' title='bbox 2654 3586 2770 3655; x_wconf 84' lang='grc' dir='ltr'><strong>Τῆς</strong></span> <span class='ocrx_word' id='word_1_636' title='bbox 2801 3585 3009 3656; x_wconf 71' lang='grc' dir='ltr'><strong>φωνῆς</strong></span> <span class='ocrx_word' id='word_1_637' title='bbox 3045 3601 3165 3640; x_wconf 84' lang='grc' dir='ltr'><strong>σου</strong></span> <span class='ocrx_word' id='word_1_638' title='bbox 3214 3585 3446 3655; x_wconf 79' lang='grc' dir='ltr'><strong>ἥκουσα</strong></span> <span class='ocrx_word' id='word_1_639' title='bbox 3477 3600 3616 3652; x_wconf 74' lang='grc' dir='ltr'><strong>περι-</strong></span> 
     </span>
    </p>
   </div>
   <div class='ocr_carea' id='block_1_79' title="bbox 2080 3674 3619 3746">
    <p class='ocr_par' dir='ltr' id='par_1_79' title="bbox 2080 3674 3619 3746">
     <span class='ocr_line' id='line_1_79' title="bbox 2080 3674 3619 3746; baseline -0.002 -16"><span class='ocrx_word' id='word_1_640' title='bbox 2080 3676 2415 3744; x_wconf 74' lang='grc' dir='ltr'><strong>πατοῦντος</strong></span> <span class='ocrx_word' id='word_1_641' title='bbox 2471 3677 2541 3731; x_wconf 73' lang='grc' dir='ltr'><strong>ἐν</strong></span> <span class='ocrx_word' id='word_1_642' title='bbox 2578 3675 2660 3743; x_wconf 80' lang='grc' dir='ltr'><strong>τῷ</strong></span> <span class='ocrx_word' id='word_1_643' title='bbox 2697 3676 3040 3746; x_wconf 74' lang='grc' dir='ltr'><strong>παραδείσῳ</strong></span> <span class='ocrx_word' id='word_1_644' title='bbox 3089 3676 3159 3729; x_wconf 86' lang='grc' dir='ltr'><strong>τι)</strong></span> <span class='ocrx_word' id='word_1_645' title='bbox 3209 3674 3487 3741; x_wconf 71' lang='grc' dir='ltr'><strong>δειλινὸν,</strong></span> <span class='ocrx_word' id='word_1_646' title='bbox 3534 3674 3619 3728; x_wconf 71' lang='grc' dir='ltr'><strong>και</strong></span> 
     </span>
    </p>
   </div>
   <div class='ocr_carea' id='block_1_80' title="bbox 2079 3765 3619 3841">
    <p class='ocr_par' dir='ltr' id='par_1_80' title="bbox 2079 3765 3619 3841">
     <span class='ocr_line' id='line_1_80' title="bbox 2079 3765 3619 3841; baseline -0.002 -19"><span class='ocrx_word' id='word_1_647' title='bbox 2079 3769 2343 3838; x_wconf 79' lang='grc' dir='ltr'><strong>ἐκρύϐην</strong></span> <span class='ocrx_word' id='word_1_648' title='bbox 2363 3786 2379 3802; x_wconf 90' lang='grc'><strong>·</strong></span> <span class='ocrx_word' id='word_1_649' title='bbox 2410 3770 2468 3841; x_wconf 76' lang='grc' dir='ltr'><strong>ἢ,</strong></span> <span class='ocrx_word' id='word_1_650' title='bbox 2493 3770 2623 3823; x_wconf 79' lang='grc' dir='ltr'><strong>Ὀτι</strong></span> <span class='ocrx_word' id='word_1_651' title='bbox 2648 3767 2971 3839; x_wconf 69' lang='grc' dir='ltr'><strong>ὠσερράνθη</strong></span> <span class='ocrx_word' id='word_1_652' title='bbox 3006 3768 3225 3838; x_wconf 81' lang='grc' dir='ltr'><strong>Κύριος</strong></span> <span class='ocrx_word' id='word_1_653' title='bbox 3262 3767 3458 3835; x_wconf 80' lang='grc' dir='ltr'><strong>ὀσμὴν</strong></span> <span class='ocrx_word' id='word_1_654' title='bbox 3502 3765 3619 3819; x_wconf 82' lang='grc' dir='ltr'><strong>εὐω-</strong></span> 
     </span>
    </p>
   </div>
   <div class='ocr_carea' id='block_1_81' title="bbox 2080 3852 3619 3929">
    <p class='ocr_par' dir='ltr' id='par_1_81' title="bbox 2080 3852 3619 3929">
     <span class='ocr_line' id='line_1_81' title="bbox 2080 3852 3619 3929; baseline -0.003 -14"><span class='ocrx_word' id='word_1_655' title='bbox 2080 3860 2214 3927; x_wconf 82' lang='grc' dir='ltr'><strong>δίας</strong></span> <span class='ocrx_word' id='word_1_656' title='bbox 2236 3875 2253 3892; x_wconf 82' lang='grc'><strong>’</strong></span> <span class='ocrx_word' id='word_1_657' title='bbox 2287 3860 2404 3925; x_wconf 72' lang='grc' dir='ltr'><strong>καὶ,</strong></span> <span class='ocrx_word' id='word_1_658' title='bbox 2429 3862 2561 3915; x_wconf 83' lang='grc' dir='ltr'><strong>Ὀτι</strong></span> <span class='ocrx_word' id='word_1_659' title='bbox 2604 3860 2978 3929; x_wconf 75' lang='grc' dir='ltr'><strong>πορεύσομαι</strong></span> <span class='ocrx_word' id='word_1_660' title='bbox 3004 3860 3155 3927; x_wconf 78' lang='grc' dir='ltr'><strong>πρὸς</strong></span> <span class='ocrx_word' id='word_1_661' title='bbox 3206 3858 3361 3929; x_wconf 81' lang='grc' dir='ltr'><strong>ὑμᾶς</strong></span> <span class='ocrx_word' id='word_1_662' title='bbox 3389 3859 3454 3911; x_wconf 79' lang='grc' dir='ltr'><strong>ἐν</strong></span> <span class='ocrx_word' id='word_1_663' title='bbox 3483 3852 3619 3925; x_wconf 82' lang='grc' dir='ltr'><strong>θυμῷ</strong></span> 
     </span>
    </p>
   </div>
   <div class='ocr_carea' id='block_1_82' title="bbox 2079 3948 3619 4022">
    <p class='ocr_par' dir='ltr' id='par_1_82' title="bbox 2079 3948 3619 4022">
     <span class='ocr_line' id='line_1_82' title="bbox 2079 3948 3619 4022; baseline -0.005 -16"><span class='ocrx_word' id='word_1_664' title='bbox 2079 3951 2335 4021; x_wconf 68' lang='grc' dir='ltr'><strong>πλαγίῳ,</strong></span> <span class='ocrx_word' id='word_1_665' title='bbox 2370 3951 2535 4021; x_wconf 75' lang='grc' dir='ltr'><strong>λέγει</strong></span> <span class='ocrx_word' id='word_1_666' title='bbox 2557 3952 2793 4022; x_wconf 72' lang='grc' dir='ltr'><strong>Κύριος-ο</strong></span> <span class='ocrx_word' id='word_1_667' title='bbox 2823 3952 2888 4006; x_wconf 86' lang='grc' dir='ltr'><strong>ἐκ</strong></span> <span class='ocrx_word' id='word_1_668' title='bbox 2909 3952 2973 4021; x_wconf 81' lang='grc' dir='ltr'><strong>δὴ</strong></span> <span class='ocrx_word' id='word_1_669' title='bbox 2996 3950 3207 4005; x_wconf 79' lang='grc' dir='ltr'><strong>τούτων</strong></span> <span class='ocrx_word' id='word_1_670' title='bbox 3229 3950 3326 4004; x_wconf 74' lang='grc' dir='ltr'><strong>καὶ</strong></span> <span class='ocrx_word' id='word_1_671' title='bbox 3348 3949 3452 4003; x_wconf 85' lang='grc' dir='ltr'><strong>τῶν</strong></span> <span class='ocrx_word' id='word_1_672' title='bbox 3471 3948 3619 4001; x_wconf 80' lang='grc' dir='ltr'><strong>τοιού-</strong></span> 
     </span>
    </p>
   </div>
   <div class='ocr_carea' id='block_1_83' title="bbox 2078 4038 3619 4115">
    <p class='ocr_par' dir='ltr' id='par_1_83' title="bbox 2078 4038 3619 4115">
     <span class='ocr_line' id='line_1_83' title="bbox 2078 4038 3619 4115; baseline -0.004 -19"><span class='ocrx_word' id='word_1_673' title='bbox 2078 4060 2188 4099; x_wconf 82' lang='grc' dir='ltr'><strong>των</strong></span> <span class='ocrx_word' id='word_1_674' title='bbox 2215 4042 2682 4115; x_wconf 83' lang='grc' dir='ltr'><strong>ἀνθρωπόμορφόν</strong></span> <span class='ocrx_word' id='word_1_675' title='bbox 2713 4060 2766 4097; x_wconf 88' lang='grc' dir='ltr'><strong>τι</strong></span> <span class='ocrx_word' id='word_1_676' title='bbox 2800 4038 2941 4096; x_wconf 78' lang='grc' dir='ltr'><strong>εἷναι</strong></span> <span class='ocrx_word' id='word_1_677' title='bbox 2976 4042 3065 4096; x_wconf 89' lang='grc' dir='ltr'><strong>τὸν</strong></span> <span class='ocrx_word' id='word_1_678' title='bbox 3092 4041 3228 4095; x_wconf 66' lang='grc' dir='ltr'><strong>Θεὸν</strong></span> <span class='ocrx_word' id='word_1_679' title='bbox 3252 4040 3499 4107; x_wconf 79' lang='grc' dir='ltr'><strong>ἐτίθεντο,</strong></span> <span class='ocrx_word' id='word_1_680' title='bbox 3542 4038 3619 4093; x_wconf 74' lang='grc' dir='ltr'><strong>καὶ</strong></span> 
     </span>
    </p>
   </div>
   <div class='ocr_carea' id='block_1_84' title="bbox 2079 4127 3625 4211">
    <p class='ocr_par' dir='ltr' id='par_1_84' title="bbox 2079 4127 3625 4211">
     <span class='ocr_line' id='line_1_84' title="bbox 2079 4127 3625 4211; baseline -0.004 -24"><span class='ocrx_word' id='word_1_681' title='bbox 2079 4133 2473 4203; x_wconf 74' lang='grc' dir='ltr'><strong>αἰσθανόμενον</strong></span> <span class='ocrx_word' id='word_1_682' title='bbox 2510 4134 2605 4188; x_wconf 83' lang='grc' dir='ltr'><strong>καὶ</strong></span> <span class='ocrx_word' id='word_1_683' title='bbox 2636 4132 3002 4204; x_wconf 79' lang='grc' dir='ltr'><strong>θυμούμενον,</strong></span> <span class='ocrx_word' id='word_1_684' title='bbox 3032 4134 3128 4187; x_wconf 77' lang='grc' dir='ltr'><strong>καὶ</strong></span> <span class='ocrx_word' id='word_1_685' title='bbox 3149 4132 3253 4187; x_wconf 78' lang='grc' dir='ltr'><strong>ὅσα</strong></span> <span class='ocrx_word' id='word_1_686' title='bbox 3275 4131 3407 4187; x_wconf 72' lang='grc' dir='ltr'><strong>ἄλλα</strong></span> <span class='ocrx_word' id='word_1_687' title='bbox 3433 4129 3514 4184; x_wconf 70' lang='grc' dir='ltr'><strong>διὰ</strong></span> <span class='ocrx_word' id='word_1_688' title='bbox 3540 4127 3625 4211; x_wconf 72' lang='grc' dir='ltr'><strong>τὴν</strong></span> 
     </span>
    </p>
   </div>
   <div class='ocr_carea' id='block_1_85' title="bbox 2079 4222 3620 4297">
    <p class='ocr_par' dir='ltr' id='par_1_85' title="bbox 2079 4222 3620 4297">
     <span class='ocr_line' id='line_1_85' title="bbox 2079 4222 3620 4297; baseline -0.003 -19"><span class='ocrx_word' id='word_1_689' title='bbox 2079 4222 2190 4278; x_wconf 79' lang='grc' dir='ltr'><strong>τῶν</strong></span> <span class='ocrx_word' id='word_1_690' title='bbox 2212 4224 2520 4279; x_wconf 79' lang='grc' dir='ltr'><strong>ἀκουόντων</strong></span> <span class='ocrx_word' id='word_1_691' title='bbox 2546 4223 2835 4279; x_wconf 76' lang='grc' dir='ltr'><strong>ἀσθένειαν</strong></span> <span class='ocrx_word' id='word_1_692' title='bbox 2858 4226 2892 4295; x_wconf 76' lang='grc' dir='ltr'><strong>ἡ</strong></span> <span class='ocrx_word' id='word_1_693' title='bbox 2924 4224 3045 4279; x_wconf 87' lang='grc' dir='ltr'><strong>θεία</strong></span> <span class='ocrx_word' id='word_1_694' title='bbox 3078 4224 3275 4297; x_wconf 77' lang='grc' dir='ltr'><strong>Γραφὴ</strong></span> <span class='ocrx_word' id='word_1_695' title='bbox 3321 4223 3620 4290; x_wconf 77' lang='grc' dir='ltr'><strong>διαλέγεται,</strong></span> 
     </span>
    </p>
   </div>
   <div class='ocr_carea' id='block_1_86' title="bbox 2079 4311 3618 4389">
    <p class='ocr_par' dir='ltr' id='par_1_86' title="bbox 2079 4311 3618 4389">
     <span class='ocr_line' id='line_1_86' title="bbox 2079 4311 3618 4389; baseline -0.003 -19"><span class='ocrx_word' id='word_1_696' title='bbox 2079 4314 2169 4371; x_wconf 67' lang='grc' dir='ltr'><strong>διὰ</strong></span> <span class='ocrx_word' id='word_1_697' title='bbox 2223 4316 2429 4371; x_wconf 83' lang='grc' dir='ltr'><strong>τούτων</strong></span> <span class='ocrx_word' id='word_1_698' title='bbox 2480 4315 2568 4387; x_wconf 79' lang='grc' dir='ltr'><strong>ἐφ’</strong></span> <span class='ocrx_word' id='word_1_699' title='bbox 2597 4317 2760 4389; x_wconf 76' lang='grc' dir='ltr'><strong>ἕτερα</strong></span> <span class='ocrx_word' id='word_1_700' title='bbox 2816 4318 2968 4388; x_wconf 75' lang='grc' dir='ltr'><strong>ἡμᾶς</strong></span> <span class='ocrx_word' id='word_1_701' title='bbox 3017 4317 3319 4384; x_wconf 68' lang='grc' dir='ltr'><strong>ἀνάγουσι.</strong></span> <span class='ocrx_word' id='word_1_702' title='bbox 3357 4315 3536 4369; x_wconf 77' lang='grc' dir='ltr'><strong>Καίτοι</strong></span> <span class='ocrx_word' id='word_1_703' title='bbox 3566 4311 3618 4366; x_wconf 81' lang='grc' dir='ltr'><strong>οὔ</strong></span> 
     </span>
    </p>
   </div>
   <div class='ocr_carea' id='block_1_87' title="bbox 2084 4407 3618 4480">
    <p class='ocr_par' dir='ltr' id='par_1_87' title="bbox 2084 4407 3618 4480">
     <span class='ocr_line' id='line_1_87' title="bbox 2084 4407 3618 4480; baseline -0.003 -18"><span class='ocrx_word' id='word_1_704' title='bbox 2084 4407 2244 4478; x_wconf 85' lang='grc' dir='ltr'><strong>μόνον</strong></span> <span class='ocrx_word' id='word_1_705' title='bbox 2294 4411 2322 4463; x_wconf 82' lang='grc' dir='ltr'><strong>ὁ</strong></span> <span class='ocrx_word' id='word_1_706' title='bbox 2353 4409 2483 4474; x_wconf 90' lang='grc' dir='ltr'><strong>Θεὸς</strong></span> <span class='ocrx_word' id='word_1_707' title='bbox 2534 4408 2755 4477; x_wconf 71' lang='grc' dir='ltr'><strong>λέγεται</strong></span> <span class='ocrx_word' id='word_1_708' title='bbox 2796 4409 2881 4465; x_wconf 84' lang='grc' dir='ltr'><strong>ὅτι</strong></span> <span class='ocrx_word' id='word_1_709' title='bbox 2932 4409 3047 4480; x_wconf 75' lang='grc' dir='ltr'><strong>ἔχει</strong></span> <span class='ocrx_word' id='word_1_710' title='bbox 3101 4407 3312 4480; x_wconf 76' lang='grc' dir='ltr'><strong>ζωὴνῆ</strong></span> <span class='ocrx_word' id='word_1_711' title='bbox 3352 4409 3618 4480; x_wconf 75' lang='grc' dir='ltr'><strong>ἐνέργειαν,</strong></span> 
     </span>
    </p>
   </div>
   <div class='ocr_carea' id='block_1_88' title="bbox 415 4499 1977 4575">
    <p class='ocr_par' dir='ltr' id='par_1_88' title="bbox 415 4502 1977 4575">
     <span class='ocr_line' id='line_1_88' title="bbox 415 4502 1977 4575; baseline 0.005 -22"><span class='ocrx_word' id='word_1_712' title='bbox 415 4502 719 4558; x_wconf 85' lang='lat' dir='ltr'><strong>auditorum</strong></span> <span class='ocrx_word' id='word_1_713' title='bbox 750 4504 1199 4573; x_wconf 83' lang='lat' dir='ltr'><strong>imbecillitatem,</strong></span> <span class='ocrx_word' id='word_1_714' title='bbox 1232 4522 1297 4562; x_wconf 81' lang='lat' dir='ltr'><strong>ex</strong></span> <span class='ocrx_word' id='word_1_715' title='bbox 1338 4507 1423 4564; x_wconf 89' lang='lat' dir='ltr'><strong>bis</strong></span> <span class='ocrx_word' id='word_1_716' title='bbox 1457 4508 1551 4575; x_wconf 44' lang='lat' dir='ltr'><strong>ad,</strong></span> <span class='ocrx_word' id='word_1_717' title='bbox 1576 4506 1682 4561; x_wconf 78' lang='lat' dir='ltr'><strong>alia</strong></span> <span class='ocrx_word' id='word_1_718' title='bbox 1710 4506 1870 4562; x_wconf 90' lang='lat' dir='ltr'><strong>nobis</strong></span> <span class='ocrx_word' id='word_1_719' title='bbox 1901 4506 1977 4561; x_wconf 84' lang='lat' dir='ltr'><strong>al-</strong></span> 
     </span>
    </p>
   </div>
   <div class='ocr_carea' id='block_1_89' title="bbox 2084 4499 3620 4575">
    <p class='ocr_par' dir='ltr' id='par_1_89' title="bbox 2084 4499 3620 4571">
     <span class='ocr_line' id='line_1_89' title="bbox 2084 4499 3620 4571; baseline -0.004 -18"><span class='ocrx_word' id='word_1_720' title='bbox 2084 4499 2197 4554; x_wconf 77' lang='grc' dir='ltr'><strong>ἀλλ’</strong></span> <span class='ocrx_word' id='word_1_721' title='bbox 2220 4501 2300 4554; x_wconf 82' lang='grc' dir='ltr'><strong>ὅτι</strong></span> <span class='ocrx_word' id='word_1_722' title='bbox 2340 4499 2452 4571; x_wconf 75' lang='grc' dir='ltr'><strong>ἔχει</strong></span> <span class='ocrx_word' id='word_1_723' title='bbox 2507 4502 2603 4554; x_wconf 80' lang='grc' dir='ltr'><strong>καὶ</strong></span> <span class='ocrx_word' id='word_1_724' title='bbox 2636 4502 2848 4567; x_wconf 77' lang='grc' dir='ltr'><strong>οὐσίαν,</strong></span> <span class='ocrx_word' id='word_1_725' title='bbox 2882 4502 3023 4554; x_wconf 80' lang='grc' dir='ltr'><strong>κατὰ</strong></span> <span class='ocrx_word' id='word_1_726' title='bbox 3045 4500 3135 4555; x_wconf 86' lang='grc' dir='ltr'><strong>τὸν</strong></span> <span class='ocrx_word' id='word_1_727' title='bbox 3177 4501 3334 4569; x_wconf 77' lang='grc' dir='ltr'><strong>ἆγιον</strong></span> <span class='ocrx_word' id='word_1_728' title='bbox 3367 4499 3620 4553; x_wconf 83' lang='grc' dir='ltr'><strong>Ἰουστίνον</strong></span> 
     </span>
    </p>
   </div>
   <div class='ocr_carea' id='block_1_90' title="bbox 414 4592 1981 4666">
    <p class='ocr_par' dir='ltr' id='par_1_90' title="bbox 414 4592 1981 4666">
     <span class='ocr_line' id='line_1_90' title="bbox 414 4592 1981 4666; baseline 0.003 -21"><span class='ocrx_word' id='word_1_729' title='bbox 414 4592 551 4646; x_wconf 77' lang='lat' dir='ltr'><strong>tiom</strong></span> <span class='ocrx_word' id='word_1_730' title='bbox 582 4593 682 4647; x_wconf 90' lang='lat' dir='ltr'><strong>iter</strong></span> <span class='ocrx_word' id='word_1_731' title='bbox 718 4594 982 4666; x_wconf 70' lang='lat' dir='ltr'><strong>pandens.</strong></span> <span class='ocrx_word' id='word_1_732' title='bbox 1003 4594 1241 4653; x_wconf 84' lang='lat' dir='ltr'><strong>Tametsi</strong></span> <span class='ocrx_word' id='word_1_733' title='bbox 1272 4597 1430 4660; x_wconf 88' lang='lat' dir='ltr'><strong>Deus,</strong></span> <span class='ocrx_word' id='word_1_734' title='bbox 1462 4596 1659 4651; x_wconf 85' lang='lat' dir='ltr'><strong>nedum</strong></span> <span class='ocrx_word' id='word_1_735' title='bbox 1691 4595 1851 4650; x_wconf 83' lang='lat' dir='ltr'><strong>vitam</strong></span> <span class='ocrx_word' id='word_1_736' title='bbox 1887 4596 1981 4650; x_wconf 87' lang='lat' dir='ltr'><strong>ha-</strong></span> 
     </span>
    </p>
   </div>
   <div class='ocr_carea' id='block_1_91' title="bbox 418 4680 1977 4754">
    <p class='ocr_par' dir='ltr' id='par_1_91' title="bbox 418 4680 1977 4754">
     <span class='ocr_line' id='line_1_91' title="bbox 418 4680 1977 4754; baseline 0.005 -21"><span class='ocrx_word' id='word_1_737' title='bbox 418 4680 545 4734; x_wconf 85' lang='lat' dir='ltr'><strong>bere</strong></span> <span class='ocrx_word' id='word_1_738' title='bbox 567 4681 776 4735; x_wconf 84' lang='lat' dir='ltr'><strong>dicatur</strong></span> <span class='ocrx_word' id='word_1_739' title='bbox 796 4692 892 4753; x_wconf 81' lang='lat' dir='ltr'><strong>aut</strong></span> <span class='ocrx_word' id='word_1_740' title='bbox 925 4685 1324 4754; x_wconf 88' lang='lat' dir='ltr'><strong>operationem,</strong></span> <span class='ocrx_word' id='word_1_741' title='bbox 1357 4699 1544 4741; x_wconf 89' lang='lat' dir='ltr'><strong>verum</strong></span> <span class='ocrx_word' id='word_1_742' title='bbox 1593 4685 1757 4741; x_wconf 87' lang='lat' dir='ltr'><strong>etiam</strong></span> <span class='ocrx_word' id='word_1_743' title='bbox 1784 4701 1977 4741; x_wconf 61' lang='lat' dir='ltr'><strong>essen-</strong></span> 
     </span>
    </p>
   </div>
   <div class='ocr_carea' id='block_1_92' title="bbox 417 4771 1979 4841">
    <p class='ocr_par' dir='ltr' id='par_1_92' title="bbox 417 4771 1979 4841">
     <span class='ocr_line' id='line_1_92' title="bbox 417 4771 1979 4841; baseline 0.006 -18"><span class='ocrx_word' id='word_1_744' title='bbox 417 4771 568 4837; x_wconf 90' lang='lat' dir='ltr'><strong>tiam,</strong></span> <span class='ocrx_word' id='word_1_745' title='bbox 610 4787 702 4827; x_wconf 87' lang='lat' dir='ltr'><strong>seu</strong></span> <span class='ocrx_word' id='word_1_746' title='bbox 735 4775 1116 4841; x_wconf 86' lang='lat' dir='ltr'><strong>substantiam,</strong></span> <span class='ocrx_word' id='word_1_747' title='bbox 1156 4786 1216 4831; x_wconf 91' lang='lat' dir='ltr'><strong>ut</strong></span> <span class='ocrx_word' id='word_1_748' title='bbox 1269 4787 1463 4832; x_wconf 88' lang='lat' dir='ltr'><strong>auctor</strong></span> <span class='ocrx_word' id='word_1_749' title='bbox 1510 4787 1593 4832; x_wconf 89' lang='lat' dir='ltr'><strong>est</strong></span> <span class='ocrx_word' id='word_1_750' title='bbox 1621 4775 1873 4833; x_wconf 82' lang='lat' dir='ltr'><strong>Justinus</strong></span> <span class='ocrx_word' id='word_1_751' title='bbox 1928 4778 1979 4833; x_wconf 93' lang='lat' dir='ltr'><strong>in</strong></span> 
     </span>
    </p>
   </div>
   <div class='ocr_carea' id='block_1_93' title="bbox 416 4862 1980 4938">
    <p class='ocr_par' dir='ltr' id='par_1_93' title="bbox 416 4862 1980 4938">
     <span class='ocr_line' id='line_1_93' title="bbox 416 4862 1980 4938; baseline 0.005 -23"><span class='ocrx_word' id='word_1_752' title='bbox 416 4862 555 4918; x_wconf 89' lang='lat' dir='ltr'><strong>libro</strong></span> <span class='ocrx_word' id='word_1_753' title='bbox 583 4865 843 4921; x_wconf 77' lang='lat' dir='ltr'><strong>Aduersus</strong></span> <span class='ocrx_word' id='word_1_754' title='bbox 882 4866 1131 4932; x_wconf 75' lang='lat' dir='ltr'><strong>ercos;</strong></span> <span class='ocrx_word' id='word_1_755' title='bbox 1182 4878 1465 4938; x_wconf 89' lang='lat' dir='ltr'><strong>totumque</strong></span> <span class='ocrx_word' id='word_1_756' title='bbox 1522 4869 1980 4937; x_wconf 64' lang='lat' dir='ltr'><strong>comprehensum</strong></span> 
     </span>
    </p>
   </div>
   <div class='ocr_carea' id='block_1_94' title="bbox 418 4954 1982 5030">
    <p class='ocr_par' dir='ltr' id='par_1_94' title="bbox 418 4954 1982 5030">
     <span class='ocr_line' id='line_1_94' title="bbox 418 4954 1982 5030; baseline 0.005 -22"><span class='ocrx_word' id='word_1_757' title='bbox 418 4954 473 5008; x_wconf 85' lang='lat' dir='ltr'><strong>in</strong></span> <span class='ocrx_word' id='word_1_758' title='bbox 505 4957 684 5026; x_wconf 89' lang='lat' dir='ltr'><strong>seipso</strong></span> <span class='ocrx_word' id='word_1_759' title='bbox 716 4974 837 5015; x_wconf 87' lang='lat' dir='ltr'><strong>esse</strong></span> <span class='ocrx_word' id='word_1_760' title='bbox 868 4960 1092 5026; x_wconf 89' lang='lat' dir='ltr'><strong>habere,</strong></span> <span class='ocrx_word' id='word_1_761' title='bbox 1124 4970 1180 5016; x_wconf 92' lang='lat' dir='ltr'><strong>nt</strong></span> <span class='ocrx_word' id='word_1_762' title='bbox 1206 4962 1371 5017; x_wconf 87' lang='lat' dir='ltr'><strong>sentit</strong></span> <span class='ocrx_word' id='word_1_763' title='bbox 1392 4962 1686 5030; x_wconf 81' lang='lat' dir='ltr'><strong>Gregorius</strong></span> <span class='ocrx_word' id='word_1_764' title='bbox 1746 4960 1982 5017; x_wconf 86' lang='lat' dir='ltr'><strong>Theolo-</strong></span> 
     </span>
    </p>
   </div>
   <div class='ocr_carea' id='block_1_95' title="bbox 420 5047 1983 5122">
    <p class='ocr_par' dir='ltr' id='par_1_95' title="bbox 420 5047 1983 5122">
     <span class='ocr_line' id='line_1_95' title="bbox 420 5047 1983 5122; baseline 0.006 -24"><span class='ocrx_word' id='word_1_765' title='bbox 420 5061 539 5113; x_wconf 81' lang='lat' dir='ltr'><strong>gus.</strong></span> <span class='ocrx_word' id='word_1_766' title='bbox 594 5047 1038 5121; x_wconf 85' lang='lat' dir='ltr'><strong>Quandoquidem</strong></span> <span class='ocrx_word' id='word_1_767' title='bbox 1100 5053 1265 5122; x_wconf 82' lang='lat' dir='ltr'><strong>igitur</strong></span> <span class='ocrx_word' id='word_1_768' title='bbox 1314 5053 1459 5107; x_wconf 85' lang='lat' dir='ltr'><strong>aliud</strong></span> <span class='ocrx_word' id='word_1_769' title='bbox 1510 5068 1632 5108; x_wconf 91' lang='lat' dir='ltr'><strong>esse</strong></span> <span class='ocrx_word' id='word_1_770' title='bbox 1698 5053 1880 5107; x_wconf 87' lang='lat' dir='ltr'><strong>dicunt</strong></span> <span class='ocrx_word' id='word_1_771' title='bbox 1931 5054 1983 5108; x_wconf 88' lang='lat' dir='ltr'><strong>id</strong></span> 
     </span>
    </p>
   </div>
   <div class='ocr_carea' id='block_1_96' title="bbox 2084 4588 3619 4663">
    <p class='ocr_par' dir='ltr' id='par_1_96' title="bbox 2084 4588 3619 4663">
     <span class='ocr_line' id='line_1_96' title="bbox 2084 4588 3619 4663; baseline -0.003 -18"><span class='ocrx_word' id='word_1_772' title='bbox 2084 4591 2242 4662; x_wconf 83' lang='grc' dir='ltr'><strong>ἐντῷ</strong></span> <span class='ocrx_word' id='word_1_773' title='bbox 2276 4594 2415 4646; x_wconf 81' lang='grc' dir='ltr'><strong>κατὰ</strong></span> <span class='ocrx_word' id='word_1_774' title='bbox 2473 4593 2743 4663; x_wconf 81' lang='grc' dir='ltr'><strong>Ἐλλήνων</strong></span> <span class='ocrx_word' id='word_1_775' title='bbox 2772 4591 2935 4647; x_wconf 74' lang='grc' dir='ltr'><strong>αὐτοῦ</strong></span> <span class='ocrx_word' id='word_1_776' title='bbox 2969 4592 3113 4663; x_wconf 83' lang='grc' dir='ltr'><strong>λόγῳ</strong></span> <span class='ocrx_word' id='word_1_777' title='bbox 3141 4607 3157 4623; x_wconf 77' lang='grc' dir='ltr'><strong>ο</strong></span> <span class='ocrx_word' id='word_1_778' title='bbox 3207 4592 3302 4646; x_wconf 77' lang='grc' dir='ltr'><strong>καὶ</strong></span> <span class='ocrx_word' id='word_1_779' title='bbox 3346 4593 3424 4645; x_wconf 82' lang='grc' dir='ltr'><strong>ὅτι</strong></span> <span class='ocrx_word' id='word_1_780' title='bbox 3443 4588 3550 4646; x_wconf 78' lang='grc' dir='ltr'><strong>ὅλον</strong></span> <span class='ocrx_word' id='word_1_781' title='bbox 3572 4589 3619 4641; x_wconf 81' lang='grc' dir='ltr'><strong>ἐν</strong></span> 
     </span>
    </p>
   </div>
   <div class='ocr_carea' id='block_1_97' title="bbox 2085 4678 3619 4755">
    <p class='ocr_par' dir='ltr' id='par_1_97' title="bbox 2085 4678 3619 4755">
     <span class='ocr_line' id='line_1_97' title="bbox 2085 4678 3619 4755; baseline -0.003 -17"><span class='ocrx_word' id='word_1_782' title='bbox 2085 4683 2261 4755; x_wconf 84' lang='grc' dir='ltr'><strong>ἐαυτῷ</strong></span> <span class='ocrx_word' id='word_1_783' title='bbox 2286 4682 2565 4737; x_wconf 74' lang='grc' dir='ltr'><strong>συλλαϐὼν</strong></span> <span class='ocrx_word' id='word_1_784' title='bbox 2595 4682 2708 4753; x_wconf 75' lang='grc' dir='ltr'><strong>ἔχει</strong></span> <span class='ocrx_word' id='word_1_785' title='bbox 2753 4683 2814 4736; x_wconf 84' lang='grc' dir='ltr'><strong>τὸ</strong></span> <span class='ocrx_word' id='word_1_786' title='bbox 2872 4678 3037 4745; x_wconf 75' lang='grc' dir='ltr'><strong>εἶναι,</strong></span> <span class='ocrx_word' id='word_1_787' title='bbox 3071 4682 3215 4737; x_wconf 71' lang='grc' dir='ltr'><strong>κατὰ</strong></span> <span class='ocrx_word' id='word_1_788' title='bbox 3265 4683 3359 4737; x_wconf 82' lang='grc' dir='ltr'><strong>τὸν</strong></span> <span class='ocrx_word' id='word_1_789' title='bbox 3391 4682 3619 4748; x_wconf 76' lang='grc' dir='ltr'><strong>Θεολόγον</strong></span> 
     </span>
    </p>
   </div>
   <div class='ocr_carea' id='block_1_98' title="bbox 2086 4764 3621 4849">
    <p class='ocr_par' dir='ltr' id='par_1_98' title="bbox 2086 4764 3621 4849">
     <span class='ocr_line' id='line_1_98' title="bbox 2086 4764 3621 4849; baseline -0.005 -18"><span class='ocrx_word' id='word_1_790' title='bbox 2086 4764 2405 4849; x_wconf 62' lang='grc' dir='ltr'><strong>Γρηγόριον,</strong></span> <span class='ocrx_word' id='word_1_791' title='bbox 2433 4776 2586 4829; x_wconf 75' lang='grc' dir='ltr'><strong>Ἐπεὶ</strong></span> <span class='ocrx_word' id='word_1_792' title='bbox 2607 4773 2701 4831; x_wconf 77' lang='grc' dir='ltr'><strong>οὖν</strong></span> <span class='ocrx_word' id='word_1_793' title='bbox 2726 4793 2892 4845; x_wconf 82' lang='grc' dir='ltr'><strong>φασιν</strong></span> <span class='ocrx_word' id='word_1_794' title='bbox 2927 4776 3057 4829; x_wconf 75' lang='grc' dir='ltr'><strong>ἄλλο</strong></span> <span class='ocrx_word' id='word_1_795' title='bbox 3084 4778 3184 4848; x_wconf 73' lang='grc' dir='ltr'><strong>μὶν</strong></span> <span class='ocrx_word' id='word_1_796' title='bbox 3210 4772 3350 4832; x_wconf 74' lang='grc' dir='ltr'><strong>εἶναι</strong></span> <span class='ocrx_word' id='word_1_797' title='bbox 3373 4777 3432 4829; x_wconf 82' lang='grc' dir='ltr'><strong>τὸ</strong></span> <span class='ocrx_word' id='word_1_798' title='bbox 3458 4774 3621 4845; x_wconf 80' lang='grc' dir='ltr'><strong>ἐχόμε-</strong></span> 
     </span>
    </p>
   </div>
   <div class='ocr_carea' id='block_1_99' title="bbox 2087 4864 3620 4939">
    <p class='ocr_par' dir='ltr' id='par_1_99' title="bbox 2087 4864 3620 4939">
     <span class='ocr_line' id='line_1_99' title="bbox 2087 4864 3620 4939; baseline -0.006 -16"><span class='ocrx_word' id='word_1_799' title='bbox 2087 4886 2199 4933; x_wconf 85' lang='grc' dir='ltr'><strong>νον,</strong></span> <span class='ocrx_word' id='word_1_800' title='bbox 2230 4868 2360 4923; x_wconf 73' lang='grc' dir='ltr'><strong>ἄλλο</strong></span> <span class='ocrx_word' id='word_1_801' title='bbox 2409 4867 2467 4921; x_wconf 68' lang='grc' dir='ltr'><strong>δέ</strong></span> <span class='ocrx_word' id='word_1_802' title='bbox 2509 4867 2571 4921; x_wconf 83' lang='grc' dir='ltr'><strong>τὸ</strong></span> <span class='ocrx_word' id='word_1_803' title='bbox 2620 4866 2743 4939; x_wconf 71' lang='grc' dir='ltr'><strong>ἔχον</strong></span> <span class='ocrx_word' id='word_1_804' title='bbox 2778 4869 3036 4938; x_wconf 77' lang='grc' dir='ltr'><strong>πρᾶγμα,</strong></span> <span class='ocrx_word' id='word_1_805' title='bbox 3085 4868 3277 4939; x_wconf 74' lang='grc' dir='ltr'><strong>ἕψεται</strong></span> <span class='ocrx_word' id='word_1_806' title='bbox 3304 4868 3425 4921; x_wconf 79' lang='grc' dir='ltr'><strong>κατ’</strong></span> <span class='ocrx_word' id='word_1_807' title='bbox 3456 4864 3620 4925; x_wconf 72' lang='grc' dir='ltr'><strong>αὐτοὺς</strong></span> 
     </span>
    </p>
   </div>
   <div class='ocr_carea' id='block_1_100' title="bbox 2088 4952 3619 5030">
    <p class='ocr_par' dir='ltr' id='par_1_100' title="bbox 2088 4952 3619 5030">
     <span class='ocr_line' id='line_1_100' title="bbox 2088 4952 3619 5030; baseline -0.005 -16"><span class='ocrx_word' id='word_1_808' title='bbox 2088 4960 2215 5015; x_wconf 77' lang='grc' dir='ltr'><strong>ἄλλο</strong></span> <span class='ocrx_word' id='word_1_809' title='bbox 2238 4960 2335 5030; x_wconf 76' lang='grc' dir='ltr'><strong>μὲν</strong></span> <span class='ocrx_word' id='word_1_810' title='bbox 2357 4955 2495 5013; x_wconf 72' lang='grc' dir='ltr'><strong>εἶναι</strong></span> <span class='ocrx_word' id='word_1_811' title='bbox 2524 4959 2613 5012; x_wconf 85' lang='grc' dir='ltr'><strong>τὸν</strong></span> <span class='ocrx_word' id='word_1_812' title='bbox 2643 4958 2799 5024; x_wconf 88' lang='grc' dir='ltr'><strong>Θεὸν,</strong></span> <span class='ocrx_word' id='word_1_813' title='bbox 2826 4959 3014 5029; x_wconf 70' lang='grc' dir='ltr'><strong>ἕτερον</strong></span> <span class='ocrx_word' id='word_1_814' title='bbox 3045 4959 3103 5013; x_wconf 70' lang='grc' dir='ltr'><strong>δὲ</strong></span> <span class='ocrx_word' id='word_1_815' title='bbox 3124 4960 3224 5030; x_wconf 79' lang='grc' dir='ltr'><strong>τὴν</strong></span> <span class='ocrx_word' id='word_1_816' title='bbox 3255 4959 3439 5013; x_wconf 80' lang='grc' dir='ltr'><strong>οὐσίαν</strong></span> <span class='ocrx_word' id='word_1_817' title='bbox 3459 4952 3619 5018; x_wconf 77' lang='grc' dir='ltr'><strong>αὐτοῦ,</strong></span> 
     </span>
    </p>
   </div>
   <div class='ocr_carea' id='block_1_101' title="bbox 2090 5046 3559 5122">
    <p class='ocr_par' dir='ltr' id='par_1_101' title="bbox 2090 5046 3559 5122">
     <span class='ocr_line' id='line_1_101' title="bbox 2090 5046 3559 5122; baseline -0.004 -16"><span class='ocrx_word' id='word_1_818' title='bbox 2090 5054 2184 5107; x_wconf 69' lang='grc' dir='ltr'><strong>καὶ</strong></span> <span class='ocrx_word' id='word_1_819' title='bbox 2223 5047 2288 5106; x_wconf 80' lang='grc' dir='ltr'><strong>αὖ</strong></span> <span class='ocrx_word' id='word_1_820' title='bbox 2312 5051 2440 5106; x_wconf 77' lang='grc' dir='ltr'><strong>ἄλλο</strong></span> <span class='ocrx_word' id='word_1_821' title='bbox 2481 5051 2578 5122; x_wconf 75' lang='grc' dir='ltr'><strong>μὲν</strong></span> <span class='ocrx_word' id='word_1_822' title='bbox 2610 5051 2795 5116; x_wconf 73' lang='grc' dir='ltr'><strong>αὑτὸν,</strong></span> <span class='ocrx_word' id='word_1_823' title='bbox 2819 5052 3005 5121; x_wconf 73' lang='grc' dir='ltr'><strong>ἕτερον</strong></span> <span class='ocrx_word' id='word_1_824' title='bbox 3029 5052 3083 5105; x_wconf 83' lang='grc' dir='ltr'><strong>δέ</strong></span> <span class='ocrx_word' id='word_1_825' title='bbox 3116 5051 3177 5104; x_wconf 85' lang='grc' dir='ltr'><strong>τὸ</strong></span> <span class='ocrx_word' id='word_1_826' title='bbox 3214 5046 3354 5106; x_wconf 76' lang='grc' dir='ltr'><strong>εἶναι</strong></span> <span class='ocrx_word' id='word_1_827' title='bbox 3390 5048 3559 5103; x_wconf 74' lang='grc' dir='ltr'><strong>αὐτοῦ.</strong></span> 
     </span>
    </p>
   </div>
   <div class='ocr_carea' id='block_1_102' title="bbox 419 5144 3621 5219">
    <p class='ocr_par' dir='ltr' id='par_1_102' title="bbox 419 5144 3621 5219">
     <span class='ocr_line' id='line_1_102' title="bbox 419 5144 3621 5219; baseline -0.004 -10"><span class='ocrx_word' id='word_1_828' title='bbox 419 5144 560 5209; x_wconf 69' lang='lat' dir='ltr'><strong>Quod</strong></span> <span class='ocrx_word' id='word_1_829' title='bbox 594 5146 840 5212; x_wconf 90' lang='lat' dir='ltr'><strong>habetur,</strong></span> <span class='ocrx_word' id='word_1_830' title='bbox 870 5164 1093 5219; x_wconf 88' lang='lat' dir='ltr'><strong>remque</strong></span> <span class='ocrx_word' id='word_1_831' title='bbox 1118 5150 1273 5204; x_wconf 87' lang='lat' dir='ltr'><strong>aliam</strong></span> <span class='ocrx_word' id='word_1_832' title='bbox 1307 5150 1357 5205; x_wconf 89' lang='lat' dir='ltr'><strong>id</strong></span> <span class='ocrx_word' id='word_1_833' title='bbox 1412 5150 1555 5219; x_wconf 93' lang='lat' dir='ltr'><strong>quod</strong></span> <span class='ocrx_word' id='word_1_834' title='bbox 1589 5149 1789 5213; x_wconf 89' lang='lat' dir='ltr'><strong>habet,</strong></span> <span class='ocrx_word' id='word_1_835' title='bbox 1859 5163 2194 5219; x_wconf 86' lang='lat' dir='ltr'><strong>consequens</strong></span> <span class='ocrx_word' id='word_1_836' title='bbox 2248 5148 2310 5204; x_wconf 82' lang='lat' dir='ltr'><strong>ﬁt</strong></span> <span class='ocrx_word' id='word_1_837' title='bbox 2381 5149 2435 5202; x_wconf 91' lang='lat' dir='ltr'><strong>in</strong></span> <span class='ocrx_word' id='word_1_838' title='bbox 2482 5148 2697 5202; x_wconf 85' lang='lat' dir='ltr'><strong>illorum</strong></span> <span class='ocrx_word' id='word_1_839' title='bbox 2759 5152 3050 5211; x_wconf 85' lang='lat' dir='ltr'><strong>sententia,</strong></span> <span class='ocrx_word' id='word_1_840' title='bbox 3095 5148 3243 5203; x_wconf 88' lang='lat' dir='ltr'><strong>aliud</strong></span> <span class='ocrx_word' id='word_1_841' title='bbox 3291 5160 3415 5203; x_wconf 87' lang='lat' dir='ltr'><strong>esse</strong></span> <span class='ocrx_word' id='word_1_842' title='bbox 3456 5144 3621 5204; x_wconf 79' lang='lat' dir='ltr'><strong>Deum,</strong></span> 
     </span>
    </p>
   </div>
   <div class='ocr_carea' id='block_1_103' title="bbox 420 5234 3232 5312">
    <p class='ocr_par' dir='ltr' id='par_1_103' title="bbox 420 5234 3232 5312">
     <span class='ocr_line' id='line_1_103' title="bbox 420 5234 3232 5312; baseline 0.003 -25"><span class='ocrx_word' id='word_1_843' title='bbox 420 5244 582 5302; x_wconf 80' lang='lat' dir='ltr'><strong>atque</strong></span> <span class='ocrx_word' id='word_1_844' title='bbox 614 5234 756 5291; x_wconf 87' lang='lat' dir='ltr'><strong>aliud</strong></span> <span class='ocrx_word' id='word_1_845' title='bbox 779 5238 898 5308; x_wconf 82' lang='lat' dir='ltr'><strong>ejus</strong></span> <span class='ocrx_word' id='word_1_846' title='bbox 921 5241 1212 5296; x_wconf 81' lang='lat' dir='ltr'><strong>essentiam</strong></span> <span class='ocrx_word' id='word_1_847' title='bbox 1244 5256 1307 5295; x_wconf 88' lang='lat' dir='ltr'><strong>ac</strong></span> <span class='ocrx_word' id='word_1_848' title='bbox 1349 5242 1733 5307; x_wconf 80' lang='lat' dir='ltr'><strong>substantiam,</strong></span> <span class='ocrx_word' id='word_1_849' title='bbox 1755 5256 1819 5297; x_wconf 86' lang='lat' dir='ltr'><strong>ac</strong></span> <span class='ocrx_word' id='word_1_850' title='bbox 1844 5255 2030 5297; x_wconf 89' lang='lat' dir='ltr'><strong>rursus</strong></span> <span class='ocrx_word' id='word_1_851' title='bbox 2063 5241 2241 5312; x_wconf 88' lang='lat' dir='ltr'><strong>ipsum</strong></span> <span class='ocrx_word' id='word_1_852' title='bbox 2280 5241 2426 5297; x_wconf 84' lang='lat' dir='ltr'><strong>aliud</strong></span> <span class='ocrx_word' id='word_1_853' title='bbox 2456 5257 2601 5309; x_wconf 85' lang='lat' dir='ltr'><strong>esse,</strong></span> <span class='ocrx_word' id='word_1_854' title='bbox 2633 5242 2889 5310; x_wconf 86' lang='lat' dir='ltr'><strong>aliudque</strong></span> <span class='ocrx_word' id='word_1_855' title='bbox 2915 5258 3035 5297; x_wconf 89' lang='lat' dir='ltr'><strong>esse</strong></span> <span class='ocrx_word' id='word_1_856' title='bbox 3064 5242 3232 5296; x_wconf 90' lang='lat' dir='ltr'><strong>illius.</strong></span> 
     </span>
    </p>
   </div>
   <div class='ocr_carea' id='block_1_104' title="bbox 494 5326 1982 5405">
    <p class='ocr_par' dir='ltr' id='par_1_104' title="bbox 494 5326 1982 5405">
     <span class='ocr_line' id='line_1_104' title="bbox 494 5326 1982 5405; baseline 0.01 -27"><span class='ocrx_word' id='word_1_857' title='bbox 494 5326 937 5403; x_wconf 65' lang='lat' dir='ltr'><strong>Praetereajuxta</strong></span> <span class='ocrx_word' id='word_1_858' title='bbox 961 5349 1148 5389; x_wconf 89' lang='lat' dir='ltr'><strong>eorum</strong></span> <span class='ocrx_word' id='word_1_859' title='bbox 1198 5335 1475 5403; x_wconf 58' lang='lat' dir='ltr'><strong>theologia</strong></span> <span class='ocrx_word' id='word_1_860' title='bbox 1531 5337 1769 5405; x_wconf 73' lang='lat' dir='ltr'><strong>regulas,</strong></span> <span class='ocrx_word' id='word_1_861' title='bbox 1838 5336 1982 5393; x_wconf 89' lang='lat' dir='ltr'><strong>Deus</strong></span> 
     </span>
    </p>
   </div>
   <div class='ocr_carea' id='block_1_105' title="bbox 422 5426 1988 5493">
    <p class='ocr_par' dir='ltr' id='par_1_105' title="bbox 422 5426 1988 5493">
     <span class='ocr_line' id='line_1_105' title="bbox 422 5426 1988 5493; baseline 0.006 -21"><span class='ocrx_word' id='word_1_862' title='bbox 422 5432 613 5486; x_wconf 77' lang='lat' dir='ltr'><strong>expers</strong></span> <span class='ocrx_word' id='word_1_863' title='bbox 642 5426 892 5479; x_wconf 73' lang='lat' dir='ltr'><strong>essentia:</strong></span> <span class='ocrx_word' id='word_1_864' title='bbox 913 5426 1017 5480; x_wconf 90' lang='lat' dir='ltr'><strong>erit</strong></span> <span class='ocrx_word' id='word_1_865' title='bbox 1036 5443 1052 5493; x_wconf 84' lang='lat'><strong>;</strong></span> <span class='ocrx_word' id='word_1_866' title='bbox 1072 5441 1171 5482; x_wconf 90' lang='lat' dir='ltr'><strong>nec</strong></span> <span class='ocrx_word' id='word_1_867' title='bbox 1192 5430 1425 5482; x_wconf 85' lang='lat' dir='ltr'><strong>essentia</strong></span> <span class='ocrx_word' id='word_1_868' title='bbox 1455 5428 1548 5483; x_wconf 91' lang='lat' dir='ltr'><strong>Dei</strong></span> <span class='ocrx_word' id='word_1_869' title='bbox 1609 5446 1703 5483; x_wconf 80' lang='lat' dir='ltr'><strong>seu</strong></span> <span class='ocrx_word' id='word_1_870' title='bbox 1732 5428 1988 5484; x_wconf 83' lang='lat' dir='ltr'><strong>substan-</strong></span> 
     </span>
    </p>
   </div>
   <div class='ocr_carea' id='block_1_106' title="bbox 426 5510 1985 5588">
    <p class='ocr_par' dir='ltr' id='par_1_106' title="bbox 426 5510 1985 5588">
     <span class='ocr_line' id='line_1_106' title="bbox 426 5510 1985 5588; baseline 0.008 -26"><span class='ocrx_word' id='word_1_871' title='bbox 426 5512 498 5564; x_wconf 85' lang='lat' dir='ltr'><strong>tia</strong></span> <span class='ocrx_word' id='word_1_872' title='bbox 529 5510 670 5570; x_wconf 79' lang='lat' dir='ltr'><strong>Deus</strong></span> <span class='ocrx_word' id='word_1_873' title='bbox 698 5514 878 5571; x_wconf 77' lang='lat' dir='ltr'><strong>futura</strong></span> <span class='ocrx_word' id='word_1_874' title='bbox 906 5525 1009 5572; x_wconf 87' lang='lat' dir='ltr'><strong>est.</strong></span> <span class='ocrx_word' id='word_1_875' title='bbox 1034 5514 1194 5573; x_wconf 71' lang='lat' dir='ltr'><strong>Juxta</strong></span> <span class='ocrx_word' id='word_1_876' title='bbox 1225 5518 1369 5574; x_wconf 87' lang='lat' dir='ltr'><strong>enim</strong></span> <span class='ocrx_word' id='word_1_877' title='bbox 1424 5520 1764 5586; x_wconf 74' lang='lat' dir='ltr'><strong>divisionem,</strong></span> <span class='ocrx_word' id='word_1_878' title='bbox 1822 5535 1985 5588; x_wconf 89' lang='lat' dir='ltr'><strong>quam</strong></span> 
     </span>
    </p>
   </div>
   <div class='ocr_carea' id='block_1_107' title="bbox 424 5600 1981 5682">
    <p class='ocr_par' dir='ltr' id='par_1_107' title="bbox 424 5600 1981 5682">
     <span class='ocr_line' id='line_1_107' title="bbox 424 5600 1981 5682; baseline 0.006 -27"><span class='ocrx_word' id='word_1_879' title='bbox 424 5600 1070 5676; x_wconf 76' lang='lat' dir='ltr'><strong>induxerunt,babentis,</strong></span> <span class='ocrx_word' id='word_1_880' title='bbox 1106 5620 1159 5666; x_wconf 93' lang='lat' dir='ltr'><strong>et</strong></span> <span class='ocrx_word' id='word_1_881' title='bbox 1183 5611 1298 5681; x_wconf 86' lang='lat' dir='ltr'><strong>ejus</strong></span> <span class='ocrx_word' id='word_1_882' title='bbox 1350 5613 1493 5682; x_wconf 86' lang='lat' dir='ltr'><strong>quod</strong></span> <span class='ocrx_word' id='word_1_883' title='bbox 1536 5612 1766 5668; x_wconf 83' lang='lat' dir='ltr'><strong>habetur</strong></span> <span class='ocrx_word' id='word_1_884' title='bbox 1842 5627 1981 5665; x_wconf 88' lang='lat' dir='ltr'><strong>nun-</strong></span> 
     </span>
    </p>
   </div>
   <div class='ocr_carea' id='block_1_108' title="bbox 2171 5332 3621 5407">
    <p class='ocr_par' dir='ltr' id='par_1_108' title="bbox 2171 5332 3621 5407">
     <span class='ocr_line' id='line_1_108' title="bbox 2171 5332 3621 5407; baseline -0.006 -14"><span class='ocrx_word' id='word_1_885' title='bbox 2171 5339 2293 5393; x_wconf 83' lang='grc' dir='ltr'><strong>Ἔτι</strong></span> <span class='ocrx_word' id='word_1_886' title='bbox 2316 5338 2459 5393; x_wconf 84' lang='grc' dir='ltr'><strong>κατὰ</strong></span> <span class='ocrx_word' id='word_1_887' title='bbox 2490 5340 2616 5402; x_wconf 80' lang='grc' dir='ltr'><strong>τοὺς</strong></span> <span class='ocrx_word' id='word_1_888' title='bbox 2639 5339 2799 5407; x_wconf 85' lang='grc' dir='ltr'><strong>ὄρους</strong></span> <span class='ocrx_word' id='word_1_889' title='bbox 2829 5338 2930 5407; x_wconf 82' lang='grc' dir='ltr'><strong>τῆς</strong></span> <span class='ocrx_word' id='word_1_890' title='bbox 2963 5338 3242 5407; x_wconf 81' lang='grc' dir='ltr'><strong>θεολογίας</strong></span> <span class='ocrx_word' id='word_1_891' title='bbox 3264 5332 3621 5399; x_wconf 77' lang='grc' dir='ltr'><strong>αὖτῶν,ὸΘεδς</strong></span> 
     </span>
    </p>
   </div>
   <div class='ocr_carea' id='block_1_109' title="bbox 2092 5425 3617 5499">
    <p class='ocr_par' dir='ltr' id='par_1_109' title="bbox 2092 5425 3617 5499">
     <span class='ocr_line' id='line_1_109' title="bbox 2092 5425 3617 5499; baseline -0.006 -16"><span class='ocrx_word' id='word_1_892' title='bbox 2092 5428 2340 5493; x_wconf 74' lang='grc' dir='ltr'><strong>ἁνούσιος</strong></span> <span class='ocrx_word' id='word_1_893' title='bbox 2365 5428 2517 5483; x_wconf 77' lang='grc' dir='ltr'><strong>ἔσται</strong></span> <span class='ocrx_word' id='word_1_894' title='bbox 2539 5443 2557 5461; x_wconf 78' lang='grc' dir='ltr'><strong>ο</strong></span> <span class='ocrx_word' id='word_1_895' title='bbox 2579 5428 2674 5482; x_wconf 82' lang='grc' dir='ltr'><strong>καὶ</strong></span> <span class='ocrx_word' id='word_1_896' title='bbox 2697 5429 2731 5499; x_wconf 78' lang='grc' dir='ltr'><strong>ἡ</strong></span> <span class='ocrx_word' id='word_1_897' title='bbox 2753 5428 2908 5481; x_wconf 83' lang='grc' dir='ltr'><strong>οὐσία</strong></span> <span class='ocrx_word' id='word_1_898' title='bbox 2938 5427 3030 5481; x_wconf 74' lang='grc' dir='ltr'><strong>τοῦ</strong></span> <span class='ocrx_word' id='word_1_899' title='bbox 3054 5428 3187 5482; x_wconf 81' lang='grc' dir='ltr'><strong>Θεοῦ</strong></span> <span class='ocrx_word' id='word_1_900' title='bbox 3208 5430 3309 5482; x_wconf 74' lang='grc' dir='ltr'><strong>οὐκ</strong></span> <span class='ocrx_word' id='word_1_901' title='bbox 3330 5429 3475 5481; x_wconf 77' lang='grc' dir='ltr'><strong>ἔσται</strong></span> <span class='ocrx_word' id='word_1_902' title='bbox 3492 5425 3617 5484; x_wconf 75' lang='grc' dir='ltr'><strong>Θεός·</strong></span> 
     </span>
    </p>
   </div>
   <div class='ocr_carea' id='block_1_110' title="bbox 2093 5510 3621 5588">
    <p class='ocr_par' dir='ltr' id='par_1_110' title="bbox 2093 5510 3621 5588">
     <span class='ocr_line' id='line_1_110' title="bbox 2093 5510 3621 5588; baseline -0.003 -19"><span class='ocrx_word' id='word_1_903' title='bbox 2093 5518 2237 5570; x_wconf 67' lang='grc' dir='ltr'><strong>κατὰ</strong></span> <span class='ocrx_word' id='word_1_904' title='bbox 2264 5517 2375 5588; x_wconf 80' lang='grc' dir='ltr'><strong>γὰρ</strong></span> <span class='ocrx_word' id='word_1_905' title='bbox 2407 5517 2508 5587; x_wconf 81' lang='grc' dir='ltr'><strong>τὴν</strong></span> <span class='ocrx_word' id='word_1_906' title='bbox 2537 5515 2631 5570; x_wconf 84' lang='grc' dir='ltr'><strong>τοῦ</strong></span> <span class='ocrx_word' id='word_1_907' title='bbox 2656 5516 2872 5586; x_wconf 75' lang='grc' dir='ltr'><strong>ἔχοντος</strong></span> <span class='ocrx_word' id='word_1_908' title='bbox 2899 5515 2991 5569; x_wconf 75' lang='grc' dir='ltr'><strong>καὶ</strong></span> <span class='ocrx_word' id='word_1_909' title='bbox 3023 5516 3305 5587; x_wconf 81' lang='grc' dir='ltr'><strong>ἐχομένου,</strong></span> <span class='ocrx_word' id='word_1_910' title='bbox 3346 5513 3410 5584; x_wconf 73' lang='grc' dir='ltr'><strong>ἢν</strong></span> <span class='ocrx_word' id='word_1_911' title='bbox 3430 5510 3621 5577; x_wconf 55' lang='lat' dir='ltr'><strong>eician-</strong></span> 
     </span>
    </p>
   </div>
   <div class='ocr_carea' id='block_1_111' title="bbox 2092 5604 3623 5681">
    <p class='ocr_par' dir='ltr' id='par_1_111' title="bbox 2092 5604 3623 5681">
     <span class='ocr_line' id='line_1_111' title="bbox 2092 5604 3623 5681; baseline -0.011 -15"><span class='ocrx_word' id='word_1_912' title='bbox 2092 5627 2213 5678; x_wconf 87' lang='grc' dir='ltr'><strong>γον,</strong></span> <span class='ocrx_word' id='word_1_913' title='bbox 2245 5610 2531 5681; x_wconf 82' lang='grc' dir='ltr'><strong>διαίρεσιν,</strong></span> <span class='ocrx_word' id='word_1_914' title='bbox 2570 5608 2671 5663; x_wconf 81' lang='grc' dir='ltr'><strong>οὐκ</strong></span> <span class='ocrx_word' id='word_1_915' title='bbox 2699 5608 2766 5663; x_wconf 85' lang='grc' dir='ltr'><strong>ἂν</strong></span> <span class='ocrx_word' id='word_1_916' title='bbox 2802 5610 2889 5679; x_wconf 77' lang='grc' dir='ltr'><strong>εἴη</strong></span> <span class='ocrx_word' id='word_1_917' title='bbox 2923 5609 2982 5662; x_wconf 86' lang='grc' dir='ltr'><strong>τὸ</strong></span> <span class='ocrx_word' id='word_1_918' title='bbox 3024 5609 3213 5679; x_wconf 69' lang='grc' dir='ltr'><strong>ἕτερον</strong></span> <span class='ocrx_word' id='word_1_919' title='bbox 3242 5606 3354 5661; x_wconf 79' lang='grc' dir='ltr'><strong>οἷον</strong></span> <span class='ocrx_word' id='word_1_920' title='bbox 3375 5605 3431 5659; x_wconf 85' lang='grc' dir='ltr'><strong>τὸ</strong></span> <span class='ocrx_word' id='word_1_921' title='bbox 3458 5604 3623 5670; x_wconf 72' lang='grc' dir='ltr'><strong>ἕτερον</strong></span> 
     </span>
    </p>
   </div>
   <div class='ocr_carea' id='block_1_112' title="bbox 502 5779 1977 5854">
    <p class='ocr_par' dir='ltr' id='par_1_112' title="bbox 502 5783 1977 5854">
     <span class='ocr_line' id='line_1_112' title="bbox 502 5783 1977 5854; baseline 0.001 -14"><span class='ocrx_word' id='word_1_922' title='bbox 502 5783 548 5815; x_wconf 81' lang='grc'><strong><em>³⁸</em></strong></span> <span class='ocrx_word' id='word_1_923' title='bbox 575 5784 733 5840; x_wconf 74' lang='lat' dir='ltr'><strong>Joau.</strong></span> <span class='ocrx_word' id='word_1_924' title='bbox 765 5802 794 5840; x_wconf 81' lang='grc' dir='ltr'><strong>ν</strong></span> <span class='ocrx_word' id='word_1_925' title='bbox 840 5785 926 5840; x_wconf 78' lang='grc'><strong>26.</strong></span> <span class='ocrx_word' id='word_1_926' title='bbox 1007 5786 1050 5820; x_wconf 79' lang='grc'>⁸⁸</span> <span class='ocrx_word' id='word_1_927' title='bbox 1077 5786 1217 5842; x_wconf 78' lang='lat' dir='ltr'><strong>l’sal.</strong></span> <span class='ocrx_word' id='word_1_928' title='bbox 1277 5802 1468 5853; x_wconf 75' lang='lat' dir='ltr'><strong>cxvttt,</strong></span> <span class='ocrx_word' id='word_1_929' title='bbox 1513 5787 1600 5843; x_wconf 79' lang='lat'><strong>7&#39;5.</strong></span> <span class='ocrx_word' id='word_1_930' title='bbox 1678 5788 1721 5820; x_wconf 86' lang='grc'><em>³³</em></span> <span class='ocrx_word' id='word_1_931' title='bbox 1752 5787 1888 5842; x_wconf 76' lang='lat' dir='ltr'><strong>Gen.</strong></span> <span class='ocrx_word' id='word_1_932' title='bbox 1918 5801 1977 5854; x_wconf 88' lang='lat' dir='ltr'><strong>tt,</strong></span> 
     </span>
    </p>
   </div>
   <div class='ocr_carea' id='block_1_113' title="bbox 2084 5779 3501 5854">
    <p class='ocr_par' dir='ltr' id='par_1_113' title="bbox 2084 5779 3501 5852">
     <span class='ocr_line' id='line_1_113' title="bbox 2084 5779 3501 5852; baseline -0.006 -12"><span class='ocrx_word' id='word_1_933' title='bbox 2084 5794 2109 5840; x_wconf 61' lang='grc' dir='ltr'><strong>ν.</strong></span> <span class='ocrx_word' id='word_1_934' title='bbox 2189 5785 2234 5818; x_wconf 84' lang='grc'><strong><em>⁸³</em></strong></span> <span class='ocrx_word' id='word_1_935' title='bbox 2277 5784 2411 5842; x_wconf 79' lang='lat' dir='ltr'><strong>Gen.</strong></span> <span class='ocrx_word' id='word_1_936' title='bbox 2479 5800 2595 5852; x_wconf 82' lang='lat' dir='ltr'><strong>vut,</strong></span> <span class='ocrx_word' id='word_1_937' title='bbox 2642 5784 2732 5839; x_wconf 76' lang='grc'><strong>21.</strong></span> <span class='ocrx_word' id='word_1_938' title='bbox 2808 5784 2853 5818; x_wconf 66' lang='grc'><strong>³⁸</strong></span> <span class='ocrx_word' id='word_1_939' title='bbox 2896 5784 3070 5842; x_wconf 77' lang='lat' dir='ltr'><strong>Levit.</strong></span> <span class='ocrx_word' id='word_1_940' title='bbox 3113 5800 3262 5850; x_wconf 66' lang='grc' dir='ltr'><strong>λιι-ι,</strong></span> <span class='ocrx_word' id='word_1_941' title='bbox 3294 5782 3386 5847; x_wconf 72' lang='grc'><strong>24,</strong></span> <span class='ocrx_word' id='word_1_942' title='bbox 3413 5779 3501 5833; x_wconf 75' lang='lat'><strong>28.</strong></span> 
     </span>
    </p>
   </div>
  </div>
