3814 6532
375 359 484 424 383

1641 357 2044 420 MANUELIS
2085 359 2393 424 CALEC/E

3519 359 3631 428 38$

372 439 519 538 sunt,
543 471 804 542 quomodo
828 471 1016 524 horum
1043 467 1328 539 quodlibet,
1356 469 1528 534 ipsum
1564 485 1682 524 vere
1710 477 1762 524 et
1785 486 1878 539 per
1898 485 1952 524 se

2065 474 2209 528 λύσιν
2231 480 2467 542 πάντων,
2497 491 2530 529 α
2555 493 2720 544 φασιν
2747 475 2891 544 ἔχειν
2915 474 3006 531 τὸν
3027 475 3163 530 Θεδν
3194 476 3505 547 ἐνέργειαν,
3537 488 3631 533 καὶ

372 565 677 619 eminentia
701 563 952 633 gaudeat.
987 558 1082 615 llic
1112 575 1276 630 porro
1304 560 1457 617 locus
1486 577 1624 617 unus
1673 559 1943 616 sufﬁciens

369 663 458 711 est
491 654 558 707 ad
597 653 856 708 solvenda
921 651 1124 716 omnia,
1156 665 1276 720 quae
1303 649 1511 718 dicunt,
1543 649 1712 706 Deum
1745 650 1945 706 habere

369 747 774 814 operationem,
799 751 854 799 et
891 755 1016 799 esse
1055 742 1260 812 aliquid
1307 744 1360 798 in
1391 757 1496 810 eo;
1550 756 1780 814 esseque
1819 755 1948 813 ope-

369 839 636 894 rationem
661 852 724 892 ex
758 840 1014 905 essentia,
1034 853 1097 894 ac
1116 838 1162 894 si
1193 851 1296 909 qua
1313 837 1414 892 alia
1432 845 1557 894 sunt
1575 840 1696 908 ejus
1714 837 1945 908 generis.

369 927 566 1000 Liquet
592 929 770 985 autem
792 930 960 986 etiam
981 943 1076 986 eos
1100 930 1196 1000 qui
1245 930 1474 986 necdum
1496 929 1796 1001 intelligere
1819 944 1946 998 pos-

370 1031 523 1083 sunt.
550 1019 716 1073 vitam
745 1033 810 1076 ac
844 1017 1019 1077 lucem
1045 1020 1219 1091 ipsam
1241 1033 1372 1076 vere
1399 1035 1465 1076 ac
1491 1035 1592 1091 per
1622 1035 1681 1076 se
1709 1019 1948 1076 existen-

371 1119 503 1175 tem,
534 1125 722 1167 eorum
753 1111 952 1169 classis
979 1125 1099 1168 esse
1131 1123 1293 1184 atque
1331 1113 1570 1183 generis,
1622 1109 1940 1184 quibuscum

382 1203 438 1258 iri
469 1202 750 1275 Scriptura
773 1205 1159 1276 indulgentius,
1197 1220 1294 1275 pro
1317 1219 1505 1262 eorum
1537 1216 1721 1274 captu,
1747 1203 1942 1274 agitur,

367 1309 604 1363 quorum
632 1296 796 1352 etiam
823 1311 1009 1361 causa,
1043 1295 1136 1351 tali
1161 1296 1429 1352 sermonis
1466 1291 1795 1350 demissione
1858 1293 1946 1347 illa

370 1388 545 1444 utitur
575 1406 590 1445 :
625 1389 838 1460 alioque
867 1390 1025 1445 modo
1059 1389 1383 1462 theologiam
1416 1388 1524 1444 illis
1557 1389 1702 1456 loqui
1736 1387 1828 1457 qui
1861 1403 1950 1440 ru-

373 1481 684 1535 dimentarii
715 1490 844 1537 sunt
877 1497 942 1537 ac
976 1481 1330 1544 inducuntur,
1363 1481 1576 1551 alioque
1605 1481 1670 1536 iis
1703 1480 1792 1550 qui
1819 1487 1948 1535 sunt

372 1569 599 1638 perfecti
629 1588 645 1639 ;
676 1587 774 1626 nec
793 1586 1008 1642 semper
1036 1574 1355 1630 discendum
1387 1585 1528 1638 esse,
1572 1585 1636 1628 ac
1662 1587 1943 1642 nunquam

371 1660 863 1731 Intelligendum";
931 1679 1330 1735 puerorumque
1375 1663 1740 1720 immanentes
1777 1664 1944 1720 disci-

369 1756 558 1829 plinis,
589 1755 828 1826 perfecta
857 1756 1012 1811 dellci
1047 1772 1144 1825 par
1170 1766 1253 1812 est
1274 1756 1540 1823 doctrina,
1565 1757 1653 1826 qui
1679 1771 1745 1812 ex
1780 1756 1949 1812 Paulo

2054 557 2192 619 εἶναι
2232 569 2289 620 ὲν
2315 567 2470 636 αὐτῷ
2495 585 2546 619 τι
2569 583 2583 598 ο
2617 566 2713 620 καὶ
2742 560 2878 620 εἶναι
2914 567 2978 620 ἐκ
3011 568 3110 636 τῆς
3138 565 3326 630 οὐσίας
3352 568 3456 638 τὴν
3479 569 3632 639 ἐνέρο

2051 677 2229 728 γειαν,
2249 659 2341 713 καὶ
2364 659 2465 714 ὅσα
2496 661 2630 714 ἄλλα
2662 659 2890 714 τοιαῦτα
2912 677 2928 695 ο
2971 662 3209 731 φανερὸν
3241 662 3298 715 δὲ
3341 665 3440 715 καὶ⁹
3471 664 3558 716 ὅτι
3582 665 3632 716 ot

2056 751 2189 822 μηδὲ
2220 750 2318 804 νῦν
2345 765 2428 807 πω
2457 752 2747 822 δυνάμενοι.
2788 755 2930 806 νοεῖν
2981 751 3081 822 τὴν
3107 753 3274 824 ζωὴν,
3307 754 3402 806 καὶ
3423 753 3491 806 τὺ
3517 754 3632 822 φῶς

2051 842 2177 908 ¹καθ’
2207 841 2371 896 ἑαυτὸ
2389 841 2659 912 ὑφεστὼς,
2693 842 2788 896 καὶ
2817 843 2882 896 τὰ
2913 842 3070 904 ἄλλα.
3115 842 3214 913 τῆς
3240 843 3497 912 ἑταιρίας
3527 843 3636 897 εἰσὶ

2050 933 2158 985 τῶν
2181 931 2650 1003 οἰκονομουμένων
2682 935 2737 985 ὲν
2761 932 2975 1004 τῇθείᾳ
2997 932 3212 1001 Γραφῇ.
3239 931 3307 985 δι’
3329 931 3424 995 οὓς
3448 933 3484 994 ἡ
3506 948 3635 999 σογ-

2050 1022 2352 1083 κατάὃασις
2377 1024 2569 1094 γέγονε
2600 1025 2698 1092 τῆς
2720 1024 2980 1094 τοιαύτης
3008 1022 3357 1091 ἀπαγγελίας
3374 1039 3388 1054 ·
3425 1023 3532 1077 καὶ
3554 1025 3631 1078 ὅτι

2051 1109 2252 1186 ἑτέρως
2277 1116 2310 1185 ἡ
2339 1115 2590 1183 θεολογία
2615 1119 2728 1177 τοῖς
2761 1113 3151 1185 εἰσαγωγικοτς
3175 1117 3518 1186 διαλέγεται,
3539 1119 3632 1170 καὶ

2053 1208 2253 1273 ἑτέρως
2282 1212 2396 1268 τοῖς
2437 1207 2661 1265 τελείοις
2682 1225 2694 1238 ο
2724 1209 2819 1260 καὶ
2851 1208 2910 1261 ού
2937 1208 3017 1262 δεῖ
3048 1207 3280 1264 πάντοτε
3318 1193 3632 1280 μανθάνονο

2049 1315 2146 1360 τας
2203 1298 2460 1350 οὐδέποτε
2523 1297 2806 1359 συνιέναι,
2871 1299 2965 1351 καὶ
3026 1301 3482 1368 παραμένοντας⁴
3520 1301 3630 1366 τοῖς

2048 1391 2157 1443 τῶν
2221 1390 2522 1462 παιδαρίων
2580 1389 2938 1460 μαθήμασιν,
2989 1391 3477 1462 ἀπολιμπάνεσθαι
3539 1393 3629 1460 τῆς

2048 1480 2255 1544 τελείας
2305 1481 2705 1548 διδασκαλίας,.
2739 1482 3036 1546 ἀκούοντας
3086 1482 3180 1536 τοῦ
3231 1481 3492 1546 Παύλου,
3552 1483 3624 1534 λέ-

2049 1588 2256 1637 γοντος,
2284 1571 2406 1624 Ὀτι
2446 1570 2512 1624 τὸ
2543 1569 2777 1640 γράμμα
2800 1572 3178 1636 ἀποκτείνει.
3214 1572 3280 1626 τὸ
3299 1572 3368 1626 δὲ
3385 1572 3630 1642 πνεῦμα

2050 1660 2354 1731 ζὶυογονεῖθ
2391 1661 2504 1727 καὶ,
2540 1662 2715 1716 Ὅσοι
2745 1663 2815 1718 ἐν
2839 1666 3002 1734 νόμῳ
3033 1662 3346 1732 καυχᾶσθε
3361 1663 3628 1733 (15).τῆς

2048 1753 2290 1826 χάριτος
2321 1755 2652 1820 ἐξεπέσατε
2677 1772 2691 1789 ·
2716 1755 2895 1810 καίτοι
2936 1755 3210 1810 τοσούτων
3233 1755 3436 1826 φωνῶν
3460 1755 3634 1824 ἐμπε-

371 1847 680 1913 audiamus,
701 1845 905 1900 Littera
934 1846 1147 1912 occidit,
1170 1847 1386 1912 spiritus
1413 1856 1587 1900 autem
1617 1847 1841 1914 viviﬁcat
1865 1848 1946 1913 ³⁹;

2065 1845 2458 1916 οιειλημμὲνων
2479 1848 2547 1916 τῇ
2588 1845 2709 1915 θείᾳ
2759 1846 2972 1922 Γραφῇ,
3017 1847 3127 1902 ἀπὸ
3158 1845 3270 1898 τῶν
3312 1844 3636 1900 ταπεινοτέ-

370 1929 424 1992 et
459 1955 480 1992 :
522 1937 715 1994 Omnes
759 1939 849 2008 qui
897 1938 952 1991 in
998 1935 1107 2007 lege
1155 1937 1481 2007 gloriamini,
1509 1953 1540 1990 a
1584 1939 1756 2007 gratia
1804 1939 1948 1992 exci-

370 2027 521 2081 distls
549 2029 630 2092 “;
676 2025 888 2082 tametsi
916 2034 997 2081 tot
1027 2025 1081 2080 in
1114 2026 1299 2100 divina
1330 2024 1608 2096 Scriptura
1667 2028 1952 2082 continen—

372 2129 466 2175 tur
491 2133 674 2184 voces,
723 2119 920 2189 quibus
953 2119 1021 2173 ab
1069 2119 1451 2174 humilioribus
1510 2116 1578 2173 ad
1636 2118 1949 2174 sublimiora

349 2203 554 2272 lmente
584 2216 879 2287 erigamur.
907 2216 1114 2283 Quare,
1148 2217 1292 2286 quod
1325 2215 1454 2272 lieri’
1477 2225 1714 2286 nequeat
1742 2224 1800 2270 ut
1835 2217 1949 2271 lucc

371 2307 556 2362 omnia
583 2324 677 2378 per
709 2324 777 2362 se;
794 2306 1061 2362 exéistaut
1084 2317 1140 2362 ut
1165 2322 1252 2364 res
1298 2307 1552 2378 propriae,
1609 2323 1776 2363 unum
1815 2307 1943 2376 quid

2050 1950 2161 2008 ρων
2196 1936 2292 1989 ἐπὶ
2335 1936 2404 1988 τὰ
2446 1935 2755 2006 ὑψηλότερα
2809 1939 2958 2007 ἡμᾶς
3015 1937 3364 2007 ἁναγουσῶνο
3419 1938 3510 1991 διδ
3543 1939 3636 1990 καὶ

2047 2029 2170 2081 ἐπεὶ
2199 2027 2261 2081 ού
2288 2027 2511 2080 δύναται
2543 2029 2720 2082 ταῦτα
2754 2028 2935 2084 πάντα
2967 2030 3312 2084 ὲνυπόστατα
3344 2025 3524 2093 εῖναι,
3561 2029 3633 2092 ὡς

2047 2116 2156 2170 ίδια
2215 2116 2537 2187 πράγματα,
2581 2115 2642 2170 ἓν
2701 2133 2758 2168 τι
2801 2117 2979 2172 πάντα
3029 2116 3208 2171 ταῦτα
3257 2117 3633 2171 ὲνυπόστατον

2045 2210 2281 2280 πρᾶγμα
2306 2207 2648 2280 ὑποληπτέον
2669 2223 2687 2240 ³
2711 2210 2811 2264 ὅσα
2837 2210 2904 2264 τὰ
2930 2211 2988 2263 ιν
3015 2211 3144 2279 ἡμῖν
3171 2209 3518 2279 ὑποκείμενα
3544 2211 3634 2262 καὶ

2043 2300 2625 2372 κατηγορούμενα,καὶ
2646 2300 2943 2372 ἀπειράκις
2969 2301 3140 2354 πλείω
3153 2300 3214 2354 ὃν
3234 2301 3378 2354 κατὰ
3395 2301 3461 2354 τὸ
3483 2299 3631 2354 αὐτό.

371 2416 470 2470 per
500 2419 559 2458 se
588 2404 863 2459 ersistens
895 2416 1119 2458 necesse
1143 2409 1226 2457 est
1283 2410 1424 2456 utea
1445 2402 1626 2455 omnia
1661 2401 2032 2456 existimemus
2055 2437 2071 2459 .
2106 2409 2443 2466 quaecunque
2471 2394 2684 2450 scilicet
2740 2394 2793 2449 in
2845 2395 3005 2466 nobis
3074 2405 3130 2452 et
3190 2392 3438 2465 subjecta
3507 2403 3630 2452 sunt

374 2507 437 2545 ac
465 2493 778 2559 p'rmlicata,
825 2491 1192 2562 intinitiesque
1219 2491 1372 2562 plura
1430 2491 1729 2548 secundum
1782 2507 1944 2545 unum
1985 2503 2050 2544 ac
2086 2489 2225 2544 idem
2249 2487 2542 2544 exsisteus.

444 2585 644 2640 Octava
697 2587 861 2657 hujus
914 2587 1271 2657 corruptionis
1314 2601 1500 2655 causa,
1534 2588 1676 2658 quod
1709 2602 1792 2652 ea,
1833 2603 1952 2657 quae

373 2677 696 2746 quibusdam
733 2677 866 2734 locis
897 2692 930 2733 a
958 2679 1162 2733 sanctis
1191 2677 1333 2733 dicta
1364 2686 1492 2735 sunt
1524 2679 1592 2734 de
1622 2678 1714 2733 Dei
1766 2693 1945 2733 esseu-

374 2769 451 2824 tia
489 2781 745 2840 tauquam
778 2771 843 2826 de
872 2770 1204 2839 operatione,
1243 2784 1348 2840 qua
1394 2770 1487 2826 ille
1513 2771 1561 2824 vi
1595 2769 1788 2842 agendi
1819 2785 1928 2840 prre

2133 2584 2359 2651 Ὄγδοον
2409 2585 2509 2652 τῆς
2537 2582 2836 2652 διαφθορᾶς
2886 2581 3088 2652 ταύτης
3135 2581 3195 2636 τὸ
3223 2581 3420 2645 αίτιον,
3452 2581 3543 2634 ὅτι
3568 2580 3632 2633 τὶ

2057 2675 2272 2746 ἐνιαχοῦ
2289 2678 2399 2738 τοῖς
2424 2675 2600 2744 ἁγίοις
2617 2674 2885 2745 εἰρημένα
2905 2676 2997 2728 ἐπὶ
3026 2676 3124 2745 τῆς
3143 2674 3332 2737 οὐσίας
3351 2673 3446 2727 τοῦ
3473 2673 3630 2738 Θεοῦ,

2056 2767 2131 2828 ὡς
2151 2761 2245 2818 ktl”:
2276 2765 2556 2836 ἐνεργείας
2587 2767 2709 2822 καθ’
2742 2768 2810 2838 ἢν
2841 2767 3195 2836 ἐνεργητικός
3225 2768 3378 2820 ἐστιν
3407 2782 3424 2800 ο
3472 2765 3634 2820 τοῦτο

371 2858 520 2915 ditus
547 2874 612 2914 ac
663 2859 848 2914 eliicax
899 2870 981 2914 est
1031 2861 1105 2931 (id
1145 2861 1290 2916 enim
1335 2862 1542 2917 sanctis
1590 2861 1952 2932 promiscuum

2065 2863 2167 2929 γὰρ
2188 2863 2337 2926 παρὰ
2359 2861 2474 2922 τοῖς
2498 2860 2676 2928 ἁγίοις
2692 2860 3010 2928 ἀδιάφορον,
3032 2858 3107 2922 ὡς
3128 2858 3422 2924 δέδεικται,
3443 2858 3526 2920 ὡς
3547 2857 3634 2910 ἐπὶ

373 2953 622 3018 babctur,
655 2955 734 3008 uti
773 2955 1056 3024 probatum
1098 2956 1228 3024 est),
1254 2953 1352 3026 ipsi
1399 2969 1496 3024 pro
1541 2953 1692 3010 libito
1724 2956 1788 3009 de
1823 2968 1952 3023 ope-

2065 2953 2338 3022 ὲνεργείας
2392 2952 2550 3006 αὐτοὶ
2615 2950 2886 3016 ἐδέξαντο,
2941 2951 3328 3020 διαιρουμένης
3379 2950 3494 3004 ἀπὸ
3541 2949 3633 3018 τῆς

376 3046 608 3112 ratione,
630 3061 751 3114 quae
781 3062 810 3100 a
835 3044 929 3102 Dei
953 3045 1186 3102 essentia
1213 3046 1492 3110 dividitur,
1525 3047 1682 3102 modo
1706 3057 1952 3117 superius

2065 3043 2247 3104 οὐσίας
2265 3043 2360 3096 τοῦ
2383 3043 2646 3110 Θεοῦ,τὸν
2682 3043 3170 3114 προηριθμημένον
3191 3043 3418 3114 τρόπον,
3445 3042 3631 3111 ὥσπερ

373 3135 566 3204 relato,
610 3147 955 3206 acceperunt.
973 3139 1060 3193 Ait
1081 3137 1222 3194 enim
1249 3152 1474 3207 magnus
1493 3139 1948 3210 Dionysius,quod

2065 3136 2452 3206 ἐδουλὴθησαν·
2475 3136 2610 3210 φησὶ
2631 3133 2738 3206 γὰρ
2755 3137 2782 3189 ὁ
2803 3135 2976 3204 μέγας
2997 3134 3296 3200 Διονύσιος,
3326 3135 3356 3188 δ
3377 3135 3474 3188 καὶ
3497 3135 3634 3189 6A0.-

373 3237 430 3282 ct
456 3237 642 3296 postea
673 3227 750 3283 illi
783 3228 1053 3284 secundus
1086 3226 1324 3284 Joannes
1359 3229 1724 3284 Damascenus
1758 3229 1948 3286 iisdem

2065 3226 2334 3297 μασκόθεν
2376 3227 2629 3298 Ἰωάννης
2656 3226 2882 3295 ὕστερον
2903 3225 3287 3295 ἐκδεξάμενος,
3312 3227 3502 3288 αὐτοῖς
3524 3227 3632 3280 ὀνό-

372 3318 558 3375 vcrbis
615 3320 901 3388 exposuit,
955 3333 1199 3390 nempe:
1248 3319 1492 3375 Divinam
1553 3319 1952 3376 illustrationem

2065 3337 2224 3392 μασιν
2253 3319 2532 3388 ἐξέθηκεν,
2572 3321 2704 3376 ὀτι
2757 3323 2798 3390 ἡ
2828 3323 2957 3378 θεία
2983 3320 3291 3390 alumine
3332 3320 3433 3374 atat
3475 3318 3632 3386 ἐνέρ-

375 3418 530 3478 atque
561 3409 828 3478 virtutem,
852 3425 960 3464 una
994 3425 1114 3464 cum
1137 3409 1205 3465 sit
1227 3419 1276 3465 et
1300 3411 1525 3478 simplex
1557 3420 1604 3466 et
1634 3411 1861 3466 indivisa
1908 3412 1952 3468 el

2065 3429 2205 3482 rata,
2232 3412 2339 3480 μία
2366 3407 2525 3466 οὖσα
2553 3413 2653 3466 καί
2686 3414 2854 3483 ἁττλῆ
2882 3414 2984 3467 καὶ
3009 3413 3237 3482 ἀμερὴς
3271 3411 3373 3466 καὶ
3414 3411 3632 3480 ἀγαθο-

373 3497 740 3570 boniformis,
774 3503 830 3557 in
871 3501 1105 3557 dividuis
1171 3503 1466 3558 variantem
1511 3505 1811 3575 cunctisque
1855 3507 1956 3560 tri-

378 3593 618 3646 buentem
649 3592 840 3663 quibus
869 3593 1083 3663 propria
1117 3604 1311 3648 natura
1345 3602 1629 3664 prwstatur
1657 3596 1956 3663 incolumis,

371 3682 664 3752 simplicem
706 3699 918 3739 manere
941 3698 1099 3756 :qua:
1136 3686 1513 3755 multiplicetur
1531 3688 1740 3758 quidem
1788 3690 1841 3742 in
1875 3689 1958 3741 1i-

373 3777 544 3830 viduis
592 3777 836 3843 indivise,
860 3777 1179 3848 dividuaque
1221 3777 1272 3830 in
1296 3793 1451 3831 suam
1485 3779 1602 3847 ipsa
1641 3778 1957 3845 simplicita-

375 3876 479 3921 tem
515 3866 724 3936 colligat
750 3873 910 3936 atque
962 3877 1246 3923 convertat.
1273 3867 1476 3923 Cuncta
1535 3869 1670 3924 enim
1697 3870 1842 3926 illius
1871 3871 1961 3926 de-

375 3957 580 4013 siderio
645 3967 906 4025 tenentur,
959 3971 1006 4015 et
1056 3962 1109 4014 in
1153 3962 1265 4030 ipsa
1319 3965 1679 4018 exsistentiam
1746 3963 1957 4035 habent,

377 4049 684 4118 cunctisque
705 4064 839 4114 esse,
862 4066 956 4118 pro
987 4066 1046 4105 eo
1096 4068 1160 4105 ac
1198 4052 1306 4106 illis
1359 4063 1550 4108 natura
1595 4067 1959 4125 comparatum

375 4148 478 4205 est,
534 4139 817 4210 impertit;
861 4150 1042 4211 estque
1071 4157 1155 4205 ea,
1217 4161 1404 4198 eorum
1455 4161 1572 4215 qua:
1617 4156 1776 4211 sunt,
1823 4166 1960 4213 esse,

369 4239 559 4286 eorum
594 4247 710 4303 qua:
734 4232 935 4295 vivunt,
966 4233 1097 4298 vita,
1125 4251 1303 4290 eorum
1331 4251 1447 4306 qua:
1479 4239 1678 4291 ratione
1703 4239 1961 4293 utentium

379 4340 521 4380 more
549 4334 693 4392 sunt,
725 4327 887 4395 ratio,
908 4343 1193 4399 eorumque
1220 4345 1334 4399 qua:
1356 4329 1762 4399 intelligentiam
1798 4347 1962 4396 more,

375 4416 744 4487 intelligentia,
781 4434 899 4472 cum
943 4419 1056 4487 ipsa
1079 4436 1237 4490 supra
1289 4430 1532 4485 mentem,
1561 4438 1824 4491 supraque
1867 4433 1960 4476 ra-

2056 3503 2226 3570 ειδὴς
2251 3545 2265 3565 ,
2299 3504 2369 3556 ἐν
2395 3503 2520 3569 τοῖς
2541 3505 2850 3574 μεριστάς
2871 3520 3032 3559 ποικι
3049 3503 3330 3575 ιλομένη,
3356 3503 3458 3557 καὶ
3487 3501 3632 3560 πᾶσι

2057 3594 2132 3651 τὰ
2159 3593 2267 3662 τῆς
2307 3594 2529 3661 οἰκείας
2589 3597 2835 3666 φύσεως
2881 3599 3152 3651 σωστικὰ
3176 3593 3448 3664 νέμουσα
3472 3594 3634 3663 μένει

2060 3687 2226 3757 ἁπλῆ
2253 3704 2266 3717 ·
2302 3689 2742 3757 “ﬁnituroqu
2765 3688 2880 3758 μὲν
2912 3689 2982 3744 ἐν
3007 3688 3134 3755 τοῖς
3159 3688 3474 3758 μεριστοῒς
3499 3689 3634 3756 dys-

2051 3782 2299 3848 ρίστως,
2331 3779 2429 3834 καί
2455 3782 2527 3834 τὰ
2556 3781 2809 3850 μεριστὰ
2853 3781 3004 3850 πρὸς
3051 3781 3169 3849 τὴν
3202 3779 3428 3847 ἑαυτῆς
3455 3779 3635 3834 ἁπλό-

2059 3887 2206 3937 τητα
2247 3869 2605 3938 συνάγουσα
2652 3869 2751 3924 καὶ
2779 3868 3251 3938 ἐπιστρέφουσα.
3293 3867 3501 3922 Πάντα
3532 3868 3633 3934 γὰρ

2059 3961 2250 4029 αὐτῆς
2277 3961 2528 4028 ἐφίεται,
2547 3961 2646 4015 καὶ
2674 3962 2742 4014 ἐν
2767 3960 2924 4030 αὐτῇ
2947 3962 3072 4029 ἔχει
3097 3959 3215 4026 τὴν
3236 3958 3518 4026 ὕπαρξιν,
3539 3959 3632 4012 καὶ

2060 4053 2215 4121 αὐτὴ
2239 4053 2365 4119 τοῖς
2397 4051 2550 4108 πᾶσι
2580 4053 2648 4106 τὸ
2679 4051 2856 4121 εἶναι,
2892 4053 3086 4119 καθὼς
3117 4052 3242 4121 ἔχει
3260 4051 3523 4122 φύσεως,
3536 4065 3634 4119 με·

2061 4146 2348 4201 ταδίδωσι
2369 4163 2383 4176 ·
2411 4146 2511 4200 καὶ
2533 4143 2686 4214 αὐτή
2715 4147 2846 4200 ἐστι
2876 4145 2994 4200 τῶν
3017 4145 3212 4199 ὄντων
3237 4145 3304 4198 τὸ
3328 4140 3485 4198 εἶναι
3503 4181 3520 4209 ,
3543 4141 3632 4195 real

2061 4237 2182 4292 τῶν
2212 4235 2442 4299 ζώντων
2465 4238 2502 4304 ἠ
2532 4235 2666 4304 ζωὴ,
2705 4238 2804 4291 καὶ
2837 4236 2954 4290 τῶν
2977 4234 3236 4305 λογικῶς
3260 4235 3452 4288 ὄντων
3480 4236 3514 4288 ό
3541 4233 3634 4287 .w-

2045 4315 2172 4399 ’γος
2189 4371 2204 4392 ,
2235 4330 2329 4382 καὶ
2363 4327 2482 4381 τῶν
2511 4326 2725 4396 νοερῶς
2753 4328 2946 4382 ὄντων
2963 4327 3000 4395 ἠ
3025 4329 3239 4394 νόησις
3266 4370 3281 4392 ,
3306 4327 3462 4393 αὑτὴ
3489 4324 3632 4390 ὑπὲρ

2065 4421 2217 4476 νοῦν
2265 4416 2438 4488 οὖσα,
2462 4420 2558 4475 καὶ
2602 4419 2755 4490 ὑπὲρ
2783 4419 3114 4490 λόγον-,καὶ
3148 4420 3299 4488 ὑπὲρ
3330 4419 3501 4484 ζωὴν,
3543 4415 3633 4470 καὶ

379 4509 596 4574 tionem,
625 4519 672 4564 et
689 4526 852 4580 supra
881 4511 1064 4573 vitam.
1099 4527 1160 4565 ac
1191 4528 1352 4581 supra
1378 4513 1656 4566 essentiam
1684 4515 1929 4570 exsistat.

2067 4515 2220 4583 ὑπὲρ
2258 4515 2503 4569 οὐσίαν.

454 4597 549 4654 llis
602 4601 788 4670 itaque
832 4610 892 4656 ut
935 4601 1283 4659 validissimis
1331 4611 1576 4668 utuntur,
1611 4604 1677 4657 ad
1731 4607 1964 4673 proban-

379 4687 532 4754 dum,
568 4689 808 4786 divinam
841 4691 1154 4772 essentiam,
1185 4691 1385 4747 nullius
1423 4706 1612 4748 eorum
1652 4709 1774 4764 quae
1809 4703 1959 4750 extra

382 4789 512 4834 sunt
530 4795 651 4836 esse
673 4781 1020 4851 effectricem,
1050 4783 1144 4839 sed
1167 4798 1534 4855 operationem
1561 4803 1656 4842 seu
1685 4788 1960 4850 virtutem,

381 4886 542 4942 quam
589 4883 869 4947 tantopere
905 4878 973 4932 ab
1013 4877 1246 4931 essentia
1299 4874 1553 4946 distingui
1601 4879 1868 4944 dixerunt,
1899 4877 1963 4933 il-

383 4967 542 5034 laque
574 4968 832 5024 inlinitics
855 4969 1064 5024 inﬁnite
1091 4969 1406 5025 inferiorem
1433 4983 1579 5035 esse;
1604 4971 1741 5023 banc
1776 4985 1966 5038 nempc

381 5060 585 5113 creatis
651 5062 1038 5131 pr0piuquare,
1099 5075 1271 5131 eaque
1327 5061 1615 5116 incolumia
1683 5073 1960 5131 praestare,

384 5158 548 5218 atque
573 5149 640 5203 ad
671 5161 978 5206 creaturam
1034 5154 1260 5209 inferius
1318 5154 1609 5217 ventitare,
1645 5151 1870 5221 ejusque
1903 5156 1966 5208 il-

381 5237 491 5291 lam
545 5240 865 5310 participcm
898 5257 1038 5310 esse,
1069 5252 1123 5298 et
1149 5244 1510 5306 sanctiﬁeare,
1543 5252 1597 5297 et
1640 5242 1966 5312 illuminare,

385 5339 442 5384 et
475 5330 730 5397 insidere,
759 5345 813 5389 et
842 5351 937 5392 eos
967 5337 1057 5405 qui
1103 5336 1249 5406 digni
1281 5337 1389 5392 sint
1419 5336 1692 5400 dciﬁcare,
1731 5339 1973 5406 pmprie-

459 5512 514 5545 ³⁸
539 5511 582 5566 ll
637 5511 782 5569 Tim.
821 5529 903 5578 ιιι,
933 5515 983 5570 7.
1059 5515 1103 5550 ³³
1127 5514 1171 5571 Il
1195 5516 1322 5574 Cor.
1347 5533 1432 5585 ιιι,
1462 5517 1517 5572 6.
1595 5515 1844 5571 "Galat.
1885 5529 1938 5580 ν,
1969 5517 2021 5570 4.

374 5701 406 5796 -_
465 5721 580 5796 (ῑῖῥ)
625 5719 916 5796 ’ἓν-νόμῳ
938 5724 1265 5795 καυχᾶσθε.
1303 5726 1513 5796 Lapsus
1569 5727 1828 5781 memoria
1855 5726 1962 5781 Ca-

394 5793 498 5848 ico.
533 5791 708 5850 Locns
741 5791 887 5851 Pauli
919 5799 976 5850 ὲν
999 5791 1146 5871 νόμῳ
1172 5791 1500 5854 δικαιοῦσθε.
1539 5799 1602 5852 1η
1639 5797 1766 5868 Lege
1797 5797 1962 5866 justi-

2141 4605 2366 4670 Τούτοις
2414 4606 2512 4661 οὗν
2536 4607 2611 4670 ὡς
2643 4606 3020 4677 ίσχυροτάτοις
3068 4603 3310 4675 χρῶνται
3338 4603 3478 4673 πρὸς
3505 4601 3633 4655 ἀπό·

2069 4697 2236 4766 δειξιν
2266 4697 2360 4751 τοῦ
2389 4699 2526 4769 ὅτιὴ
2562 4697 2680 4751 θεία
2703 4697 2860 4750 οὐσία
2883 4695 3100 4759 ούδενές
3129 4693 3512 4764 ἁπεργαστικὴ
3533 4692 3632 4745 τῶν

2036 4779 2046 4852 ί
2073 4791 2225 4850 ἐντός
2259 4790 2432 4852 ἐστιν,
2471 4786 2587 4840 ἀλλ’
2639 4790 2671 4857 ὴ
2702 4787 2978 4856 ἐνέργεια,
3012 4787 3079 4856 ἣν
3135 4784 3233 4838 ἐπὶ
3263 4785 3512 4838 τοσοῦτον
3540 4782 3632 4848 τῆς

2073 4880 2260 4944 οὐσίας
2287 4879 2568 4948 διαφέρειν
2601 4878 2831 4946 ἔφασαν,
2863 4884 2960 4932 καὶ
2998 4878 3166 4946 αὐτῆς
3211 4876 3463 4945 ὑφεῖσθαι
3493 4878 3632 4927 ἀπει-

2075 4974 2234 5044 ράκις
2263 4973 2528 5044 ἀπείρως,
2562 4972 2938 5042 προσπελάζει
2958 4972 3071 5033 τοῖς
3102 4970 3391 5040 κτίσμασι,
3417 4968 3508 5020 καὶ
3533 4962 3631 5016 σώο

2077 5065 2158 5129 ζει
2197 5064 2390 5131 ταῦτα,
2427 5066 2521 5128 καὶ
2573 5068 2736 5135 φοιτᾷ
2769 5065 2921 5118 κάτω
2973 5064 3112 5134 πρὸς
3156 5063 3256 5133 τὴν
3318 5061 3508 5122 κτίσιν.
3546 5057 3632 5109 καὶ

2080 5156 2372 5226 μετέχεται
2407 5157 2498 5210 ὑπ’
2526 5158 2704 5226 αὐτῆς.
2749 5159 2840 5211 καὶ
2875 5155 3094 5222 ἁγιάζει
3127 5156 3224 5209 καὶ
3282 5153 3501 5223 φωτίζει
3544 5147 3630 5200 καὶ

2077 5247 2310 5317 ἐνιδρύει
2348 5249 2440 5302 καὶ
2471 5248 2585 5301 θεοῖ
2620 5247 2747 5311 τοὺς
2779 5246 2982 5314 ἀξίους,
3016 5247 3112 5302 καὶ
3136 5245 3344 5316 κυρίως
3374 5243 3489 5296 ἐστὶ
3520 5238 3633 5291 θεό-

2080 5357 2177 5408 της
2201 5340 2294 5392 καὶ
2323 5339 2438 5411 ζωὴ
2466 5340 2560 5393 καὶ
2585 5339 2747 5409 σοφία
2779 5339 2871 5393 καὶ
2897 5339 3130 5410 δύναμις
3151 5353 3166 5367 ’
3193 5337 3287 5391 καὶ
3314 5328 3626 5406 κληρονομία

2073 5723 2474 5848 ί(ξοιιηιίηἱ.ὶ’1¹ὸ,
2538 5728 2595 5779 ἐν
2673 5726 2821 5797 νόμῳ
2891 5724 3198 5800 καυχᾶςυαι
3256 5724 3362 5780 alio
3409 5728 3624 5788 Spectat.

2124 5813 2228 5848 om.
2262 5812 2320 5848 ιι.
2352 5796 2443 5848 νϐ.

2124 5813 2228 5851 om.
2262 5812 2320 5862 ιι,
2352 5796 2443 5849 ‘26.
