3872 6562
264 385 349 447 425
1217 379 1311 440 DE
1355 381 1721 440 ESSENTIA
1759 379 1852 440 ET
1898 377 2397 445 OPERATIONE.
3326 368 3431 441 ᾆὶἶῧ

260 507 400 558 τειαν,
428 486 543 556 μηδὲ
577 486 696 538 ὅλον
725 487 933 554 οὐσίαν,
965 489 1095 558 μηδέ
1119 489 1239 542 ὅλον
1277 491 1420 560 ζωὴν
1449 491 1542 544 καὶ
1575 493 1764 560 σοφίαν

1904 497 2136 564 squitur,
2168 511 2271 550 non
2306 509 2425 549 esse
2458 499 2625 546 totum
2666 491 2828 544 Deum
2875 489 3267 559 operationem,
3333 500 3433 542 nec

259 581 576 650 καὶδύναμιψ
611 582 704 632 καὶ
754 581 942 645 ἁπλῶς
972 582 1092 636 ὅλον
1138 583 1205 635 δι’
1255 584 1382 636 ὅλου
1410 585 1763 638 τελειότατον.

1906 596 2040 640 ritum
2069 588 2382 648 essentiam,
2411 599 2510 640 nec
2537 594 2708 638 totum
2733 585 2899 636 vitam
2935 590 2988 634 et
3022 583 3346 650 sapientiam
3381 589 3435 631 et

265 676 350 726 Καὶ
383 673 560 742 τρίτον,
593 671 676 724 ὅτι
717 673 973 727 σύνθετον
1014 677 1107 728 καὶ
1137 677 1326 744 ἀτελῆ.
1390 678 1487 730 καὶ
1533 694 1770 746 πεπερα-

1908 679 2122 736 irtutem
2161 696 2177 744 ;
2210 679 2538 744 omninoque
2575 684 2744 728 totum
2778 688 2873 742 per
2923 675 3102 728 etnnia
3154 671 3437 740 pet-tectis-

258 761 420 828 σμένον
438 761 519 812 καὶ
541 762 914 832 περιγραπτὶν
938 762 1150 816 ποιοῦσι
1185 767 1274 817 τὸν
1303 764 1456 830 Θεὸν,
1483 768 1573 818 καὶ
1593 765 1770 818 πάντα

1906 769 2090 821 unum.
2124 769 2198 820 Ac
2238 767 2394 820 tertio
2452 765 2624 833 palam
2685 773 2793 828 est,
2827 778 2924 817 eos
2973 762 3326 830 compositum
3379 770 3435 814 et

255 857 308 906 τὰ
338 855 679 925 προειρημένα
727 855 904 908 ἄτοπα
934 857 1235 923 εἰσάγουσι.
1259 858 1453 910 Καίτοι
1489 858 1630 910 κατᾶ
1666 861 1766 926 τὴν

1902 860 2269 930 inperfectum,
2308 858 2629 926 ﬁnitumque
2661 865 2715 911 et
2767 857 3232 922 circumscriptum
3266 853 3431 922 Deum

255 945 342 998 τῶν
374 943 524 1010 ἁγὶων
556 944 932 1008 διδασκαλίαν,
963 949 1010 998 εξ
1038 947 1114 1017 μὴ
1146 949 1204 999 ἐν
1231 949 1307 1018 τῷ
1331 949 1450 1017 Θεῷ
1471 952 1497 1001 ὁ
1525 951 1649 1012 Υἱὸς
1678 952 1771 1004 καὶ

1905 963 2077 1010 acere,
2109 961 2281 1016 eaque
2307 963 2430 1015 quae
2463 946 2514 1000 in
2546 947 2920 1014 superioribus
2954 945 3092 998 dicta
3121 953 3267 1006 sunt,
3309 957 3434 994 om-

253 1037 300 1088 τὸ
343 1035 536 1104 Πνεῦμα
587 1037 647 1087 τὸ
697 1037 857 1103 ἅγιον
889 1039 1249 1093 ἐνυπόστατον
1274 1035 1361 1110 ἦν,
1391 1041 1489 1093 οὐκ
1514 1039 1578 1092 ἂν
1607 1037 1674 1110 ἦν
1712 1040 1772 1093 τὸ

1913 1039 1961 1092 ia
1995 1039 2223 1094 absurda
2250 1039 2526 1092 inducere.
2569 1039 2883 1104 Quanquam
2924 1045 2980 1089 ut
3027 1037 3184 1090 liabet
3217 1043 3437 1088 sancto-

250 1126 380 1178 θεῖον
403 1126 610 1188 ἁπλοῦν,
651 1127 790 1179 ἀλλὰ
848 1128 1102 1182 σύνθετον
1129 1147 1145 1163 ο
1180 1132 1331 1198 λέγει
1375 1133 1483 1202 γὰρ
1536 1134 1565 1185 ὁ
1618 1134 1772 1198 ἅγιος

1908 1149 1990 1184 ιιιιι
2023 1131 2290 1193 doctrina,
2341 1129 2443 1182 nisi
2475 1129 2527 1182 in
2558 1129 2662 1182 [)eu
2688 1122 2854 1180 Filius
2895 1136 2947 1179 et
2981 1125 3214 1194 Spiritus
3258 1126 3437 1180 subsi-

250 1216 480 1286 Μάξιμος,
509 1208 874 1287 ἐξηγούμενος
918 1221 978 1271 τὸ
1023 1221 1330 1290 Θεολογικὸν
1366 1222 1550 1292 ῥητὸν,
1581 1223 1641 1276 τὸ
1671 1223 1772 1291 ι,εά-

1907 1232 2104 1286 terent,
2138 1236 2243 1275 non
2294 1229 2441 1275 esset
2471 1220 2647 1273 Deitas
2683 1217 2930 1286 simplex,
2983 1221 3078 1272 seat
3112 1220 3432 1286 composita.

250 1326 371 1374 σκον,
422 1308 517 1361 Διὰ
572 1309 786 1371 τοῦτο,
836 1308 1028 1376 μονὰς
1089 1311 1189 1366 ἀπ’
1238 1313 1432 1381 ἀρχῆς
1481 1309 1642 1368 οὖσα
1683 1316 1772 1381 εις

1903 1311 1962 1362 ιιι
1995 1311 2138 1365 enim
2171 1321 2395 1366 sanctus
2427 1309 2691 1365 Maximus
2715 1347 2730 1373 ,
2759 1324 3032 1378 exponens
3059 1309 3262 1363 dictum
3307 1308 3432 1362 illud

246 1399 401 1455 δυάδα
430 1403 755 1470 κινηθεῖσα,
775 1403 1058 1472 Διδάσκει
1085 1408 1118 1460 ό
1146 1407 1290 1472 Θεὸς
1321 1409 1525 1472 αὑτὸν,
1555 1411 1772 1476 δηλον-

1909 1405 2132 1470 lteologi,
2166 1407 2306 1472 quod
2359 1406 2460 1463 ait.
2519 1403 2724 1458 Idcirco
2771 1419 2952 1456 manas
2997 1419 3027 1454 a
3070 1401 3327 1470 principio
3382 1404 3438 1453 in

249 1492 317 1542 ότι
348 1491 439 1543 τὸν
479 1491 799 1560 diruendae
837 1491 875 1560 ἢ
922 1493 1297 1561 ἀνθρώπινον
1351 1496 1523 1558 νοῦν.
1576 1499 1774 1566 ἀμερί-

1908 1498 2138 1551 inm-ium
2173 1505 2355 1548 mota:
2391 1493 2546 1547 Docet
2583 1493 2722 1547 Deus
2756 1494 3047 1562 angelicam
3087 1499 3306 1545 mentem
3346 1500 3437 1544 aut

246 1592 372 1645 στως
409 1581 472 1632 ἐν
503 1580 578 1648 τῇ
621 1581 824 1648 πρώτῃ
855 1577 1167 1653 προσϐολῇ
1198 1585 1305 1638 τὸν
1334 1585 1467 1652 περὶ
1507 1586 1772 1654 μονάδος

1912 1603 2156 1639 umanam
2187 1585 2405 1655 indivise
2448 1584 2616 1650 primo
2657 1583 2852 1636 intuitu
2889 1598 2950 1634 ac
2993 1581 3435 1640 consideratione.

247 1674 413 1741 λόγον.
439 1673 534 1726 ἵνα
560 1672 646 1741 μὴ
690 1673 976 1742 διαίρεσις
1012 1673 1090 1738 τῷ
1125 1673 1333 1742 πρώτῳ
1357 1678 1520 1740 αἰτίῳ
1571 1678 1775 1733 ensic-

1909 1678 2114 1731 tonadis
2136 1681 2405 1739 rationem,
2427 1692 2488 1728 ne
2515 1675 2622 1727 ulla
2647 1675 2826 1727 divisio
2852 1675 3023 1739 primo
3052 1676 3256 1727 auctori
3277 1675 3438 1726 indu-

247 1761 375 1831 (ιχθῇ
400 1778 412 1792 ·
443 1762 768 1830 προϐιϐἁζει
815 1764 882 1817 δὲ
940 1754 1125 1819 αὐτὸν
1175 1768 1272 1820 καὶ
1308 1769 1420 1831 τὴν
1458 1769 1623 1823 θείαν
1675 1769 1772 1824 καὶ

1908 1778 2046 1822 ntur.
2079 1770 2202 1824 Tum
2237 1784 2352 1822 vero
2379 1767 2628 1835 provehit,
2661 1777 2713 1818 ut
2748 1766 2976 1818 divinant
3004 1774 3157 1835 atque
3190 1782 3437 1819 arcanam

247 1827 543 1920 ἀᾶδρρητὸγ
584 1854 773 1908 αὑτοῦ
825 1861 1179 1924 γονιμότητα
1228 1827 1540 1924 δέξασθαι,
1569 1859 1764 1929 λέγων

1910 1863 1989 1925 ius
2045 1861 2418 1929 fectmditatem
2483 1859 2721 1925 recipiat,
2775 1859 2954 1911 dicens
3009 1859 3223 1928 mystice
3268 1861 3439 1910 occul—

243 1945 502 2012 μυστικῶς
531 1961 595 1999 τε
629 1946 730 2000 καὶ
786 1950 1047 2016 κρυφίως
1084 1947 1243 2013 αὐτῷ
1270 1951 1354 2017 μὴ
1387 1951 1516 2004 δεῖν
1546 1952 1769 2023 ἄγονον

1908 1958 2100 2023 iusque,
2125 1953 2266 2005 haud
2291 1950 2716 2006 committendum
2752 1960 2804 2000 ut
2836 1965 3064 2018 unquam
3102 1949 3288 2002 bonum
3304 1950 3437 2001 illud

245 2033 367 2091 sirm
388 2038 616 2092 ,πώποτε
654 2040 904 2106 φρονεῖν
956 2041 1133 2094 τοῦτο
1193 2043 1260 2095 τὸ
1305 2043 1532 2110 ἀγαθόν
1573 2048 1768 2114 Λόγου

1913 2044 2210 2113 ifecundnm
2255 2041 2404 2096 Verbi
2429 2052 2478 2094 et
2508 2041 2790 2108 Sapientia:
2817 2081 2831 2105 ,
2866 2043 3176 2111 virtutisque
3203 2043 3439 2110 sanctiﬁ-

247 2126 549 2200 xaia'ogp’ac
580 2128 618 2196 ἢ
662 2130 1022 2200 ἀγιαστυιῆς
1073 2133 1384 2202 δυνάμεως
1435 2138 1770 2205 όμοουσίων

1910 2139 2044 2193 antis
2069 2139 2410 2202 existimetur,
2439 2151 2555 2206 qua:
2586 2135 3059 2190 consubstantialia
3087 2135 3190 2188 sint
3226 2151 3287 2188 ac
3317 2136 3439 2187 sub.

248 2234 293 2268 τε
309 2219 389 2272 καὶ
411 2218 857 2284 ἐνυποστάτων,
884 2223 1083 2291 ἵναμὴ
1113 2225 1410 2279 σύνθετον
1439 2229 1770 2298 ὑποληφθῇ

1907 2229 2086 2291 istaut,
2121 2244 2184 2281 ne
2221 2227 2400 2280 Deitas
2429 2227 2714 2293 composita
2742 2225 2979 2278 videatur
3001 2264 3016 2286 ,
3053 2233 3299 2292 tanquam
3326 2225 3436 2277 Iure

247 2309 295 2360 τὸ
310 2308 481 2373 Ocior,
501 2311 579 2376 ὡς
596 2313 1082 2382 συμϐεϐηκότων,
1103 2316 1201 2370 καὶ
1227 2317 1361 2386 οὐχὶ
1380 2318 1567 2374 ταῦτα
1586 2322 1770 2390 ὑπάρ-

1872 2321 1949 2375 illi
1976 2321 2266 2374 accidentia
2299 2321 2428 2385 sint,
2465 2334 2564 2372 non
2594 2319 2709 2386 ipsa
2738 2317 2847 2372 Iure
2870 2333 3068 2384 semper
3094 2318 3327 2372 exsistat.

245 2416 333 2465 χον
353 2399 458 2456 ἀεί.
2918 2471 2921 2473 _

302 2490 392 2542 Καὶ
435 2491 640 2560 λοιπὸν,
679 2496 803 2548 ἐπεὶ
834 2497 984 2551 οὐδὲν
1009 2498 1067 2550 ἐν
1119 2500 1198 2569 τῷ
1225 2500 1344 2572 Θεῷ
1374 2503 1767 2570 ἀνυπόστατον,

1944 2504 2019 2555 Ac
2054 2500 2296 2563 demum,
2329 2511 2448 2551 cum
2495 2494 2624 2551 nihil
2649 2494 2700 2548 in
2730 2493 2838 2546 Deo
2873 2491 2943 2548 sit
2979 2507 3084 2544 non
3109 2488 3436 2551 subsistens,

249 2580 317 2632 iv;
336 2581 404 2650 μὴ
439 2583 692 2638 σύνθετον
732 2587 1041 2657 ὑποληφθῇ,
1075 2588 1322 2643 λείπεται
1371 2592 1681 2660 ἀναγκαίως
1734 2596 1768 2665 ἢ

1907 2599 2122 2662 uperest
2151 2576 2460 2644 neces~ario
2488 2587 2716 2641 duorum
2749 2585 3002 2645 alterum,
3024 2593 3081 2636 ut
3111 2593 3204 2635 aut
3237 2582 3436 2635 multas

247 2672 323 2733 τὰς
350 2674 538 2738 πολλὰς
587 2681 874 2748 ἐνεργείας
920 2681 1252 2745 ὑποστάσεις
1286 2677 1429 2736 εἶναι
1462 2687 1766 2754 ὁμολογεῖν,

1910 2682 2216 2750 perationes
2267 2678 2459 2732 multas
2514 2677 2832 2746 hypostases
2882 2690 2972 2729 seu
3028 2687 3284 2742 personas
3321 2687 3439 2726 esse

245 2761 384 2831 ἢτὸν
429 2766 553 2819 Υιὸν
604 2773 699 2821 καὶ
749 2771 811 2823 τὸ
859 2771 1090 2841 Πνεῦμα
1134 2773 1195 2825 τὸ
1227 2773 1384 2842 ἅγιον
1425 2777 1770 2832 ἀνυπόστατα

1907 2775 2251 2832 oniiteamnr,
2294 2780 2385 2825 aut
2419 2769 2612 2824 Filium
2659 2779 2713 2823 et
2744 2767 3005 2836 Spiritum
3046 2777 3292 2823 sanctum
3331 2782 3436 2818 non

248 2857 780 2931 πιστεύειν-ἑκάτερον
821 2863 878 2916 δὲ
909 2865 1149 2920 ἐναντίον
1180 2849 1244 2937 τῇ
1278 2869 1539 2941 καθολικῇ
1567 2872 1767 2925 πίστει.

1911 2867 2234 2920 obsistentes
2282 2865 2588 2919 credamus.
2637 2855 2942 2930 Utrumque
2987 2873 3114 2914 vero
3160 2859 3440 2914 catholica:

246 2944 324 3007 Ti;
338 2947 436 3017 γὰρ
455 2951 484 3001 δ
507 2951 684 3019 λόγος,
707 2953 916 3014 πολλῶν
935 2956 992 3009 ἐν
1020 2956 1100 3026 τῷ
1132 2955 1250 3027 Θεῷ
1281 2958 1478 3026 λόγων,
1511 2964 1603 3014 καὶ
1623 2965 1774 3034 ἐνερ·

1908 2959 1997 3014 dei
2019 2961 2356 3012 adversatur.
2393 2955 2522 3022 Qua:
2550 2955 2690 3008 enim
2717 2953 2878 3015 ratio,
2909 2967 3030 3006 eum
3063 2951 3228 3007 multa
3253 2951 3304 3004 in
3331 2950 3437 3003 Deo

247 3037 382 3102 γειῶν
434 3041 700 3112 διαφόρων
753 3046 848 3099 καὶ
881 3046 1168 3117 δυνάμεων
1204 3050 1580 3121 εἰσαγομένων
1611 3055 1771 3109 ἀνου-

1911 3053 2062 3117 erba,
2095 3052 2429 3118 dive-rs‘mque
2475 3047 2819 3116 operationes
2853 3054 2907 3098 et
2931 3047 3157 3100 virtutes
3187 3043 3440 3099 essentia:

246 3131 354 3180 σίιιιν
373 3125 463 3184 καὶ
487 3137 898 3204 ἀνυποστάτων,
933 3139 1095 3206 μόνον
1124 3140 1214 3192 τὸν
1240 3141 1367 3193 Υἰον
1397 3142 1489 3196 τοῦ
1517 3143 1652 3197 Θεοῦ
1677 3146 1770 3200 καὶ

1910 3142 2348 3210 ultsiSteutizeque
2373 3151 2627 3210 expertes
2665 3138 2995 3192 inducantur
3023 3181 3036 3198 ,
3071 3149 3126 3192 ut
3157 3135 3303 3190 stius
3347 3135 3439 3189 Dei

245 3221 290 3272 τὸ
317 3223 523 3294 Πνεῦμα
553 3227 613 3278 τὸ
645 3229 804 3294 ἅγιον
833 3229 1091 3298 δυνάμεις
1172 3235 1543 3299 νυποστάτους
1581 3235 1722 3290 εἶναι
1754 3257 1768 3304 ;

1911 3235 2045 3288 'dius
2079 3242 2126 3285 et
2171 3232 2409 3300 Spiritus
2437 3239 2656 3285 sanctus
2703 3231 2925 3284 virtutes
2959 3230 3320 3284 subsistentes
3355 3229 3440 3281 di-

244 3307 318 3374 'H,
351 3312 453 3365 τῶν
474 3315 648 3368 ἄλλων
683 3319 1094 3386 ἀνυποστὰτων,
1116 3321 1213 3384 -ὠς
1253 3327 1408 3391 φασὶ,
1456 3327 1538 3386 τις
1568 3329 1598 3396 ἡ
1629 3331 1767 3381 ἀπο-

1911 3326 2104 3382 antur?
2139 3325 2254 3385 Vel,
2290 3339 2410 3378 cum
2444 3323 2648 3392 reliqua
2683 3338 2788 3377 non
2828 3323 3150 3386 subsistant,
3183 3332 3242 3376 ut
3267 3323 3439 3382 aiunt,

244 3403 481 3488 ιι).ήρωσι;
516 3408 593 3476 μὴ
627 3407 768 3460 κατὰ
815 3409 984 3462 ταῦτα
1017 3411 1107 3463 τὸν
1158 3413 1284 3466 Υἱὸν
1330 3417 1425 3468 καὶ
1456 3417 1514 3468 τὸ
1546 3418 1770 3488 Πνεῦμα

1912 3434 2120 3472 umnam
2143 3415 2405 3484 exceptio,
2441 3425 2500 3467 ιιι
2552 3430 2658 3468 non
2693 3429 2757 3468 ex
2814 3413 3025 3466 illorum
3061 3413 3308 3477 ratione,
3341 3413 3439 3480 ipsi

244 3486 353 3544 εἶναι
378 3495 716 3550 ἀνυπόστατα
747 3514 761 3561 ;
794 3497 896 3550 Καὶ
934 3499 1040 3570 μὴν
1063 3502 1131 3554 τὰ
1165 3503 1265 3571 τῆς
1293 3505 1481 3569 οὐσίας
1520 3486 1772 3563 τοσοῦτον

1916 3523 2092 3578 noque
2123 3507 2292 3562 Filius
2341 3518 2393 3560 et
2432 3505 2667 3574 Spiritus
2726 3504 3079 3561 subsistentia
3146 3521 3251 3558 non
3313 3505 3441 3556 deli-

244 3583 636 3657 ἀπολειπόμενα,
669 3591 1086 3646 ἐκπεπτωκέναι
1119 3596 1292 3648 ταῦτα
1325 3597 1418 3650 τοῦ
1457 3601 1662 3672 κυρίως
1689 3603 1772 3655 δν-

1909 3600 2132 3652 iantur?
2163 3600 2320 3665 Atqui
2359 3613 2419 3652 ea
2451 3613 2570 3666 qua:
2617 3598 2697 3652 sic
2727 3599 3051 3650 immensum
3089 3598 3157 3649 ab
3201 3599 3435 3650 essentia

243 3693 312 3740 τος
341 3680 781 3751 ὁμολογήσουσιν.
817 3685 978 3736 Ὥστε
1016 3687 1111 3740 καὶ
1141 3688 1200 3740 to
1227 3690 1552 3762 ὑπερούσιον
1578 3697 1635 3746 τὸ
1666 3698 1770 3763 μά-

1911 3689 2148 3750 eiiciam,
2179 3689 2245 3742 ab
2273 3704 2336 3740 eo
2357 3685 2500 3756 quod
2537 3697 2618 3739 est
2653 3702 2774 3741 vere
2799 3686 3066 3740 excidisse
3098 3686 3436 3740 [οιιιὺιιιιιιιτ.

242 3768 370 3823 λιστα
400 3775 491 3826 τοῦ
529 3775 665 3827 Θεοῦ
705 3776 996 3830 ἱδιαίτατόν
1056 3782 1228 3845 ἐστιν,
1327 3785 1577 3838 πείσεται.
1603 3787 1662 3839 τὸ
1697 3791 1770 3856 μὴ

1908 3787 2053 3846 .tque
2077 3780 2231 3841 adeo,
2259 3778 2308 3829 id
2351 3778 2523 3845 ipsum
2557 3776 2697 3844 quod
2717 3776 3003 3829 essentiam
3033 3791 3246 3846 ornuem
3280 3790 3437 3828 exee-

241 3859 304 3923 ὀν,
329 3865 377 3915 ἐν
413 3866 587 3935 ἐαυτῷ
619 3866 776 3920 τοῦτο
827 3868 969 3937 ἔχον.
1015 3870 1075 3923 Ei
1111 3871 1166 3924 δὲ
1215 3875 1392 3939 τοῦτο,
1426 3877 1521 3928 καὶ
1563 3896 1770 3931 κακυν-

1913 3856 1974 3934 ῑί,
2017 3885 2078 3921 ac
2131 3869 2218 3921 Dei
2272 3869 2504 3921 maxime
2554 3866 2824 3935 proprium
2873 3879 2956 3921 est
3016 3881 3077 3920 ac
3131 3868 3437 3936 singulare,

243 3953 456 4023 θήσεται.
499 3959 562 4011 Ἡ
608 3955 711 4029 γὰρ
746 3959 838 4012 τοῦ
889 3961 1151 4032 ὀνόματος
1206 3966 1433 4033 μεῖωσις
1482 3970 1770 4038 προσοήκη

1916 3963 2117 4016 refecto
2169 3977 2272 4012 non
2319 3959 2459 4014 entis
2529 3958 2742 4013 defectu
2807 3958 3089 4022 laborabit,
3135 3961 3204 4012 'iu
3262 3962 3439 4026 seipse

240 4046 418 4111 γίνεται
459 4049 536 4119 τῷ
586 4050 744 4120 κπικῷ
771 4066 785 4079 ·
816 4053 909 4104 καὶ
955 4057 1126 4124 τούτῳ
1173 4056 1389 4122 γένεσις
1422 4059 1454 4128 ἡ
1493 4061 1588 4113 τοῦ
1621 4061 1769 4126 ὄντος

1917 4056 2005 4108 lud
2037 4054 2261 4106 habens.
2296 4051 2370 4105 Eo
2413 4061 2590 4103 autem
2627 4053 2775 4114 dato,
2807 4053 2966 4104 etiam
3014 4051 3234 4104 malitia:
3260 4051 3441 4116 subta-

243 4136 486 4207 στέρησις.
531 4141 616 4202 Ὠς
648 4142 754 4211 γὰρ
783 4141 933 4205 ὄντος
970 4144 1065 4195 καὶ
1094 4146 1281 4210 οὐσίας
1312 4146 1566 4215 ἕκαστον,
1599 4152 1770 4216 οὕτως

1910 4147 2039 4199 eltit.
2081 4141 2322 4194 Numinis
2368 4141 2507 4193 enim
2547 4141 2833 4193 diminutio
2878 4141 3016 4192 malo
3072 4142 3128 4193 lit
3164 4144 3437 4204 aecessio;

243 4227 334 4296 ἔχει
364 4232 584 4293 ἀγαθοῦ.
618 4235 724 4286 Καὶ
749 4235 876 4303 μὴν,
925 4237 970 4287 εἰ
1007 4236 1107 4305 μὲν
1136 4238 1342 4292 τούτων
1373 4240 1606 4294 ἕκαστον
1642 4245 1772 4309 Θεὸς

1919 4240 2111 4305 ineque
2148 4235 2277 4288 illud
2310 4233 2506 4296 oritur,
2547 4232 2689 4301 quod
2745 4242 2826 4286 est
2885 4233 3028 4287 emis
3063 4233 3310 4299 privatio.
3371 4231 3441 4286 lit

241 4321 329 4370 τῶν
356 4323 520 4377 ἄλλων
547 4324 826 4395 διαφέρον,
851 4327 900 4379 τί
935 4330 1054 4390 τοὺς
1077 4327 1345 4398 Ἕλληνας
1371 4333 1770 4405 ἀπελαύνομεν;

1907 4330 2020 4380 nim
2059 4340 2118 4381 se
2153 4322 2403 4392 quodque
2451 4319 2613 4380 habet
2649 4329 2704 4372 ut
2753 4321 2822 4373 sit
2853 4335 2948 4373 ens
3000 4335 3062 4373 ac
3111 4321 3436 4383 substantia,

247 4409 295 4464 Kl
320 4414 370 4466 δέ
396 4417 469 4486 μὴ
497 4417 649 4482 Θεὸς,
705 4420 769 4471 ἐκ
809 4419 884 4488 μὴ
928 4419 1065 4471 Θεῶν
1102 4421 1164 4472 τὸ
1189 4422 1341 4474 Θείον
1366 4426 1773 4498 συμπληρωθή⁴

1914 4421 1957 4473 ie
1989 4430 2200 4487 quoque
2234 4425 2288 4467 ut
2323 4413 2519 4465 bonum
2567 4411 2655 4465 sit.
2689 4411 2847 4478 Atqui
2896 4411 2941 4464 si
3001 4412 3188 4464 horum
3231 4413 3443 4481 quodli-

245 4520 392 4572 σεται,
423 4509 513 4561 καί
550 4527 605 4564 τι
645 4512 811 4581 ςτέρας
862 4511 1165 4582 πολυμερὲς
1197 4513 1288 4576 καὶ
1327 4515 1616 4586 ἀνώμαλον
1648 4537 1773 4589 νοη-

1918 4523 1969 4566 et
2000 4509 2228 4565 seorsim
2284 4521 2311 4558 a
2347 4505 2569 4573 reliquis
2608 4506 2675 4556 ali
2713 4506 2897 4572 eisque
2945 4505 3258 4558 distinctum
3303 4507 3443 4561 Deus

243 4597 453 4668 θήσεται,
488 4603 757 4658 τοσούτων
804 4603 1072 4671 ἀνομοίων
1117 4605 1370 4678 ἀλλήλοις
1419 4611 1769 4680 πραγμάτων

1928 4614 1984 4668 ιι,
2036 4601 2165 4671 quid
2215 4598 2474 4675 estquod
2511 4595 2724 4653 Graecos
2771 4599 3083 4665 rejieiunts?
3117 4599 3210 4654 Sin
3263 4613 3457 4679 autem

245 4690 307 4751 εἰς
335 4695 485 4747 noro
509 4695 944 4764 συνδραμόντων.

1916 4703 2025 4752 iens
2060 4708 2166 4748 non
2195 4699 2303 4757 est,
2334 4705 2397 4744 ex
2431 4705 2536 4744 non
2562 4689 2670 4744 diis
2713 4692 3074 4761 complebitur
3126 4695 3268 4758 quod
3302 4694 3445 4747 divi-

250 4799 352 4837 ιιιιιιι
417 4800 537 4854 est,
594 4790 970 4859 quoddamque
1019 4789 1346 4846 .multarum
1408 4795 1642 4863 partium
1713 4805 1768 4850 et
1809 4791 2153 4862 iuaequalinm
2223 4785 2550 4856 prodigium,
2593 4796 2698 4838 tam
2743 4787 2925 4841 multis
2984 4789 3106 4842 aliis
3166 4791 3287 4844 aliis
3335 4795 3446 4847 dis-

249 4880 484 4938 similibus
511 4885 982 4941 concurrentibus.
1016 4883 1152 4936 Dens
1182 4889 1365 4939 animo
1397 4890 1652 4957 cogitanti
1691 4899 1966 4944 occurret.

309 4977 415 5030 Ἐτι
449 4996 504 5030 τε
533 4979 654 5030 ἐπεὶ
683 4982 742 5030 τὸ
771 4981 1022 5050 ἐνεργείᾳ
1056 4982 1286 5035 ἑκάστου
1337 4983 1398 5034 τὺ
1440 4980 1578 5036 εἶναι
1609 4985 1776 5037 αὑτοῦ

1950 4981 2235 5041 Praeterea,
2269 4991 2388 5029 eum
2432 4977 2481 5030 id
2521 4976 2661 5042 quod
2707 4989 2828 5029 aetu
2862 4980 3122 5048 (‘ujusqtm
3148 4997 3227 5034 es:
3259 5025 3271 5044 ,
3303 4985 3444 5035 ill7u<

247 5065 389 5129 ἐστιν,
421 5067 474 5121 ἓν
495 5069 551 5122 δὲ
579 5069 642 5121 τὸ
673 5069 929 5132 οὐσιῶδες
967 5065 1106 5124 εἶναι.
1139 5070 1387 5123 ἑκάστου·
1421 5075 1469 5124 εἰ
1503 5073 1675 5125 πολλά
1699 5076 1776 5125 εἰ-

1912 5089 1996 5127 sse
2019 5073 2108 5131 sit,
2152 5086 2216 5122 ac
2248 5069 2320 5121 rei
2347 5069 2614 5137 cujusque
2635 5086 2797 5121 unum
2831 5071 2898 5122 sit
2921 5085 3042 5124 esse
3068 5075 3440 5137 sultstautiale,

249 5171 318 5207 σιν
341 5160 393 5210 ἐν
425 5159 497 5229 τῷ
526 5159 646 5230 Θεῷ
693 5155 832 5214 εἶναι
880 5160 1154 5232 ἐνεργείᾳ,
1192 5161 1385 5214 ἕπεται
1414 5163 1513 5232 οὐχ
1548 5161 1604 5214 ἓν
1632 5159 1774 5226 εἶδος

1912 5166 1922 5216 i
1954 5164 2004 5217 in
2041 5165 2146 5216 Deo
2177 5160 2328 5230 plura
2379 5161 2486 5214 sint
2523 5174 2643 5214 esse
2685 5171 2829 5224 aetu,
2869 5163 3114 5231 sequitur
3143 5173 3244 5219 ιιοιι
3281 5183 3441 5220 unam

249 5243 365 5301 εἶναι
394 5251 572 5314 αὐτοῦ,
607 5253 635 5305 ὅ
665 5253 718 5304 τι
753 5253 873 5305 ποτ’
901 5252 1073 5315 ἐστιν,
1126 5253 1261 5308 ἀλλὰ
1295 5254 1486 5307 πολλά-
1514 5255 1546 5325 ἦ
1579 5253 1637 5306 ἓν
1675 5256 1776 5324 μὲν

1914 5253 2001 5322 jus
2027 5249 2255 5304 formam
2287 5249 2400 5303 fore
2432 5262 2492 5325 ae
2524 5248 2784 5316 speciem,
2823 5251 3084 5319 quidquid
3117 5257 3332 5308 tandem
3359 5257 3443 5309 illa

251 5334 367 5392 εἶναι
392 5343 448 5395 τὸ
475 5343 729 5406 οὐσιῶδες
764 5338 902 5407 εἶδος
941 5343 1128 5410 αυτοῦ,
1161 5344 1228 5398 τὰ
1250 5345 1294 5398 δ’
1318 5345 1454 5400 ἄλλα
1479 5347 1618 5399 κατὰ
1644 5362 1780 5417 συμ-

1919 5354 1970 5410 ιι,
1999 5344 2092 5397 sed
2124 5331 2307 5409 plures
2338 5358 2352 5406 ;
2379 5351 2470 5394 aut
2501 5357 2659 5394 uuam
2731 5343 2948 5411 quidem
2983 5344 3126 5398 illius
3170 5361 3291 5400 esse
3334 5347 3448 5401 for-

251 5427 473 5500 ϐεϐηκός,
1884 5452 2021 5488 tuam
2047 5433 2476 5494 substantialem,
2514 5433 2751 5502 reliquas
2793 5449 2918 5488 vero
2952 5451 3048 5502 per
3082 5438 3352 5493 accidens.

308 5527 468 5600 pri;
482 5531 536 5583 δέ
551 5531 754 5584 τούτων
769 5529 940 5594 ὁΘεδς
954 5531 1077 5600 τρια
1095 5531 1185 5585 καὶ
1198 5530 1253 5583 ἓν
1270 5531 1612 5601 ὁμολογεῖται
1628 5531 1781 5602 παρὰ

1951 5529 2030 5580 Ad
2057 5529 2168 5582 inec
2196 5540 2343 5591 vero,
2373 5541 2496 5580 cum
2527 5528 2655 5582 ﬁdes
2685 5528 2874 5582 doceat
2905 5528 3069 5580 Deum
3105 5530 3204 5582 tria
3247 5545 3368 5595 esse
3395 5543 3449 5586 et

249 5619 329 5684 τῆς
345 5623 579 5688 πίστεως,
608 5622 665 5674 τὸ
698 5621 796 5690 μὲν
817 5621 874 5672 ἓν
897 5623 1038 5674 κατὰ
1059 5623 1155 5692 τὴν
1172 5623 1379 5687 οὐσίαν,
1406 5624 1531 5693 τρία
1553 5623 1609 5677 δὲ
1638 5623 1778 5678 κατά

1924 5639 2072 5687 ιιιιιιι,
2107 5638 2271 5676 unum
2311 5622 2532 5694 quidem
2571 5626 2781 5678 ratione
2836 5625 3106 5687 essentne,
3162 5626 3262 5678 tria
3301 5642 3448 5687 vero,

251 5712 329 5772 τὰς
354 5713 664 5777 ὑποστάσεις
687 5732 700 5745 ο
718 5715 852 5768 καθὸ
883 5716 987 5783 γάρ
1005 5718 1105 5768 εἱσι
1123 5717 1247 5785 τρία
1268 5719 1532 5786 πρόσωπα
1550 5718 1780 5787 ἀριθμὸν

1922 5725 2144 5770 uantum
2201 5715 2265 5768 ad
2323 5717 2639 5786 ltypostases
2688 5733 2781 5772 seu
2841 5733 3096 5787 personas
3143 5729 3451 5789 :qualenus

253 5798 587 5870 ἑττιδηεχθεμενα,
617 5806 714 5856 οὐκ
746 5806 881 5856 εἰσιν
911 5806 1160 5858 ἓν.”Ωττε
1185 5799 1430 5861 λεετετσιι
1458 5808 1520 5862 τὸ
1554 5809 1608 5860 ἓν
1641 5809 1777 5862 κατὰ

1923 5809 2024 5862 ιιίιιι
2062 5819 2186 5862 sunt
2219 5817 2324 5861 tres
2351 5825 2590 5878 personze
2621 5826 2902 5864 numerum
2959 5812 3304 5877 recipientes,
3344 5830 3446 5868 non

539 5902 805 5958 I’aTItOL.
853 5902 968 5960 (in.
1016 5901 1190 5959 CLII.
2944 5904 3014 5961 1's-
