3872 6578
420 471 528 539 ζὲῖ

1674 475 2070 536 MANUELIS
2107 477 2410 538 CALEC/E

3544 482 3634 548 428

419 598 546 647 sunt
582 598 745 643 unum
785 604 799 640 :
841 595 1088 656 superest
1129 600 1279 657 ergo,
1310 597 1368 642 ut
1400 602 1566 642 unum
1599 599 1870 658 competat
1902 604 1982 644 ra-

2095 594 2192 664 τὴν
2215 595 2406 648 οὐσίαν
2426 588 2585 647 εἶναι.
2607 593 2671 647 Εἰ
2699 591 2825 661 γοῦν
2850 595 2941 646 καὶ
2963 592 3164 646 ἰο-κατ’
3182 592 3347 663 αὐτὴν
3364 597 3454 665 τὴν
3469 598 3514 648 οἱ
3530 600 3639 650 σίαν

422 682 568 735 tione
594 680 861 733 cssentiac.
891 677 1171 747 Siquidem
1232 679 1391 750 igitur
1425 678 1552 734 illud
1582 679 1755 749 ipsum
1798 695 1986 750 unum,

418 773 563 842 quod
594 784 759 840 penes
786 772 1080 826 essentiam
1133 781 1215 827 est
1237 811 1254 836 ,
1285 772 1337 825 in
1371 782 1479 826 tam
1521 773 1688 826 multa
1726 773 1847 842 quis
1877 773 1989 828 dis-

419 864 620 919 similia
647 863 874 925 dividat,
917 862 1072 934 juxta
1102 877 1198 918 eas
1224 878 1345 933 qua:
1390 863 1551 918 dicte
1575 872 1703 918 sunt
1758 864 1986 918 istorum

417 954 694 1011 homlnum
762 954 1106 1015 antltlteses,
1168 968 1333 1007 unum
1404 955 1457 1008 in
1520 953 1632 1009 Deo
1695 955 1984 1027 indivisutn

416 1046 683 1113 nusquam
707 1044 1050 1110 occurrerit;
1080 1044 1226 1113 quod
1255 1059 1385 1099 vero
1411 1044 1481 1098 sit
1505 1044 1819 1106 indivisum.
1840 1060 1986 1100 com-

417 1132 595 1188 munis
624 1132 769 1189 ‘ﬂdes
795 1141 1222 1204 sanctorumque
1250 1135 1525 1206 proposita
1559 1136 1802 1192 doctrina
1827 1136 1984 1192 ﬁdem

410 1225 562 1281 facit.
717 1271 726 1281 .
781 1288 787 1294 ,

483 1318 621 1372 Cum
654 1317 805 1387 plura
839 1334 1055 1388 quoque
1106 1319 1207 1374 alia
1255 1319 1373 1389 ejus
1408 1322 1621 1392 generis
1670 1339 1738 1377 ex
1798 1331 1983 1392 aperta

414 1424 652 1480 veraque
705 1420 1022 1466 sanctorum
1094 1413 1373 1467 doctorum
1455 1415 1723 1485 theologia
1791 1415 1986 1470 aﬂ'erre

410 1501 623 1567 liceret,
669 1503 866 1572 partim
909 1504 977 1558 ad
1006 1518 1194 1559 eorum
1232 1506 1635 1574 corruptionem
1685 1521 1985 1575 repraesen-

410 1597 653 1661 tandam,
678 1610 781 1664 qua
815 1597 893 1650 sic
920 1597 1094 1666 palam
1139 1600 1475 1667 scripserunt
1509 1613 1571 1651 ac
1616 1597 1776 1652 ﬁdem
1800 1598 1987 1653 edide-

411 1696 559 1751 runt,
585 1688 779 1756 partim
827 1688 894 1742 ad
940 1689 1181 1757 ipsorum
1208 1689 1534 1744 confutanda
1567 1690 1843 1745 mendacia
1874 1728 1888 1752 ,
1922 1702 1986 1744 ac

410 1777 828 1843 ostendendum,
873 1778 1040 1832 multa
1075 1789 1386 1833 sanctorum
1423 1780 1562 1833 dicta
1598 1779 1775 1835 alieno
1810 1794 1836 1831 a
1891 1792 1985 1832 rn-

2092 686 2151 738 ἒν
2180 689 2257 750 εἰς
2294 686 2532 741 τοσαῦτα
2580 687 2741 740 διέλοι
2790 705 2873 750 τις
2920 688 3172 756 ἀνόμοια.
3207 686 3345 741 κατὰ
3374 690 3466 751 τὰς
3499 690 3637 758 εἰρη-

2094 783 2261 853 μένας
2281 782 2388 836 τῶν
2416 782 2627 853 ἀνδρῶν
2657 784 2863 837 τούτων
2887 783 3208 849 ἀντιθέσεις,
3243 784 3301 836 τὸ
3322 784 3379 836 ἓν
3402 785 3487 837 ἐπὶ
3514 783 3636 837 Θεοῦ

2091 876 2398 946 ἀδιαίρετον
2423 877 2523 930 οὐκ
2578 877 2726 931 ἔστιν
2762 877 2963 946 εὑρεῖν.
3005 875 3129 930 Ὀτι
3161 874 3218 928 δὲ
3265 876 3637 946 άδιαίρετον,ἡ

2092 968 2243 1038 κοινή
2272 971 2453 1033 πίστις
2484 967 2577 1023 καί
2597 970 2629 1041 ὴ
2650 968 2978 1039 προτεθεῖσα
3008 968 3114 1021 τῶν
3137 966 3311 1035 ἁγίων
3339 966 3638 1020 διδασκαλία

2093 1079 2167 1133 μα
2175 1077 2270 1132 ρτυ
2276 1064 2380 1132 ρετ.
2944 1068 2951 1081 '

2467 1141 2495 1159 θ.

2164 1310 2347 1379 Ἐχων
2372 1309 2474 1376 μὲν
2498 1302 2593 1362 οὖν
2623 1307 2719 1360 καὶ
2745 1307 2882 1361 ἄλλα
2914 1306 3086 1360 πολλὰ
3103 1304 3348 1369 τοιαῦτα,
3376 1305 3527 1359 τοῦτο
3549 1306 3673 1374 μὲν]

2087 1404 2168 1465 εἰς
2200 1401 2545 1472 παράστασιν
2570 1401 2669 1469 τῆς
2716 1400 3015 1468 διαφθορᾶς
3057 1398 3169 1453 τῶν
3220 1397 3454 1468 ἀνδρῶν,
3485 1400 3541 1465 ὶξ
3571 1395 3641 1453 ὧν

2088 1496 2402 1566 ἀνέγραψαν
2453 1496 2548 1549 καὶ
2576 1494 2911 1548 ἐπίστευσαν
2943 1492 3255 1563 παρρησίᾳ,
3300 1491 3458 1545 τοῦτο
3481 1492 3537 1545 δὲ
3567 1496 3640 1555 εἰς

2086 1589 2307 1658 ἔλεγχον
2340 1588 2437 1656 τῆς
2464 1585 2816 1656 ψευδολογίας
2840 1586 3043 1649 αὐτῶν,
3067 1586 3132 1637 ὲκ
3163 1584 3261 1653 τῆς
3293 1586 3527 1653 φανερᾶς
3552 1585 3640 1637 καὶ

2087 1683 2321 1752 ἀληθοῦς
2351 1682 2456 1735 τῶν
2493 1683 2663 1750 ἁγίων
2705 1680 3043 1734 διδασκάλων
3076 1678 3358 1748 θεολογίας
3390 1678 3639 1749 παραθεί-

2088 1792 2199 1837 ναι,
2238 1772 2333 1827 καὶ
2364 1774 2512 1835 ὅπως
2556 1772 2653 1843 μὲν
2694 1773 2924 1835 πολλοὺς
2953 1772 3061 1824 τῶν
3089 1770 3264 1837 ἁγίων
3307 1768 3497 1836 λόγους
3542 1785 3640 1820 πα-

415 1868 562 1921 tiunc
614 1883 747 1923 ausu
797 1869 1077 1938 animique
1120 1870 1389 1937 pravitate
1441 1868 1493 1922 in
1531 1870 1732 1924 malum
1760 1885 1981 1924 sensum

2089 1864 2333 1935 ραλόγως
2369 1866 2464 1917 καὶ
2524 1864 2814 1933 κακοήθως
2877 1863 3368 1932 ὲσυκοφάντησαν,
3417 1861 3558 1924 ὅπως
3587 1861 3638 1913 δὲ

415 1960 667 2025 traxisse,
720 1966 819 2014 nec
848 1966 907 2012 ut
933 1972 1171 2015 consone
1204 1961 1400 2016 divinis
1443 1961 1739 2032 Scripturis
1794 1963 1981 2025 loque-

2087 1957 2178 2010 τοῦ
2238 1955 2548 2026 συμφώνως
2612 1959 2733 2018 ταῖς
2792 1954 2970 2016 θείαις
3007 1955 3255 2024 ι’ραφαῖς
3306 1952 3484 2019 λέγειν
3536 1952 3637 2004 οὐδ’

412 2061 624 2118 rentur,
666 2053 752 2107 vel
783 2051 1064 2106 minimum
1088 2066 1313 2109 curasse
1345 2071 1359 2106 :
1390 2053 1441 2108 in
1475 2070 1634 2124 quam
1664 2054 1828 2108 multa
1858 2054 1982 2108 item

411 2144 643 2199 absurda
695 2142 998 2213 praecipites
1058 2142 1321 2206 ferantur,
1368 2158 1434 2197 ac
1485 2152 1691 2213 quanta
1745 2144 1814 2198 de
1872 2142 1983 2198 Deo

409 2235 688 2305 explorata
721 2249 817 2303 per
851 2248 944 2289 eos
974 2231 1183 2288 sublata
1222 2243 1372 2298 sunt,
1399 2248 1725 2305 omnemque
1763 2247 1984 2291 sancto-

410 2342 532 2383 rum
567 2325 894 2396 theologiam
928 2325 1120 2391 dilabi,
1157 2326 1203 2381 si
1235 2327 1396 2380 modo
1419 2328 1678 2395 synodica
1715 2327 1833 2382 haec
1862 2342 1986 2381 sen-

413 2420 579 2474 tentia
608 2417 774 2472 robur
800 2418 1037 2483 haheat;
1068 2417 1301 2472 ulterius
1334 2419 1590 2488 prosequi
1628 2404 1996 2488 supersedeo,

412 2511 517 2567 hoc
544 2523 745 2565 cavens
783 2522 851 2563 ne
879 2506 1191 2578 prolixitate
1239 2510 1401 2563 tzedio
1443 2509 1699 2565 lectorem
1730 2508 1980 2565 alliciam.

410 2600 696 2658 Snllicittnt
745 2601 889 2656 enim
926 2616 988 2656 ea
1013 2640 1028 2667 ,
1066 2616 1173 2672 qua
1216 2600 1360 2656 dicta
1411 2614 1576 2670 sunt,
1603 2602 1723 2671 his,
1749 2619 1983 2675 quorum

413 2708 519 2753 non
544 2705 744 2751 caecata
776 2693 1002 2750 omnino
1039 2704 1166 2751 sunt
1212 2696 1380 2750 animi
1424 2696 1627 2751 lumina
1648 2738 1665 2763 ,
1696 2701 1763 2752 ad
1796 2709 1985 2753 osten-

414 2788 676 2853 dendum,
711 2801 826 2850 eos,
854 2787 947 2857 qui
979 2796 1188 2843 asserta
1230 2787 1282 2841 in
1314 2785 1484 2841 Tomn
1514 2788 1579 2842 de
1604 2787 1709 2842 [ide
1743 2799 1981 2854 teneant,

414 2882 575 2935 [idem
608 2879 878 2943 conﬁteri,
902 2893 1065 2949 quam
1108 2893 1214 2932 non
1239 2887 1512 2933 noverunt
1545 2878 1732 2934 Patres
1766 2881 1937 2934 nostri
1965 2921 1980 2945 ,

415 2973 648 3028 alienam
677 2972 888 3027 scilicet
916 2973 983 3026 ah
1012 2987 1097 3033 ea,
1133 2986 1252 3042 qua:
1283 2986 1311 3026 a
1340 2973 1544 3027 sanctis?
1577 2972 1863 3040 praedicata
1899 2982 1984 3026 est

412 3068 466 3121 in
502 3066 769 3121 catholica
810 3075 865 3119 et
901 3064 1195 3134 apostolica
1242 3064 1445 3120 Christi
1482 3063 1723 3121 Ecclesia
1758 3083 1772 3120 :
1813 3065 1984 3135 quod-

412 3173 520 3229 que
538 3174 565 3211 ιι
590 3157 858 3228 principio
883 3157 1156 3221 dicebam,
1181 3172 1302 3211 cum
1322 3157 1517 3226 duplex
1544 3158 1594 3212 in
1616 3159 1719 3213 hac
1739 3157 1980 3212 Ecclesia

2083 2050 2262 2103 ὁτιοῦν
2293 2049 2637 2119 ἐφρόντισαν,
2671 2047 2767 2102 καὶ
2799 2049 2876 2110 εἰς
2909 2047 3009 2099 ὅσα
3046 2046 3144 2114 μὲν
3175 2045 3244 2097 τὰ
3269 2045 3448 2098 ἄτοπα
3482 2058 3638 2096 κατα-

2085 2146 2364 2215 φέρονται,
2421 2142 2521 2195 ὅσα
2566 2141 2625 2194 δὲ
2670 2141 2779 2193 τῶν
2822 2139 3283 2209 ὁμολογουμένων
3333 2141 3459 2206 περὶ
3513 2136 3635 2189 Θεοῦ

2084 2233 2460 2305 ἀναιροῦνται,
2494 2234 2589 2285 καὶ
2625 2233 2774 2285 πᾶσι
2806 2231 2839 2299 ἠ
2892 2231 3001 2285 τῶν
3031 2232 3208 2298 ἁγίων
3239 2230 3485 2297 θεολογία
3522 2229 3636 2280 ’δια-

2086 2328 2299 2392 πίπτει,
2331 2329 2430 2398 τῆς
2463 2325 2750 2395 συνοδικῆς
2797 2325 3002 2396 ταύτης
3054 2324 3388 2394 ἀποφάσεως
3418 2321 3637 2395 κρατού-

2088 2439 2223 2493 σης,
2277 2421 2371 2475 καὶ
2424 2420 2572 2482 ὅπως
2642 2420 2858 2482 ἑαυτοῖς
2908 2418 3180 2489 μυριαχοῦ
3237 2416 3635 2487 περιπίπτουσι,

2088 2512 2486 2585 παραιτοῦμαι,
2543 2509 2640 2565 τοῦ
2697 2509 2858 2577 λόγου
2923 2511 3018 2564 τὸν
3061 2511 3229 2580 κόρον
3280 2509 3632 2579 ὑφορώμενος.
3725 2558 3741 2579 ο

2098 2607 2279 2662 Ἰκανά
2310 2610 2419 2675 γάρ
2464 2604 2534 2658 τὰ
2569 2602 2842 2674 εἰρημένα
2874 2604 2991 2666 τοῖς
3033 2603 3108 2672 μὴ
3162 2602 3340 2671 πάντη
3378 2599 3636 2668 τετυφλω-

2088 2700 2290 2769 μένοις,
2322 2697 2454 2765 πρὸς
2477 2696 2537 2748 τὸ
2558 2695 2731 2762 δεῖξαι
2753 2694 2878 2757 τοὺς
2907 2695 3004 2764 τὴν
3026 2693 3120 2747 τοῦ
3151 2694 3335 2762 Τόμου
3359 2693 3504 2744 θέσιν
3520 2692 3637 2758 περὶ

2085 2795 2183 2860 τῆς
2233 2792 2470 2853 πίστεως
2503 2788 2838 2859 κατέχοντας
2886 2787 3075 2841 πίστιν
3117 2787 3422 2856 ὁμολογεῖν,
3458 2786 3522 2857 ἥν
3547 2787 3637 2838 οὐκ

2084 2885 2308 2957 ᾔδεισαν
2330 2885 2377 2936 οἰ
2415 2883 2657 2953 Πατέρες
2688 2882 2846 2953 ἡμῶν
2876 2898 2890 2911 ·
2918 2880 2981 2933 τὸ
3007 2880 3052 2934 δ’
3078 2880 3228 2933 ἔστιν
3265 2880 3548 2948 ἀλλοτρίαν
3569 2874 3637 2930 εἴ·

2086 2992 2175 3029 ναι
2199 2978 2296 3043 τῆς
2327 2976 2384 3027 ἂν
2421 2976 2482 3043 τῇ
2516 2972 2780 3041 καθολικῇ
2812 2968 2909 3024 καί
2930 2971 3267 3041 ἀποστολικῇ
3291 2968 3384 3023 τοῦ
3414 2968 3632 3037 Χριστοῦ

2098 3066 2395 3137 Ἐκκλησία
2424 3066 2574 3135 παρὰ
2594 3064 2703 3118 τῶν
2735 3065 2906 3133 ἁγίων
2940 3065 3356 3134 κηρυττομένης
3379 3064 3629 3121 πίστεως·

2083 3159 2199 3226 καὶ,
2231 3159 2259 3212 ὃ
2291 3158 2552 3229 πρότερον
2594 3157 2898 3228 ἀρχόμενος
2930 3157 3136 3222 ελεγον,
3172 3157 3255 3210 ὅτι
3287 3155 3465 3223 διττῆς
3496 3168 3633 3221 γενοο

409 3246 684 3301 exstiterit
722 3244 986 3315 synodus,
1025 3244 1336 3316 duplexque
1372 3262 1434 3302 ac
1469 3248 1743 3302 contraria
1774 3248 1979 3319 prolata

2087 3253 2254 3321 μένης
2288 3251 2507 3305 συνόδου
2536 3251 2690 3320 παρὰ
2718 3251 2815 3321 τῆς
2846 3249 3176 3320 Ἐκκλησίσς
3203 3251 3424 3319 ταύτης,
3456 3251 3542 3302 καὶ
3569 3248 3633 3299 διο

411 3339 681 3394 sentcntia
710 3336 802 3403 sit,
834 3337 978 3406 quod
1004 3338 1200 3393 attinet
1229 3339 1295 3393 ad
1330 3342 1682 3410 quaestionem
1701 3344 1766 3396 de
1796 3341 1980 3397 divina

410 3431 650 3487 essentia
685 3439 739 3484 et
762 3431 1125 3499 operatione;
1160 3432 1569 3502 obscurumque
1597 3433 1764 3486 videri
1806 3434 1980 3503 possit

412 3530 533 3571 utra
581 3517 776 3591 harum
825 3519 1226 3573 sententiarum
1263 3520 1544 3576 veritatem
1593 3524 1846 3578 comitem
1878 3524 1978 3577 ha-

410 3610 536 3665 heat
554 3610 705 3682 (sunt
726 3612 873 3665 enim
898 3611 1045 3665 inter
1066 3625 1129 3666 se
1149 3613 1484 3680 contrariae),
1509 3624 1715 3669 certum
1736 3616 1976 3681 omnino,

408 3718 473 3758 ex
509 3704 574 3757 iis
602 3717 721 3774 qtne
749 3700 892 3758 dicta
917 3713 1062 3768 sunt,
1105 3704 1559 3776 exploratumque
1584 3716 1691 3774 est,
1721 3723 1839 3764 eam
1862 3725 1981 3780 qua:

412 3811 557 3852 nunc
602 3797 781 3866 viget,
824 3799 1106 3853 mendacio
1140 3794 1322 3853 fulciri
1358 3814 1422 3853 ac
1465 3800 1854 3870 blasphemiam
1886 3806 1983 3859 ha-

407 3888 559 3944 bere.
617 3887 852 3943 Proinde
899 3903 1022 3959 qua:
1074 3889 1187 3944 hac
1210 3891 1407 3947 astruit
1454 3893 1821 3964 praedicatque
1872 3895 1978 3949 Ec-

410 3978 601 4043 clesia,
632 3981 735 4035 hoc
764 3983 986 4047 amisit,
1039 3993 1096 4037 ut
1135 3994 1324 4041 sancta
1371 3986 1640 4043 catholica
1679 4001 1734 4045 et
1765 4000 1980 4060 aposto-

407 4071 511 4126 lica
541 4074 723 4138 esset,
778 4074 847 4130 de
889 4089 998 4145 qua
1044 4075 1288 4146 quotidie
1327 4077 1694 4147 conﬁtemur;
1733 4097 1980 4152 quaeren-

406 4165 645 4236 dumque
678 4165 900 4222 ubinam
958 4178 1226 4222 terrarum
1282 4168 1369 4224 illa
1416 4170 1507 4238 sit,
1541 4175 1977 4244 quandoquidem

407 4263 522 4319 ﬁeri
574 4278 677 4318 non
725 4272 903 4334 potest
940 4273 999 4319 ut
1048 4261 1290 4321 Ecclesia
1338 4263 1538 4323 Christi
1590 4267 1823 4323 deﬁciat.
1866 4271 1977 4323 Ad-

407 4372 597 4413 versus
629 4359 774 4412 enim
812 4373 955 4424 eam,
982 4373 1103 4428 quae
1140 4356 1278 4413 falsa
1312 4362 1457 4415 n’unc
1484 4360 1630 4414 circa
1660 4360 1815 4415 tidem
1855 4376 1979 4432 pro-

407 4449 611 4514 ﬁtetur,
644 4448 721 4504 uti
746 4448 895 4519 prius
936 4463 1048 4501 non
1084 4462 1232 4515 raro,
1264 4462 1411 4503 nunc
1452 4461 1669 4519 quoque
1694 4458 1866 4518 porta:
1892 4449 1977 4503 in-

406 4541 507 4601 feri
544 4541 778 4612 turpiter
806 4540 1231 4613 praevalucrunt.

2083 3342 2226 3418 πλῆς
2258 3346 2353 3398 καὶ
2412 3342 2662 3405 ἐναντίας
2712 3342 3088 3412 ἐξενεχθείσης
3130 3342 3457 3412 ἀποφάσεως
3515 3344 3632 3405 περὶ

2080 3439 2179 3492 τοῦ
2218 3437 2535 3507 ζητήματος
2555 3435 2649 3505 τῆς
2681 3434 2828 3497 θείας
2847 3434 3032 3496 οὐσίας
3063 3435 3158 3488 καὶ
3191 3437 3492 3506 ἐνεργείας,
3516 3434 3633 3501 dir;-

2085 3532 2175 3585 λον
2214 3529 2453 3599 ὁποτέρα
2502 3527 2609 3580 τῶν
2663 3526 2994 3597 ἀποφάσεων
3025 3525 3266 3594 τάληθὲς
3299 3526 3414 3595 μεθ’
3451 3525 3630 3591 ἑαυτῆς

2083 3624 2194 3694 ἔχει
2225 3620 2490 3693 (ἐναντίαι
2519 3619 2627 3689 γὰρ
2652 3617 2957 3688 ἀλλήλαις),
2980 3617 3157 3688 πάντη
3186 3617 3549 3687 ἁναμφίὸολον
3575 3618 3632 3665 ἐκ

2081 3717 2190 3769 τῶν
2220 3716 2322 3784 ἠδη
2352 3712 2658 3783 εἰρημένων
2700 3710 2895 3781 γέγονε
2945 3711 3044 3780 τὴν
3090 3709 3185 3763 νῦν
3244 3707 3547 3779 κρατοῦσαν
3578 3706 3632 3759 τὸ
3680 3706 3687 3711 ’

2080 3809 2277 3879 ψεῦδος
2311 3806 2429 3879 μεθ’
2459 3804 2658 3876 ἑαυτῆς
2703 3801 2799 3858 καὶ
2833 3803 2895 3858 τὸ
2943 3803 3268 3874 βλάσφημον
3294 3805 3436 3874 ἔχειν
3456 3822 3469 3836 ·
3501 3803 3629 3857 ὥστε

2082 3904 2115 3972 ὴ
2149 3901 2325 3955 ταῦτα
2378 3897 2675 3969 βεϐαιοῦσα
2723 3897 2817 3949 καὶ
2872 3895 3223 3966 κηρύττουσα
3261 3895 3551 3966 Ἐκκλησία
3576 3894 3630 3946 τὸ

2083 3991 2222 4048 εἰναι
2254 3993 2382 4062 μίαν
2415 3991 2576 4059 θγίαν
2629 3989 2922 4060 καθολικὴν
2961 3989 3056 4042 καὶ
3111 3989 3477 4061 ἀποστολικὴν
3512 3989 3626 4041 Ἐκ.

2081 4087 2333 4156 κλησίαν,
2370 4084 2501 4152 περί
2531 4101 2598 4157 ης
2646 4082 2769 4138 καθ’
2818 4082 3028 4153 ἡμέραν
3065 4083 3459 4154 ὁμολογοῦμεν,
3490 4083 3627 4136 ἀπώσ-

2080 4177 2205 4229 λεσε
2230 4192 2244 4207 ο
2292 4177 2385 4229 καὶ
2413 4174 2682 4245 ζητητέον
2713 4174 2848 4227 ὅπου
2884 4173 2988 4242 γῆς
3037 4174 3195 4228 ἐστιν
3221 4175 3383 4243 αὕτη,
3419 4172 3628 4240 ἐπείπερ

2079 4270 2339 4327 ἀδύνατον
2362 4271 2461 4340 τὴν
2495 4267 2826 4338 Ἐκκλησίαν
2849 4267 2945 4321 τοῦ
2970 4266 3207 4338 Χριστοῦ
3237 4268 3497 4321 ἐκλιπεῖν.
3524 4264 3625 4329 Τῆς

2082 4364 2193 4435 γὰρ
2220 4365 2292 4417 τὰ
2341 4363 2510 4434 ψευδῆ
2563 4363 2693 4434 περί
2725 4363 2823 4432 τὴν
2876 4363 3061 4417 πίστιν
3110 4361 3209 4417 νῦν
3253 4360 3626 4432 ὁμολογούσης,

2078 4454 2268 4526 ὥσπερ
2306 4456 2573 4527 πρότερον
2620 4456 2676 4507 αἰ
2725 4455 2890 4509 πύλαι
2930 4453 3024 4509 τοῦ
3072 4453 3199 4525 ᾅδου
3232 4451 3508 4515 πολλάκις,
3544 4448 3629 4502 καὶ

2079 4544 2173 4601 νῦν
2207 4548 2451 4619 αἰσχρῶς
2480 4546 2876 4618 ὑπερίσχυσεν.
