3872 6536
329 426 430 495 631

1579 417 1974 480 MANUELIS
2001 416 2306 478 CALECE

3457 411 3563 469 432

331 548 396 600 lis
425 543 657 610 exsistit,
700 549 754 598 et
807 546 942 605 Iuste
987 555 1049 594 ea
1095 535 1454 609 appellatione
1507 534 1778 604 gaudebit,
1812 530 1888 584 uti

2018 530 2103 600 ιήν
2134 519 2647 601 ἐπιστάμενος,λτοῦ
2681 530 2778 601 μὲν
2821 527 3034 596 ἀληθῶς
3078 525 3370 593 ἄνθρωπος
3427 519 3569 579 εἶναι

270 627 279 635 ’
336 637 570 690 vicissim
605 635 698 703 qui
729 647 918 688 earum
953 646 1128 685 rermn
1163 643 1282 698 qua:
1314 629 1552 682 honestae
1585 632 1730 688 sunt,
1783 621 1899 676 nul.

335 727 440 779 lam
479 723 792 794 autquacrit
837 732 928 777 aut
969 722 1191 784 invenit,
1239 733 1413 787 neque
1459 729 1586 772 vero
1638 715 1780 780 scit,
1831 713 1898 778 is,

335 813 537 868 amisso
565 813 708 882 quod
742 828 867 866 vere
914 815 1074 866 homo
1113 821 1214 874 est,
1243 810 1495 878 jumentis
1535 804 1900 875 insipientibus

336 911 679 971 comparatur
711 903 752 955 ¹.
783 903 990 956 Idcirco
1019 901 1180 954 etiam
1209 900 1477 964 Christus,
1517 897 1631 966 ipsa
1677 895 1900 956 veritas,

339 993 454 1062 ipsa
495 992 786 1061 sapientia,
819 1007 1004 1045 earum
1048 1007 1146 1044 nos
1179 1005 1358 1044 rerum
1391 987 1649 1042 sollicitos
1689 983 1898 1045 volens,

333 1098 455 1152 qua:
487 1083 723 1137 honesta:
761 1091 925 1144 sunt,
978 1082 1133 1135 modo
1175 1079 1390 1149 quidem
1428 1079 1680 1131 dicebat:
1735 1071 1902 1126 Petita

331 1185 382 1229 et
412 1174 627 1228 dabitur
651 1173 834 1239 vobis;
870 1174 1037 1226 omnis
1084 1171 1221 1224 enim
1274 1171 1366 1238 qui
1414 1169 1562 1236 petit,
1593 1164 1820 1234 accipit;
1854 1170 1901 1215 ct

336 1265 429 1334 qui
475 1265 690 1334 quaerit,
739 1264 968 1328 invenit;
1004 1273 1050 1316 et
1086 1261 1319 1330 pulsanti
1365 1257 1702 1323 aperietur';
1745 1253 1904 1308 modo

335 1367 516 1410 autem
546 1374 558 1410 :
596 1356 918 1411 Scrummini
951 1354 1251 1422 Scripturas
1275 1352 1314 1406 ³.
1350 1351 1503 1415 Nam,
1527 1358 1587 1402 ut
1614 1347 1686 1401 ait
1713 1346 1903 1400 beatus

337 1447 563 1512 Paulus,
622 1449 752 1513 Quae
801 1449 925 1501 olim
981 1447 1173 1513 scripta
1221 1454 1362 1509 sunt,
1391 1445 1460 1495 ad
1512 1449 1748 1495 nostram
1789 1437 1904 1506 jam

345 1551 454 1592 tum
497 1543 790 1593 doctrinam
828 1542 1018 1606 scripta
1049 1547 1168 1591 sunt
1191 1536 1233 1590 ⁸.

415 1631 496 1684 Ἰἰι
536 1631 720 1699 igitur,
751 1631 992 1684 veritatis
1039 1641 1089 1684 lc
1133 1643 1318 1682 amore
1359 1627 1551 1691 leucri,
1601 1623 1786 1678 multis
1811 1637 1902 1677 os-

346 1721 572 1774 temlis:
625 1721 785 1774 modo
837 1721 1073 1790 quidem,
1128 1734 1251 1772 cum
1308 1717 1739 1786 indiscipliuatos
1787 1714 1905 1767 illos

2001 623 2280 689 ἐκπίπτει,
2315 624 2430 684 τοῖς
2477 624 2526 675 δ’
2557 622 2809 690 ἀνοήτοις
2848 621 3071 688 κτήνεσι
3129 616 3567 686 παραϐάλλεται.

2001 715 2099 769 Διά
2154 731 2235 767 τοι
2279 715 2438 768 τοῦτο
2469 715 2562 768 καὶ
2598 716 2626 767 ό
2671 712 2926 782 Χριστὸς,
2981 712 3012 779 ή
3067 707 3436 777 αὑτοαλήθεια
3478 708 3571 759 aut

2002 805 2324 873 αὐτοσοφία,
2354 805 2683 876 ζητητικοὺς
2717 804 2864 873 ἡμᾶς
2911 802 3040 866 περὶ
3077 798 3147 852 τὰ
3180 797 3326 852 καλά
3383 796 3572 866 βουλόο

2006 913 2166 965 μενος
2197 893 2361 960 εῖναι,
2393 897 2490 950 νῦν
2525 897 2622 966 μὲν
2648 895 2950 958 ἐδίδασκεν,
2977 891 3217 955 Λίτεῖτε,
3249 888 3354 942 καὶ
3401 887 3576 951 δοθή-

2001 1001 2174 1043 σεται
2213 988 2376 1056 ὑμῖν·
2412 985 2532 1053 πᾶς
2558 987 2667 1056 γὰρ
2721 989 2754 1042 ό
2797 985 2978 1046 αἰτῶν
3007 983 3301 1052 λαμϐάνει
3328 997 3342 1011 ·
3393 984 3490 1032 κα)
3544 982 3577 1030 ὸ

2003 1080 2188 1148 ζητῶν
2217 1081 2504 1148 εὕρισκεν
2548 1083 2648 1136 καί
2704 1080 2784 1145 τῷ
2834 1079 3108 1147 κρούοντι
3136 1074 3533 1143 ἀνοιγήσεται
3557 1088 3572 1102 ο

2004 1171 2096 1226 νῦν
2125 1173 2207 1237 δὲ,
2249 1174 2563 1241 Ἐρευνᾶτε
2595 1173 2701 1237 τὰς
2725 1171 2992 1239 Γραφάς.
3017 1168 3126 1222 Καὶ
3158 1167 3289 1236 γὰρ,
3309 1164 3386 1226 ὥς
3409 1179 3576 1231 φησιν

2003 1267 2032 1318 δ
2072 1267 2345 1335 μακάριος
2391 1265 2625 1328 Παῦλος,
2663 1265 2820 1318 Ὅσα
2865 1261 3235 1340 προεγράφη,
3295 1259 3388 1323 εις
3434 1252 3582 1324 ἠμε-’

2005 1356 2184 1424 τέραν
2212 1356 2619 1411 διδασκαλίαν
2651 1355 3018 1425 προεγράφη.

2077 1637 2148 1688 Σὺ
2175 1635 2378 1699 τοίνυν,
2427 1634 2508 1686 ὅτι
2543 1633 2652 1701 μὲν,
2681 1631 2948 1699 ὑπάρχεις
2990 1625 3326 1697 φιλομαθὴς,
3383 1625 3582 1678 πολλα-

2007 1729 2166 1800 χόθεν
2220 1726 2486 1786 δεικνύεις
2514 1740 2528 1754 °
2575 1724 2707 1775 ποτὲ
2767 1724 2868 1790 μὲν
2914 1718 3282 1778 ἀπαιδεύτους
3331 1716 3580 1777 ἐκείνους

341 1811 645 1873 arbitraris,
677 1811 771 1879 qui
818 1810 1176 1864 eruditionem
1231 1808 1542 1876 litterasque
1595 1821 1658 1860 ac
1689 1804 1904 1872 sapien-

2018 1821 2329 1892 ήγούμενος,
2361 1818 2410 1872 οἳ
2446 1817 2652 1887 βλάϐην
2705 1813 2886 1884 ψυχῆς
2927 1812 3055 1875 τοὺς
3097 1810 3297 1878 λόγους
3344 1809 3441 1861 καὶ
3485 1807 3584 1876 τήν

341 1903 468 1957 tiam
508 1902 674 1957 animi
709 1907 904 1956 damno
934 1901 1136 1955 ducunt
1173 1914 1186 1952 :
1228 1899 1386 1953 modo
1421 1906 1623 1962 autem,
1658 1911 1778 1951 cum
1811 1895 1901 1948 tibi

2018 1865 2215 1976 :i'pic‘t—vv
2704 1865 2731 1934 3
2758 1865 2903 1957 ποτε
2940 1865 3001 1955 δέ
3035 1865 3254 1972 ⁷ζημίαν
3275 1865 3293 1872 ⁷
3317 1865 3584 1967 μεγίστην

339 1996 456 2066 ipse
484 1995 680 2050 damno
715 1995 948 2048 inaximo
995 1993 1168 2057 ducis,
1211 1993 1352 2060 quod
1385 2002 1434 2046 te
1479 2004 1578 2060 pro
1623 1989 1902 2050 facultate,

341 2102 405 2141 ac
432 2096 694 2156 quantum
727 2085 940 2155 assequi
972 2084 1190 2148 licebat,
1222 2083 1484 2136 doctrinis
1527 2080 1905 2149 sapientiaque

338 2177 510 2232 imbui
564 2177 980 2246 haudquaquam
1031 2173 1339 2243 contigerit.
1373 2170 1588 2226 Versari
1639 2179 1690 2224 te
1729 2181 1904 2223 autem

344 2270 398 2324 ln
431 2271 497 2324 iis
546 2285 666 2338 qua:
699 2267 932 2322 maxima
967 2277 1094 2321 sunt
1125 2266 1396 2333 animique
1436 2264 1662 2317 salutem
1692 2263 1903 2331 juvant,

342 2359 427 2415 vel
472 2360 614 2414 istud
645 2359 845 2429 prodit,
891 2356 1036 2427 quod
1071 2355 1556 2423 impraesentiarum
1587 2368 1617 2407 a
1655 2353 1811 2407 nobis
1843 2355 1908 2406 de

342 2453 430 2509 his
457 2452 794 2522 percontaris
825 2465 889 2504 ac
919 2449 1100 2504 doceri
1149 2449 1368 2516 quaeris,
1401 2461 1519 2515 quat
1563 2447 1628 2500 ad
1667 2453 1905 2500 nostram

341 2545 800 2613 Christianorum
838 2544 999 2598 ﬁdem
1056 2549 1321 2612 spectant.
1381 2540 1525 2595 Sane
1580 2552 1729 2600 vero,
1783 2551 1907 2590 cum

346 2648 497 2692 tuum
555 2637 702 2690 illum
755 2634 997 2689 discendi
1057 2634 1305 2688 ardorem
1362 2630 1594 2693 laudem,
1641 2626 1744 2684 hoc
1799 2642 1906 2682 non

347 2728 532 2792 laudo,
572 2727 716 2796 quod
744 2741 872 2804 .uos
907 2725 1040 2780 tales
1087 2726 1381 2778 arbitratus
1429 2722 1528 2789 sis,
1569 2721 1662 2791 qui
1712 2731 1803 2773 tuo
1833 2719 1908 2774 illi

346 2819 618 2874 desiderio
639 2817 901 2888 explendo
932 2831 1197 2871 essemus.
1229 2814 1418 2884 Opera:
1446 2812 1678 2882 pretium
1712 2811 1908 2875 fuerat,

349 2927 465 2966 rem
516 2910 784 2980 ejusmodi
816 2923 882 2964 et
935 2909 1059 2964 aliis
1108 2920 1368 2979 quaerere,
1415 2907 1545 2961 viris
1579 2904 1787 2961 scilicet
1818 2903 1910 2972 qui

349 3005 458 3058 vita
492 3003 783 3074 purissima
826 3015 890 3056 ac
919 3000 1229 3071 quotidiana
1264 3000 1399 3070 legis
1444 2997 1653 3053 Domini
1686 2996 1911 3052 medita-

351 3097 499 3150 tione
533 3095 676 3153 t'ulti.
710 3105 968 3163 quantum
1003 3091 1217 3158 sufﬁcit,
1255 3093 1378 3146 talia
1414 3091 1778 3162 quaerentibus
1810 3091 1907 3158 ipsi

2007 2001 2192 2070 σαυτῷ
2224 2000 2532 2068 τιθέμενος,
2565 1999 2645 2052 ὅτι
2681 2014 2763 2050 σοι
2801 1995 2877 2066 μὴ
2907 1995 3084 2062 λόγων
3111 1993 3206 2046 καὶ⁵
3232 1990 3434 2059 σοφίας
3472 1988 3585 2054 ἐξε-

2007 2094 2197 2161 γένετο
2221 2092 2363 2144 κατὰ
2393 2091 2453 2142 τὸ
2475 2089 2703 2142 δυνατὸν
2733 2087 3050 2156 μετασχεῖν.
3091 2086 3214 2137 Ὅτι
3259 2082 3318 2135 δὲ
3355 2082 3489 2151 περὶ
3519 2081 3584 2132 τὰ

2011 2187 2247 2254 μέγιστα
2293 2184 2385 2235 καὶ
2415 2180 2716 2252 ψυχωφελῆ
2764 2179 3068 2250 μαθήματα
3119 2175 3448 2246 διατρίϐεις,
3495 2173 3588 2224 καὶ

2007 2278 2164 2330 τοῦτο
2207 2277 2498 2339 δεικνύεις.
2549 2275 2645 2343 ἀφ’
2681 2265 2756 2328 ὧν
2783 2273 3056 2342 ἐζήτησας
3096 2269 3192 2323 νῦν
3226 2267 3425 2340 μαθεῖν
3455 2265 3586 2335 παρ’

2007 2370 2170 2442 ήμῶν
2195 2370 2326 2438 περί⁵
2356 2368 2464 2421 τῶν
2493 2367 2808 2437 ἀνηκόντων
2859 2367 2924 2435 τῇ
2974 2362 3099 2418 καθ’
3128 2362 3282 2433 ἡμᾶς
3312 2360 3425 2414 τῶν
3457 2359 3588 2427 Χρι-

2011 2460 2242 2514 στιανῶν
2297 2459 2499 2512 πίστει.
2559 2455 2703 2524 Ἐγὼ
2745 2456 2844 2526 μέν
2872 2453 2988 2518 οὖν,
3024 2452 3118 2507 σοῦ
3165 2452 3229 2505 τὸ
3283 2449 3585 2520 φιλομαθὲς

2009 2552 2270 2617 ἐπαινῶν,
2305 2550 2465 2604 τοῦτο
2494 2549 2593 2603 οὐκ
2641 2547 2870 2612 ἐπαινῶ,
2905 2547 2989 2600 ὅτι
3022 2562 3115 2598 σου
3148 2543 3247 2613 τὴν
3281 2540 3584 2610 ἐπιθυμίαν

2013 2643 2234 2706 ἱκανοὺς
2259 2642 2407 2712 ἡμᾶς
2436 2643 2697 2710 ἐνόμισας
2728 2638 3134 2709 ἐκπληρώσειν.
3170 2635 3326 2688 Ἔδει
3380 2633 3490 2701 γάρ
3525 2648 3581 2683 σε

1987 2734 2142 2804 ἀπαρ⁹
2181 2733 2357 2787 ἄλλων
2377 2732 2604 2786 τοιαῦτα
2637 2729 2944 2799 ἐπιζητεῖν,
2981 2726 3031 2779 οἳ
3063 2726 3159 2779 καὶ
3189 2724 3295 2794 βίῳ
3328 2722 3583 2790 καθαρω-

2011 2829 2158 2897 τάτῳ
2207 2825 2302 2880 καὶ
2349 2823 2426 2894 τῷ
2473 2821 2596 2877 καθ’
2628 2821 2843 2892 ήμέραν
2871 2820 2961 2873 τὸν
3013 2819 3177 2889 νόμον
3226 2815 3463 2888 μελετᾷν
3489 2812 3580 2866 τοῦ

2011 2919 2221 2990 Κυρίου
2246 2917 2569 2989 δυνήσονται
2607 2918 2723 2977 τοῖς
2746 2913 2924 2970 ταῦτα
2956 2913 3217 2983 ζητοῦσιν
3263 2911 3582 2982 ἀρκούντως

2010 3012 2345 3067 ἀποδιδόναι.
2392 3011 2586 3086 ᾜμεῖς
2612 3008 2670 3062 δέ
2695 3005 2905 3060 τούτων
2935 2997 3273 3086 ἀποροῦντες
3300 3001 3580 3062 ἁπάντων,

2014 3107 2128 3180 mi);
2163 3107 2272 3176 ἄρα
2305 3102 2652 3173 δυνησόμεθα
2682 3100 2809 3162 τοὺς
2853 3099 3054 3161 ἀλλους
3104 3095 3174 3149 τά
3229 3093 3463 3147 τοιαῦτα
3511 3090 3584 3142 δι-

354 3188 578 3243 reddere
627 3187 860 3256 possint.
907 3185 1015 3239 Nos
1048 3199 1196 3244 vero,
1232 3199 1354 3239 cum
1403 3185 1519 3238 haec
1551 3184 1733 3238 omnia
1778 3185 1909 3237 deti-

2018 3197 2257 3262 δάσκειν,
2296 3197 2423 3266 περὶ
2459 3189 2535 3251 ὧν
2564 3196 2660 3248 καὶ
2695 3192 2850 3247 αὐτοὶ
2885 3188 3037 3261 παρά
3080 3187 3188 3242 τῶν
3229 3186 3454 3240 είδότων
3487 3200 3586 3253 μη-

351 3281 519 3346 ciant,
549 3279 644 3348 qui
681 3278 775 3332 ﬁat
807 3288 863 3331 ut
894 3293 978 3332 rrs
1008 3275 1270 3346 ejusmodi
1312 3277 1444 3331 alios
1479 3278 1789 3341 doceamus,
1821 3279 1912 3348 qui

351 3383 405 3428 et
437 3374 538 3442 ipsi
566 3371 634 3426 ab
675 3386 862 3426 earum
903 3372 1090 3441 peritis
1126 3371 1348 3440 perinde
1378 3373 1556 3426 doceri
1588 3370 1915 3424 debeamus?

355 3466 660 3531 Enimvero,
711 3465 906 3535 quibus
938 3464 1076 3517 hami
1110 3463 1242 3518 satis
1281 3478 1346 3518 ex
1383 3464 1543 3518 ollicii
1586 3464 1792 3518 ratione
1833 3465 1915 3516 vi-

353 3557 565 3621 deatur,
600 3567 658 3611 ut
686 3556 884 3626 quibus
933 3570 1120 3624 magna
1156 3571 1260 3608 non
1308 3565 1619 3623 Suppelllltl,
1663 3570 1763 3610 nec
1798 3570 1918 3619 qutze

356 3653 538 3705 tenuia
569 3665 667 3718 pro
700 3647 951 3702 facultate
981 3650 1270 3712 exsistant,
1298 3647 1520 3700 minimc
1551 3649 1914 3714 pra-beamus;

357 3759 419 3798 ac
472 3758 599 3796 cum
649 3742 787 3811 aliae
839 3741 1092 3794 amicitia:
1137 3739 1260 3806 jure
1319 3738 1542 3805 obsequi
1603 3739 1916 3805 geSIiamus,

355 3834 617 3904 quidquid
650 3833 716 3887 iis
743 3833 812 3886 de
836 3837 1015 3898 rebus,
1047 3834 1111 3884 de
1140 3833 1338 3900 quibus
1367 3830 1652 3900 qutesiisti,
1684 3844 1752 3883 ex:
1777 3829 1921 3884 Scri-

359 3937 516 3995 plura
567 3940 630 3978 ac
666 3923 921 3978 Ecclesia:
959 3925 1250 3992 magistris,
1286 3921 1380 3977 Dei
1420 3923 1923 3978 subministratione

356 4016 568 4086 assequi
620 4015 794 4081 licuit,
849 4015 900 4069 id
951 4029 1077 4068 vero
1123 4029 1246 4069 cum
1299 4015 1494 4069 timore
1545 4016 1639 4069 tibi
1699 4015 1923 4070 reddere

357 4111 737 4175 connitemur;
790 4109 870 4163 sic
925 4107 1180 4162 nimirum
1235 4118 1294 4160 ut
1347 4122 1412 4161 ex
1461 4107 1726 4162 immenso
1781 4103 1924 4161 velut

356 4217 606 4272 aequore,
642 4202 896 4272 pauculas
927 4209 1105 4272 guttas
1139 4199 1466 4263 haurientes,
1501 4200 1638 4253 haud
1671 4213 1920 4268 magnam

357 4303 565 4348 ornatae
591 4293 849 4348 dictionis
893 4309 956 4346 ae
990 4306 1181 4345 vocum
1208 4291 1492 4359 elegantia:
1525 4290 1786 4342 rationem
1825 4291 1923 4342 ha-

359 4385 608 4448 beamus,
657 4386 766 4438 imo
807 4383 993 4449 etiam,
1021 4384 1200 4450 quoad
1247 4381 1396 4448 licet,
1423 4381 1688 4436 claritatis
1727 4383 1921 4450 gratia,

359 4475 727 4546 negligantus,
778 4490 941 4528 unum
996 4475 1097 4528 hoc
1142 4476 1472 4542 spectantes,
1520 4481 1576 4526 ut
1627 4488 1746 4543 quae
1800 4487 1922 4527 vera

359 4571 627 4626 sententia
673 4570 1077 4639 rectissimaque
1111 4583 1442 4638 promemus,
1479 4578 1788 4624 sanctorum
1822 4585 1927 4624 un-

359 4661 526 4732 dique
559 4661 902 4715 sermonibus
945 4661 1277 4713 muniantur.
1336 4658 1537 4729 Sicque
1585 4661 1706 4730 ejus
1753 4663 1830 4716 rei
1870 4662 1922 4717 in

359 4753 612 4809 omnibus
639 4761 827 4806 Sancte
871 4751 1028 4808 nobis
1075 4753 1334 4807 Servanda
1374 4753 1560 4822 religio
1591 4765 1695 4817 est,
1732 4764 1790 4808 ut
1813 4754 1925 4824 jam

360 4850 480 4917 ipso
513 4846 738 4901 exordio
782 4845 912 4898 nihil
945 4861 1042 4898 nos
1077 4860 1106 4896 a
1139 4846 1292 4898 nobis
1323 4860 1485 4917 atque
1527 4848 1798 4916 proprium
1846 4848 1929 4902 di-

361 4954 546 4995 cturos
580 4939 956 5009 proﬁteantur,
1013 4955 1288 5008 unumque
1328 4941 1428 4995 hoc
1459 4922 1724 4994 duntaxat
1754 4942 1925 4996 colla-

360 5045 536 5096 turus,
568 5040 627 5085 ut
659 5045 776 5099 qua
809 5033 983 5085 sancti
1020 5031 1230 5095 Patres,
1263 5033 1430 5088 divini
1457 5033 1639 5088 atllatu
1669 5032 1924 5104 Spiritus,

363 5125 526 5182 locuti
569 5133 718 5190 sunt,
769 5125 883 5179 haec
929 5140 1057 5180 vero
1092 5141 1462 5196 exponamus;
1517 5129 1594 5183 uti
1643 5128 1930 5184 manifeste

361 5216 611 5288 liquebit,
637 5230 703 5271 ex
751 5215 818 5271 iis
865 5233 984 5286 quae
1012 5218 1255 5286 edemus,
1286 5219 1538 5275 nimirum
1575 5221 1627 5277 in
1680 5223 1928 5290 singulis,

363 5325 486 5380 quae
522 5325 552 5364 a
585 5309 742 5366 nobis
772 5311 993 5365 dicenda
1024 5320 1169 5378 sntit,
1198 5313 1504 5381 aperiendo,
1536 5315 1662 5384 quid
1690 5331 1752 5371 ea
1786 5317 1839 5369 in
1874 5329 1930 5368 re

361 5405 439 5462 illi
469 5405 768 5470 senserint;
796 5417 860 5458 ac
895 5405 1154 5472 quidquid
1182 5407 1476 5462 dixerimus
1517 5423 1580 5461 ex
1611 5418 1924 5463 sanctorum

2013 3287 2100 3340 δὲν
2129 3287 2347 3340 ἔλαττον
2379 3283 2731 3339 διδάσκεσθαι
2757 3281 3069 3352 χρῄζομενς
3093 3279 3289 3348 Ὅμως
3315 3277 3378 3330 οὐ
3403 3274 3580 3334 καλῶς

2016 3379 2160 3445 ἐχειν
2186 3376 2684 3443 ὑπολαμϐάνοντες,
2735 3376 2787 3428 εί
2829 3390 2913 3434 τις
2959 3372 3037 3442 μὴ
3085 3370 3298 3424 πολλῶν
3338 3366 3586 3436 εὐπορῶν

2018 3473 2110 3522 καὶ
2146 3468 2420 3538 μεγάλων,
2465 3467 2589 3521 οὐδὲ
2629 3468 2698 3522 τὰ
2744 3465 2945 3520 δυνατὰ
2991 3464 3080 3518 διὰ
3127 3463 3290 3516 τοῦτο
3322 3459 3579 3530 παρέχει·

2018 3561 2114 3612 κα)⁵
2147 3559 2263 3628 ἅμα
2318 3576 2401 3611 σοι
2452 3557 2540 3610 διὰ
2589 3557 2688 3628 τὴν
2731 3555 2913 3626 φιλίαν
2945 3554 3228 3619 ἀξιοῦντες
3260 3549 3577 3608 ὑπακούειν,

2019 3654 2116 3704 ὅσα
2143 3651 2272 3721 περὶ
2298 3645 2372 3704 ὧν
2409 3649 2594 3719 ζητεῖς
2652 3649 2802 3717 παρὰ
2853 3649 2953 3716 τῆς
3010 3643 3174 3714 ἁγίας
3220 3640 3448 3714 Γραφῆς
3493 3635 3586 3690 καὶ

2020 3744 2127 3796 τῶν
2157 3743 2490 3796 διδασκάλων
2544 3741 2640 3809 τῆς
2680 3738 3030 3808 Ἐκκλησίας,
3077 3736 3174 3790 τοῦ
3226 3735 3369 3788 Θεοῦ
3424 3749 3584 3803 χορη-

2023 3837 2270 3904 γοῦντος,
2327 3836 2656 3888 καταλαϐεῖν
2709 3831 3069 3901 ἐδυνήθημεν,
3131 3828 3252 3898 μετ’
3301 3825 3583 3886 εὐλαϐείας

2022 3947 2107 3982 σοι
2144 3927 2522 3999 πειρασόμεθα
2567 3923 2901 3978 ἀποδοῦναι’
2956 3921 3146 3990 ὥσπερ
3195 3920 3261 3973 ἐκ
3319 3915 3585 3995 πελάγους

2022 4025 2252 4094 ἀπείρου
2305 4025 2571 4091 σταγόνας
2599 4023 2802 4090 μικρὰς
2836 4020 3200 4090 ἀρυσάμενοι,
3231 4016 3333 4085 τῆς
3377 4014 3475 4082 μὲν
3500 4011 3585 4063 λέ-

2027 4119 2160 4184 ξεως
2197 4119 2291 4171 καὶ
2343 4117 2438 4170 τοῦ
2491 4117 2721 4178 κάλλους
2753 4116 2860 4166 τῶν
2891 4115 3177 4182 ὀνομάτων
3209 4109 3392 4178 ὀλίγον
3427 4122 3579 4178 φρον-

2024 4210 2285 4273 τίζοντες,
2325 4207 2527 4278 μᾶλλον
2552 4207 2631 4272 δὲ,
2667 4207 2760 4258 καὶ
2782 4207 2904 4258 ὅσον
2935 4206 3192 4274 ἐγχωρεῖ,
3221 4203 3311 4257 διὰ
3331 4201 3394 4255 τὸ
3423 4197 3584 4267 σαφὲς

2027 4301 2382 4371 ἀμελοῦντες·
2419 4301 2568 4361 ὅπως
2599 4297 2656 4350 δέ
2706 4297 2772 4350 τὰ
2822 4296 3074 4366 νοήματα
3101 4295 3278 4365 ἀληθῆ
3314 4296 3409 4349 καὶ
3437 4291 3584 4362 ὀρθό-

2027 4411 2162 4446 τατα
2208 4393 2292 4462 εῐη
2349 4391 2531 4460 λόγοις
2588 4391 2760 4457 ἁγίων
2811 4388 3076 4443 πάντοθεν
3125 4385 3584 4457 κατωχυρωμένα,

2031 4485 2192 4538 τοῦτο
2215 4483 2546 4546 σκοποῦντες
2575 4484 2755 4552 μόνον’
2786 4483 2924 4549 ὅπερ
2953 4481 3117 4550 ἡμεῖς
3143 4479 3376 4532 ἐνταῦθα
3405 4471 3585 4529 τοσοῦο

2032 4595 2124 4632 τον
2162 4578 2252 4633 διὰ
2285 4577 2503 4632 πάντων
2528 4575 2836 4645 φυλάξομεν
2861 4575 2962 4645 (Ξ),
2989 4573 3130 4627 ὥστε
3159 4573 3255 4627 καὶ
3304 4571 3585 4642 ἀρχόμενοι

2035 4670 2202 4740 μηδὲν
2234 4671 2330 4735 ἀφ’
2356 4668 2514 4739 ήμῶν
2548 4667 2730 4721 αὐτῶν
2779 4669 2925 4736 ἐρεῖν
2967 4667 3168 4719 οίκεῖον
3198 4661 3587 4732 καθυπισχνού-

2035 4763 2195 4833 μεθα.
2237 4760 2409 4814 Τοῦτο
2463 4761 2520 4814 δὲ
2579 4760 2744 4829 μόνον
2775 4757 3105 4827 εἰσοίσομεν,
3154 4759 3224 4811 τά
3273 4759 3384 4819 τοῖς
3419 4755 3586 4819 ἁγίοις

2034 4855 2195 4925 ήμῶν
2231 4851 2508 4923 Πατράσιν
2539 4851 2645 4904 ὑπὸ
2681 4849 2776 4902 τοῦ
2804 4851 2961 4918 ἁγίου
2987 4849 3311 4918 Πνεῦματος
3363 4850 3588 4916 ἐμπνευ-

2010 4943 2233 5023 .σθέντα
2270 4940 2843 5012 καταστρωννύοντες,
2879 4940 2956 5003 ὡς
2995 4940 3106 4994 ἀπὸ
3131 4940 3240 4993 τῶν
3269 4937 3585 4994 ἐκτεθέντων

2035 5035 2193 5090 τοῦτο
2221 5036 2543 5104 φανήσεται·
2582 5031 2889 5094 δεικνύντες
2932 5032 3018 5101 ἐφ’
3050 5032 3283 5087 ἑκάστου
3313 5029 3420 5085 τῶν
3446 5030 3586 5094 λεγο-

2039 5132 2240 5200 μένων,
2271 5128 2392 5182 τίνα
2440 5127 2664 5197 γνώμην
2699 5125 2856 5195 ἐσχον
2889 5125 3018 5195 περὶ
3057 5123 3153 5178 τοῦ
3191 5125 3544 5195 προκειμένου
3567 5130 3580 5146 ⁸

2039 5222 2134 5275 καὶ
2167 5221 2306 5292 ὅπερ
2344 5221 2410 5274 ἂν
2445 5219 2731 5289 εἴποιμεν,
2769 5217 2963 5269 τούτου
3003 5215 3102 5287 τήν
3150 5213 3455 5285 μαρτυρίαν
3498 5206 3585 5261 καὶ

2037 5312 2100 5366 τὸ
2133 5313 2324 5365 πιστὸν
2367 5311 2432 5364 ἐκ
2476 5311 2587 5365 τῶν
2630 5310 2803 5379 λόγων
2848 5309 2956 5364 τῶν
2978 5309 3155 5377 ἁγίων
3189 5304 3579 5374 ἐπαγαγόντες·

2037 5406 2124 5459 ἵνα
2172 5404 2249 5475 μὴ
2294 5403 2544 5474 δοκῶμεν
2588 5403 2905 5474 γεννήματα
2956 5403 3058 5473 τῆς
3107 5400 3379 5473 ἡμετέρας
3428 5391 3584 5464 φθέῖ·

435 5630 448 5661 ¹
493 5629 630 5682 l‘sat.
662 5647 843 5694 xum,
884 5631 963 5685 l5.
1040 5631 1058 5662 ‘
1089 5634 1274 5689 Matth.
1307 5654 1402 5701 rit,
1439 5641 1489 5692 7.
1568 5639 1588 5668 ³
1647 5637 1809 5691 Joan.
1878 5653 1932 5704 ν,
1961 5637 2054 5692 59.
2135 5639 2153 5667 ⁸
2185 5639 2342 5691 Rom.
2383 5652 2484 5690 xv.
2525 5634 2576 5688 4.

447 5857 523 5928 (Ξ)
552 5855 643 5914 S'c
668 5856 1027 5916 Datnasccnus
1061 5863 1270 5932 praefat.
1295 5865 1359 5918 ad
1399 5864 1649 5920 Cosmum
1677 5862 1925 5932 llajunue
1961 5867 2301 5935 episcopum.
