3872 6550
329 408 425 473 433

1272 422 1370 482 DE
1412 423 1838 485 PRINCIPIIS
1875 429 2084 492 FIDE!
2128 436 2589 507 CATUOLlC/E.

3444 443 3550 507 431

329 520 498 586 γεσθαι
533 521 791 583 διανοίας.
842 523 930 577 Ἐν
973 526 1083 596 γὰρ
1131 531 1240 592 τοῖς
1295 535 1422 601 περὶ
1476 534 1613 587 Θεοῦ
1671 537 1866 605 λόγοις,

1986 544 2140 602 libris
2196 551 2359 616 petita
2415 553 2740 608 auctoritate
2775 553 3062 618 ﬁrmando,
3114 557 3342 624 indeque
3373 560 3550 610 verbis

331 613 515 672 ἐκεῖνος
551 611 748 681 ἄριστα
776 613 949 682 λέγει,
992 619 1090 687 οὐχ
1136 619 1287 684 ὅστις
1316 622 1424 677 ἀπὸ
1465 626 1674 690 κοιλίας
1706 630 1872 698 φθέγι

337 717 476 766 γεται
517 702 587 754 τὰ
633 702 917 771 δοκοῦντα,
979 708 1098 760 ἀλλ’
1131 710 1200 773 ὃς
1251 715 1382 776 ταῖς·
1420 716 1747 786 (immemor.
1775 723 1876 792 τῆς

335 787 472 849 θείας
498 788 708 858 Γραφῆς
748 794 845 848 καὶ
888 796 1009 857 ταῖς
1038 797 1332 868 ἐξηγήσεσι
1370 803 1481 856 τῶν
1515 806 1688 874 ἁγίων
1732 787 1872 880 σύμ·-

332 896 475 944 φωνα
501 881 668 934 πάντα
693 885 1036 952 προτίθησιν,
1070 890 1225 944 οὐδὲν
1256 893 1549 962 ἐλλείπων,
1579 899 1611 969 ἢ
1647 917 1876 968 προστι-

329 969 429 1031 θεὶς
464 972 596 1024 κατᾶ
626 971 694 1025 τὰ
731 976 1000 1044 νοήματα.
1037 981 1200 1032 Ὅθεν
1229 985 1325 1036 καὶ
1363 987 1546 1052 αὐτὸς,
1583 991 1632 1041 εί
1665 991 1738 1060 μὴ
1773 993 1872 1057 τὰς

327 1062 426 1156 τῶν
459 1063 621 1130 ἁγίων
651 1067 957 1136 ἀποφάσεις
1007 1071 1332 1141 βεϐαιότατα
1366 1079 1706 1152 ἠπιστάμην,
1743 1086 1874 1156 περὶ

324 1147 392 1206 ὧν
417 1155 676 1226 ἐζήτησας
730 1161 1060 1227 κεφαλαίων,
1085 1166 1186 1218 οὐκ
1212 1166 1278 1219 ἂν
1305 1168 1442 1231 ὅλως
1469 1147 1592 1225 οὐδε
1613 1147 1672 1225 το
1691 1147 1868 1246 ντυχδν

323 1246 578 1336 ἐτόλμησα
604 1247 935 1315 φθέγξασθαι
955 1268 968 1283 ⁸
995 1255 1129 1323 ὁμοῦ
1155 1257 1256 1324 μὲν
1287 1260 1623 1326 φοϐούμενος
1651 1263 1726 1334 μὴ
1747 1267 1873 1336 περὶ

325 1335 446 1386 θεοῦ
477 1335 648 1402 λέγειν
676 1338 954 1409 ἀλλότριόν
977 1361 1028 1395 τι
1058 1346 1155 1415 τῆς
1202 1348 1458 1416 ἀληθείας
1483 1353 1701 1424 ἐμαυτῷ
1730 1335 1870 1425 συμ-

323 1425 408 1493 θῇ,
433 1428 562 1494 ὁμοῦ
593 1429 647 1481 δὲ
678 1431 963 1497 γινώσκων
1014 1436 1272 1504 μέγιστον
1311 1436 1447 1495 εἷναι
1479 1443 1728 1499 κίνδυνον
1757 1452 1870 1513 τοῖς

323 1517 384 1570 τὰ
413 1518 574 1589 ψευδῆ
603 1523 728 1590 περὶ
756 1523 892 1576 Θεοῦ
921 1527 1014 1578 καὶ
1041 1529 1220 1583 νοοῦσι
1256 1534 1348 1584 καὶ
1382 1533 1650 1603 λέγουσιν.
1703 1541 1872 1595 Οὐδὲν

323 1611 420 1681 γὰρ
441 1612 897 1684 ἐπικινδυνότερον
921 1617 1012 1669 καὶ
1041 1620 1169 1688 πρὸ,
1201 1623 1480 1677 ἀπώλειαν
1510 1628 1710 1696 μᾶλλον
1731 1631 1871 1684 ἀπά-

323 1719 408 1768 γον
435 1701 470 1769 ἦ
503 1702 845 1772 πλανώμενον
883 1725 1003 1760 τινα
1061 1703 1222 1777 napi.
1245 1712 1380 1766 Θεοῦ
1414 1718 1480 1768 τὰ
1513 1718 1588 1786 μὴ
1619 1719 1754 1773 ὄντα·
1795 1723 1871 1785 ὡς

319 1793 439 1845 ὄντα
465 1793 699 1857 δοξάζειν
726 1813 740 1827 ·
771 1795 958 1867 ὥσπερ
987 1797 1080 1853 οὖν
1110 1802 1260 1854 οὐδὲν
1314 1805 1734 1880 ὠφελιμώτερον
1761 1813 1870 1866 οὐδ’

1983 636 2142 692 tidem
2177 642 2495 708 astruendo,
2546 660 2614 699 ne
2661 646 2855 701 mentis
2887 657 3084 701 nostra:
3119 647 3262 703 fetus
3292 649 3433 716 loqui
3470 651 3549 701 vi-

1983 727 2226 784 deamur.
2279 729 2484 796 Quibus
2522 734 2665 788 enim
2713 749 2891 790 sermo
2937 736 3006 792 de
3055 736 3164 793 Deo
3210 739 3464 802 vertitur,
3505 741 3551 794 is

1980 818 2184 883 optime
2241 821 2502 891 loquitur,
2555 839 2659 879 non
2710 826 2804 894 qui
2858 827 3320 897 ventriloquorum
3371 845 3548 894 more,

1981 924 2102 978 qua:
2160 923 2285 965 sunt
2316 928 2380 967 ex
2435 914 2592 982 genio
2626 916 2780 970 avida
2815 915 3141 983 loquacitate
3157 918 3406 986 profert,
3455 920 3548 974 sed

1985 1001 2075 1067 qui
2109 1001 2307 1058 divina:
2335 1003 2628 1073 Scriptum
2659 1007 2947 1063 sententiis
2987 1018 3410 1080 sanctorumque
3452 1027 3547 1065 ex-

1983 1090 2348 1158 positionibus
2373 1093 2552 1148 omnia
2585 1110 2823 1150 cousona
2859 1113 3128 1165 promens,
3163 1115 3230 1153 ex
3263 1099 3378 1169 ejus
3405 1101 3550 1154 nihil

1980 1183 2246 1236 sententia
2301 1185 2587 1254 sensisque
2643 1187 2856 1252 minuit,
2914 1204 3013 1242 nec
3068 1204 3195 1244 vero
3254 1191 3545 1260 quidquam
3609 1237 3613 1240 .

1981 1269 2151 1326 addit.
2194 1272 2457 1337 Quocirca
2509 1289 2610 1345 ego
2653 1275 2786 1344 ipse,
2835 1276 2938 1331 nisi
2971 1277 3038 1332 de
3091 1277 3291 1346 quibus
3349 1281 3548 1348 rogasti

1979 1360 2272 1429 capitibus,
2327 1375 2638 1422 sanctorum
2696 1367 3006 1424 ﬁrmissime
3061 1370 3362 1426 sententias
3397 1380 3550 1424 tene-

1981 1467 2117 1514 rem,
2153 1467 2221 1506 ne
2256 1453 2335 1508 rel
2370 1455 2600 1522 hiscere,
2633 1465 2726 1510 aut
2763 1457 3054 1528 quidquam
3092 1459 3241 1530 loqui
3295 1462 3428 1515 mibi
3462 1461 3550 1516 lu-

1977 1543 2296 1613 dulgerem;
2336 1555 2446 1600 tum
2482 1562 2674 1616 nempe
2710 1550 2810 1604 hoc
2837 1551 3062 1616 veritus,
3094 1566 3162 1606 ne
3207 1552 3260 1606 in
3293 1552 3385 1607 Dei
3437 1569 3550 1609 ser-

1979 1647 2138 1689 mone
2183 1636 2383 1705 aliquid
2422 1654 2451 1692 a
2487 1640 2716 1695 veritate
2747 1642 2977 1695 alienum
3011 1644 3338 1713 imprudenti
3386 1646 3546 1702 obre‘

1978 1736 2150 1793 peret,
2183 1735 2295 1781 tum
2337 1729 2492 1794 plane
2521 1731 2698 1784 sciens
2739 1732 2790 1784 in
2823 1748 3014 1800 magno
3043 1736 3246 1789 versari
3285 1736 3544 1804 periculo,

1980 1821 2068 1888 qui
2108 1817 2243 1873 falso
2273 1819 2339 1874 de
2384 1821 2492 1874 Deo
2540 1821 2620 1874 vel
2676 1825 2896 1886 sentiat,
2939 1824 3019 1878 vel
3074 1825 3345 1895 loquatur.
3401 1826 3547 1882 Nihil

323 1883 750 1955 ὲπικερδὲστερον
780 1888 872 1941 τοῦ
912 1892 1039 1960 περὶ
1071 1893 1236 1946 αὑτοῦ
1273 1895 1430 1949 πάλιν
1478 1898 1707 1967 λέγοντα
1737 1903 1840 1973 ἀλη

1972 1909 2113 1964 enim
2160 1911 2384 1978 majoris
2414 1911 2660 1978 periculi,
2708 1913 2920 1982 quodve
2959 1916 3128 1983 magis
3162 1917 3228 1969 ad
3270 1918 3545 1974 interitum

321 1971 506 2028 θεύειν.

1879 2023 1892 2030 -
1968 1997 2148 2060 ducat,
2179 2013 2338 2067 quam
2387 1999 2430 2053 si
2479 2001 2600 2070 quis
2629 2001 2775 2056 circa
2815 2001 2977 2055 Deum
3024 2018 3214 2059 errore
3264 2005 3542 2070 laborans.

323 2082 376 2120 ea
402 2084 512 2134 quae
533 2087 639 2128 non
671 2083 818 2140 sunt,
841 2091 905 2132 ac
934 2079 978 2131 si
1015 2090 1222 2148 essent,
1245 2085 1532 2142 scutiatac-
1552 2089 1806 2158 opinetur
1844 2109 1858 2146 :
1910 2091 1985 2147 uti
2039 2093 2276 2150 vicissim
2327 2095 2460 2150 nihil
2505 2096 2690 2152 utilius
2731 2097 3065 2168 majorisque—
3125 2099 3320 2171 frugis,
3383 2116 3544 2173 quam

324 2171 373 2215 ut
395 2180 451 2218 ca
484 2183 598 2235 quae
628 2185 753 2224 vera
784 2181 931 2238 sunt,
958 2189 1210 2231 sermone
1242 2179 1552 2249 eloquatur.

386 2259 652 2329 Προσῆκον
674 2263 732 2316 δέ
762 2282 852 2332 μοι
879 2265 1030 2319 δοκεῖ
1057 2269 1183 2338 περί
1211 2288 1374 2325 τινων
1403 2274 1578 2328 ἄλλων
1608 2277 1714 2346 πρὸ
1755 2270 1870 2331 ¹τῶν

323 2351 631 2420 ζητημάτων
670 2355 968 2422 διαλαϐεῖν,
1002 2360 1449 2426 ἀναγκαιοτάτων
1473 2365 1644 2420 ὄντων
1677 2370 1868 2422 κάκεί-

322 2459 446 2494 νων·
480 2442 517 2497 ἃ
540 2447 632 2498 καὶ
663 2445 722 2498 τὸ
758 2450 932 2516 παρὸν
964 2450 1303 2523 σύγγραμμα
1333 2457 1516 2524 σχεδὸν
1548 2463 1870 2529 συμπεπλη-

325 2533 550 2600 ρωμένον
581 2541 675 2588 καὶ
709 2538 897 2607 ἄρτιον
931 2541 1108 2595 δοκεῖν
1136 2548 1466 2618 καταστήσει
1492 2565 1506 2579 ·
1547 2553 1639 2604 καὶ
1665 2554 1748 2606 ὅτι
1772 2555 1870 2608 οὐκ

321 2621 450 2674 ἔστιν
477 2627 592 2678 οὐδὲ
629 2628 690 2679 τὸ
735 2631 897 2700 τυχὸν
927 2633 1149 2705 ζήτημα
1194 2636 1392 2699 ἱκανῶς
1419 2641 1620 2710 εὑρεῖν,
1656 2646 1748 2698 καὶ
1771 2647 1868 2716 τὴν

323 2719 568 2784 τυχοῦσαν
594 2719 952 2777 ἐπιλύσασθαι
979 2727 1232 2796 ἀπορίαν,
1251 2731 1317 2783 ἂν
1341 2733 1415 2800 μὴ
1438 2735 1574 2801 πρός
1596 2751 1718 2788 τινα
1741 2737 1868 2790 ἁνα-

320 2804 600 2874 δραμόντες
635 2810 1054 2884 ,καθολικώτερα
1086 2822 1180 2870 καὶ
1201 2822 1373 2874 οἰκεία
1424 2827 1536 2887 τοῖς
1568 2829 1868 2896 «ponitis-

323 2913 416 2959 νοις
435 2899 764 2969 ζητήμασιν,
794 2903 938 2958 οὕτω
965 2907 1034 2960 δι’
1062 2909 1286 2964 ἐκείνων
1317 2913 1544 2983 ὁδῷλκαὶ
1566 2917 1716 2982 τάξει
1737 2935 1872 2986 προσ

322 2987 603 3060 ϐαίνοντες,
627 2995 718 3048 ἐπὶ
739 2997 809 3049 τὰ
840 2997 1148 3070 ζητούμενα
1183 3006 1638 3077 καταντήσωμεν.

914 3132 1161 3188 unum.
1208 3135 1282 3190 B'.
1387 3111 1398 3124 ’

679 3242 754 3296 Β’.
798 3247 934 3313 Περὶ
981 3248 1090 3301 τοῦ
1127 3249 1266 3316 ἐνὸς
1305 3255 1477 3310 Θεοῦ.

381 3353 706 3425 Πιστεύομεν
754 3360 847 3410 καὶ
887 3360 1258 3434 ὁμολογοῦμεν
1282 3366 1378 3420 ἕνα
1411 3370 1504 3423 καὶ
1533 3373 1694 3441 μόνον
1728 3371 1867 3429 εἶναι

322 3443 471 3514 ἁληθῆ
521 3446 654 3498 Θεὸν
714 3448 808 3501 τοῦ
862 3453 1096 3516 παντός’
1161 3456 1416 3527 ἄναρχον,
1484 3465 1864 3536 ἀτελεύτητον,

322 3535 533 3597 αἰώνιον,
561 3536 888 3609 ἀνώλεθρον,
928 3542 1221 3609 ἀθάνατον,
1255 3551 1680 3620 παντοδύναμον.
1712 3535 1868 3610 ἄπει-

323 3641 414 3690 ρον,
442 3626 695 3694 ἀόρατον,
734 3629 1038 3698 ἀνώνυμον,
1072 3637 1506 3705 ἀπερίγραπτον,
1545 3642 1861 3711 ἀσώματον,

322 3714 519 3780 ἀγαθὸν,
557 3717 782 3784 ἁπλοῦν,
837 3721 1120 3792 ἀνελλιπῆ,
1184 3729 1542 3786 τελειότατον.
1590 3735 1698 3788 Καὶ
1756 3737 1866 3807 γὰρ

225 3884 231 3890 ι
321 3811 425 3874 παρ’
446 3809 612 3862 αὐτοῦ
643 3813 700 3864 ὲν
729 3817 790 3882 τῇ
822 3815 1024 3886 παλαιᾷ
1058 3820 1341 3891 νομοθεσίᾳ
1387 3822 1863 3896 διαδιδασκόμεθα,

325 3900 528 3972 Ἄκουε,
555 3902 826 3970 Ἰσραὴλ,
861 3908 1074 3975 Κύριος
1116 3913 1148 3963 ό
1186 3895 1346 3978 Θεόξ
1370 3931 1508 3979 σου,
1534 3895 1745 3985 Κύριος
1773 3915 1862 3984 εἷς

322 3985 447 4042 ἐστι.
505 3991 632 4054 Καὶ,
689 3996 810 4047 Οὐκ
862 3995 1110 4051 ἔσονταί
1153 4016 1252 4054 σοι
1303 4005 1423 4057 θεοὶ
1463 4005 1652 4074 ἕτεροι
1696 4008 1864 4076 πλὴν

319 4079 460 4146 ἐμοῦ.
492 4083 602 4134 Καὶ
639 4085 802 4137 πάλιν
849 4087 918 4139 δι’
959 4091 1180 4142 Ἡσαΐου
1231 4093 1324 4146 τοῦ
1375 4099 1684 4166 προφήτου,
1713 4099 1864 4170 Ἐγὼ

321 4172 438 4236 Θεὸς
465 4174 715 4240 πρῶτος,
747 4178 862 4244 ἐγὼ
915 4179 1011 4231 καὶ
1047 4183 1198 4248 μετὰ
1237 4185 1440 4239 ταῦτα.
1476 4189 1862 4257 Ἐμπροσθέν

317 4267 542 4339 μουρὺκ
589 4267 828 4336 ἐγένετο
875 4269 1068 4336 ἄλλος
1112 4275 1282 4340 θεὸς,
1330 4278 1425 4330 καί
1449 4279 1578 4346 μετ’
1613 4281 1718 4349 ἐμὲ
1748 4285 1860 4337 οὐκ

318 4353 480 4444 ierat,
523 4357 621 4411 καὶ
663 4360 831 4428 πλὴν
877 4361 1024 4430 ἐμοῦ
1058 4365 1422 4433 αὐτὼ-τιν’
1455 4369 1513 4433 ὃς
1545 4371 1608 4424 ἐκ
1656 4373 1750 4425 τοῦ
1785 4373 1862 4444 μὴ

317 4442 442 4506 ὄντος
490 4449 570 4510 είς
599 4449 657 4501 τὸ
710 4446 850 4502 εἷναι
903 4455 1194 4524 παρήγαγε
1245 4457 1337 4510 τὸν
1373 4459 1600 4528 οὐρανὸν
1633 4465 1728 4538 καί
1762 4442 1860 4534 τὴν

317 4533 411 4601 γῆν,
443 4539 534 4590 καὶ
568 4538 636 4591 τὰ
665 4540 723 4592 ἐν
748 4542 934 4605 αὐτοῖς
966 4548 1334 4616 περιεχόμενα
1370 4552 1580 4605 πάντα·
1613 4533 1726 4607 καὶ.
1752 4533 1859 4626 πρὸ

317 4628 494 4680 τούτων
521 4629 578 4682 δὲ
610 4631 709 4691 τὰς
741 4633 1068 4702 ἀσωμάτους
1114 4639 1210 4691 καὶ
1235 4641 1521 4710 οὐρανίους
1553 4643 1812 4715 δυνάμεις
1840 4663 1854 4676 ο

315 4716 388 4786 οὐχ
414 4721 495 4772 ὅτι
551 4724 626 4789 μὴ
671 4723 971 4792 δυνάμενος
1010 4728 1300 4800 πρότερον,
1359 4732 1392 4802 ἢ
1446 4734 1521 4804 μὴ
1552 4735 1860 4802 γινώσκων,

316 4807 517 4881 ὕστερον
543 4815 946 4886 ἐδημιούργησε
973 4819 1167 4885 ταῦτα,
1209 4823 1296 4874 ὅτε
1342 4825 1374 4894 ἢ
1415 4825 1648 4895 ἐδυνήθη
1678 4827 1711 4896 ἢ
1744 4829 1860 4880 ἑνε-

316 4901 529 4975 θυμήθη,
563 4909 755 4977 ὥσπερ
784 4911 877 4961 ἐπὶ
902 4912 1012 4963 τῶν
1038 4913 1342 4982 ἀνθρώπων
1374 4917 1684 4985 συμῦαίνει,
1731 4921 1856 4974 ἀτε-

315 4989 394 5044 λῶν
439 4995 610 5049 ὄντων
667 4999 761 5050 καὶ
814 4999 934 5050 κατ’
986 5000 1165 5068 ὀλίγον
1212 5006 1290 5065 εἰς
1342 5005 1656 5074 τελειότητα
1685 5025 1862 5079 προσ-

315 5087 613 5137 κοπτόντωψ
666 5087 805 5140 ἀλλὰ
858 5089 1194 5153 τελειότατος
1225 5093 1300 5144 ὣν
1330 5094 1421 5146 καὶ
1450 5095 1536 5146 ἀεὶ
1561 5097 1856 5166 δυνάμενος

315 5177 383 5227 καὶ
417 5177 700 5243 γινώσκων
733 5178 854 5248 δίχα
880 5181 1060 5248 πάσης
1093 5175 1403 5253 ’μεταϐολῆς
1434 5189 1531 5240 καὶ
1559 5189 1853 5258 κινήσεως,

313 5262 378 5315 ὅτε
401 5265 687 5334 ἠθέλησεν,
729 5266 832 5319 ὑπὸ
856 5268 954 5336 τῆς
988 5271 1150 5323 αὑτοῦ
1185 5273 1520 5343 ἁγαθότητος
1554 5277 1623 5328 τὰ
1672 5278 1851 5333 πάντα

313 5352 386 5406 ὅσα
413 5355 742 5425 προώρισεν,
778 5358 1055 5429 ἐποίησεν.
1091 5363 1187 5422 ’⁸ος
1221 5363 1313 5414 ὑπ’
1340 5365 1552 5427 οὐδενὸς
1589 5366 1851 5434 γινώσκε-

311 5459 380 5500 ται
413 5449 730 5516 κτίσματος,
761 5449 813 5501 τί
851 5452 992 5503 κατᾶ
1035 5452 1132 5520 τὴν
1160 5454 1348 5506 οὐσίαν
1396 5457 1562 5509 ἐστίν·
1605 5460 1766 5519 αὐτὸς
1793 5461 1849 5512 δὲ

316 5538 447 5600 μόνος
481 5535 620 5590 οἶδεν
654 5539 842 5592 ἑαυτὸν
891 5541 950 5604 ἐξ
983 5542 1196 5604 ἑαυτοῦ,
1240 5545 1315 5607 ὡς
1368 5546 1394 5595 ὁ
1443 5547 1506 5596 ὲκ
1555 5549 1848 5615 Δαμασκοῦ

314 5623 562 5688 θειότατος
595 5629 764 5695 λέγει,
806 5629 866 5682 '0
920 5630 1060 5697 Θεὸς
1093 5634 1367 5700 γινώσκει
1401 5637 1710 5704 caetera):
1739 5637 1849 5705 τῆς

362 5795 551 5850 ιυυω.
597 5817 663 5863 γι,
699 5800 732 5851 ‘2
831 5803 846 5832 "
881 5805 983 5856 ibid
1064 5807 1114 5856 li
1217 5806 1232 5832 ⁷
1279 5806 1377 5860 ls.n.
1416 5825 1551 5872 λων,
1587 5808 1616 5861 6
1644 5831 1654 5872 ;
1685 5826 1827 5874 me,
1872 5814 1948 5867 1U.

2041 2279 2231 2346 Opera:
2248 2281 2476 2350 pretium
2501 2291 2681 2338 autem
2711 2285 2914 2353 putavi,
2941 2293 3066 2342 ante
3092 2286 3340 2354 quaesita,
3369 2302 3541 2357 pauca

1973 2371 2220 2439 quaedam
2246 2372 2310 2426 de
2333 2373 2454 2427 aliis
2479 2388 2692 2428 summe
2716 2377 3037 2431 necessariis
3069 2377 3339 2434 disserere
3364 2394 3380 2436 :
3403 2389 3541 2448 quo.

1974 2479 2093 2517 rum
2150 2463 2262 2529 ipsa
2313 2464 2604 2534 disputatio
2653 2465 2752 2521 hoc
2799 2467 3094 2534 praéstabit,
3145 2477 3203 2522 ut
3236 2468 3352 2537 ipsa
3404 2485 3544 2540 pene

1972 2557 2223 2609 tractatio
2253 2555 2408 2624 plena
2447 2563 2501 2608 et
2533 2554 2772 2610 absoluta
2800 2555 3051 2610 videatur
3096 2573 3110 2610 :
3141 2572 3205 2614 ac
3235 2559 3322 2613 vel
3359 2562 3538 2614 tmari-

1975 2662 2079 2708 me,
2108 2647 2248 2714 quod
2285 2664 2351 2712 ne
2389 2647 2658 2722 vulgarem
2701 2647 2920 2716 quidem
2952 2649 3333 2717 quaestionem,
3365 2667 3543 2721 quau.-

1972 2747 2082 2793 tum
2108 2740 2241 2793 satis
2270 2741 2358 2806 sit,
2390 2740 2602 2808 assequi
2641 2739 2820 2805 liceat,
2855 2748 2950 2793 aut
2985 2740 3207 2795 levioris
3234 2742 3407 2798 nodos
3437 2743 3540 2796 dir-

1971 2830 2226 2885 licultatis
2259 2832 2564 2894 exsolvere,
2597 2831 2728 2901 quin
2751 2831 2830 2885 ad
2857 2831 3263 2896 ,nniversaliora
3289 2834 3539 2902 quaedam

1969 2924 2322 2994 quaesitisque
2374 2924 2589 2992 propria
2642 2908 2994 2990 recurrendo,
3047 2925 3127 2981 sic
3167 2941 3263 2994 per
3299 2927 3411 2994 illa,
3454 2930 3541 2984 via

1969 3011 2293 3088 quadame-ac
2317 3016 2520 3074 Ordine
2559 3016 2623 3071 ad
2655 3020 2769 3086 ipsa
2801 3017 3115 3077 evadamus.

2589 3153 2815 3211 CAPUT
2855 3153 2920 3210 ll.

2568 3264 2641 3319 De
2672 3264 2782 3320 Deo
2810 3281 2946 3320 uno-

2039 3376 2320 3430 Credimus
2347 3385 2400 3429 et
2429 3376 2770 3439 conﬁtemur,
2803 3391 2967 3430 unum
3000 3389 3064 3429 ac
3085 3375 3268 3430 solum
3285 3390 3408 3431 esse
3443 3391 3537 3428 ve-

1971 3482 2086 3520 rum
2137 3483 2318 3521 rerum
2374 3466 2533 3536 hujus
2567 3466 2939 3522 universitatis
2993 3466 3184 3530 Deum,
3219 3468 3377 3534 cujus
3437 3482 3535 3520 uec

1960 3561 2290 3630 principium
2327 3575 2499 3629 neque
2546 3559 2666 3614 linis
2717 3558 2820 3622 sit;
2858 3565 3158 3623 arternum,
3173 3559 3304 3613 nulli
3340 3559 3534 3614 interi-.

1969 3651 2100 3706 ticui
2127 3652 2444 3714 obnoxium,
2468 3650 2851 3713 immortalem,
2872 3649 3531 3718 omnipotentem-inlini.

1966 3752 2101 3806 tum,
2152 3742 2517 3809 invisibilem,~.
2539 3742 2800 3808 nominis,
2824 3738 3380 3810 ctrcumscriptionis,-.
3411 3755 3531 3795 cor.

1966 3835 2114 3905 poris
2143 3844 2454 3903 expertem;
2481 3835 2703 3899 bouum,
2743 3832 3070 3903 simplicem,
3096 3830 3183 3899 qui
3225 3829 3373 3884 nullo
3401 3831 3532 3884 dctis

1965 3901 2158 3988 cietur,
2216 3901 2701 3993 perfectissimum.
2758 3920 3012 3988 EX~i|tSO
3061 3919 3209 3974 enim
3271 3918 3531 3975 insetcri

1962 4015 2078 4082 lege
2115 4014 2371 4069 discimus
2412 4032 2427 4067 :
2461 4013 2622 4078 Audi,
2659 4012 2852 4074 Israel,
2916 4011 3173 4064 Dominus
3205 4009 3350 4064 Deus
3382 4020 3530 4073 tuus,

1967 4104 2219 4158 Dominus
2249 4119 2380 4156 unus
2407 4115 2480 4156 est
2512 4104 2556 4157 ⁵.
2605 4101 2672 4156 Et
2701 4119 2716 4156 :
2755 4099 2877 4154 Non
2921 4111 3072 4154 erunt
3125 4100 3218 4152 tibi
3266 4099 3340 4152 dii
3371 4098 3531 4152 alieni

1960 4205 2153 4259 prwter
2180 4210 2258 4246 me
2291 4195 2334 4248 ⁸.
2362 4195 2439 4246 Ac
2465 4207 2652 4247 rursus
2679 4205 2771 4260 per
2798 4190 2991 4244 Isaiam
3027 4189 3342 4259 prophetam
3375 4205 3389 4242 :
3419 4185 3532 4257 Ego

1960 4288 2158 4355 primus
2202 4283 2360 4346 Deus,
2395 4292 2444 4337 et
2496 4299 2586 4350 ego
2623 4291 2736 4350 post
2784 4281 2927 4344 Iure;
2959 4288 3109 4333 ante.
3137 4294 3218 4332 me
3274 4294 3378 4330 non
3429 4278 3531 4346 [uit

1961 4375 2098 4428 alius
2127 4374 2276 4438 deus,
2321 4382 2370 4426 et
2409 4381 2523 4440 post
2555 4388 2633 4424 me
2667 4386 2770 4424 non
2803 4370 2942 4433 erit;
2986 4378 3034 4422 et
3083 4384 3186 4421 nou
3228 4377 3304 4422 est
3341 4375 3534 4435 pra’tcr

1961 4479 2042 4516 me
2065 4463 2119 4526 7;
2153 4462 2244 4530 qui
2282 4477 2345 4516 ex
2388 4461 2554 4514 nihilo
2584 4460 2781 4514 caelum
2823 4470 2876 4513 et
2910 4467 3133 4524 terram,
3182 4467 3238 4512 et
3266 4472 3389 4527 qua:
3435 4458 3534 4510 ho-

1966 4568 2082 4606 rum
2117 4552 2319 4605 ambitu
2361 4551 2728 4616 continentur,
2766 4550 2946 4604 omnia
2983 4551 3035 4604 in
3075 4565 3254 4604 rerum
3283 4558 3530 4603 naturam

1957 4624 2244 4713 produxit;
2297 4643 2491 4714 bisque
2535 4645 2763 4713 priores,
2797 4646 3138 4714 incorporeas
3177 4651 3339 4714 atque
3364 4643 3532 4699 caele-

1962 4747 2074 4789 stes
2100 4746 2416 4804 potestates,
2451 4751 2555 4788 uon
2595 4735 2748 4805 quasi
2779 4746 2906 4792 ante
2946 4752 3052 4791 non
3076 4745 3272 4806 posset.
3301 4745 3393 4790 aut
3432 4750 3529 4790 ne-

1963 4823 2150 4889 sciret,
2194 4835 2303 4876 tutu
2338 4827 2555 4879 demutn
2604 4829 2717 4880 haec
2749 4827 3010 4892 condidit,
3047 4843 3166 4880 cum
3198 4836 3292 4881 aut
3330 4827 3527 4896 potuit,

1963 4924 2048 4967 aut
2082 4915 2200 4984 ejus
2233 4915 2304 4968 illi
2339 4917 2389 4969 in
2440 4925 2672 4970 mentem
2699 4917 2870 4983 venit;
2924 4918 3000 4971 uti
3028 4917 3140 4970 fere
3177 4919 3245 4971 in
3291 4917 3528 4970 beluini-

1958 5007 2080 5068 bus,
2113 5007 2202 5086 qui
2241 5014 2366 5058 sunt
2414 5005 2737 5072 imperfecti,
2786 5008 2986 5076 vixque
3017 5008 3233 5062 tandem
3270 5007 3526 5076 paulatim

1955 5101 2223 5168 attingunt
2275 5101 2624 5170 perfectionis
2665 5113 2861 5164 luctas,
2894 5117 2996 5156 usu
3033 5102 3223 5156 venit:
3263 5102 3374 5154 sed.
3413 5103 3527 5169 ipse

1956 5186 2386 5261 perfectissimus
2413 5208 2476 5247 ac
2503 5209 2718 5264 semper
2754 5203 2967 5263 potens,
2993 5195 3128 5248 citra
3157 5207 3369 5246 omnem
3404 5207 3524 5244 mu-
3575 5215 3578 5219 ι

1959 5283 2217 5336 tationem
2278 5293 2630 5350 motumque,
2669 5299 2791 5337 eum
2849 5282 3071 5352 placuit,
3128 5298 3224 5334 sua
3267 5281 3524 5334 incitatus

1959 5371 2214 5431 bonitate,
2254 5371 2435 5425 omnia
2487 5387 2606 5440 quae
2656 5371 2998 5434 decreverat,
3036 5369 3298 5423 condidit.
3337 5370 3438 5434 Qui
3492 5386 3520 5421 a

1959 5461 2098 5513 nulla
2149 5474 2419 5529 creatura,
2465 5463 2606 5531 quod
2645 5477 2738 5530 per
2769 5463 3062 5516 essentiam
3115 5471 3219 5523 est,
3255 5461 3519 5523 noscitur,

1958 5553 2049 5604 sed
2086 5553 2230 5605 Solus
2263 5555 2375 5619 ipse
2412 5569 2439 5604 a
2485 5554 2663 5621 seipse
2693 5568 2749 5606 se
2783 5553 2956 5612 novit,
2989 5564 3046 5604 ut
3077 5551 3158 5604 vir
3188 5551 3276 5604 ille
3301 5552 3522 5604 divini--

1959 5645 2125 5697 simus
2159 5642 2415 5696 Datuasco
2466 5656 2618 5697 ortus
2657 5645 2728 5697 ait
2776 5662 2788 5698 :
2826 5641 2961 5697 Deus
3007 5644 3233 5711 seipsum
3265 5659 3330 5699 ea:
3369 5644 3517 5698 beata
