3872 6572
209 467 284 532 ΑΗ

1107 466 1205 526 DE
1245 466 1673 528 PRINClPIES
1707 468 1912 528 FlDEl
1959 469 2434 532 CATIIOLICAZ.

3290 466 3400 530 ιιε

207 598 324 650 nam
349 577 428 631 καὶ
455 574 768 640 ἐναντίωσις
807 575 1169 648 ἀκολουθήσει
1201 577 1418 641 πολλοῖς
1460 580 1554 631 καὶ
1588 579 1709 651 ,δια-

1843 577 1984 631 dium
2030 581 2194 644 calo,
2237 589 2394 634 terrae
2433 581 2624 645 alium,
2650 580 2927 650 aliumque
2966 593 3129 635 renus
3155 593 3276 634 a-..s
3299 581 3403 635 do-

203 675 352 741 ςόροις
395 663 526 733 οὖσι,
555 667 939 736 διαλυθήσεται
978 669 1005 720 ό
1040 669 1267 737 κόσμος,
1315 670 1580 739 διαφορᾶς
1624 671 1718 722 καὶ

203 764 346 832 μάχης
392 761 446 812 ἕν
493 761 604 822 τοῖς
678 759 983 829 κυϐερνῶσι
1042 760 1447 830 θεωρουμένης.
1501 763 1722 830 Συμπε-

203 852 412 921 ριίνομεν
457 847 547 902 οὖν
584 851 693 903 ἀπὸ
741 849 948 904 τούτων
978 853 1060 905 ὅτι
1105 847 1184 914 εἷς
1222 853 1338 905 ἐστι
1363 851 1492 914 Θεὸς
1519 854 1721 917 τέλειος

200 943 269 996 καὶ
289 942 491 1011 ἄπειρος
538 943 634 996 καὶ
667 942 1102 1014 ἀπερίγραπτος,
1140 945 1372 1013 ποιητὴς
1397 946 1492 997 καί
1519 945 1716 1012 κυϐερ-

201 1039 330 1106 νήτης
353 1037 495 1091 τοῦδε
516 1036 610 1090 τοῦ
646 1039 874 1100 παντός’
908 1039 943 1093 ἃ.
972 1039 1068 1092 καὶ¹
1107 1039 1139 1109 ἠ
1174 1037 1295 1091 θεία
1335 1036 1527 1108 Γραέὴ
1557 1037 1712 1107 διαρο

200 1129 333 1199 ῥήδην
359 1129 618 1184 διδάσκει.

1833 668 2070 722 minari?
2101 669 2305 725 Potiori
2335 671 2478 728 enim
2511 673 2723 728 ratione
2758 671 2886 726 illud
2923 670 3069 725 Deus
3100 670 3400 726 exstiterit.

1832 761 1927 815 Sin
1980 773 2162 818 autem
2217 763 2382 832 (quod
2443 773 2498 820 et
2545 764 2856 820 necessario
2901 761 3202 833 contingat)
3257 761 3404 816 inter

1831 853 2028 909 multos
2059 866 2223 925 atque
2251 857 2520 911 discretos
2539 856 2898 926 diversosque
2919 871 3092 927 pugna
3115 863 3401 925 sequatur,

1828 949 2230 1017 contrariisque
2277 949 2561 1004 affectibus
2605 964 2667 1004 ea
2711 949 2822 1018 jam
2873 947 3032 1003 turba
3083 947 3402 1005 dissideant.

1826 1038 2153 1093 dissolvetur
2188 1042 2423 1096 mundus
2451 1079 2464 1104 .
2503 1054 2630 1094 cum
2665 1038 2702 1094 ii
2737 1039 2935 1108 quibus
2973 1039 3182 1108 regitur
3213 1051 3277 1092 ac
3305 1052 3404 1106 gu-

1825 1129 2108 1195 bernatur,
2160 1131 2240 1186 sic
2297 1131 2500 1188 diversi
2566 1145 2632 1186 ac
2691 1145 2877 1187 secum
2931 1130 3034 1200 ipsi
3095 1137 3404 1199 pugnantes

199 1225 476 1278 exstiterint.
529 1224 609 1279 Ex
661 1224 744 1278 his
793 1225 979 1294 itaque
1031 1226 1410 1280 concludimus
1456 1237 1576 1279 esse
1607 1241 1770 1278 liltllm
1811 1225 1975 1280 Deum
2031 1226 2330 1294 perfectura
2390 1241 2453 1281 ac
2484 1226 2788 1292 inﬁnitum,
2850 1222 3406 1290 incircmnseriptuut-

198 1331 294 1383 que,
327 1316 470 1384 hujus
499 1332 682 1372 rerum
719 1319 1092 1372 universitatis
1143 1319 1483 1373 conditorem
1519 1334 1582 1372 ae
1624 1317 2089 1386 gubernatorem;
2125 1319 2268 1388 quod
2298 1320 2368 1373 ita
2437 1333 2557 1374 esse
2581 1360 2598 1385 ,
2652 1320 2814 1374 etiam
2884 1317 3064 1371 divina
3120 1308 3403 1386 Scriptura

198 1408 360 1462 diserte
393 1409 573 1464 tradit.

250 1502 423 1566 Πάλιν,
479 1501 668 1572 ἐπειδὴ
726 1505 836 1557 πᾶν
891 1503 953 1556 τὸ
1005 1502 1328 1572 κινούμενον
1379 1505 1472 1574 ὑφ’
1531 1503 1722 1572 ἐτέρου

199 1599 404 1660 κινεῖται,
435 1596 783 1660 ἐξετάζοντες
820 1599 1066 1662 κάκεῖνο,
1100 1599 1184 1662 τίς
1233 1601 1397 1664 κινεῖ,
1428 1601 1521 1652 καὶ
1568 1599 1726 1651 τοῦτο

202 1690 327 1758 μέχρι
377 1689 593 1753 πολλοῦ,
646 1691 1080 1760 ἀναγκαζόμεθα
1142 1693 1482 1760 καταντῆσαι
1540 1695 1620 1755 εῐς
1672 1709 1726 1743 τι

199 1782 386 1849 πρᾶγμα
421 1773 605 1833 κινοῦν
657 1781 757 1849 μὲν
796 1783 973 1834 ἐκεῖνο
1023 1782 1092 1834 τὰ
1141 1782 1298 1846 ἄλλα,
1333 1783 1465 1835 αὐτὸ
1513 1783 1569 1834 δὲ
1622 1783 1727 1835 ὑπὸ

200 1870 382 1938 μηδενὸς
407 1873 752 1940 κινούμενον.
791 1872 865 1926 Τὸ
892 1872 1004 1941 γὰρ
1037 1873 1269 1942 πρώτως
1305 1872 1492 1925 κινοῦν
1524 1871 1720 1941 ἀκίνηο

198 1979 282 2014 τιον·
330 1963 417 2014 καὶ
464 1963 626 2016 τοῦτό
677 1965 827 2016 ἔστιν
879 1965 907 2016 ὁ
961 1959 1043 2026 εἷς
1097 1965 1252 2029 Θεὸς,
1309 1966 1474 2034 μηδὲν
1525 1964 1722 2024 ἑαυτοῦ

199 2053 646 2123 προεπινοούμενον
677 2053 838 2123 ἔχων.
864 2055 1324 2124 Συμπεραίνομεν
1373 2051 1467 2108 οὖν
1499 2057 1591 2108 καὶ
1617 2056 1726 2108 ἀπὸ
1761 2114 1765 2119 ,

199 2142 472 2208 testam—Eu
500 2145 651 2198 ἐστὶν
672 2147 700 2198 ὁ
732 2145 862 2208 Θεὸς
903 2147 1159 2216 ἀκίνητός
1191 2165 1252 2199 τε
1286 2149 1382 2200 καὶ
1411 2147 1725 2217 ἀμετάϐλη-
1761 2124 1798 2179 Β

198 2250 279 2294 τος,
305 2234 517 2302 ἄπειρον
556 2235 701 2304 ἔχων
732 2237 831 2304 τὴν
859 2237 1115 2305 δύναμιν.
1159 2238 1220 2290 Ei
1253 2240 1361 2307 γὰρ
1408 2242 1482 2307 μὴ
1517 2239 1728 2308 ταύτην

199 2325 380 2392 ἄπειρον
405 2323 573 2395 εἶχεν,
608 2329 708 2380 οὐκ
736 2328 804 2380 ἂν
838 2329 1138 2397 σύνδρομον
1189 2326 1301 2398 εἶχε
1370 2334 1436 2399 τῇ
1472 2331 1726 2400 βουλήσει

201 2417 271 2482 τὴν
287 2415 525 2486 δύναμιν,
552 2420 849 2488 ἀκαμάτως
871 2419 1190 2474 διατείνων
1218 2421 1336 2473 ἀπὸ
1362 2419 1619 2486 πέρατος
1643 2424 1730 2487 εἰς

201 2507 342 2574 πέρας
359 2509 685 2576 εὐρώστως,
720 2509 818 2563 καὶ
844 2511 1124 2580 χρηστῶς
1153 2511 1224 2567 τὰ
1259 2510 1455 2567 πάντα
1489 2511 1732 2567 διοικῶν

200 2615 269 2649 και
306 2615 579 2666 οικονομου
589 2617 770 2667 μενος.

253 2690 438 2753 ’Ἄλλως
465 2709 548 2754 τε,
587 2694 636 2744 εἰ
670 2692 750 2762 μὴ
794 2692 1030 2764 δύναμιν
1079 2693 1310 2763 ἄπειρον
1338 2690 1507 2764 εἶχεν,
1537 2697 1639 2749 οὐκ
1665 2695 1730 2748 ἂν

199 2773 249 2846 ἦν
271 2779 477 2852 ἄπειρος
528 2781 652 2836 οὗτε
700 2783 1118 2853 ἀπερίγραπτος
1161 2783 1287 2837 οὔτε
1337 2785 1580 2848 τέλειος⁶
1611 2789 1732 2840 ἐπεὶ

199 2869 242 2922 δὲ
277 2871 483 2942 ἄπειρός
529 2873 646 2926 ἐστι
701 2874 798 2926 καὶ
857 2875 1282 2946 ἁπερίγραπτος
1345 2877 1442 2930 καὶ
1499 2878 1730 2939 τέλειος.

199 2959 386 3031 ἄπειρον
415 2963 510 3015 καὶ
554 2963 653 3034 τὴν
693 2963 926 3035 δύναμιν
960 2966 1112 3037 ἔχει·
1153 2968 1250 3021 καὶ
1295 2969 1343 3022 εἰ
1374 2969 1604 3040 ἄπειρον
1634 2971 1733 3038 τὴν

199 3051 389 3121 δῦναμιν
428 3055 569 3123 ἔχει,
605 3057 832 3126 ἄπειρός
884 3060 1002 3113 ἐστι
1057 3062 1154 3114 καὶ
1187 3062 1603 3132 ἀπερίγραπτος
1635 3065 1731 3116 καὶ

200 3145 383 3210 τέλειος.
415 3148 582 3201 Οὐδὲν
607 3149 716 3218 γὰρ
749 3153 1170 3221 πεπερασμένον
1200 3155 1430 3223 ἄπειρον
1457 3156 1553 3224 τὴν
1574 3157 1733 3210 δύνα-

202 3255 276 3306 μιν
308 3238 432 3312 ἔχει.

253 3415 423 3482 Πάλιν,
452 3418 642 3489 ἐπειδῆ
695 3419 969 3490 βλέπομεν
1019 3421 1100 3475 ὅτι
1153 3422 1388 3477 ἕκαστον
1418 3427 1529 3481 τῶν
1563 3427 1733 3482 ὄντων
1763 3464 1802 3490 ,π

201 3511 250 3584 ὲκ
291 3513 560 3582 τεσσάρων
609 3513 888 3584 στοιχείων
953 3517 1272 3572 συνίσταται
1326 3522 1419 3573 καὶ
1470 3524 1551 3584 εἰς
1591 3525 1730 3576 αὐτὰ

192 3583 490 3656 ’ἀναλύεταν
524 3605 610 3658 ἔτι
662 3583 880 3676 γεημὴν
929 3608 1024 3660 καὶ
1079 3607 1220 3662 αὐτὰ
1280 3609 1349 3662 τὰ
1398 3614 1638 3682 στοιχεῖα
1678 3615 1736 3678 ἐξ

203 3691 308 3760 ὕλης
359 3697 447 3749 καὶ
498 3698 802 3769 ποιοτήτων
858 3699 1245 3766 συνίστανται,
1307 3704 1402 3757 καὶ
1453 3704 1534 3767 εἰς
1596 3705 1735 3758 αὐτὰ

200 3782 498 3855 διαιροῦνται
531 3789 677 3857 λόγῳ
713 3793 805 3844 καὶ
862 3792 1081 3864 ἐπινοίᾳ
1108 3794 1280 3865 μόνῃ⁹
1317 3791 1429 3848 οἷον
1467 3798 1498 3866 ἡ
1532 3797 1603 3865 γῆ
1656 3800 1736 3861 εἰς

201 3877 284 3944 τὴν
308 3878 434 3950 ὓλην
464 3883 559 3934 καὶ
589 3883 690 3944 τὰς
732 3883 1049 3952 ποιότητας,
1088 3885 1290 3948 αἵτινές
1335 3889 1474 3940 εἰσιν
1506 3888 1563 3940 ὲν
1596 3889 1734 3959 αὐτῇ

200 3965 440 4041 ψυχρέτης
492 3975 586 4026 καὶ
651 3973 922 4044 ξηρότης’
983 3976 1077 4028 καὶ
1132 3977 1296 4045 βάρος
1355 3977 1411 4029 δὲ
1469 3978 1582 4048 ἔχει
1643 3984 1739 4033 καὶ

202 4060 361 4130 σχῆμα
404 4063 494 4117 καὶ
523 4063 740 4134 χρῶμα,
776 4067 870 4118 καὶ
921 4069 978 4143 ἐν
1023 4067 1176 4138 τόπῳ
1229 4070 1379 4139 μέσῳ
1413 4070 1506 4122 τοὺ
1537 4073 1739 4135 παντός

201 4151 324 4205 ἐστιν
352 4171 367 4188 ·
394 4154 428 4209 ἅ
452 4155 514 4226 δὴ
549 4156 662 4209 τῶν
688 4157 956 4212 συνθέτων
992 4159 1260 4229 ἰδιώματα
1291 4163 1698 4233 καθεστήκασιν
1723 4182 1738 4196 ο

203 4242 429 4310 ὡσαύτως
479 4249 536 4303 δὲ
575 4252 671 4304 καὶ
712 4251 779 4304 τὰ
829 4250 984 4314 ἄλλα,
1037 4253 1091 4306 ετ
1145 4271 1230 4316 τις
1272 4253 1527 4326 θεωρείη,
1571 4256 1742 4320 οὕτως

203 4333 366 4403 ἔχοντα
396 4341 640 4412 εὑρήσει·
673 4341 752 4394 διὸ
782 4347 874 4396 καὶ
914 4341 1080 4415 ἀτελῆ
1114 4346 1208 4397 καὶ
1241 4348 1478 4416 μεριστά
1515 4351 1620 4401 εἰσι
1649 4351 1742 4402 καὶ

205 4427 441 4484 σύνθετα·
489 4435 910 4504 ἀποφαινόμεθα
966 4437 1048 4489 ὅτι
1115 4437 1141 4490 ὁ
1209 4437 1338 4502 Θεὸς
1394 4441 1598 4504 ἁπλοῦς
1648 4446 1744 4495 καὶ

206 4517 391 4588 ἀμερὴς
437 4523 524 4575 καὶ
552 4523 835 4592 τελειότης
872 4524 1008 4592 ἐστὶ,
1046 4527 1213 4596 μηδὲν
1243 4529 1480 4582 τοιοῦτον
1511 4530 1674 4601 ἔχων,
1709 4533 1742 4602 ῆ
1787 4503 1798 4517 ’

208 4611 260 4663 ὲκ
283 4613 534 4686 διαφόρων
567 4617 913 4687 πραγμάτων
943 4619 1358 4690 συνιστάμενος,
1383 4621 1574 4692 ὥσπερ
1609 4624 1746 4692 δῆτα

211 4706 288 4756 καὶ
337 4708 400 4760 τὰ
445 4711 504 4764 ὲκ
557 4710 670 4764 τῶν
719 4713 1000 4782 στοιχείων
1053 4714 1445 4782 συνιστάμενα.
1485 4715 1594 4768 Καὶ
1639 4717 1749 4786 γάρ

1763 3474 1806 3520 υ

1899 1499 2111 1558 Rursus
2145 1502 2320 1558 :Cum
2357 1503 2619 1572 quidquid
2661 1513 2928 1566 movetur,
2959 1502 3028 1557 ab
3060 1501 3165 1556 alio
3195 1515 3411 1556 movea-

1827 1601 1936 1656 tur,
1964 1593 2090 1645 dum
2122 1592 2465 1662 exquirimus
2490 1592 2632 1647 istud
2665 1592 2853 1656 etiam,
2883 1607 2947 1646 ac
2974 1591 3107 1646 illud
3140 1591 3260 1660 quis
3285 1606 3406 1644 mo-

1830 1692 1973 1748 veat,
2026 1685 2188 1751 longo
2241 1684 2453 1739 tandem
2502 1700 2783 1754 processu,
2839 1699 3061 1738 necesse
3107 1693 3190 1740 est
3245 1693 3302 1738 ut
3338 1685 3404 1737 ad

1832 1792 1942 1830 rem
1989 1777 2227 1844 aliquam
2273 1778 2574 1842 veniamus,
2624 1793 2744 1845 quae
2794 1760 3409 1845 moveatquidem'reli-

1833 1886 1960 1936 qua,
2013 1871 2126 1936 ipsa
2182 1885 2309 1924 vero
2363 1886 2392 1925 a
2450 1871 2595 1924 nullo
2655 1877 2957 1923 moveatur.
3001 1867 3220 1922 Primus
3263 1868 3406 1923 enim

1835 1972 2012 2016 motor
2067 1961 2361 2015 immobilis
2407 1972 2484 2016 est
2515 1977 2530 2024 ;
2565 1961 2760 2030 hicque
2796 1961 2928 2013 adeo
2961 1975 3100 2013 unus
3131 1960 3270 2019 Deus
3301 1967 3408 2024 est,

1833 2068 1941 2122 quo
1990 2052 2122 2107 nihil
2183 2054 2334 2121 prius
2392 2052 2747 2120 intelligatur.
2807 2050 2975 2121 Igitur
3035 2051 3159 2104 hinc
3192 2065 3409 2119 quoque

1830 2136 2246 2208 concludimus,
2271 2143 2436 2196 Deum
2469 2142 2797 2196 immobilem
2851 2157 2974 2196 esse
3012 2153 3066 2194 et
3100 2142 3412 2195 immutabi—

1832 2239 1957 2302 lem,
2012 2237 2220 2292 inlinita
2279 2237 2478 2290 virtute
2530 2251 2622 2290 seu
2659 2237 2901 2304 potentia
2947 2234 3252 2302 prmditum.
3300 2232 3408 2285 Nisi

1830 2333 1974 2385 enim
2003 2347 2063 2384 ea
2099 2331 2310 2384 inﬁnita
2343 2331 2600 2399 praeditus
2630 2338 2794 2390 esset,
2817 2327 3112 2392 potentiam
3143 2325 3408 2380 voluntati

1831 2439 2009 2492 parem
2043 2423 2204 2493 eique
2251 2424 2503 2478 comitem
2558 2421 2973 2490 haudquaquam
3014 2419 3230 2471 haberet
3257 2457 3272 2473 .
3332 2428 3410 2470 at-

1831 2516 2034 2581 tingens
2067 2513 2200 2567 citra
2235 2526 2444 2566 omnem
2481 2511 2716 2565 laborem
2747 2526 2777 2562 α
2824 2509 2928 2577 ﬁne
2961 2524 3122 2577 usque
3153 2509 3222 2560 ad
3254 2509 3412 2575 ﬁnem

1829 2603 2062 2670 fortiter,
2095 2603 2370 2671 omniaque
2393 2602 2622 2656 suaviter
2655 2600 2933 2669 disponens
2956 2598 3000 2629 '°
3035 2614 3096 2650 ac
3129 2613 3340 2666 regens.

1901 2694 2170 2750 Praeterea
2200 2734 2215 2759 ,
2255 2695 2355 2749 nisi
2411 2693 2550 2749 Dens
2611 2693 2816 2748 intinita
2878 2689 3116 2760 potentia
3158 2689 3417 2756 praeditus

1833 2796 1996 2850 esset,
2049 2803 2146 2842 nec
2201 2787 2470 2850 inﬁnitus,
2511 2801 2609 2840 nec
2646 2783 3153 2851 incircaniscriptus
3185 2824 3199 2846 ,
3239 2793 3418 2849 neque

1834 2881 2107 2950 perfectus
2145 2888 2310 2933 esset.
2351 2879 2497 2944 ,Quia
2541 2892 2666 2932 vero
2719 2876 2962 2930 intinitus
3012 2883 3067 2929 et
3113 2874 3421 2927 incircnm-.

1833 2974 2071 3041 scriptus
2097 2981 2150 3026 et
2193 2969 2467 3038 perfectus
2505 2977 2611 3030 est,
2642 2967 2856 3022 inﬁnita
2883 2978 3103 3034 quoque
3130 2964 3328 3019 virtute
3349 2977 3416 3015 ac

1835 3065 2072 3134 potentia
2116 3064 2371 3132 praeditus
2402 3072 2510 3117 est.
2540 3060 2618 3115 Ac
2643 3059 2931 3127 .siquidem
2960 3073 3019 3110 ea
3050 3055 3306 3125 praeditus
3328 3061 3416 3108 est

1834 3160 2033 3213 virtute
2064 3169 2118 3212 et
2149 3157 2422 3226 potentia,
2461 3154 2704 3207 inﬁnitus
2737 3161 2792 3206 et
2822 3147 3332 3216 incircumscriptus
3359 3156 3416 3200 et

1834 3248 2106 3318 perfectus
2133 3256 2236 3301 est.
2262 3244 2534 3314 Quidquid
2561 3243 2704 3298 enim
2739 3251 2824 3311 est
2850 3241 3002 3294 ﬁnitu
3030 3261 3055 3288 η
3081 3276 3097 3302 ,
3125 3237 3285 3305 huius
3315 3253 3417 3307 po-

1835 3340 2003 3395 tentia
2032 3354 2094 3392 ac
2124 3338 2300 3390 virtus
2327 3336 2546 3389 minime
2592 3331 2806 3388 inﬁnita
2843 3342 2949 3386 est.

1910 3430 2203 3495 Praeterea,
2257 3429 2385 3498 quia
2423 3442 2534 3481 rem
2579 3425 2879 3494 quamlibet
2923 3441 2988 3479 ex
3017 3434 3260 3490 quatuor
3309 3424 3420 3479 ele-

1843 3525 2041 3580 mentis
2069 3523 2313 3578 videmus
2345 3532 2618 3584 constare,
2653 3527 2705 3573 et
2740 3518 2791 3572 in
2823 3531 2886 3573 ea
2919 3517 3114 3570 resolvi
3150 3534 3164 3570 :
3209 3518 3276 3572 ad
3305 3519 3420 3571 haec

1840 3634 1968 3672 vero
2028 3616 2190 3671 etiam
2216 3615 2484 3670 elementa
2535 3628 2599 3666 ex
2643 3612 2870 3666 materia
2936 3625 3000 3666 ac
3057 3609 3421 3676 qualitatibus

1839 3704 2155 3770 constituta,
2197 3706 2408 3760 ratione
2440 3704 2620 3758 solum
2660 3700 2960 3771 subtilique
2995 3699 3230 3766 cogitatu
3269 3701 3324 3754 in
3355 3716 3418 3756 ea

1841 3797 2012 3853 dividi
2039 3814 2054 3862 ;
2081 3807 2232 3865 puta,
2268 3806 2469 3850 terram
2505 3796 2556 3848 in
2614 3794 2900 3848 materiam
2938 3802 2991 3846 et
3026 3793 3318 3860 qualitates
3367 3792 3420 3847 in

1840 3905 1902 3944 ea
1935 3889 2287 3954 exsistentes,
2320 3888 2670 3958 frigiditatein
2713 3886 2926 3940 scilicet
2971 3895 3022 3941 et
3065 3886 3371 3940 siccitatem
3401 3923 3420 3949 ,

1843 3983 2038 4051 quibus
2071 3981 2336 4044 accedunt
2374 3978 2618 4048 gravitas
2641 4018 2655 4042 ,
2699 3978 2866 4047 ﬁgura
2896 4017 2910 4042 ,
2965 3977 3148 4042 color,
3185 3994 3246 4032 ac
3280 3979 3424 4046 quod

1843 4073 2080 4128 medium
2123 4071 2362 4126 universi
2414 4071 2594 4124 locum
2634 4078 2818 4134 tenet;
2857 4085 2976 4137 quze
3008 4070 3193 4138 utique
3231 4084 3422 4126 earum
3458 4073 3495 4110 ’-

1847 4182 2024 4221 rerum
2053 4165 2408 4235 prOprietates
2435 4166 2727 4227 exsistunt,
2759 4178 2878 4232 qum
2910 4165 3230 4232 composita:
3252 4174 3376 4218 sunt
3404 4179 3424 4229 ;

1847 4258 2097 4312 similiter
2127 4270 2342 4326 quoque
2380 4255 2612 4323 reliqua,
2659 4256 2702 4308 si
2744 4255 2869 4324 quis
2899 4255 3082 4310 animo
3109 4256 3426 4309 considera-

1843 4351 2007 4412 verit,
2043 4350 2230 4404 eodem
2263 4347 2422 4402 modo
2449 4363 2506 4401 se
2532 4347 2732 4402 habere
2763 4346 3032 4411 inveniet,
3067 4349 3426 4416 quamobrem

1817 4448 2009 4499 .etiam
2044 4442 2358 4511 imperfecta
2389 4451 2516 4494 sunt
2558 4451 2612 4496 et
2641 4439 2861 4494 dividua
2898 4441 3307 4521 etcomposita:
3348 4441 3432 4496 id-

1851 4538 1999 4590 circo
2052 4536 2222 4589 Deum
2276 4533 2579 4600 simplicem
2631 4531 3082 4600 individuumqne
3140 4533 3430 4602 ais-perie-

1850 4625 2085 4677 etionem
2119 4621 2443 4686 asserimus,
2480 4619 2570 4690 qui
2610 4619 2744 4674 nihil
2775 4619 3037 4694 ejusmodi
3081 4620 3299 4686 haheat,
3331 4637 3432 4676 nec

1851 4731 1915 4769 ex
1941 4714 2176 4769 diversis
2208 4713 2396 4777 rebus,
2423 4711 2722 4780 cnjnsmodi
2752 4721 2879 4765 sunt
2908 4728 3030 4782 qua:
3052 4728 3116 4767 ex
3148 4713 3434 4768 elementis

213 4811 351 4864 φησιν
400 4803 424 4853 ὁ
475 4802 837 4872 Δαμασκηνὸς
896 4805 955 4856 ἐν
1017 4806 1132 4867 τοῖς
1192 4798 1528 4881 θεολογικοῖς
1582 4809 1738 4861 αὐτοῦ

1859 4806 2151 4862 constituta
2187 4812 2332 4864 sunt,
2363 4803 2647 4858 consistat.
2684 4803 2897 4856 Etenim
2929 4803 3006 4855 ait
3037 4802 3429 4866 Damascennr,

211 4890 484 4955 κεφαλαίοις
519 4894 657 4962 (15),
696 4887 780 4946 Ου’
798 4895 906 4964 χρὴ
940 4895 1125 4962 λέγειν
1154 4896 1244 4949 ἐπὶ
1273 4895 1410 4949 Θεοῦ
1448 4898 1742 4968 ποιότητα,

213 4973 288 5030 ἶνα
315 4981 382 5051 μὴ
405 4983 650 5037 σύνθετον
680 4984 843 5037 αὐτὸν
885 4986 1129 5055 εἴπωμεν
1160 4987 1216 5053 ἐξ
1249 4987 1436 5050 οὐσίας
1469 4991 1562 5040 καὶ
1592 4989 1746 5042 ποιό-

213 5084 370 5138 τητος.
396 5077 496 5129 Καὶ
525 5079 634 5150 γὰρ
683 5081 734 5131 εἰ
769 5079 1020 5139 σύνθεσις
1065 5083 1158 5132 ἐπὶ
1210 5081 1345 5135 Θεοῦ
1395 5083 1628 5149 λέγοιτο,
1658 5085 1752 5135 καὶ

216 5158 344 5224 λύσις
389 5167 530 5223 ἔσται
561 5173 622 5224 ἐν
673 5171 846 5242 αὐτῷ.
883 5172 1140 5234 Σύνθεσις
1190 5174 1301 5244 γὰρ
1347 5175 1487 5245 ἁρχὴ
1529 5174 1708 5245 μάχης
1735 5194 1749 5209 ⁶

221 5254 344 5326 μάχη
386 5260 434 5313 δὲ
471 5263 809 5328 διαστάσεως
833 5281 847 5295 ·
885 5267 1167 5330 διάστασις
1224 5266 1279 5319 δὲ
1317 5266 1540 5331 λύσεως.
1589 5270 1749 5322 Ἀλλά

223 5348 310 5416 μὴν
334 5351 415 5405 τὸν
459 5355 589 5409 Θεὸν
637 5357 935 5427 ἀσώματον
968 5362 1062 5414 καὶ
1091 5361 1318 5428 ἄπειρον
1357 5363 1452 5414 καὶ
1493 5363 1747 5430 ἀόριστον

223 5439 309 5492 tul.’
329 5442 511 5499 ἁπλοῦν
541 5450 633 5502 καὶ
667 5450 852 5522 ἅπαθῆ
886 5454 912 5504 ὃ
942 5470 998 5505 τε
1035 5453 1264 5521 φυσικὸς
1300 5455 1462 5523 νόμος
1497 5455 1741 5508 διδάσκει

1237 5575 1256 5606 >

287 5673 322 5702 ¹⁹
350 5671 461 5743 Sap-
493 5691 604 5745 νιιι,
637 5681 684 5734 1.

284 5876 382 5941 (13)
408 5880 632 5939 Damasc.
673 5883 708 5936 l.
739 5897 777 5949 t,
815 5898 863 5938 c.
904 5883 950 5936 ὦ.

1855 4895 1908 4948 in
1945 4892 2268 4961 theologicis
2300 4891 2414 4946 suis
2447 4890 2738 4960 capitibus,
2778 4907 2881 4944 non
2916 4891 3200 4945 dicendam
3235 4891 3289 4944 in
3324 4890 3433 4946 Deo

1855 4986 2212 5056 qualitatem,
2247 5000 2313 5039 ne
2349 5001 2470 5038 cum
2513 4983 2877 5052 compositum
2921 5001 2984 5036 ex
3039 4983 3345 5036 substantia
3378 4994 3432 5036 et

1856 5073 2120 5150 qualitate
2149 5076 2469 5131 dixerimus.
2503 5075 2558 5128 Si
2594 5076 2812 5143 quidem
2848 5074 2994 5127 enim
3025 5073 3346 5142 compositio
3376 5074 3430 5127 in

1861 5175 1968 5228 Deo
2003 5171 2235 5234 dicatur,
2264 5171 2366 5224 erit
2399 5169 2450 5221 in
2484 5183 2546 5222 eo
2574 5166 2880 5222 dissolutio.
2917 5165 3253 5234 Cmnpositio
3287 5163 3432 5218 enim

1859 5281 2052 5336 pugna:
2084 5263 2234 5334 origo
2269 5275 2392 5328 est;
2431 5277 2606 5332 pugna
2656 5277 2784 5315 vero
2844 5260 3101 5326 divortii;
3141 5259 3433 5313 divortium

1856 5369 2039 5413 autem
2089 5356 2477 5412 dissolutionis.
2540 5354 2698 5423 Atqui
2762 5355 2927 5408 Deum
2982 5353 3436 5418 ineorporeumel

1854 5452 2122 5506 inﬁnitum
2157 5459 2212 5506 et
2245 5450 2564 5503 immensum
2598 5456 2648 5501 et
2679 5437 2979 5514 simplicem
3016 5487 3028 5506 ,
3067 5442 3308 5511 nullique
3343 5442 3418 5497 in-
