3872 6528
88 386 165 446 119
884 387 891 393 ’
964 382 1063 441 DE
1106 380 1535 440 PRINClPllS
1570 380 1779 440 FIDEI
1819 380 2289 442 CATIIOLIC/E.

3169 381 3273 440 650

88 496 212 565 ὑμῶν
257 494 287 546 ὁ
326 491 637 560 οἰγάνιος·
686 494 803 557 καὶ,
856 495 1114 549 Γίνεσθε
1156 496 1404 563 μιμηταὶ
1443 494 1591 548 Θεοῦ

1724 495 1842 547 ’01111
1898 494 2118 547 stimulo
2171 492 2235 545 ad
2300 488 2391 544 Dei
2448 490 2808 544 imitationem
2845 504 3123 559 urgemur.
3184 493 3275 541 Ait

83 592 141 651 ὡς
170 587 324 639 τέκνα
368 584 666 651 ἀγαπητά.
699 586 809 637 Καὶ
842 587 870 637 6
905 586 1049 648 οεῖος
1082 585 1359 648 Διονύσιος
1394 585 1506 655 (l7)
1536 588 1593 637 ὲν

82 679 138 748 τῷ
168 675 283 744 Περὶ
310 676 479 730 θείων
509 676 844 744 ὀνομάτων,
882 677 991 730 Τὸν
1011 675 1164 743 ὑπὲρ
1189 675 1408 737 πάντα,
1438 676 1593 743 φησι,

85 773 195 825 Θεὸν
219 770 349 823 καθὸ
393 768 574 831 αὐτός
612 768 803 831 ἐστιν,
858 768 1063 822 οὐδενί
1122 783 1316 837 φασιν
1358 768 1593 836 ὅμοιον-ο

1699 586 1841 638 anim
1888 600 1903 635 :
1943 584 2125 641 Estote
2154 582 2556 645 misericordes,
2592 583 2728 635 sicut
2768 581 2929 635 Pater
2971 591 3139 634 vester
3170 597 3278 632 ca:-

1702 678 1842 732 lestis
1865 677 1905 707 "
1930 694 1946 741 ;
1971 688 2024 730 et
2057 693 2071 730 :
2109 674 2287 729 Estote
2319 675 2610 729 imitatores
2642 673 2756 738 Dei,
2792 674 2926 727 sicut
2950 673 3048 741 lilii
3080 672 3283 724 charis-

1701 771 1903 823 simi“.
1937 769 2158 821 Divinos
2190 782 2403 837 quoque
2429 766 2743 837 Dionysius,
2777 765 2829 818 in
2876 764 3015 818 libro
3042 765 3114 817 De
3137 765 3278 816 divi-

83 864 221 918 uimir
262 860 325 913 δὲ
363 864 685 929 ὁμοιότητα
738 862 904 915 θείαν
949 861 1265 930 δωρεῖσθαι
1321 861 1444 927 τοῖς
1505 861 1597 914 ἐπ’

1724 863 1785 917 tis
1820 864 2111 916 nominibus
2149 877 2167 915 :
2200 860 2364 915 Deum
2388 900 2402 925 ,
2440 861 2637 929 inquit,
2670 860 2758 928 qui
2787 868 2863 913 est
2895 874 3051 927 super
3083 857 3281 920 omnia,

86 956 223 1009 αὑτὸν
254 952 805 1020 ἐπιστρεφομένοις.
846 955 956 1007 Καὶ
996 954 1180 1017 πάλιν,
1223 952 1412 1008 Ταῦτα
1452 953 1602 1021 γοῦν

84 1044 246 1112 ῥητέον
283 1042 452 1109 ὅμοια
503 1042 678 1104 Θεοῦ.
722 1043 794 1096 τὰ
834 1043 984 1097 κατὰ
1040 1045 1207 1099 θείαν
1250 1044 1455 1097 εἰκόνα
1505 1046 1599 1095 καὶ

88 1139 308 1203 ὅμοι’ωσιν
329 1147 344 1161 °
377 1133 521 1187 οὐδὲ
550 1136 663 1202 γὰρ
688 1135 895 1199 αὐτοῖς
917 1136 1025 1187 τὸν
1058 1135 1208 1188 Θεὸν
1252 1134 1481 1203 ὅμοιον,
1514 1134 1602 1185 ὅτι

85 1228 193 1296 μηδέ
223 1227 529 1292 ἄνθρωπος
576 1224 652 1292 τῇ
704 1226 820 1291 ὶδιᾳ
869 1228 1053 1279 εικόνι
1111 1226 1349 1294 ὅμοιοςο
1387 1226 1525 1278 ἀλλ’
1564 1225 1602 1291 ἠ

86 1320 305 1386 ὁμοίωσις
322 1316 387 1369 τὸ
414 1316 664 1383 πρώτως
683 1317 813 1370 ἐστὶ
844 1317 963 1370 τῶν
993 1318 1062 1371 ἐν
1087 1318 1232 1386 ἡμῖν
1262 1318 1421 1383 παρὰ
1457 1316 1606 1369 Θεοῦ

82 1406 286 1477 ἀγαθῶν.
311 1408 431 1460 Εἴτε
482 1410 599 1477 γὰρ
656 1409 827 1476 ἆγιοι,
865 1411 974 1462 εἴτε
1011 1409 1143 1470 Οεοὶ,
1178 1410 1286 1461 εἴτε
1318 1409 1493 1460 δοῦλοι
1520 1407 1607 1459 δν-

84 1499 281 1563 τες,εῖτε
329 1496 531 1567 κύριοι,
567 1499 694 1550 καθ’
744 1500 1009 1567 ὁμοίωσιν
1057 1499 1604 1568 ἐδημιουργήοημεν·

84 1590 189 1641 κατὰ
210 1587 352 1640 τοῦτο
380 1590 492 1658 γὰρ
534 1606 703 1657 φησιν
752 1590 782 1641 6
821 1590 1164 1654 Ἀπόστολος,
1211 1590 1607 1660 Ἀναμομςροῦ-

83 1683 163 1733 σθε
192 1678 252 1730 ἐν
293 1680 601 1745 καινότητι
636 1680 738 1733 τοῦ
762 1680 895 1745 νοὸς
944 1680 1132 1749 ὑμῶν.
1164 1680 1255 1750 Τῷ
1298 1681 1409 1751 γὰρ
1434 1678 1608 1749 καινῷ

84 1769 302 1839 ἀνθρώπῳ
325 1769 587 1836 λέγονται
612 1771 807 1835 ταῦτα,
834 1772 912 1840 τῷ
946 1775 1419 1843 ἀνακαινιζομένῳ
1451 1776 1509 1827 ὲν
1542 1777 1606 1845 τῇ

1705 955 1853 1007 aiunt
1874 954 2006 1006 nulli
2030 969 2141 1007 esse
2172 952 2392 1007 similem
2420 968 2437 1015 ;
2469 950 2657 1020 largiri
2678 960 2851 1003 tamen
2881 950 3113 1002 divinam
3136 948 3285 1001 simi-

1706 1044 2002 1106 litudinem,
2035 1045 2114 1095 his
2151 1044 2242 1113 qui
2274 1045 2341 1095 ad
2388 1044 2558 1110 ipsum
2609 1049 3006 1095 convertantur.
3036 1042 3113 1093 Ac
3162 1054 3287 1092 rur-

1707 1150 1801 1186 sus
1843 1149 1857 1185 :
1896 1138 2023 1188 Htec
2062 1136 2241 1203 itaque
2278 1135 2499 1186 dicenda
2536 1131 2641 1186 Deo
2670 1132 2895 1193 similia,
2927 1146 3042 1200 qua:
3070 1139 3189 1183 sunt
3217 1131 3286 1181 ad

1710 1225 1801 1277 Dei
1853 1226 2132 1293 imaginem
2174 1237 2221 1279 et
2253 1206 2681 1278 similitudinem.
2713 1224 2896 1292 Neque
2932 1224 3069 1275 enim
3118 1221 3284 1273 Deum

1707 1316 1780 1369 eis
1818 1302 2042 1369 similem
2104 1318 2418 1375 dixerimus,
2456 1333 2577 1369 nam
2632 1333 2722 1369 nec
2758 1318 2911 1367 homo
2959 1330 3071 1368 sate
3100 1313 3289 1367 similis

1709 1407 1926 1473 imagini
1956 1416 2057 1461 est.
2098 1407 2202 1461 Sed
2227 1409 2522 1461 similitudo
2555 1410 2783 1477 primunt
2809 1417 2882 1460 est
2914 1423 3091 1459 eorum
3129 1407 3292 1457 bono-

1710 1516 1848 1560 rum,
1902 1517 2019 1568 qua:
2054 1500 2199 1553 nobis
2238 1518 2270 1552 a
2315 1499 2419 1553 Deo
2461 1482 2668 1552 insunt.
2726 1498 2853 1551 Sive
2892 1498 3033 1553 enim
3089 1497 3289 1558 sancti,

1713 1594 1826 1645 sive
1856 1593 1951 1657 dii,
1987 1593 2101 1646 sive
2132 1594 2271 1647 servi
2311 1608 2526 1655 smnus,
2579 1596 2691 1649 sive
2738 1591 2967 1656 domini,
2992 1590 3057 1644 ad
3093 1589 3292 1643 simili-
3349 1603 3359 1612 '

1715 1685 1956 1738 tudinem
2000 1701 2188 1739 smnus
2213 1686 2441 1739 conditi.
2490 1686 2600 1739 Hoc
2635 1685 2780 1739 enim
2818 1698 2980 1738 sensu
3023 1682 3096 1735 ait
3143 1682 3293 1747 Apo-

1714 1776 1909 1837 s:olus,
1952 1774 2331 1844 Reformamini
2361 1778 2414 1829 in
2446 1777 2671 1829 novitate
2699 1791 2881 1829 sensus
2914 1773 3148 1827 vestri”.
3170 1771 3297 1825 llaec

90 1860 321 1928 ἐπιγνώσει.
361 1862 455 1912 τοῦ
504 1861 645 1914 Θεοῦ
686 1864 828 1914 κατὰ
879 1864 1112 1934 μίμησιν
1155 1865 1343 1929 αὑτοῦ,
1368 1866 1460 1917 τοῦ
1491 1866 1610 1919 κατ’

1724 1869 1855 1920 enim
1911 1882 2050 1919 novo
2109 1866 2313 1919 homini
2374 1868 2672 1929 dicuntur,
2734 1868 2825 1936 qui
2883 1877 3179 1921 renovatur
3236 1865 3293 1919 in

92 1952 227 2004 εἱιιόνα
244 1950 525 2010 κτίσαντος
559 1952 749 2006 αὐτόν.
782 1954 857 2005 Οὐ
897 1954 1079 2006 τοίνυν
1104 1957 1131 2007 6
1168 1954 1299 2015 Θεὸς
1339 1956 1611 2023 μεταϐάλ-

91 2045 163 2107 λει,
190 2040 417 2111 καθάπερ
446 2042 717 2111 ἐλέγομεν
742 2058 757 2074 ·
791 2043 909 2096 ἀλλ’
943 2045 1106 2112 ἡμεῖς
1139 2046 1310 2112 ἐσμεν
1348 2042 1401 2093 ol
1447 2062 1614 2114 μετα-

95 2132 338 2195 ϐάλλοντες,
384 2129 533 2182 καθὰ
579 2130 645 2198 δὴ
686 2130 782 2184 καὶ
830 2132 892 2183 τὸ
950 2132 1088 2200 φῶς,
1138 2133 1314 2203 τραχὺ
1361 2133 1461 2203 μὲν
1502 2136 1614 2198 τοῖς

97 2219 311 2274 ἀσθενέσιν
334 2218 659 2289 ὀφθαλμοῖς,
696 2219 840 2274 λεῖον
867 2221 924 2275 δὲ
943 2223 1053 2285 τοῖς
1085 2222 1265 2286 καλῶς
1291 2224 1473 2293 ἔχουσι
1527 2225 1616 2278 διὰ

98 2311 354 2384 τὴνὲαυτῶν
374 2310 667 2369 ἀσθένειαν
698 2315 791 2369 καὶ
819 2315 1139 2386 μεταϐολὴν,
1170 2316 1231 2381 οὐ
1265 2316 1372 2394 μὴν
1400 2317 1488 2372 διὰ
1518 2317 1615 2387 τὴν

104 2407 274 2459 ἑκείνου.

145 2588 224 2641 Τὸν
249 2590 422 2658 ὅμοιον
466 2588 539 2657 δὴ
592 2586 815 2657 τρόπον,
851 2586 979 2639 ὅταν
1015 2586 1110 2638 καὶ
1156 2583 1492 2653 δημιουργὸς
1532 2584 1619 2637 λέ-

100 2698 217 2748 um
242 2685 321 2733 καὶ
347 2682 611 2750 βασιλεὺς
661 2681 756 2731 καὶ
789 2678 1010 2748 Κύριος,
1066 2678 1163 2746 οὐχ
1194 2676 1426 2746 ὕστερον
1470 2676 1621 2746 αὐτῷ

98 2772 356 2840 ἐπεγένοντο
379 2790 392 2802 ·
425 2772 573 2826 ἀλλὰ
614 2772 744 2841 περὶ
773 2771 842 2823 τὰ
868 2773 927 2823 ὲν
960 2771 1137 2840 χρόνῳ
1168 2771 1200 2838 ἡ
1239 2770 1452 2840 κίνησις
1488 2769 1621 2822 Θεω-

102 2863 249 2928 ptius,
276 2862 431 2916 αὐτοῦ
471 2861 660 2923 ἀϊδίως
692 2861 844 2922 ὄντος
870 2860 976 2929 πρὸ
1016 2858 1236 2911 πάντων
1271 2858 1378 2909 τῶν
1404 2856 1620 2910 αἰώνων

100 2954 166 3004 nl
187 2952 502 3024 δημιουργοῦ
551 2954 645 3005 καὶ
688 2949 991 3022 προνοητοῦ
1024 2950 1119 3001 καὶ
1148 2948 1352 3018 Κυρίου
1396 2948 1491 2999 καὶ
1530 2947 1623 3017 βα-

103 3046 261 3107 ειλέως.
288 3046 555 3113 Δέγονται
600 3044 658 3098 δὲ
694 3044 784 3113 ὑφ’
826 3042 988 3113 ἡμῶν
1017 3042 1187 3111 αὐτῷ,
1222 3042 1311 3094 ὅτε
1350 3043 1407 3092 ὲν
1446 3040 1621 3109 χρόνῳ

1717 1959 1990 2025 agnitione
2026 1957 2117 2011 Dei
2156 1960 2455 2010 secundum
2494 1959 2850 2012 imitationem
2882 1958 3023 2025 ejus,
3049 1957 3139 2025 qui
3171 1972 3295 2011 eum

1716 2049 1782 2101 ad
1837 2050 2127 2117 imaginem
2160 2050 2388 2103 ereavit.
2427 2049 2542 2102 Non
2596 2051 2779 2118 itaque
2832 2050 2977 2103 Deus
3027 2058 3295 2111 mutatur,

1716 2142 2167 2210 quemadmodmn
2223 2140 2576 2203 dicebamus;
2625 2142 2720 2194 sed
2773 2155 2871 2194 nos
2921 2155 3112 2194 sumus
3158 2153 3297 2207 quos

1718 2235 1946 2287 mutatio
1993 2233 2249 2302 attingit;
2316 2232 2392 2286 uti
2446 2234 2613 2288 etiam
2680 2232 2862 2286 lumen
2912 2231 3071 2302 :egris
3127 2231 3302 2284 oculis

1716 2343 1878 2397 grave
1904 2334 1987 2380 est
2021 2341 2084 2380 ac
2121 2326 2437 2389 moleStum,
2482 2327 2631 2381 sanis
2662 2340 2791 2380 vero
2833 2335 2995 2395 atque
3030 2324 3295 2385 robustis,

1720 2420 1844 2473 lene
1875 2433 1940 2472 ac
1977 2433 2163 2481 suave,
2196 2432 2300 2471 non
2338 2432 2435 2485 pro
2481 2434 2601 2483 sua,
2635 2420 2728 2474 sed
2764 2432 2861 2489 pro
2904 2432 3092 2473 eorum
3133 2415 3304 2471 imbe-

1720 2512 1941 2565 cillitate
1962 2525 2025 2564 ac
2058 2511 2378 2564 mutatione.

1791 2600 1966 2655 Simili
2002 2616 2215 2670 quoque
2262 2601 2493 2664 ratione,
2536 2615 2656 2654 cum
2708 2607 2760 2653 et
2792 2600 3021 2654 Creator
3061 2599 3284 2669 chqne

1721 2708 1784 2746 ac
1818 2692 2078 2747 Dominus
2108 2692 2340 2759 dicatur,
2375 2708 2482 2746 non
2514 2693 2627 2747 haec
2657 2692 2733 2745 illi
2764 2701 2951 2761 postea
2980 2691 3302 2756 adnoiunt;

1722 2784 1815 2839 sed
1849 2794 2027 2837 metus
2068 2782 2134 2835 iis
2160 2782 2213 2836 in
2257 2784 2419 2838 rebus
2449 2783 2793 2852 intelligitur,
2816 2798 2938 2853 quae
2962 2798 3026 2838 ex
3055 2794 3304 2853 tempore

1722 2883 1868 2939 sunt,
1900 2891 2021 2928 cum
2057 2874 2170 2942 ipse
2204 2873 2272 2928 ab
2304 2885 2508 2929 mterno
2560 2884 2684 2929 ante
2734 2876 2918 2930 omnia
2972 2875 3167 2929 saecula
3196 2915 3211 2940 ,
3249 2884 3308 2929 et

1720 2965 1948 3020 Creator
1983 2977 2036 3017 et
2070 2966 2327 3020 Provisor
2355 2976 2411 3020 et
2445 2966 2707 3023 Dominus
2730 2975 2895 3034 atque
2921 2968 3029 3021 Rex
3063 2970 3151 3021 sit.
3180 2966 3309 3020 Haec

1726 3073 1849 3112 vero
1885 3059 1960 3111 illi
1996 3074 2024 3111 ει
2059 3058 2212 3111 nobis
2241 3058 2578 3121 tribuuntur,
2606 3070 2958 3129 posteaquam
2989 3059 3040 3112 in
3068 3070 3311 3128 tempore

101 3137 411 3207 ἑχτίςθημιν·
464 3138 589 3190 ἐπεὶ
636 3136 732 3188 καὶ
788 3135 924 3205 πρὸς
991 3135 1137 3203 ἡμᾶς
1162 3132 1335 3185 ταῦτα
1382 3131 1615 3198 λέγεται.

1724 3148 1924 3202 conditi
1959 3164 2177 3213 sunms;
2217 3149 2360 3213 quod
2402 3159 2456 3203 et
2494 3149 2580 3202 illa
2611 3150 2678 3202 ad
2710 3164 2807 3204 nos
2849 3150 3125 3204 dicantur.
3174 3150 3306 3201 Ειιι-

112 3230 156 3282 ’11
176 3231 264 3301 γὰρ
289 3232 461 3294 κτίσις
491 3230 670 3301 προῆν
701 3229 797 3298 μὲν
828 3230 884 3279 ὲν
907 3226 983 3297 τῷ
1015 3226 1355 3297 δημιουργῷ,
1382 3224 1496 3278 ἀλλ’
1523 3225 1621 3295 οὐχ

102 3322 152 3382 tit;
173 3324 321 3386 κτίσις
372 3326 473 3377 καὶ
534 3324 775 3393 ποίησις,
822 3320 937 3374 ἀλλ’
981 3321 1057 3383 ὡς
1099 3320 1256 3388 λόγος
1303 3322 1397 3372 καὶ
1435 3318 1620 3388 παράη

104 3415 272 3482 isque.
299 3416 465 3469 Ὥστε
523 3413 860 3484 δημιουργὸς
902 3409 972 3483 ἦν
1010 3414 1038 3464 6
1085 3412 1219 3475 Θεὸς
1266 3412 1371 3482 πρὸ
1406 3412 1623 3465 πάντων

103 3507 181 3557 τῶν
207 3508 393 3561 αἰώνων
451 3507 699 3576 ἀσχέτως
751 3505 846 3558 καὶ
896 3505 1203 3571 ἀπολύτως·
1249 3506 1282 3573 ἡ
1323 3504 1379 3556 δὲ
1412 3506 1620 3571 σχέσις,

103 3599 151 3665 ῆν
174 3601 283 3671 πρὸ,
314 3604 378 3654 τὰ
406 3600 890 3673 δημιουργηθέντα
924 3599 1060 3668 ἔχει,
1092 3597 1229 3666 πρὸς
1278 3597 1407 3665 ὅρον
1440 3596 1626 3665 ἐγχρο-

105 3708 171 3742 νον
188 3690 454 3763 λεγομένη,
495 3692 563 3744 δι’
608 3692 750 3745 αὐτὰ
784 3691 880 3745 καὶ
911 3692 1025 3743 ἔστι
1061 3691 1153 3744 καὶ
1202 3689 1441 3757 λέγεται.
1478 3689 1539 3741 Εἰ
1569 3687 1625 3741 δέ

105 3796 163 3841 τις
187 3784 364 3854 ταύτην
419 3785 613 3847 ἀϊδίως
662 3785 719 3837 ἐν
750 3782 829 3851 τῷ
878 3782 997 3852 Θεῷ
1029 3781 1245 3851 θεωρεῖ,
1273 3779 1625 3849 ἀναγκασθή-

106 3887 223 3924 σεται
254 3875 341 3928 καὶ
365 3875 435 3929 τὰ
460 3874 929 3946 δημιουργήματα
956 3872 1033 3943 τῷ
1066 3872 1187 3942 Θεῷ
1220 3872 1402 3939 λέγειν
1436 3871 1624 3923 συνατ-

103 3962 184 4018 δισ.
215 3966 413 4031 Τέλειος
438 3963 533 4021 οὖν
584 3968 612 4020 6
649 3966 783 4030 Θεὸς
830 3966 1096 4036 ὑπάρχων
1128 3966 1223 4018 καὶ
1251 3962 1437 4026 metu;
1468 3962 1625 4015 δυνά·

106 4072 229 4120 μενος
274 4061 364 4112 καὶ
422 4058 634 4122 κτίζειν
690 4059 787 4112 καὶ
850 4056 1220 4129 προνοεῖσθαι,
1250 4054 1477 4123 ὕστερον
1532 4054 1627 4109 καὶ

105 4145 382 4219 δημιουργὸς
410 4150 544 4221 παρ’
589 4149 745 4220 ἡμῶν
790 4149 888 4202 καὶ
940 4146 1247 4216 προνοητὴς
1272 4142 1501 4213 ἐκλήθη.
1534 4144 1630 4213 δη-

109 4236 504 4307 μιουργηθέντων
535 4238 645 4291 τῶν
672 4236 861 4301 ὄντων,
891 4237 1013 4289 ἐπεὶ
1044 4236 1076 4305 ή
1109 4235 1291 4303 σχέσις
1322 4232 1465 4301 αὕτη
1491 4232 1629 4302 προς

108 4322 215 4377 αὐτὰ
259 4328 583 4382 ἀποδίδοται.
641 4328 762 4380 Τῶν
812 4328 919 4395 γὰρ
964 4323 1479 4395 δημιουργηθέντων
1530 4323 1631 4375 οὐκ

108 4414 259 4481 ὅντων,
283 4419 432 4486 δῆλον
476 4422 553 4483 ὡς
584 4420 705 4472 οὐδὲ
750 4419 1087 4488 δημιουργία
1120 4418 1184 4470 ἂν
1222 4417 1462 4484 ἐλέγετο,
1504 4414 1629 4468 οὔτε

1726 3242 1833 3293 ιιίιιι
1874 3252 2106 3308 prreerat
2158 3241 2376 3309 quidem
2414 3251 2665 3295 creatura
2716 3241 2769 3294 in
2820 3256 2998 3295 rerum
3037 3251 3261 3295 auctore
3289 3281 3304 3303 ,

1725 3330 1816 3384 sed
1852 3348 1951 3384 nou
1988 3340 2045 3383 ut
2094 3341 2341 3383 creatura
2374 3343 2540 3399 atque
2581 3330 2747 3384 factio
2782 3345 2875 3385 seu
2919 3345 3079 3399 opus,
3114 3337 3207 3385 sed
3250 3341 3308 3383 nt

1728 3422 1862 3474 ratio
1892 3437 1955 3475 ac
1990 3421 2289 3488 exetnplar.
2319 3421 2529 3476 Idcirco
2578 3430 2700 3474 erat
2750 3421 2889 3474 Deus
2941 3429 3067 3474 ante
3111 3422 3302 3473 omnia

1724 3511 1921 3565 saecula
1958 3526 2135 3565 rerum
2163 3511 2343 3579 apilex
2370 3526 2433 3565 ac
2465 3511 2907 3571 ronditor,-nulla
2950 3520 3130 3564 tamen
3165 3511 3305 3565 rela-

1728 3603 1875 3658 tione
1906 3619 1969 3657 ac
1995 3603 2240 3658 abSolute
2269 3619 2283 3656 :
2320 3619 2479 3672 quam
2524 3618 2651 3655 vero
2683 3602 2747 3653 ad
2781 3612 2961 3655 creata
2989 3601 3309 3655 relationem

1727 3694 1930 3758 habet,
1971 3710 2092 3750 cum
2147 3695 2211 3749 ad
2254 3695 2545 3747 terminum
2606 3678 3017 3759 temporaneum
3067 3694 3309 3754 dicatur,

1727 3797 1946 3856 prepter
1980 3787 2065 3839 illa
2096 3797 2180 3840 est
2213 3800 2274 3840 ac
2308 3788 2669 3851 nuncupatur.
2698 3782 2793 3837 Sin
2830 3793 3010 3837 autem
3044 3784 3165 3853 quis
3193 3800 3312 3838 eam

1729 3879 1780 3931 in
1814 3878 1921 3933 Deo
1952 3878 2019 3931 ab
2037 3887 2243 3931 aeterno
2279 3876 2572 3944 putaverit,
2601 3875 2909 3929 necessario
2935 3875 3097 3928 etiam
3130 3885 3313 3929 errata

1734 3971 1838 4024 Deo
1871 3979 2139 4023 coaeterna
2177 3969 2346 4023 dabit.
2383 3966 2525 4022 Deus
2554 3972 2736 4037 itaque
2762 3983 2886 4020 cum
2918 3966 3193 4034 perfectus
3218 3968 3313 4027 sit,

1732 4073 1785 4117 et
1822 4062 1889 4116 ab
1918 4069 2120 4117 :eterno
2150 4061 2417 4115 condendi
2467 4062 2667 4126 pariter
2713 4074 2775 4113 ac
2806 4059 3125 4129 providendi
3161 4070 3317 4127 pote-

1731 4162 1870 4208 state
1914 4151 2100 4211 fultus,
2143 4162 2327 4220 postea
2375 4151 2538 4204 etiam
2576 4150 2823 4204 conditor
2854 4158 3016 4217 atque
3046 4150 3318 4218 proviser,

1732 4244 1897 4299 rebus
1932 4242 2167 4298 conditis
2193 4258 2220 4295 a
2254 4243 2407 4295 nobis
2442 4240 2746 4311 appellatus
2787 4249 2892 4303 est,
2930 4239 3077 4308 quod
3123 4241 3318 4293 relatio

1735 4336 1848 4390 lizec
1875 4334 1940 4387 ad
1974 4349 2068 4389 eas
2117 4336 2367 4388 attineat.
2403 4314 2538 4387 Cum
2576 4332 2718 4386 enim
2757 4338 2939 4384 creata
2974 4344 3077 4383 non
3113 4341 3317 4395 essent,

1734 4428 1901 4495 liquet
1929 4431 2065 4495 quod
2106 4441 2205 4479 nec
2238 4441 2425 4479 eorum
2457 4424 2662 4478 creatio
2700 4422 3002 4485 dicebatur,
3040 4436 3141 4475 nec
3180 4437 3315 4475 cou-

112 4506 193 4576 μὴν
217 4510 758 4581 συντήρησιςάὐτῶν.
797 4511 906 4564 Καὶ
946 4510 1055 4580 γάρ
1087 4526 1253 4578 φησιν
1291 4511 1318 4561 6
1348 4509 1457 4561 τῶν
1479 4507 1618 4577 Γρα-

1730 4520 1987 4574 servatio.
2016 4518 2101 4571 Ait
2135 4519 2278 4573 enim
2314 4519 2398 4570 cui
2435 4532 2557 4571 eum
2588 4516 2755 4569 fratre
2778 4515 3074 4584 inscriptus
3112 4514 3314 4568 lambis

113 4596 227 4648 τετῶν
254 4598 516 4670 Θεόδωρος
551 4600 689 4671 (18),
723 4602 914 4655 Τίνων
958 4604 1070 4669 γὰρ
1108 4600 1203 4667 εἴη
1241 4600 1511 4669 πρόνοια,
1544 4599 1630 4667 μὴ

114 4686 250 4755 ὄντος
284 4693 382 4748 τοῦ
421 4692 801 4762 σωζομένου;
862 4693 986 4748 Τῶν
1040 4690 1147 4763 γὰρ
1193 4692 1262 4745 ἐν
1309 4692 1546 4755 ἑκάστῳ
1593 4692 1630 4759 ἠ

115 4782 334 4847 πρόνοια.
376 4786 431 4841 ’0
456 4786 515 4839 δὲ
548 4786 693 4848 θεῖος
731 4786 1031 4856 Γρηγόριος
1060 4785 1087 4836 6
1123 4783 1367 4854 Νύσσης,
1400 4783 1631 4850 Ὥσπερ

116 4866 203 4924 οὖν
225 4874 322 4928 σῡιι
349 4874 419 4928 ἂν
450 4877 653 4943 ἱατρός
676 4872 775 4947 ἦν,
807 4877 993 4945 φησὶν,
1024 4876 1075 4929 εὶ
1110 4874 1196 4944 μὴ
1238 4872 1355 4927 τῶν
1375 4874 1634 4928 νοσούν-

120 4979 207 5017 των
233 4968 421 5038 χάρινσ
464 4970 595 5024 οὐδ’
622 4971 700 5023 ἂν
743 4968 1015 5037 ἐλεήμων
1047 4966 1146 5021 καὶ
1183 4968 1501 5035 οἰκτίρμων
1532 4965 1632 5019 καὶ

120 5058 388 5119 τὰτοιαῦτα
418 5060 863 5132 κατωνομάζετο
885 5063 934 5114 ει
956 5058 1044 5129 μὴ
1063 5048 1171 5113 ’διὰ
1202 5059 1308 5113 τὸν
1332 5057 1636 5126 οἰκτιρμοῦ

123 5163 167 5201 τι
192 5153 273 5207 καὶ
301 5156 504 5224 ἐλέους
540 5156 831 5223 δεόμενον
857 5170 873 5186 ο
906 5152 1098 5219 οὕτως
1131 5150 1273 5205 οὐδὲ
1301 5148 1638 5217 παντοκρά-

122 5250 289 5309 τωρ.εὶ
320 5250 396 5319 μὴ
442 5247 613 5306 πᾶσα
652 5248 690 5315 ἠ
728 5246 925 5313 κτίσις
983 5244 1092 5300 τοῦ
1129 5242 1637 5313 περικρατοῦντος

126 5334 275 5403 αὐτὴν
297 5340 506 5397 ἐδέετο.
540 5340 649 5394 Καὶ
695 5340 725 5390 6
762 5327 1125 5409 Δαμασκηνός
1158 5336 1269 5409 (19)
1300 5354 1453 5407 φησι,
1482 5337 1636 5405 Πρό-

185 5523 219 5552 “
244 5525 357 5583 Luc.
384 5544 463 5595 γι,
525 5530 618 5588 56.
700 5532 745 5562 ⁸³
785 5527 991 5600 Ephcs.
1025 5545 1078 5594 ν,
1117 5529 1169 5583 1.

190 5725 277 5790 (17)
300 5727 363 5783 De
391 5732 551 5784 divin.
588 5746 728 5783 nam.
754 5744 805 5783 c.
833 5727 885 5785 9.
924 5745 979 5797 p.
1013 5727 1104 5782 151
1139 5726 1375 5781 Lanselii
1398 5724 1531 5783 edit.

194 5799 280 5861 ιιιιι
312 5799 569 5857 Theodori
645 5800 829 5872 ϐιομί
901 5799 1074 5853 Vitam
1130 5799 1639 5867 repraesentavimus

1739 4616 1938 4675 vultus,
1958 4611 2277 4666 Theodorus
2303 4628 2317 4664 :
2353 4608 2586 4675 Quorum
2613 4610 2751 4662 enim
2781 4609 2941 4678 fuerit
2968 4609 3323 4676 providentia,

1739 4722 1855 4758 cum
1885 4720 2033 4756 nemo
2067 4703 2134 4755 sit
2176 4702 2265 4771 qui
2294 4716 2385 4769 per
2413 4687 2527 4756 eam
2565 4700 2743 4754 salvus
2777 4716 2841 4753 ac
2868 4700 3151 4753 incolumis
3180 4716 3324 4769 pra:-

1741 4796 1948 4849 stetur?
1985 4790 2327 4846 Providentia
2362 4792 2497 4844 enim
2528 4807 2706 4843 eorum
2734 4798 2834 4852 est,
2867 4806 2984 4859 qua:
3017 4791 3073 4843 in
3102 4790 3326 4857 singulis

1739 4895 2010 4955 geruntur.
2033 4884 2137 4937 Sed
2167 4894 2219 4935 et
2250 4884 2468 4935 divinus
2495 4881 2790 4952 Gregorius
2814 4881 3109 4951 Nyssenus,
3134 4881 3328 4946 Quan-

1742 4977 2050 5040 admodum,
2104 4976 2299 5043 inquit,
2356 4976 2498 5026 haud
2555 4975 2736 5042 utique
2786 4974 2889 5027 nisi
2944 4974 3321 5043 wgrotantium

1737 5081 1898 5120 causa
1930 5074 2060 5118 esset
2094 5064 2347 5129 medicus,
2416 5078 2505 5115 nec
2536 5063 2841 5116 misericors
2876 5072 3032 5132 atque
3058 5064 3324 5116 humanus

1737 5175 1799 5212 ac
1827 5156 2090 5226 ejusmodi
2125 5156 2503 5217 nominaretur,
2538 5155 2639 5207 nisi
2664 5157 2767 5208 cui
2804 5154 2898 5209 illa
2934 5171 3062 5223 opus
3098 5163 3266 5209 essent
3300 5170 3319 5207 :

1738 5252 1815 5303 ita
1849 5264 2011 5319 neque
2041 5248 2277 5302 omnium
2307 5259 2641 5301 conservator
2671 5264 2733 5302 ac
2768 5258 2958 5302 cuncta
2982 5258 3181 5309 tenens,
3211 5247 3315 5299 nisi

1742 5340 1911 5395 omnis
1952 5349 2218 5405 creatura,
2254 5338 2421 5405 ipsam
2452 5342 2747 5394 continente
2778 5356 2839 5394 ac
2870 5346 3211 5394 coaservante
3241 5338 3323 5390 in-

1246 5529 1292 5561 "
1323 5526 1485 5583 Rom.
1519 5542 1615 5592 ιιι,
1645 5526 1713 5592 2;
1762 5524 2091 5590 Coloss.nt,
2160 5524 2244 5581 10.

1754 5728 1808 5781 in
1847 5736 1993 5779 tomo
2027 5721 2215 5779 CXVI.
2256 5706 2403 5777 Eutr.

1825 5798 1937 5864 (l9)
1967 5794 2115 5849 Libr.
2162 5810 2219 5859 ιι,
2246 5808 2293 5849 c.
2328 5794 2416 5850 50.
