3814 6528
454 322 568 386 (55

1725 318 2123 378 MANUEIJS
2165 319 2465 379 (ἷΑΗίΟεἘ

3605 318 3699 382 456

453 434 715 506 temporis
748 441 1055 503 expertem,
1080 440 1174 486 aut
1208 431 1533 487 invisibilem
1561 443 1650 485 aut
1676 433 2032 501 ineorruptibi

2158 434 2254 503 οὐχ
2286 436 2367 487 ὅτι
2398 435 2472 503 μὴ
2504 434 2560 485 ὄν
2592 435 2761 496 ἐστιν,
2792 431 2864 492 ὡς
2921 430 2977 484 τὸ
3016 429 3239 503 μηδαμῆ
3303 430 3563 501 μηδαμῶς
3611 432 3662 483 ὃν
3686 444 3698 459 '

454 530 558 585 lem
596 530 846 592 dicimus,
900 530 1002 583 hoc
1073 526 1469 597 signiﬁcamus,
1517 542 1679 598 supra
1742 530 2035 584 essentiam

453 621 881 691 principiumque
928 628 983 675 et
1030 627 1246 688 tempus
1294 633 1619 688 omnemque
1655 629 1937 689 aspectum
1973 633 2037 674 ac

452 710 860 778 corruptionem
896 722 1053 772 esse;
1090 723 1194 762 non
1223 709 1363 777 quod
1398 722 1501 763 non
1534 708 1608 762 sit
1652 722 1717 762 ac
1766 708 2033 775 exsistat,

452 802 596 857 velut
623 801 676 856 id
710 801 852 871 quod
886 816 1152 871 nusquam
1186 816 1409 870 prorsus
1445 810 1529 855 est
1555 810 1650 855 aut
1677 801 1911 867 exsistit;
1941 801 2034 856 sed

448 893 593 965 quod
623 893 920 949 secundum
956 888 1333 971 excellentiam
1366 901 1517 949 extra
1553 908 1641 949 res
1670 908 1863 948 omnes
1920 905 2031 961 est,

450 1001 553 1042 nec
582 987 687 1041 ulla
718 994 801 1042 est
834 1002 1033 1049 rerum,
1060 987 1154 1042 sed
1189 987 1403 1041 cunctis
1430 985 1652 1042 eminet.
1690 986 1866 1041 Simili
1897 1001 2034 1056 quo-

2143 529 2257 582 an”
2286 531 2368 583 ὅτι
2426 529 2645 583 πάντων
2676 522 2785 582 τῶν
2829 529 2997 581 ὄντων
3052 526 3397 597 ὑπεροχικῶς
3438 524 3703 597 ἐξῄρηται,

2146 619 2240 671 καὶ
2266 618 2421 672 οὐδὲν
2450 618 2560 671 τῶν
2590 620 2760 672 ὄντων
2812 618 2986 682 ἐστὶν,
3031 615 3150 669 ἀλλ’
3212 614 3356 687 ὑπὲρ
3396 614 3468 667 τὰ
3523 616 3703 670 πάντα.

2152 708 2425 773 Ὡσαύτως
2450 710 2544 764 καὶ
2574 709 2840 781 ὑπέρθεον
2862 707 3136 777 λέγοντες,
3168 706 3309 777 ὑπὲρ
3346 705 3565 769 πάντας
3589 709 3704 769 τοὺς

2146 801 2284 854 κατὰ
2314 800 2473 871 χάριν
2506 800 2662 865 θεοὺς
2695 800 2966 871 δηλοῦμεν
2992 799 3154 854 αὑτὸν
3205 793 3346 851 εἷναι
3379 799 3476 851 καὶ
3527 796 3703 867 him.

2136 907 2249 952 τον,
2287 891 2368 946 ὅτι
2402 890 2502 944 οὐκ
2531 892 2648 944 ἔστι
2689 892 2909 960 κινητδς
2940 890 3033 944 ὑπ’
3059 888 3261 955 ἄλλου,
3322 887 3602 958 κινητικὸς
3655 892 3705 943 δὲ

2138 982 2341 1050 μᾶλλον
2384 983 2709 1039 ,ἁπάντωνο
2779 981 2881 1035 καὶ
2948 982 3266 1051 ἀσώματον,
3317 980 3402 1034 ὅτι
3454 979 3554 1033 οὐκ
3605 981 3704 1034 ἔστι

453 1093 560 1149 que
616 1081 851 1144 ratione,
900 1093 1063 1152 supra
1119 1094 1279 1147 quam
1318 1079 1480 1133 Deum
1516 1079 1641 1132 dum
1677 1078 1930 1144 dicimus,
1967 1079 2032 1135 iis

2139 1074 2317 1143 σῶμα·
2346 1078 2439 1128 καὶ
2478 1074 2743 1144 ἀγένητον
2760 1073 2900 1143 (‘25),
2918 1073 2946 1126 ὃ
2964 1073 3125 1143 δηλοῖ
3149 1072 3209 1125 τὸ
3243 1073 3504 1127 ἅκτιστον
3518 1071 3585 1123 δι’
3605 1072 3704 1134 ἑνὸς

449 1170 704 1224 omnibus
731 1171 820 1240 qui
860 1185 957 1240 per
990 1170 1219 1240 gratiam
1250 1169 1321 1222 dii
1359 1178 1506 1235 sunt,
1536 1184 1658 1223 eum
1692 1172 2027 1238 superiorem

2139 1169 2479 1237 γραφόμενον
2513 1184 2528 1198 ·
2587 1168 2648 1221 τὸ
2702 1166 2963 1236 γεννηθὲν
3016 1166 3072 1219 δὲ
3107 1169 3169 1219 ἐκ
3200 1165 3419 1234 Πατρὸς
3467 1164 3557 1216 διὰ
3604 1163 3702 1227 δύο,

450 1259 845 1327 signiﬁcamus.
870 1260 1208 1316 [inmobilem
1240 1275 1472 1330 quoque,
1507 1261 1646 1330 quod
1680 1276 1709 1314 a
1743 1261 1890 1317 nullo
1916 1277 2032 1316 mo-

2139 1263 2220 1314 ὅτι
2250 1261 2345 1330 οὐχ
2375 1260 2481 1314 ὑπὸ
2510 1278 2653 1324 τινος
2674 1261 2774 1332 τὴν
2802 1262 3019 1329 γένεσιν
3054 1260 3231 1313 καὶτὸ
3305 1253 3449 1312 εἶναι
3481 1257 3703 1327 εἰλήφειο

450 1349 577 1405 bilis
615 1353 708 1411 sit.
743 1351 835 1406 sed
877 1351 1054 1421 potius
1082 1365 1145 1406 ea
1171 1350 1284 1420 ipse
1315 1352 1364 1406 vi
1393 1351 1619 1420 polleat,
1649 1366 1753 1421 qua
1789 1354 2031 1408 omnium

2144 1352 2237 1405 καὶ
2261 1352 2489 1423 ἄπειρον
2533 1352 2612 1418 δὲ,
2649 1353 2729 1405 ὅτι
2751 1352 2851 1406 οὐκ
2882 1350 2995 1423 ἔχει
3017 1352 3211 1422 πέρας,
3244 1350 3354 1405 οὐδ’
3406 1348 3705 1419 ἀνθρωπίνῃ

451 1448 630 1495 ιιιοιοι·
653 1441 900 1496 cxsiStat.
925 1434 1311 1510 Incorporeum
1344 1440 1496 1506 item,
1524 1441 1666 1507 quod
1693 1455 1892 1511 corpus
1927 1459 2032 1497 non

2139 1443 2351 1515 διανοὲᾳ
2390 1444 2880 1515 περιλαμϐάνεται.
3184 1436 3192 1443 ’

450 1531 710 1597 exsistat;
739 1547 836 1588 nec
871 1547 972 1586 non
1002 1532 1296 1602 ingenitum
1328 1534 1536 1603 (Grmce
1557 1532 1841 1603 ἀγένητον,
1869 1536 2012 1603 quod
2048 1535 2346 1590 incrcatum
2379 1537 2675 1611 si’gnilicat,
2738 1539 2863 1592 dum
2934 1550 3042 1591 uno
3076 1552 3105 1590 ν
3137 1536 3417 1600 scribitur,
3483 1532 3702 1604 genitum

452 1635 582 1675 vero
612 1638 677 1677 ex
705 1620 887 1689 Patre,
921 1624 1046 1675 dum
1074 1623 1321 1693 duplici),
1338 1624 1502 1692 squod
1546 1639 1575 1676 a
1603 1623 1749 1677 nullo
1781 1623 2172 1693 procreationis
2199 1637 2402 1691 ortum,
2430 1637 2485 1685 et
2516 1638 2576 1681 ut
2640 1637 2809 1694 esset,
2872 1628 3162 1698 acceperit.
3225 1628 3504 1682 Inﬁnitum
3573 1643 3700 1687 vero.

450 1714 596 1784 quod
644 1715 846 1770 nullum
891 1716 1087 1772 habeat
1129 1718 1469 1785 terminum,
1512 1731 1614 1773 nec
1658 1718 1897 1774 humano
1931 1719 2037 1774 ullo
2067 1720 2304 1790 cogitatu
2335 1721 2855 1794 comprehendatur.

525 1874 799 1931 Hactenus
833 1882 1010 1929 autem
1044 1889 1109 1928 ex
1145 1875 1214 1929 iis
1259 1889 1377 1945 qua:
1424 1873 1687 1931 afﬁrmate
1739 1877 1994 1933 dicuntur
2019 1919 2032 1943 ,

2214 1881 2367 1945 Τέως
2428 1882 2493 1935 ἐκ
2528 1880 2638 1936 τῶν
2689 1881 3079 1950 καταφατικῶν
3127 1880 3589 1951 πρεπωδέστερον
3622 1881 3700 1932 τὸν

449 1967 864 2025 convenientius
914 1967 987 2022 sit
1053 1967 1217 2022 Deum
1277 1968 1572 2023 nominari.
1632 1970 2032 2026 Allirmationes

2139 1972 2272 2026 Θεὸν
2305 1974 2610 2044 ὀνομάζειν.
2640 1976 2704 2032 Δὶ
2728 1976 2833 2045 γὰρ
2867 1975 3206 2044 καταφάσεις
3233 1972 3473 2045 ὓπαρξιν
3519 1975 3607 2025 καὶ
3649 1973 3698 2025 ὃν

450 2057 597 2111 enim
655 2056 1035 2111 exsistentiam
1068 2067 1123 2113 et
1172 2060 1316 2128 quod
1368 2069 1452 2114 est
1494 2060 1801 2132 signiﬁcant
1830 2083 1843 2115 :
1875 2078 2032 2132 nega-

2139 2064 2432 2134 δηλοῦσινο
2479 2069 2534 2119 αἱ
2563 2066 2608 2121 δ’
2667 2069 2972 2138 ἀποφάσεις
3035 2069 3296 2137 στέρησιν
3352 2067 3449 2119 καὶ
3520 2067 3592 2135 μὴ
3629 2066 3694 2119 ὄν.

453 2147 630 2204 tiones
668 2163 818 2216 vero,
855 2148 1216 2218 privationem
1244 2152 1491 2221 entisque
1516 2153 1835 2208 absentiam.
1866 2154 2036 2210 Porro

454 2240 685 2297 nobilius
716 2242 1019 2312 Meliusque
1050 2242 1194 2314 quod
1229 2259 1323 2298 ens
1351 2254 1461 2310 est,
1491 2259 1556 2300 eo
1583 2246 1724 2314 quod
1769 2263 1873 2301 non
1905 2262 2032 2315 eus;

449 2333 883 2405 exsistentiaque
905 2333 1072 2389 nihilo
1095 2337 1157 2389 ac
1186 2335 1506 2403 privatione.
1534 2336 1668 2391 Nam
1693 2349 1745 2391 ct
1769 2340 2037 2393 cxsisten-

456 2421 526 2477 tia
561 2432 723 2494 atque
756 2439 855 2481 ens
889 2426 958 2482 ad
989 2425 1189 2482 bonum
1251 2436 1492 2496 spectant
1520 2445 1534 2494 ;
1571 2444 1674 2485 non
1707 2445 1802 2487 eus
1833 2447 1960 2486 vero
1984 2441 2037 2486 et

453 2515 713 2583 privatio,
760 2515 827 2572 ad
861 2516 1088 2574 malum.
1121 2517 1328 2573 Bonum
1362 2518 1505 2573 enim
1536 2534 1632 2574 ens
1662 2532 1763 2583 est,
1787 2522 2035 2591 entisque

454 2616 648 2662 auctor
677 2615 732 2663 et
766 2607 1098 2664 exsistenttze
1132 2625 1147 2664 :
1184 2610 1382 2666 malum
1416 2620 1594 2666 autem
1639 2626 1744 2667 non
1788 2628 1907 2680 ens,
1944 2614 2035 2670 be.

454 2699 616 2771 nique
643 2710 700 2756 et
721 2700 864 2757 entis
893 2700 1147 2771 privatio.

523 2860 603 2916 Ae
630 2876 842 2924 rursus,
867 2878 934 2918 ex
963 2864 1031 2920 iis
1053 2878 1177 2934 qua:
1206 2864 1469 2921 atiirmate
1514 2867 1791 2937 dicuntur,
1830 2882 2031 2924 conve-

453 2952 692 3009 nientius
731 2969 761 3009 a
801 2955 1157 3014 nobilioribus
1191 2974 1255 3014 ac
1286 2959 1353 3015 iis
1403 2976 1526 3031 quae
1553 2962 1619 3015 ad
1653 2962 1830 3032 ipsum
1864 2964 2032 3034 magis

452 3042 738 3110 accedant,
794 3046 1188 3101 nominabitur.
1224 3047 1394 3104 Porro
1425 3051 1695 3107 nobiliora
1749 3051 1839 3105 illa
1886 3052 2029 3106 exsi-

454 3138 628 3196 stunt,
654 3140 777 3202 que
812 3135 987 3204 magis
1012 3136 1185 3205 ipsum
1218 3140 1574 3210 participant.
1612 3140 1838 3198 Praestat
1867 3145 2032 3215 igitur

454 3225 525 3279 ab
558 3224 642 3280 his
663 3238 787 3279 eum
831 3227 1139 3292 nominare,
1178 3230 1370 3297 Solem,
1405 3233 1606 3300 lucem,
1652 3236 1814 3300 diem,
1841 3237 2029 3299 vitam,

454 3315 656 3386 ignem,
684 3319 961 3387 spiritum,
996 3335 1223 3391 aquam,
1254 3330 1313 3376 ut
1340 3325 1431 3392 qui
1467 3325 1666 3379 bonum
1703 3328 1863 3383 vitale
1894 3331 2036 3384 crisi-

2139 2157 2479 2229 Τιμιώτερον
2504 2159 2562 2213 δὲ
2590 2161 2686 2213 καὶ
2711 2159 2921 2226 βέλτιον
2950 2160 3012 2213 τὸ
3042 2159 3103 2213 ὃν
3136 2159 3230 2212 τοῦ
3264 2159 3339 2230 μὴ
3367 2159 3525 2222 ὄντος
3549 2174 3563 2188 ⁸
3618 2160 3699 2211 καὶ

2137 2253 2169 2323 ἡ
2204 2251 2440 2324 ὖπαρξις
2470 2253 2569 2325 τῆς
2591 2253 2932 2324 ἀνυπαρξῐας
2960 2254 3054 2307 καὶ
3087 2254 3418 2323 στερήσεως
3455 2251 3580 2304 ἐπεὶ
3619 2248 3701 2304 καὶ

2136 2347 2170 2416 η
2197 2344 2433 2417 ὕπαρξις
2461 2350 2555 2399 καὶ
2577 2346 2637 2398 τὸ
2674 2345 2735 2398 ὃν
2762 2345 2841 2415 τῷ
2859 2346 3049 2415 ἀγαθῷ
3083 2347 3277 2416 ἀνήκει
3301 2361 3315 2373 °
3360 2344 3422 2397 τὸ
3446 2343 3507 2397 δὲ
3557 2345 3626 2412 μὴ
3646 2343 3693 2394 ὃν

2141 2439 2291 2509 καὶὴ
2324 2438 2580 2508 στέρησις
2629 2438 2710 2509 τῷ
2760 2439 2939 2510 κακῷ.
2993 2437 3066 2492 Τὸ
3099 2439 3209 2508 γὰρ
3257 2436 3466 2504 ἀγαθὸν
3510 2434 3569 2487 ὃν
3616 2435 3695 2487 καὶ

2136 2531 2287 2591 ὄντος
2305 2530 2400 2584 καὶ
2424 2530 2714 2602 ὑπάρξεως
2739 2531 2913 2584 αἴτιον
2944 2547 2958 2563 ·
2991 2529 3053 2584 τὺ
3085 2530 3141 2585 δὲ
3174 2530 3344 2584 κακον
3376 2528 3455 2599 μὴ
3502 2527 3566 2583 ὃν
3615 2527 3693 2582 καὶ

2135 2621 2341 2691 ἀγαθοῦ
2366 2622 2460 2677 καὶ
2483 2622 2637 2688 ὄντος
2661 2623 2935 2695 στέρησις.

2204 2872 2317 2927 Καὶ
2345 2871 2508 2926 πάλιν
2540 2873 2604 2925 ὲκ
2631 2871 2741 2924 τῶν
2768 2869 3160 2939 καταφατικῶν
3210 2871 3323 2932 τοῖς
3364 2868 3690 2939 τιμιωτέρας

2132 2971 2227 3018 καὶ
2259 2965 2656 3035 πλησιάζουσιν
2680 2964 2831 3035 αὐτῷ
2859 2965 3213 3034 οἰκειοτέρως
3239 2963 3687 3033 ὀνομασθήσεται.

2131 3058 2449 3130 Τιμιώτερα
2478 3058 2534 3111 δὲ
2569 3058 2635 3111 τὰ
2662 3058 2863 3128 μᾶλλον
2893 3057 3059 3111 αὐτοῦ
3101 3058 3423 3128 μετέχοντα.
3456 3058 3690 3111 ’Βέλτιον

2131 3148 2224 3205 οὖν
2251 3151 2463 3214 τούτοις
2488 3150 2653 3203 αὑτὸν
2681 3150 2991 3219 ὀνομάζειν,
3051 3149 3224 3221 ἣλιον,
3288 3149 3428 3219 φῶς,
3474 3150 3689 3221 ἡμέραν,

2135 3243 2301 3314 ζωὴν,
2323 3243 2452 3313 πῦρ,
2484 3242 2721 3311 πνεῦμα,
2758 3242 2923 3310 ὕδωρ,
2959 3242 3290 3307 ὡς’ζωτικδν
3322 3243 3531 3311 ἀγαθὸν
3557 3243 3691 3305 ὄντα,

2141 3334 2176 3402 ἢ
2211 3336 2398 3396 σκότος
2426 3335 2518 3387 καὶ
2551 3334 2744 3393 νύκτα,
2779 3335 2875 3386 καὶ
2896 3333 3062 3388 τᾶλλα
3100 3334 3361 3387 τάναντία
3416 3333 3528 3396 τοῖς
3561 3334 3694 3400 εἰρη-

454 3417 587 3470 stat,
610 3424 770 3478 quam
810 3411 1062 3467 tenebras
1093 3426 1159 3466 ac
1184 3422 1441 3483 noctem,
1480 3417 1691 3487 aliaque
1715 3420 1876 3474 dictis
1907 3435 2032 3475 con-

2144 3424 2348 3494 μένοις.
2375 3425 2731 3495 Ὀνομάξεται
2759 3426 2868 3495 γὰρ
2898 3427 2926 3479 ὁ
2954 3425 3088 3489 Θεὸς
3110 3428 3205 3491 καὶ
3228 3424 3325 3489 νὺξ
3373 3425 3470 3478 καὶ
3497 3424 3692 3487 σκότος,

384 3539 396 3551 .
459 3500 650 3555 traria.
676 3499 1003 3556 Nontinatur
1026 3503 1169 3557 enim
1204 3507 1346 3561 Deus
1365 3507 1527 3562 etiam
1561 3526 1665 3565 nox
1696 3527 1759 3565 ac
1784 3513 2037 3579 tenebrae;

453 3607 577 3663 qua:
620 3601 750 3646 sunt
777 3593 994 3660 quidem
1020 3594 1364 3665 atlirntantia,
1397 3608 1452 3653 at
1483 3615 1605 3669 qua:
1635 3601 1739 3655 tim
1769 3605 2041 3661 excellen-

456 3689 527 3742 tis
554 3684 864 3756 negationis
897 3686 1157 3745 habeant.
1211 3687 1376 3744 Deum
1410 3691 1555 3746 enim
1588 3694 1838 3750 tenebras
1872 3713 2036 3753 voca-

457 3795 602 3843 mus,
631 3780 704 3834 ob
739 3778 858 3850 ejus
886 3778 1160 3833 occultam
1188 3780 1540 3853 ignotamque
1566 3790 1892 3857 essentiam;
1927 3805 2037 3847 non

460 3872 606 3938 quod
634 3871 777 3925 Deus
822 3872 1062 3925 teuebra:
1086 3871 1176 3936 sit,
1211 3874 1304 3927 sed
1332 3875 1473 3943 quod
1507 3892 1612 3930 non
1641 3880 1712 3932 sit
1745 3880 1833 3935 lux
1857 3920 1873 3947 ,
1905 3897 2033 3953 qua-

2139 3516 2175 3570 ἃ
2213 3518 2564 3586 καταφατικὰ
2590 3518 2690 3585 μέν
2718 3519 2845 3581 εἰσι,
2878 3517 3109 3587 δύναμιν
3134 3517 3192 3569 δὲ
3225 3516 3555 3587 ὑπεροχτκῆς
3576 3519 3693 3568 ἀπο.

2140 3610 2360 3679 φάσεως
2393 3610 2596 3680 ἔχουσι.
2627 3611 2826 3673 Σκότος
2872 3612 2982 3682 γὰρ
3013 3614 3106 3663 τὸν
3139 3609 3275 3662 Θεὸν
3336 3610 3566 3678 λέγομεν
3620 3610 3693 3660 δή

2139 3701 2201 3754 τὸ
2231 3701 2549 3770 ἀπόκρυφον
2583 3702 2679 3753 καὶ
2705 3701 2985 3762 ἄγνωστον
3016 3701 3114 3770 τῆς
3136 3701 3325 3762 οὐσίας
3389 3698 3586 3753 αὐτοῦ·
3607 3701 3692 3765 οὐχ

2139 3793 2224 3846 ὅτι
2255 3795 2283 3846 ὀ
2304 3793 2437 3856 Θεὸς
2469 3794 2659 3856 σκότος
2690 3792 2859 3855 ἐστὶν,
2887 3791 3002 3845 ἀλλ’
3028 3792 3109 3844 ὅτι
3136 3792 3239 3845 οὐκ
3260 3790 3379 3844 ἐστι
3418 3791 3553 3859 φῶς,
3590 3785 3686 3841 οἷον
3726 3834 3733 3841 .

2138 3884 2196 3937 τὸ
2232 3884 2511 3956 ὁρώμενον
2535 3884 2799 3953 δηλονότι,
2825 3884 2940 3937 ἀλλ’
2969 3885 3113 3955 ὑπὲρ
3159 3883 3307 3939 ἇπαν
3352 3882 3493 3954 φῶς.
3547 3882 3687 3937 Κατὰ

460 3961 567 4042 letn
610 3960 865 4016 nimirum
900 3961 1072 4017 oculis
1103 3978 1459 4035 usurpamus,
1491 3971 1584 4024 sed
1625 3988 1789 4043 supra
1820 3989 2032 4030 omnem

2139 3978 2230 4030 τὸν
2254 3976 2421 4029 αὐτὸν
2451 3976 2734 4046 δὲτρόπον
2763 3977 2860 4030 καὶ
2910 3976 3026 4044 φῶς
3090 3976 3256 4030 πάλιν
3308 3976 3561 4047 λέγομεν,
3612 3978 3686 4028 ὅτι

411 4053 413 4056 ⁴
457 4057 658 4113 lucem.
697 4055 897 4114 Eodem
952 4072 1134 4116 autem
1193 4062 1351 4117 modo
1408 4080 1597 4120 rursus
1643 4068 1805 4123 etiam
1856 4071 2032 4126 lucem

2139 4068 2385 4140 δηλονότι
2410 4069 2509 4121 οὐκ
2545 4068 2659 4122 ἔστι
2688 4068 2903 4135 σκότος,
2938 4064 3050 4123 οἷον
3084 4068 3145 4123 τὸ
3171 4069 3463 4138 νοούμενον
3484 4085 3497 4098 ·
3520 4067 3687 4139 βουλό-

458 4147 718 4212 dicimus,
753 4159 811 4204 ut
842 4167 948 4205 non
988 4169 1115 4209 esse
1146 4154 1401 4210 tenebras
1430 4155 1817 4225 signiﬁcemus,
1850 4160 2032 4229 quales

2141 4176 2294 4229 μενοι
2327 4160 2414 4213 διὰ
2446 4161 2654 4213 τούτων
2687 4161 2870 4213 πᾶσαν
2925 4161 2993 4231 ἧν
3037 4161 3105 4214 ἂν
3163 4160 3258 4213 ἐπὶ
3310 4159 3447 4213 Θεοῦ
3503 4176 3689 4229 φαντα-

454 4250 582 4295 sunt
614 4256 736 4311 quae
785 4244 969 4299 animo
1001 4246 1416 4318 intelliguntur;
1448 4252 1538 4318 qui
1572 4249 1830 4305 nimirum
1871 4253 2032 4309 hocce

2139 4255 2357 4321 σοῶμεν
2393 4253 2693 4322 φαντασίαν
2722 4253 3169 4322 ἀποπέμπεσῢαι,
3228 4253 3303 4316 ὡς
3326 4254 3464 4322 ὑπὲρ
3528 4254 3688 4306 πᾶσαν

459 4335 578 4389 istis
611 4336 962 4403 Studeamus,
992 4348 1051 4392 ut
1081 4340 1347 4410 quidquid
1382 4342 1432 4394 in
1474 4341 1587 4398 Deo
1613 4343 2032 4412 cogitaverimus

2139 4346 2325 4400 οὐσίαν
2365 4348 2460 4400 καὶ
2490 4347 2673 4415 νόησιν
2707 4345 2881 4409 ὄντος.
2919 4345 3183 4409 Πολλάκις
3209 4346 3267 4399 δὲ
3313 4347 3408 4400 καὶ
3430 4345 3488 4410 ἐξ
3530 4346 3689 4415 ἀμφο-

456 4439 788 4497 omnemque
838 4429 906 4482 de
953 4443 1018 4498 eo
1071 4433 1269 4487 mentis
1323 4431 1763 4489 informationem
1798 4435 1865 4491 ab
1918 4435 2032 4505 ipso

2139 4440 2331 4511 τέρων,
2366 4439 2726 4507 καταφάσεως
2762 4436 2858 4492 καὶ
2907 4438 3257 4509 ἀποφάσεως,
3296 4440 3460 4495 αὑτὸν
3507 4437 3685 4507 ὀνομά-

453 4532 851 4597 removeamus,
887 4519 1033 4576 velut
1079 4521 1169 4590 qui
1215 4523 1452 4577 essentia
1488 4524 1636 4577 omni
1682 4538 1745 4579 ac
1791 4525 2030 4595 cogitatu

2136 4532 2324 4603 ζομεν,
2351 4532 2427 4595 ὡς
2476 4531 2606 4584 ὅταν
2638 4529 2909 4598 λέγωμεν,
2965 4530 3035 4584 'H
3081 4535 3451 4602 ὐπερούσιος
3499 4535 3681 4598 οὐσία,

454 4610 705 4679 superior
750 4611 843 4666 sit.
893 4610 1047 4667 Haud
1101 4627 1227 4668 raro
1282 4628 1416 4669 vero
1450 4613 1611 4669 etiam
1664 4630 1730 4670 ex
1785 4617 2032 4687 utrisque

2139 4624 2173 4693 ἠ
2199 4626 2493 4694 ὑπέρθεος
2517 4628 2753 4695 θεότης,
2780 4630 2818 4696 ἡ
2849 4626 3215 4696 ὐπεράρχιος
3271 4628 3430 4698 ἀρχή
3458 4645 3473 4662 ·
3506 4629 3581 4681 ἵνα
3605 4629 3683 4682 διὰ

457 4702 836 4772 (allirntatione
882 4714 938 4759 et
986 4705 1295 4775 negatione)
1342 4706 1517 4774 ipsum
1560 4708 1923 4775 nominamus,
1972 4720 2031 4766 ut

417 4792 423 4800 ’
452 4808 573 4847 cum
599 4795 832 4852 dicimus
860 4813 875 4849 :
905 4795 1372 4867 Superesscntialis
1403 4801 1655 4862 essentia,
1683 4817 1849 4870 supra
1866 4820 2029 4873 quant

459 4885 597 4940 Deus
629 4886 829 4951 Deitas,
886 4890 1203 4959 principium
1240 4891 1501 4961 principio
1550 4894 1694 4948 omni
1743 4899 2025 4965 superius;

454 4987 515 5031 ιιι
545 4977 801 5033 nimirum
856 4994 961 5048 qua
1012 4989 1164 5050 parte
1211 4982 1510 5038 inliciando
1539 4984 1861 5055 'loquituur,
1909 5005 2032 5047 esse

458 5070 627 5126 Deum
656 5086 821 5143 supra
856 5087 921 5127 ea
952 5088 1074 5141 qua:
1114 5085 1264 5140 sunt,
1296 5090 1505 5147 eosque
1545 5080 1639 5147 qui
1669 5080 1737 5134 dii
1773 5096 1866 5150 per
1895 5098 2031 5153 gra-

454 5167 583 5218 tiam
615 5171 906 5231 vocantur,
939 5181 1004 5221 ac
1044 5169 1276 5237 quodvis
1302 5171 1518 5224 tandem
1552 5173 1800 5229 dicamus
1828 5178 2033 5246 ριιιιοίο

451 5256 624 5328 pium,
654 5256 1049 5325 signiﬁcemus;
1080 5274 1188 5330 quo
1218 5262 1432 5317 scilicet
1461 5261 1629 5319 Deum
1658 5267 1741 5322 his
1776 5270 2033 5326 omnibus

453 5349 695 5403 eminere
726 5346 1107 5418 intelligamus,
1145 5367 1242 5406 nec
1282 5355 1478 5408 divinat
1511 5370 1718 5411 natura:
1769 5361 2027 5431 majesta-

458 5450 564 5496 tem
602 5440 669 5494 ad
714 5442 1054 5512 corporalem
1100 5442 1265 5496 ullum
1296 5445 1593 5514 cogitatum
1627 5448 1908 5518 animique
1943 5453 2027 5506 itt-

455 5527 837 5587 formationem
863 5533 1250 5601 detrahamus;
1286 5551 1391 5606 qua
1421 5549 1576 5608 parte
1610 5553 1738 5595 vero
1765 5540 2030 5599 amrmate

2138 4718 2239 4787 μὲν
2263 4718 2360 4771 τοῦ
2391 4718 2591 4789 μέρους
2638 4722 2737 4790 τῆς
2768 4721 3098 4791 ἀποφάσεως
3128 4721 3269 4791 ὑπὲρ
3326 4724 3396 4775 τὰ
3447 4722 3566 4776 ὄντα
3600 4723 3682 4774 le

2134 4810 2261 4871 τοὺς
2292 4810 2434 4865 κατὰ
2459 4812 2619 4883 χάριν
2658 4814 2818 4876 θεοὺς
2858 4814 2954 4866 καὶ
2999 4813 3099 4883 τὴν
3150 4815 3347 4884 ἀρχὴν,
3399 4815 3574 4868 ὁποίαν
3621 4815 3678 4866 ἂν

2133 4903 2297 4972 ἡμεῖς
2336 4902 2610 4974 εἴποιμεν,
2655 4904 2987 4975 δηλώσωμεν
3008 4901 3146 4959 εἶναι
3175 4923 3189 4937 ο
3208 4906 3284 4969 ὡς
3314 4906 3380 4959 ἂν
3411 4906 3681 4977 ὑπέρτερον

2133 4994 2340 5047 τούτων
2361 4995 2581 5049 πάντων
2600 4996 2767 5051 αὐτὸν
2794 4997 3087 5066 ἐννοῶμεν,
3146 4998 3241 5052 καὶ
3304 5001 3381 5070 μὴ
3410 5002 3470 5054 τὸ
3536 5014 3681 5070 μεγα-

2138 5085 2282 5138 λεῖον
2312 5085 2412 5154 τῆς
2440 5086 2590 5150 θείας
2613 5089 2829 5155 φύσεως
2860 5089 2941 5153 εἷς
2969 5108 3090 5144 τινα
3117 5091 3492 5162 κατάσπειμεν
3522 5108 3680 5160 σωμα-

2132 5179 2289 5247 τικὴν
2315 5181 2637 5248 φαντασίαν·
2667 5183 2756 5237 διὰ
2784 5183 2840 5236 δὲ
2869 5183 2965 5236 τοῦ
2989 5185 3190 5263 μέρους
3218 5186 3317 5253 τῆς
3344 5188 3677 5256 καταφάσεως

2131 5272 2534 5343 ἀληθῆούσίαν,
2567 5277 2658 5329 καὶ
2678 5277 2853 5348 ἀληθῆ
2889 5277 3021 5331 Θεὸν
3070 5280 3165 5334 καὶ
3222 5279 3482 5352 ἀληθινὴν
3526 5280 3675 5349 ἀρχὴν

2133 5365 2295 5417 αὑτὸν
2327 5368 2861 5438 καταλαμϐάνωμεν,
2890 5373 2982 5425 καὶ
3004 5375 3182 5426 πᾶσαν
3210 5376 3463 5446 στέρησιν
3482 5370 3671 5431 ἀτελοῦς

2134 5457 2368 5521 νοήσεως
2397 5459 2491 5508 ἀπ’
2521 5459 2684 5511 αὑτοῦ
2718 5460 3065 5533 ἀφαιρῶμεν.
3115 5465 3279 5518 Ὅθεν
3304 5469 3354 5519 ει
3406 5466 3539 5519 καὶό
3580 5464 3670 5532 μὲν

2137 5549 2492 5619 Δαμασκηνὸς
2519 5555 2581 5622 τῇ
2614 5548 2957 5625 καταφατικῇ
2988 5557 3187 5623 μᾶλλον
3217 5557 3313 5611 ἐπὶ
3366 5557 3493 5612 Θεοῦ
3543 5553 3667 5608 τιθε-

530 5728 641 5802 (25)
668 5726 965 5803 lngenitus.
1002 5732 1092 5791 Sic
1121 5745 1172 5792 ct
1202 5735 1492 5805 Gregorius
1533 5745 1585 5793 (λι
1614 5738 2004 5812 Damasccuus,
2046 5746 2146 5801 etsi
2185 5762 2281 5804 nec
2316 5750 2421 5820 ipsi
2449 5751 2647 5824 aliique
2678 5754 2822 5810 istud
2859 5758 3170 5819 observant.
