3872 6544
463 318 569 385 453

1724 318 2125 385 MANUELIS
2158 319 2463 382 omum
2880 290 2895 297 ”
3586 332 3679 399 uo

467 432 647 487 eodem
685 432 821 486 inter
852 448 907 485 se
940 430 1180 487 tendunt.
1216 429 1486 500 Siquidem
1535 432 1683 488 aliud
1741 435 1853 501 lux,
1897 434 2039 488 aliud

2148 449 2234 497 τις
2288 434 2406 487 ῶν·
2440 436 2511 488 οὐ
2539 434 2647 503 γὰρ
2703 434 2897 489 πάντα
2931 438 3000 489 τα
3062 405 3319 507 ὀνόματα
3363 441 3446 507 εις
3486 448 3685 502 ταυτὸν

466 528 613 591 vitis,
661 526 810 579 aliud
858 527 961 591 via,
998 524 1150 578 aliud
1196 535 1379 593 pastor
1420 526 1707 596 significat,
1765 528 1855 581 sed
1915 544 2035 581 cum

467 637 628 673 unum
680 618 930 686 quiddam
1000 619 1093 684 sit,
1150 626 1409 688 quatenus
1479 621 1701 689 subjecti
1776 621 2038 675 rationem

464 712 636 774 liabet,
662 726 869 779 unaque
907 709 1204 765 substantia
1240 720 1289 764 et
1322 710 1540 781 simplex
1563 714 1805 783 omnique
1844 731 2038 769 vacans

463 802 858 868 compositione,
933 802 1072 855 alias
1129 802 1286 856 aliter
1325 803 1556 871 seipsum
1616 806 1875 867 nominat,
1939 804 2038 859 sibi

462 894 570 959 ipse
623 891 860 948 diversas
915 892 1289 962 appellationes
1334 894 1519 948 subtili
1571 898 1756 949 utentis
1804 897 2039 965 cogitatu

463 987 856 1056 rationibusque
888 987 1103 1039 inter-se
1132 986 1413 1041 distinctas
1464 994 1886 1041 accommodans.
1932 986 2041 1042 Pro

380 1103 389 1115 κ
463 1077 828 1146 operationum
884 1078 1024 1131 enim
1060 1077 1478 1149 reﬂectat-umque
1526 1080 1851 1148 diversitate,
1884 1090 2042 1149 atque

464 1171 532 1225 ad
561 1186 622 1224 ea
647 1185 765 1239 qua:
784 1170 1034 1238 beneﬁcio
1063 1172 1364 1242 afficiuntur
1392 1173 1811 1240 necessitudine,i
1835 1174 2041 1239 diversa

438 1277 665 1332 quoque
711 1261 814 1315 sibi
871 1262 1083 1316 nomina
1144 1263 1355 1318 tribuit.
1408 1262 1554 1318 Nam
1606 1282 1723 1319 cum
1758 1282 1812 1320 se
1860 1267 2043 1320 mundi

466 1354 640 1407 lumen
668 1353 816 1417 dicit,
845 1355 1041 1423 partim
1083 1356 1406 1409 inaccessam
1441 1357 1634 1411 divina:
1664 1357 1847 1427 gloria:
1874 1357 2043 1425 majec

440 1456 649 1503 etatem
690 1446 788 1500 hoc
831 1448 1036 1501 nomine
1062 1448 1351 1517 signiﬁcat,
1383 1450 1577 1519 partim
1607 1452 1745 1519 quod
1769 1451 2045 1519 splendore

463 1538 721 1615 scientiae,
754 1555 841 1592 eos
885 1540 977 1607 qui
1026 1536 1215 1594 mentis
1259 1540 1439 1595 oculos
1469 1542 1787 1613 depurgatos
1827 1542 2040 1607 habent,

462 1628 753 1683 illuminat.
803 1628 964 1683 Vitem
1017 1647 1156 1696 vero,
1204 1634 1344 1701 quod
1384 1648 1562 1689 omnes
1615 1635 1705 1704 qui
1756 1635 1811 1687 in
1843 1651 1902 1689 eo
1951 1651 2045 1703 per

457 1720 619 1787 ﬁdem
653 1721 858 1774 radices
896 1731 1139 1792 egerunt,
1182 1722 1437 1777 bonarum
1466 1727 1827 1793 operationurn
1852 1726 2045 1795 fertili-

464 1820 576 1866 tate
630 1814 884 1866 enutriat.
941 1813 1138 1867 Panem
1193 1826 1390 1881 autem,
1449 1818 1587 1885 quod
1645 1819 1813 1887 partis
1871 1820 2038 1873 animi

461 1904 657 1958 utentis
704 1906 907 1958 ratione
959 1908 1476 1962 canuenientissimus
1512 1909 1662 1961 cibus
1695 1920 1791 1975 est,
1826 1910 1939 1979 ejus
1968 1912 2043 1965 vi-

461 2010 639 2064 gorem
662 1999 957 2061 coutineus,
978 2014 1039 2050 ac
1067 2000 1441 2066 proprietatem
1465 2016 1681 2054 servans
1699 2000 2036 2063 incolumem,

462 2103 770 2157 semperque
823 2108 853 2141 a
910 2091 1081 2159 seipsa
1128 2092 1267 2159 quod
1316 2093 1501 2161 deﬂuit
1550 2096 1804 2159 sarciens,
1842 2110 1935 2148 nec
1972 2095 2043 2148 ad

463 2182 851 2251 agritudinem.
878 2200 994 2251 qua!
1019 2198 1083 2236 ex
1110 2184 1260 2235 bruta
1289 2186 1451 2237 animi
1473 2186 1752 2253 aﬂ'ectione
1777 2186 2039 2250 inolescit,

459 2272 669 2340 prolabi
695 2275 894 2328 sinens.
943 2273 1032 2328 Ita
1059 2276 1104 2330 si
1136 2277 1250 2347 quis
1280 2276 1489 2346 singula
1536 2278 1801 2331 nominum
1839 2289 2043 2346 pertra—

460 2365 647 2431 ctabit,
686 2368 860 2420 varias
907 2368 1136 2421 rationes
1185 2384 1247 2421 ac
1286 2377 1566 2437 conceptus
1593 2370 1759 2436 possit
1790 2370 2039 2434 inuenire,

461 2457 698 2523 quamvis
747 2456 909 2510 unum
954 2458 1237 2511 secundum
1284 2460 1635 2512 substantiam
1689 2460 1754 2513 iis
1799 2462 2040 2513 omnibus

462 2546 803 2616 subjiciatur.
836 2547 912 2602 De
955 2547 1086 2612 Deo,
1121 2564 1283 2602 unum
1316 2550 1413 2603 lioc
1444 2551 1807 2618 comprehendi
1851 2561 2040 2619 potest,

464 2638 542 2690 ait
577 2636 870 2707 Gregorius
907 2638 1242 2707 Tlieologus,
1270 2642 1409 2708 quod
1444 2639 1687 2709 inﬁnitus
1712 2652 1810 2695 est.
1843 2640 2045 2713 Grego-

464 2733 579 2786 rius
615 2730 744 2786 item
774 2730 1056 2801 Nyssenus
1096 2748 1111 2787 :
1150 2730 1215 2785 In
1249 2748 1308 2786 eo
1354 2732 1493 2803 quod
1541 2734 1909 2800 comprehendi
1936 2750 2043 2789 non

461 2835 652 2894 potest,
692 2830 806 2894 ejus
845 2814 1077 2897 cognitio
1111 2834 1210 2881 est.
1269 2824 1396 2881 Hauc
1432 2844 1582 2885 enim
1615 2829 1735 2900 ejus
1783 2828 2044 2898 propriis-

464 2920 603 2971 siuia
636 2902 764 2971 nota
803 2932 867 2971 ac
912 2915 1148 2985 insigne,
1179 2918 1323 2989 quod
1356 2919 1476 2988 ejus
1516 2928 1733 2984 natura,
1777 2928 2041 2989 conceptu

470 3008 638 3085 rnuni,
692 3008 913 3078 propria
971 3008 1128 3078 quasi
1192 3017 1317 3065 uota
1368 3011 1736 3082 distinguente
1790 3025 1856 3066 ac
1904 3010 2039 3067 insi-

464 3102 705 3169 guiente,
743 3100 996 3169 superior
1025 3110 1129 3155 est.

542 3192 595 3246 hi
625 3206 753 3245 vero
779 3207 902 3244 cum
934 3206 992 3246 se
1022 3191 1096 3246 ita
1130 3191 1347 3257 habeat,
1392 3193 1439 3247 si
1472 3192 1598 3263 quis
1635 3202 1863 3264 quaerat,
1897 3209 2037 3263 quo-

469 3284 629 3336 modo
670 3284 874 3353 alioqui
921 3282 1200 3354 Scriptura
1234 3286 1399 3352 dicat,
1444 3285 1649 3341 vidisse
1696 3287 1860 3341 Deum
1908 3302 2038 3357 pro-

464 3378 675 3444 phetas,
729 3374 1038 3445 cujusmodi
1092 3386 1169 3432 est
1214 3378 1385 3434 illud:
1431 3377 1550 3433 Vidi
1604 3379 1891 3434 Dominum
1940 3380 2041 3435 Sa-

465 3471 646 3535 baoth,
688 3471 952 3525 sedentem
996 3487 1155 3541 super
1207 3472 1400 3527 solium
1451 3476 1713 3529 excelsum
1764 3487 1812 3530 et
1865 3477 2040 3530 eleva-

464 3571 576 3616 tum
600 3564 667 3629 ³³,
700 3577 752 3619 ct
773 3580 895 3635 qua:
928 3576 1055 3620 sunt
1087 3565 1206 3635 ejus
1239 3568 1494 3635 generis;
1525 3585 1630 3623 non
1669 3568 1789 3622 ideo
1826 3570 2037 3624 sublata

463 3657 559 3710 Dei
598 3657 839 3711 inﬁnitas
868 3667 972 3712 est.
1011 3658 1103 3710 Ait
1134 3659 1278 3711 enim
1315 3657 1610 3729 Gregorius
1638 3659 1948 3727 Theologus
1987 3661 2039 3716 in

467 3751 784 3821 Iheulogicis
841 3751 955 3805 suis
1015 3749 1412 3807 Orationibus:
1459 3750 1577 3807 Etsi
1632 3754 1748 3824 quis
1807 3755 2042 3825 cognouit

472 3842 659 3905 Deum,
705 3855 791 3896 aut
825 3843 1126 3911 cognouisse
1167 3840 1445 3910 Scriptura
1486 3854 1611 3899 teste
1643 3845 1861 3911 dicitur,
1907 3859 2043 3899 eate-

360 3952 361 3955 η
466 3950 564 3987 nus
622 3935 920 4004 cognovisse
970 3941 1255 3991 censendus
1322 3947 1419 4005 est,
1463 3949 1720 4009 quatenus
1789 3940 2040 3993 uberioris

464 4025 755 4093 splendoris
804 4027 1073 4099 particeps
1118 4030 1207 4095 sit,
1255 4046 1413 4099 quam
1463 4030 1555 4101 qui
1602 4030 1775 4084 minus
1826 4031 2041 4087 luminis

466 4118 720 4171 divinitus
764 4104 984 4189 accepit.
1046 4120 1138 4175 Ita
1190 4124 1560 4191 exsuperantia
1615 4124 1750 4191 Ita'c,
1803 4123 1959 4193 plena
1993 4134 2041 4179 et

464 4212 703 4266 omnibus
744 4215 975 4266 numeris
1030 4214 1271 4268 absoluta
1302 4217 1530 4285 cognitio
1573 4218 1755 4272 habita
1790 4228 1890 4281 est,
1938 4234 2042 4273 non

465 4307 533 4356 ad
571 4304 645 4355 rei
685 4304 847 4369 ipsius
888 4304 1182 4371 veritatem,
1236 4307 1325 4359 sed
1375 4307 1445 4359 ad
1488 4308 1715 4362 aliorum
1770 4310 2040 4363 modulum

382 4448 387 4451 _
462 4407 509 4449 et
562 4395 871 4464 facultatem
911 4413 1184 4466 perpensa.
1243 4399 1457 4453 Sed‘et
1493 4403 1878 4469 prophetarum
1929 4402 2041 4456 visa

2141 525 2433 593 ἀλλήλοις
2450 526 2612 597 φέρει
2631 544 2642 558 ·
2664 527 2819 582 ἀλλο
2839 532 2949 599 γὰρ
2970 532 3033 584 τὸ
3046 535 3478 601 σημαινόμενον
3492 540 3681 607 φωτὸς,

2141 617 2236 669 καὶ
2261 616 2418 671 ἄλλο
2444 619 2913 688 ἀμπέλουςᾶλλο
2939 621 3103 687 ὀδοῦ,
3119 622 3217 677 καὶ
3242 624 3392 679 ἄλλο
3412 631 3681 699 ποιμένος·

2142 709 2281 763 ἀλλ’
2320 709 2389 764 ἐν
2418 709 2504 764 ὢν
2533 712 2684 766 κατά
2706 714 2774 766 τὸ
2817 715 3244 785 ὑποκείμενον,
3276 717 3373 771 καί
3397 720 3501 788 μία
3527 725 3687 778 οὐσία

2143 800 2245 854 καὶ
2275 799 2442 871 ἁπλῆ
2468 804 2588 857 ικαὶ
2632 806 2988 873 ἀσύνθετος,
3028 807 3250 862 ἄλλοτε
3279 809 3473 877 ἄλλως
3497 811 3691 869 ἑαυτὸν

2144 890 2431 959 ὀνομάζει,
2445 892 2575 959 ταῖς
2590 893 2884 963 ἐπινοίαις
2902 896 3302 967 διαφερούσας
3317 899 3586 967 ἀλλήλων
3598 904 3691 973 τὰς

2143 986 2548 1054 προσηγορίας
2564 988 3100 1057 μεθαρμοζόμενος.
3124 990 3288 1045 Κατὰ
3321 990 3428 1061 γὰρ
3462 993 3566 1063 τὴν
3591 998 3691 1052 τῶν

2142 1072 2457 1143 ἐνεργειῶν
2480 1075 2777 1147 διαφορὰν
2808 1064 3044 1148 καίτὴν
3068 1081 3219 1150 πρὸς
3252 1082 3321 1136 τὰ
3378 1088 3689 1155 εὐεργετού-

2144 1183 2296 1237 μενα
2317 1167 2543 1237 σχέσιν
2565 1168 2819 1238 διάφορα
2846 1168 3043 1236 ἐαυτῷ
3071 1171 3172 1225 καὶ
3194 1172 3265 1226 τὰ
3290 1173 3540 1242 ὀνόματα
3564 1178 3691 1233 τίθε-

2142 1274 2259 1313 ται.
2295 1258 2426 1327 Φῶς
2455 1260 2569 1330 μὲν
2600 1259 2714 1329 γὰρ
2743 1261 2966 1316 ἑαυτὸν
3004 1261 3111 1316 τοῦ
3145 1264 3380 1333 κόσμου
3417 1268 3587 1336 λέγει,
3634 1272 3692 1325 τό

2144 1368 2208 1404 τε
2231 1352 2565 1420 ἀπρόσιίον
2603 1352 2711 1422 τῆς
2747 1354 2815 1409 ἐκ
2857 1357 3151 1424 Θεότητος
3176 1356 3361 1426 δόξης
3405 1360 3690 1431 διασημαί-

2144 1461 2288 1507 νων,
2322 1444 2422 1500 ual
2455 1446 2537 1512 ὡς
2573 1445 2649 1515 τῇ
2683 1448 3060 1517 λαμπρότητι
3114 1447 3229 1516 τῆς
3272 1448 3537 1519 γνώσεως
3571 1454 3691 1522 τοὺς

2140 1539 2638 1607 κεκαθαρμένους
2664 1538 2729 1592 τὸ
2760 1539 2916 1609 ὄμμα
2942 1539 3055 1609 τῆς
3074 1540 3282 1611 ψυχῆς
3313 1544 3689 1614 καταυγάζων·

2146 1627 2427 1696 ἄμπελον
2448 1628 2538 1695 δὲ,
2560 1628 2641 1694 ὡς
2663 1628 2807 1697 τοὺς
2830 1630 2900 1683 ἐν
2924 1630 3088 1697 αὑτῷ
3120 1632 3277 1687 κατὰ
3318 1636 3519 1689 πίστιν
3560 1637 3691 1706 ἐρρι-

2146 1718 2446 1788 ζωμένους
2478 1719 2572 1773 ἐπ’
2597 1719 2789 1789 ἔργων
2817 1720 3058 1790 ἀγαθῶν
3082 1728 3505 1793 καρποφορίαις
3521 1727 3691 1795 sapt.

2144 1829 2273 1883 φων
2299 1830 2313 1844 ·
2347 1812 2531 1882 ἄρτον
2558 1811 2647 1879 δὲ,
2682 1814 2763 1880 ὡς
2815 1816 3150 1884 οίκειοτὰτη
3172 1817 3363 1887 τροφὴ
3396 1818 3499 1874 τοῦ
3547 1822 3690 1890 λογι-

2146 1903 2262 1957 κοῦ
2294 1903 2639 1973 τυγχάνων,
2707 1905 2787 1971 τῷ
2843 1905 3197 1975 διακρατεῖν
3253 1911 3368 1977 τὴν
3418 1913 3691 1968 σύστασιν

2145 1994 2257 2063 τῆς
2277 1994 2510 2065 ψυχῆς,
2544 1995 2643 2049 καὶ
2672 1996 2739 2050 τὸ
2772 1996 2981 2067 ίδίωμα
3029 1999 3224 2069 αὐτῆς
3268 1999 3578 2068 διασώζειν,
3606 2019 3689 2058 και

2146 2084 2517 2153 ἀναπληρῶν
2544 2087 2635 2141 ἀεὶ
2668 2086 2803 2156 παρ’
2834 2087 3053 2143 ἑαυτοῦ
3078 2089 3146 2144 τὸ
3178 2089 3407 2158 ἐνδέον,
3435 2093 3525 2146 καὶ
3561 2096 3690 2162 πρές

2143 2176 2260 2246 τὴν
2287 2178 2357 2243 ἐξ
2383 2174 2638 2249 ἀλογίας
2664 2180 3068 2252 έγγινομένην
3093 2182 3437 2252 ἀρρωστίαν
3465 2188 3565 2241 οὐκ
3592 2188 3690 2243 ἐᾶν

2148 2270 2584 2341 ἀποφέρεσθαι.
2621 2273 2731 2327 Kal
2771 2274 2962 2341 οὕτως
2995 2275 3075 2329 ἄν
3116 2293 3214 2341 τις
3254 2276 3376 2332 τῶν
3419 2279 3689 2349 ὀνομάτων

2145 2363 2410 2417 ἕκαστον
2444 2364 2730 2435 ἐφοδεύῃ,
2770 2369 3052 2434 ποικίλας
3087 2368 3252 2438 εὕροι
3289 2369 3397 2437 τὰς
3431 2370 3685 2439 ἐπινοίας,

2148 2455 2284 2522 ἐνὸς
2326 2455 2597 2512 ἑκάστου
2624 2456 2731 2511 τοῦ
2761 2457 2915 2513 κατὰ
2945 2463 3061 2527 τὴν
3093 2462 3315 2517 οὐσίαν
3353 2463 3472 2530 τοῖς
3526 2462 3689 2520 πᾶσιν

2146 2548 2571 2618 ὑποκειμένου.
2664 2551 2848 2604 Τοῦτο
2920 2552 3031 2606 τοῦ
3116 2554 3269 2608 Θεοῦ
3342 2556 3689 2623 καταληπτὸν

2143 2643 2356 2710 μόνον,
2393 2640 2431 2708 ἠ
2462 2641 2723 2711 ἀπειρία,
2777 2643 2920 2697 κατὰ
2966 2643 3057 2698 τδν
3087 2646 3148 2698 ἐν
3200 2646 3456 2718 Θεολογίᾳ
3507 2647 3685 2718 Γρητὸ-

2149 2748 2265 2802 ριον
2289 2732 2428 2802 (58)·
2454 2732 2551 2785 καὶ
2583 2732 2658 2797 ὡς
2694 2735 2722 2787 ὁ
2745 2733 2968 2805 Νύσσης
3002 2735 3192 2806 φησὶν,
3230 2739 3327 2790 Ἑν
3347 2740 3507 2808 μόνῳ
3531 2738 3601 2806 τῷ
3615 2739 3685 2809 μὴ

2144 2822 2441 2880 δύνασθαι
2471 2823 2931 2895 καταληφθῆναι
2981 2828 3369 2896 γινώσκεται.
3403 2830 3561 2885 Τοῦτο
3600 2836 3686 2903 γὰρ

2142 2917 2314 2970 αὐτοῦ
2348 2917 2645 2972 ίδιαίτατον
2702 2921 3020 2989 γνώρισμα,
3057 2922 3116 2973 τὸ
3175 2922 3377 2985 παντὸς
3438 2940 3686 2993 χαρακτηο

2147 3008 2395 3079 ριστικοῦ
2451 3009 2726 3081 νοήματος
2799 3011 3145 3083 ὑψηλοτέραν
3196 3012 3362 3067 αὐτοῦ
3418 3010 3548 3069 εἶναι
3605 3014 3687 3086 τὴν

2066 3114 2115 3179 c
2146 3099 2332 3168 φύσιν.
2766 3125 2805 3159 ο

2213 3187 2422 3242 Τούτου
2469 3187 2529 3242 δὲ
2584 3186 2765 3253 οὕτως
2825 3188 3146 3260 Exoremus!
3199 3186 3289 3255 τιοέ
3310 3190 3531 3263 ἀποροίη
3588 3186 3686 3253 sui;

2142 3280 2412 3352 ἑτέρωθεν
2443 3282 2476 3353 ἡ
2519 3281 2710 3354 Γραφὴ
2738 3281 2888 3352 λέγει
2922 3282 3006 3338 ὃτι
3042 3282 3135 3338 τὸν
3172 3284 3305 3339 Θεὸν
3340 3284 3391 3338 οἱ
3441 3282 3683 3355 προφῆται

2141 3369 2302 3438 εἶδον,
2331 3376 2474 3428 κατὰ
2491 3374 2571 3441 τὸ,
2598 3370 2782 3431 Εῖδον
2805 3376 2913 3431 τὸν
2967 3376 3187 3446 Κύριον
3245 3377 3498 3445 Σαϐαὼθ,
3530 3375 3682 3444 καθή-

2137 3480 2326 3532 μενον
2347 3464 2449 3517 ἐπὶ
2468 3466 2689 3533 θρόνου
2726 3466 2975 3536 ὑψηλοῦ
3007 3469 3103 3522 καὶ
3125 3468 3483 3538 ἐπηρμένου,
3521 3471 3604 3520 καὶ
3627 3466 3683 3518 τὰ

2142 3555 2307 3624 ὃμοια
2338 3556 2551 3619 τούτοις
2570 3570 2585 3585 ’
2618 3556 2746 3610 ἀλλ’
2770 3558 2833 3611 ού
2865 3556 3016 3629 παρὰ
3044 3557 3205 3613 τοῦτο
3240 3559 3303 3612 τὸ
3329 3560 3544 3630 ἄπειρον
3567 3552 3681 3610 εἶναι

2141 3642 2236 3696 τὸν
2274 3642 2407 3697 Θεὸν
2439 3645 2769 3716 ἀναιρεῖται.
2800 3646 2939 3716 Φησὶ
2978 3645 3088 3718 γὰρ
3123 3648 3184 3701 ὲν
3217 3649 3333 3711 τοῖς
3388 3646 3684 3716 θεολογικοτς

2143 3734 2312 3788 αὐτοῦ
2343 3735 2522 3805 λόγοις
2548 3739 2576 3791 ὁ
2603 3736 2866 3807 Θεολόγος
2894 3736 3197 3810 Γρηγόριος
3224 3738 3357 3812 (59),
3389 3739 3511 3793 ὀτι
3532 3741 3577 3792 el
3599 3736 3679 3790 καί

2144 3829 2298 3899 έγνω
2327 3846 2418 3896 τις
2446 3830 2598 3885 Θεὸν
2622 3830 2658 3899 ἢ
2687 3830 3011 3901 ἐγνωκέναι
3029 3829 3683 3903 μεμαρτύρηται,τοσοῦ-

2143 3939 2252 3976 τον
2288 3921 2463 3992 ἔγνω,
2501 3923 2655 3977 ὅσον
2687 3923 2884 3979 ἄλλου
2897 3922 2985 3994 μὴ
3017 3925 3083 3978 τὸ
3108 3925 3251 3980 ίσον
3270 3923 3683 3996 έλλαμφθέντος

2143 4014 2413 4085 φανῆναι
2471 4014 3003 4086 φωτοειδέστερος·
3065 4016 3167 4072 καὶ
3219 4019 3284 4073 τὸ
3336 4015 3683 4086 ὑπερϐάλλον

2144 4106 2384 4161 τέλειον
2409 4108 2704 4178 ἐνομίσθη
2724 4110 2798 4162 οὐ
2829 4108 2905 4178 τῇ
2926 4110 3203 4180 ἀληθείᾳ,
3233 4110 3308 4179 τῇ
3342 4110 3409 4164 δὲ
3434 4108 3534 4164 τοῦ
3554 4109 3682 4171 πλη·

2145 4199 2287 4255 σίου
2310 4199 2562 4271 δυνάμει
2609 4180 3202 4274 παραμετρούμνον,
3255 4202 3415 4257 Ἀλλὰ
3460 4201 3549 4253 καὶ
3597 4200 3680 4259 τὰς

2146 4291 2257 4346 τῶν
2302 4294 2602 4365 προφητῶν
2658 4294 2897 4366 Θεωρίας
2958 4294 3332 4367 φαντάσματα
3390 4294 3447 4347 ιν
3501 4289 3681 4351 τούτοις

2147 4385 2318 4454 λέγει,
2348 4389 2444 4440 καὶ
2478 4387 2612 4456 περὶ
2643 4389 2754 4441 τῶν
2780 4387 3088 4442 θεαθέντων
3140 4385 3445 4451 καθολικῶς
3490 4382 3679 4451 ἐκφέρει

466 4484 520 4541 in
561 4490 767 4543 eisdem
824 4502 1036 4559 spectra
1073 4501 1251 4556 vocat,
1294 4492 1467 4560 deque
1518 4492 1625 4548 illis
1658 4508 1781 4563 quae
1812 4494 1877 4548 iis
1908 4509 2036 4549 con~

2145 4479 2232 4530 τὸν
2262 4479 2441 4547 λόγον.
2473 4480 2636 4534 Οὕτω
2674 4480 2771 4533 καὶ
2797 4480 3004 4546 ταῦτα,
3029 4479 3152 4534 alte
3193 4477 3490 4550 φαντασία
3514 4492 3595 4540 τις
3615 4467 3680 4543 ἦν

465 4591 651 4649 specta
694 4592 843 4646 sunt,
878 4582 1133 4637 universe
1176 4583 1279 4637 [ert
1308 4585 1627 4638 sententiam
1662 4603 1676 4639 :
1711 4584 1798 4639 Ita
1833 4598 1880 4640 et
1907 4587 2039 4652 hazc,

466 4674 572 4726 sive
625 4673 874 4729 diurnum
929 4675 1196 4745 quoddam
1230 4675 1341 4729 'ltoc
1390 4688 1675 4743 spectrum.
1729 4681 1857 4734 solis
1912 4680 2041 4735 viris

465 4769 666 4820 sanctis
693 4768 995 4837 spectabile,
1037 4769 1147 4822 sive
1199 4767 1413 4821 minime
1453 4770 1625 4837 fallax
1670 4773 1838 4826 noctis
1869 4773 2040 4828 uisio:

464 4858 571 4911 sive
600 4859 788 4912 mentis
821 4859 1090 4927 impressio
1112 4858 1358 4927 qua'dain
1387 4870 1438 4912 et
1470 4858 1799 4926 informatio,
1824 4862 1897 4915 sic
1924 4877 2040 4915 cum

465 4948 619 5002 rebus
665 4948 859 5015 futuris
897 4967 959 5004 ac
1000 4966 1120 5004 curn
1150 4952 1493 5020 praesentibus
1525 4968 1735 5006 versans
1760 4968 1779 5006 :
1808 4956 1913 5006 sive
1952 4969 2042 5006 ur-

465 5059 660 5097 canum
707 5043 970 5110 quoddam
1011 5045 1164 5098 aliud
1210 5044 1496 5114 praplietia:
1534 5060 1716 5114 genus,
1741 5046 1912 5099 dicere
1953 5062 2043 5099 ne-

466 5152 619 5207 queo.
692 5133 854 5188 Novit
890 5135 986 5189 hoc
1039 5120 1411 5204 prapltetaruin
1465 5136 1625 5202 Dens,
1674 5146 1722 5190 et
1766 5140 1855 5208 qui
1900 5140 2036 5192 hisce

471 5229 638 5281 modis
669 5227 935 5297 amantur.
963 5226 1226 5282 therum
1250 5244 1411 5298 neque
1440 5228 1515 5292 hi,
1546 5230 1609 5283 de
1635 5230 1822 5298 quibus
1846 5245 2036 5292 sermo,

472 5333 563 5371 nec
592 5320 850 5388 quispiam
901 5320 1038 5372 alius
1083 5319 1312 5381 eiusdem
1364 5320 1568 5388 generis
1618 5326 1775 5389 atque
1812 5319 2036 5383 ordinis,

538 5497 586 5530 ”
639 5498 744 5552 lsa.
782 5515 853 5566 vr,
884 5500 936 5554 1.

542 5680 653 5749 (58)
676 5678 828 5735 Orat.
857 5679 947 5738 54.

438 5818 463 5839 κη
551 5754 660 5825 (δυ)
695 5754 831 5808 uno.

724 6010 765 6043 χ

2142 4572 2416 4641 ἡμερινὴ,
2438 4574 2653 4641 μόνοις
2690 4570 2956 4640 θεωρητὴ
3037 4572 3162 4639 τοῖς
3196 4573 3408 4641 ἁγίοις,
3431 4569 3544 4624 sire
3588 4580 3679 4619 νυ·

2150 4664 2293 4729 nec
2330 4662 2607 4732 ἀψευδὴς
2646 4664 2810 4733 ὄψις.
2851 4664 2972 4717 εἴτε
2999 4665 3106 4719 τοῦ
3136 4660 3488 4736 ἡγεμονικοῦ
3517 4659 3677 4712 τύπω-

2140 4772 2243 4822 σις
2278 4757 2684 4826 συγγενομένη
2719 4755 2846 4823 τοῖς
2879 4760 3224 4825 μέλλουσιν
3249 4758 3329 4823 ὡς
3375 4751 3674 4825 παροῦσιν,

2139 4848 2262 4902 εἴτε
2294 4865 2348 4902 τι
2399 4847 2554 4902 ἄλλο
2584 4838 2950 4919 προφητείας
2980 4846 3142 4914 εἶδος
3178 4850 3528 4918 ἀπόρρητον,
3584 4842 3674 4896 οὐκ

2147 4939 2265 5009 ἔχω
2296 4940 2532 5010 λέγειν·
2556 4940 2696 4995 ἀλλ’
2752 4935 2916 4993 οἶδεν
2938 4942 2971 4994 ό
2992 4938 3111 4993 τῶν
3159 4937 3475 5008 προφητῶν
3534 4932 3672 4994 Θεὸς.

2146 5033 2247 5085 καὶ
2278 5036 2332 5086 οἱ
2380 5034 2567 5088 ταῦτα
2621 5032 3062 5104 ἐνεργούμενοι.
3122 5033 3297 5101 Πλὴν
3354 5031 3487 5084 οὔτε
3534 5020 3672 5081 οὗτοι

2147 5124 2279 5193 περὶ
2311 5118 2397 5177 ὧν
2427 5130 2455 5177 c'
2481 5126 2683 5193 λόγος.
2715 5128 2854 5178 οὔτε
2889 5143 2979 5190 τις
3007 5127 3197 5192 ἄλλος
3231 5122 3351 5177 τῶν
3394 5119 3532 5173 κατὰ
3557 5113 3669 5169 rmi-

2143 5237 2288 5284 τους
2303 5217 2450 5285 ἔστη
2464 5217 2532 5269 ἐν
2548 5213 2921 5283 ὑποστήματι
2939 5216 3036 5269 καὶ
3054 5216 3234 5284 οὐσίᾳ
3250 5215 3394 5270 Θεοῦ
3407 5212 3532 5281 (ιο),
3546 5204 3670 5263 κατὰ

2146 5312 2212 5367 τὸ
2246 5308 2674 5381 γεγραμμένον,
2689 5308 2831 5365 οὐδὲ
2855 5306 3005 5365 Θεοῦ
3034 5309 3227 5380 φύσιν
3256 5309 3295 5379 ἢ
3318 5304 3470 5363 elder
3488 5303 3523 5372 ἦ
3553 5299 3667 5365 ἐξηο

2224 5674 2337 5751 μθ)
2372 5676 2564 5751 Ἐστη
2605 5676 2677 5731 ἄν
2723 5675 3108 5751 ὑποστήματι
3165 5673 3263 5729 καὶ
3301 5670 3475 5751 obuia
3515 5660 3660 5751 Θεοῦ.

2154 5742 2277 5802 Bill.
2318 5742 2420 5802 hoc
2467 5742 2653 5804 solum
2680 5756 2829 5802 nutat
2872 5766 2885 5801 :
2927 5742 3094 5802 Verba
3127 5757 3247 5803 sunt
3284 5742 3531 5803 Ieremia,
3558 5749 3660 5800 ωιιο
