3872 6550
244 448 340 514 477

238 568 346 621 λίνου
403 569 828 642 ἀποπὲμποντες

238 660 383 713 Θεόν’
412 664 509 715 καὶ
536 664 659 717 ποτὶ
702 668 803 736 μὲν
833 669 909 731 ὡς
936 672 1157 745 Πατέρα
1210 680 1519 749 φαίνεσθαι,
1562 682 1695 736 ποτὲ
1738 681 1794 735 δὲ

237 754 306 815 ὡς
336 754 484 819 Υίὸν,
517 758 644 812 ποτὲ
669 760 725 813 δὲ
751 762 824 825 ὡς
858 763 1085 837 Πνεῦμα
1116 769 1288 838 ἅγιον.

302 844 455 937 Ἕοτι
480 849 656 903 τοίνυν
683 853 713 904 6
741 853 874 919 Θεὸς
913 858 1012 927 μία
1052 860 1233 923 οὐσία.
1281 866 1545 935 πρόσωπα
1565 866 1621 921 δὲ
1645 865 1794 937 τρία·
1836 914 1843 921 .

235 933 292 1026 τε
320 936 417 1004 μὲν
440 937 651 1011 Πατὴρ,
682 942 745 996 τδ
770 945 826 998 δι
883 946 1026 1012 Υἱὸς,
1054 951 1115 1003 τδ
1141 952 1205 1006 δι
1230 933 1453 1026 Πνεῦμα
1484 957 1662 1023 ἅγιον.
1683 933 1797 1012 και

234 1022 319 1075 τὸν
350 1026 454 1094 μὶν
492 1031 709 1102 Πατέρα
736 1034 916 1089 αίτιον
949 1039 1323 1112 ὁμολογοῦμεν
1348 1022 1478 1100 Ῠίοῦ
1503 1022 1599 1101 διαὶ
1628 1049 1798 1101 Πνεῦ-

234 1133 393 1208 ματος
426 1119 548 1189 (65)
580 1139 594 1153 ·
629 1125 723 1179 τὸν
754 1126 811 1181 δὲ
865 1130 994 1183 Υίὸν
1048 1135 1145 1189 καὶ
1190 1139 1250 1190 τὸ
1292 1139 1514 1208 Πνεῦμα
1555 1140 1794 1195 αἱτιατά.

240 1204 325 1302 ille
357 1210 573 1264 ἐκείνου
603 1217 715 1286 γὰρ
741 1219 768 1270 6
799 1218 902 1287 μὲν
923 1222 1049 1285 Υἱὸς
1075 1229 1374 1297 γεννητῶς,
1404 1204 1463 1282 τὸ
1490 1229 1545 1283 δὲ
1574 1230 1796 1302 Πνεῦμα

232 1300 599 1371 ἔκπορευτῶς.
634 1309 801 1363 Ὅθεν
831 1315 925 1367 τοῦ
962 1316 1092 1371 Υἱοῦ
1127 1322 1220 1374 καὶ
1243 1321 1339 1375 τοῦ
1370 1323 1687 1391 Πνεῦματος
1717 1327 1798 1388 είς

230 1392 285 1443 ἓν
330 1395 510 1449 αἴτιον
543 1400 637 1451 τὸν
692 1402 916 1474 Πατέρα
962 1409 1415 1482 ἀναφερομένων,
1443 1415 1576 1469 Θεὸν
1609 1417 1704 1469 ἕνα
1732 1420 1799 1470 τὰ

228 1486 347 1555 τρία
385 1491 698 1561 φρῦνοῦμεν
744 1498 841 1550 σὺν
888 1497 1139 1570 ἀλλήλοις
1188 1505 1478 1575 νοούμενα,
1533 1508 1628 1559 καὶ
1664 1507 1798 1560 Θεὸν

230 1576 452 1671 ὸιιαστον
506 1584 630 1638 καθ’
679 1589 846 1642 ἑαυτὸ
894 1590 1295 1665 Θεωρούμινον.
1352 1598 1460 1651 Καὶ
1493 1600 1599 1671 γὰρ
1642 1601 1733 1653 καὶ
1770 1601 1798 1654 6

233 1670 414 1741 Πατὴρ
444 1674 583 1739 Θεός
615 1680 735 1731 ἐστι
770 1681 974 1745 τέλειος
1015 1688 1108 1737 xxi.
1145 1687 1459 1758 ἀνελλιπὴς,
1488 1690 1583 1743 καὶ
1612 1693 1639 1743 6
1669 1692 1797 1754 Υίὸς

228 1762 444 1833 ὁμοίως.
480 1769 574 1821 καὶ
606 1771 667 1823 τὸ
721 1773 947 1845 Πνεῦμα
1000 1779 1060 1830 τὸ
1094 1780 1249 1846 ἅγιον
1274 1780 1573 1846 ὡσαύτωςο
1609 1786 1704 1837 καὶ
1736 1785 1795 1837 οῦ

234 1857 426 1929 μὶλλόν
460 1862 581 1916 ἔστι
610 1864 745 1930 Θεὸς
777 1867 809 1937 ἢ
845 1869 874 1920 6
905 1871 1094 1940 Πατὴρ
1124 1872 1217 1926 τοῦ
1247 1875 1378 1928 Υἱοῦ
1422 1877 1455 1944 ἢ
1497 1878 1590 1931 τοῦ
1623 1878 1797 1931 Πνεύ-

231 1967 413 2018 ματος,
461 1953 497 2023 ἢ
539 1954 568 2006 6
602 1955 729 2019 Υίὸς
779 1959 979 2028 μᾶλλον
1028 1963 1162 2025 Θεὸς
1224 1966 1316 2018 τοῦ
1374 1968 1651 2038 Πατρὸςῆ
1702 1969 1794 2021 τοῦ

230 2043 544 2114 Πνεῦματος
566 2064 580 2078 ο
614 2049 646 2118 ἢ
680 2049 741 2103 τὸ
774 2051 999 2121 Πνεῦμα
1052 2057 1254 2124 μᾶλλον
1284 2058 1415 2121 Θεὸς
1452 2059 1546 2123 τοῦ
1584 2060 1797 2130 Πατρὸς

229 2136 258 2205 ἢ
282 2137 372 2189 τοῦ
401 2139 539 2192 Υίοῦ
564 2157 576 2169 ·
608 2143 727 2195 ἀλλ’
748 2146 878 2198 ὅταν
906 2149 1039 2216 μίαν
1086 2151 1196 2202 τῶν
1228 2152 1582 2207 ὑποπτάσεων
1606 2156 1803 2209 ἐννοῶ-

233 2245 344 2298 μεν,
379 2233 598 2287 τέλειον
628 2237 793 2290 αὑτὸν
808 2239 943 2292 Θεὸν
959 2243 1058 2294 καὶ
1087 2242 1302 2296 τελείαν
1327 2246 1515 2298 οὐσίαν
1538 2245 1800 2315 γινώσκο-

232 2340 341 2392 μεν·
368 2329 469 2381 καὶ
509 2330 637 2382 ὅταν
671 2330 833 2386 πάλιν
866 2333 935 2388 τὰ
958 2334 1087 2405 τρία
1115 2336 1262 2390 κατὰ
1283 2337 1521 2392 διάνοιαν
1552 2341 1801 2411 συνάψω-

233 2434 323 2486 μεν
357 2418 458 2470 καὶ
490 2422 1015 2495 σνναριθμήσωμεν,
1057 2425 1158 2481 ἕνα
1208 2429 1303 2480 τὸν
1343 2430 1505 2485 αὐτὸν
1543 2432 1679 2486 Θεὸν
1706 2435 1803 2488 καὶ

231 2511 425 2564 τέλειον
470 2515 575 2582 τὴν
610 2514 803 2569 οὐσίαν
850 2519 1268 2590 φανταζόμεθα,
1296 2524 1391 2578 καὶ
1446 2525 1473 2575 6
1518 2526 1678 2590 αὐτὸς
1711 2529 1804 2581 καὶ

232 2600 303 2668 εἷς
337 2607 476 2671 Θεὸς
526 2609 803 2679 δηλοῦται,
831 2613 959 2667 ὅταν
1008 2618 1259 2685 λέγωμεν
1295 2620 1505 2691 Πατὴρ.
1539 2619 1664 2683 Υἱὸς
1709 2622 1805 2674 καὶ

232 2696 374 2764 ἄτιον
397 2700 660 2770 Πνεῦμα,
688 2706 781 2757 καὶ
808 2706 939 2759 ὅταν
970 2709 1059 2761 τὸν
1097 2710 1323 2782 Πατέρα
1340 2714 1593 2787 λέγωμεν
1619 2712 1800 2783 μόνον,

230 2788 263 2859 ἢ
293 2790 379 2845 τὸν
410 2792 567 2860 Υίὸν,
593 2795 626 2864 ἢ
658 2796 718 2850 τὸ
755 2800 1025 2853 πανάνιον
1060 2804 1314 2876 Πνεῦμα.

294 2978 367 3033 Οὐ
396 2980 566 3034 τοῦτο
589 2979 758 3050 λέγω,
786 2984 867 3037 ὅτι
918 2986 945 3039 6
992 2986 1188 3057 Πατήρ
1229 2990 1347 3045 ἐστι
1382 2991 1479 3044 καὶ
1516 2990 1669 3054 Υἱὸς.
1706 2990 1803 3046 καὶ

236 3070 380 3138 ἃγιον
414 3073 677 3143 Πνεῦμα·
711 3077 873 3130 τοῦτο
902 3077 1013 3147 γὰρ
1055 3080 1352 3135 Ἰουδαϊκόν
1387 3082 1503 3136 ἐστι
1538 3085 1631 3136 καὶ
1674 3082 1802 3149 δόξα

232 3161 315 3214 τοῦ
358 3163 698 3217 Σαϐελλίου·
754 3166 878 3241 ἁλλξ
925 3168 1008 3221 ὅτι
1051 3168 1109 3221 ἒν
1151 3171 1434 3226 ὁποιονοῦν
1480 3174 1590 3226 τῶν
1639 3174 1800 3228 θείων

1216 476 1316 538 DE
1363 479 1782 542 PRINCIPIIS
1816 479 2025 544 FIDE!
2068 490 2538 558 CATIIOLICE.
3359 505 3467 568 ΕΒ

835 620 850 641 ,
892 577 950 642 ὂς
1025 581 1083 633 ἓν
1169 587 1461 654 πρόσωπον
1503 591 1657 660 ἔλεγε
1713 590 1799 643 τὸν

1905 590 2098 664 dogma
2132 616 2472 672 respuentes,
2509 606 2601 678 qui
2652 623 2814 662 ttnam
2854 607 3019 664 Deum
3057 626 3348 680 personam
3383 616 3467 667 di-

1899 694 2087 757 celnat;
2123 709 2187 747 ac
2230 698 2390 765 modo
2421 692 2642 768 quidem
2688 710 2746 756 ut
2788 701 3024 769 Patrem,
3055 705 3217 761 modo
3247 722 3374 761 vero
3412 716 3469 761 ut

1896 780 2115 850 Filium,
2139 802 2201 840 ac
2223 794 2382 843 modo
2400 793 2731 862 utSpiritum
2758 806 3007 850 sanctum
3034 812 3153 853 sese
3180 799 3462 853 exhibere.

1969 875 2066 932 Est
2105 879 2268 950 igitur
2307 881 2447 937 Deus
2482 901 2583 938 uua
2633 888 2894 952 essentia,
2949 904 3013 943 ac
3044 897 3153 944 tres
3182 906 3466 959 personae;

1894 983 1960 1051 ex
1995 969 2099 1033 liis,
2135 988 2238 1026 una
2268 973 2449 1040 Pater,
2505 993 2609 1030 una
2643 978 2836 1042 Filius,
2888 996 2994 1034 una
3038 980 3274 1051 Spiritus
3340 998 3466 1037 sau—

1900 1065 2039 1113 ctus.
2066 1061 2140 1113 Ac
2172 1060 2383 1117 Patrem
2405 1066 2647 1135 quidem,
2675 1068 2796 1122 Filii
2824 1086 2886 1123 ac
2926 1070 3161 1139 Spirittts
3191 1084 3464 1128 auctorem
3504 1100 3517 1119 α»

1900 1152 2253 1220 conﬁtemur;
2294 1156 2489 1213 Filium
2533 1177 2661 1217 vero
2690 1172 2743 1217 ει
2792 1162 3078 1231 δυίτίίυηῖν
3123 1169 3215 1237 (ιιιί
3249 1170 3467 1223 :tltallc-
3506 1150 3526 1237 Et?

1901 1250 2051 1296 ctore
2087 1244 2215 1297 sint.
2249 1246 2319 1300 Ex
2343 1248 2434 1301 illo
2458 1251 2602 1304 enim
2640 1253 2937 1319 est,Filius
2966 1257 3206 1323 quidem.
3242 1260 3467 1327 gignen-
3513 1246 3527 1279 δ

1900 1334 1952 1387 di
1992 1337 2236 1397 ratione;
2277 1337 2515 1407 Spiritus
2555 1357 2704 1405 vero,
2748 1345 3122 1413 processioue.
3175 1346 3469 1411 Quocirca,

1900 1444 2023 1481 cum
2059 1429 2226 1483 Filius
2257 1442 2307 1485 et
2330 1431 2564 1503 Spiritus
2596 1436 2660 1490 ad
2698 1453 2866 1491 unum
2898 1448 3178 1493 auctorem
3211 1440 3472 1509 (Patrem)

1901 1519 2226 1586 referantur,
2266 1521 2430 1577 Deum
2465 1541 2635 1581 unum
2671 1536 2781 1583 tres
2812 1530 3233 1598 personasinter
3263 1547 3320 1584 se
3344 1547 3475 1586 cou-

1897 1610 2113 1680 junctas
2168 1617 2457 1680 sentimus,
2508 1617 2788 1690 Deumque
2835 1622 3100 1692 singulas,
3165 1622 3209 1679 si
3266 1639 3360 1692 per
3411 1638 3473 1677 se.

1902 1707 2342 1765 considereutur.
2377 1710 2508 1765 Nam
2548 1722 2603 1768 et
2651 1712 2813 1769 Pater
2865 1716 3005 1770 Deus
3055 1715 3325 1785 perfectus
3364 1727 3473 1783 est,

1905 1797 2052 1851 nullo
2080 1800 2290 1854 defectu
2324 1801 2597 1870 loboraus,
2627 1804 2910 1876 Piliusque
2946 1807 3221 1875 similiter,
3259 1823 3323 1862 ac
3345 1824 3474 1876 per-

1900 1884 2027 1943 inde
2053 1890 2285 1958 Spiritus
2331 1905 2571 1948 sanctus.
2597 1894 2709 1949 Nec
2743 1898 2914 1967 magis
2938 1897 3075 1951 Deus
3096 1907 3197 1961 est,
3214 1900 3296 1951 vel
3316 1898 3475 1953 Pater

1899 1999 2061 2052 quam
2082 1983 2250 2039 Filius
2276 1986 2356 2038 ινα-1
2384 2002 2541 2055 quam
2561 1988 3097 2055 Spirittts,velFilius
3113 1990 3287 2060 magis
3312 1991 3470 2047 Deus.

1899 2089 2062 2143 quam
2088 2074 2244 2129 Pater
2264 2088 2354 2131 aut
2385 2079 2619 2146 Spiritus
2641 2121 2654 2141 ,
2680 2090 2773 2134 aut
2791 2082 3023 2151 denique
3050 2080 3285 2152 Spiritus
3304 2082 3474 2150 magis

1903 2166 2065 2229 Deus,
2103 2182 2263 2236 quam
2299 2167 2455 2224 Pater
2485 2183 2578 2224 aut
2614 2172 2810 2227 Filius.
2847 2172 2952 2227 Sed
2988 2189 3110 2228 cum
3156 2189 3316 2228 unam
3350 2189 3473 2243 per-

1903 2272 2159 2310 sonarum
2197 2259 2643 2325 intellexerimus,
2701 2262 3003 2332 perfectum
3056 2280 3175 2318 eam
3215 2263 3380 2317 Deum
3410 2279 3474 2317 ac

1909 2346 2199 2401 essentiam
2236 2348 2532 2417 perfectam
2568 2350 2956 2419 cognoscimus
2983 2367 2997 2417 ;
3032 2365 3094 2406 ac
3123 2366 3249 2404 cum
3276 2366 3473 2403 rursus

1905 2450 2015 2493 tres
2051 2455 2315 2508 personas
2350 2442 2517 2493 animi
2560 2442 2889 2512 cogitatione
2930 2443 3372 2511 copulaverimus
3406 2457 3469 2494 ac

1905 2529 2505 2591 counumeraveritnus,
2578 2546 2747 2583 unum
2803 2530 3163 2599 eumdemque
3210 2544 3273 2583 ac
3300 2529 3477 2599 perfe-

1905 2628 2051 2674 ctum
2083 2618 2446 2673 essentialiter
2474 2620 2652 2683 Deum
2695 2619 3034 2689 cogitamus;
3079 2619 3330 2687 idemque
3360 2618 3476 2686 ipse

1905 2727 1969 2766 ac
1996 2726 2137 2765 unus
2164 2710 2306 2765 Deus
2327 2711 2683 2780 signiﬁcatur,
2702 2727 2826 2767 cum
2859 2711 3157 2766 dixerimus
3187 2710 3367 2776 Pater,
3389 2708 3474 2764 Fi-

1905 2806 2014 2860 lius
2041 2820 2096 2860 et
2132 2803 2367 2874 Spiritus
2405 2815 2647 2868 sanctus,
2686 2815 2739 2859 et
2790 2820 2913 2860 cum
2943 2806 3118 2859 solum
3147 2803 3360 2858 Patrem
3395 2804 3478 2858 di-

1905 2899 2174 2962 xerimus,
2210 2905 2303 2953 aut
2343 2896 2564 2962 Filium,
2621 2909 2713 2952 aut
2742 2898 3150 2952 sanctissimum
3185 2896 3473 2968 Spiritum.

1976 2987 2095 3042 Non
2127 2989 2229 3044 hoc
2257 2989 2405 3050 dico,
2441 2988 2601 3055 quod
2638 2987 2799 3042 Pater
2827 2999 2878 3042 et
2911 2986 3084 3042 Filius
3111 2987 3185 3042 sit
3215 2999 3270 3042 et
3304 2986 3478 3057 Spiri-

1907 3095 1995 3140 tus
2034 3091 2260 3138 sanctus
2289 3076 2441 3153 (hoc
2470 3082 2615 3136 enim
2666 3079 2957 3135 Iudaicum
2986 3089 3089 3144 est,
3140 3080 3475 3150 Sabelliique

1905 3175 2133 3245 opinio),
2161 3175 2257 3229 sed
2287 3175 2432 3244 quod
2471 3188 2575 3228 una
2609 3173 2818 3243 quaevis
2848 3173 3160 3227 divinarum
3213 3187 3478 3241 persolua-

234 3255 542 3326 προσὼπων
572 3258 796 3321 τελείως
820 3259 915 3313 καὶ
938 3259 1242 3323 ἀνελλιπῶς
1268 3264 1385 3315 ἐστι
1408 3263 1541 3326 Θεὸς
1568 3264 1797 3333 μηδενὸς

1905 3285 2023 3321 rum
2056 3268 2294 3337 perfecte
2334 3267 2598 3336 nulloque
2632 3264 2842 3320 delet-tu
2878 3266 3022 3317 Deus
3049 3274 3129 3319 est
3152 3306 3167 3330 ,
3201 3264 3273 3318 ita
3306 3274 3364 3317 ut
3396 3264 3477 3318 ui-

231 3348 552 3419 λειπόμενον
583 3350 728 3403 κατὰ
753 3348 854 3420 τὴν
888 3349 1102 3417 οὐσίαν,
1134 3353 1236 3422 τῆς
1269 3355 1398 3422 μιᾶς
1428 3357 1521 3408 καὶ
1553 3356 1682 3427 ὅλης
1706 3359 1802 3412 καὶ

230 3440 431 3506 τελείας
467 3442 740 3512 θεότητος,
772 3441 894 3495 ἐπεὶ
926 3442 1028 3496 οὐκ
1061 3443 1177 3496 ἐστι
1220 3449 1323 3509 τῆς
1369 3447 1502 3516 ὅλης
1547 3449 1799 3521 θεότητος

236 3535 387 3607 μέρος
424 3535 527 3604 μὲν
552 3535 580 3585 6
618 3535 831 3604 Πατὴρ,
886 3535 1053 3605 μέρος
1097 3535 1155 3589 δὲ
1201 3538 1228 3589 ὁ
1275 3537 1427 3604 Υίὸς,
1468 3541 1634 3610 μέρος
1656 3543 1713 3596 δὲ
1742 3544 1802 3595 τὸ

233 3624 375 3695 ἅγιον
418 3626 671 3695 Πνεῦμα.
717 3626 849 3679 Οὗὸὲ
871 3628 980 3694 γὰρ
1013 3628 1233 3699 μέροςῆ
1259 3628 1420 3698 μέλος
1451 3631 1480 3683 6
1510 3631 1641 3696 Θεὸς
1664 3632 1797 3703 ἔχει’

232 3720 285 3772 τὸ
316 3721 427 3791 γὰρ
468 3721 633 3789 μέρος
684 3719 925 3783 ἐλλιπές.
964 3720 1106 3790 Πρὸς
1155 3720 1212 3773 δὲ
1266 3722 1360 3773 καὶ
1422 3722 1677 3778 σύνθεσιν
1704 3726 1801 3780 καὶ

232 3811 579 3883 περιγραφὴν
606 3812 843 3881 εἰσάγειο
871 3812 965 3865 καὶ
995 3814 1077 3865 ὅτι
1101 3812 1161 3866 ἓν
1191 3815 1474 3867 ὁποιονοῦν
1502 3816 1610 3869 τῶν
1634 3819 1802 3889 τριῶν

233 3904 343 3957 ὅλον
377 3906 522 3959 ἐστί.
560 3906 670 3958 Καὶ
701 3906 810 3975 γὰρ
861 3907 888 3958 6
934 3905 1125 3978 Πατὴο
1155 3906 1288 3971 Θεὸς
1318 3909 1462 3975 ὅλος,
1494 3910 1588 3962 καὶ
1617 3913 1643 3964 6
1677 3911 1802 3975 Υἱὸς

234 3996 354 4062 Θεὸς
383 4000 531 4062 ὅλος,
571 3999 666 4050 καὶ
696 3999 757 4051 τὸ
790 3998 1023 4068 Πνεῦμα,
1054 3999 1115 4051 τὸ
1146 3999 1303 4068 ἅγιον
1349 4002 1484 4065 Θεὸς
1508 4004 1648 4065 ὅλος.
1692 4006 1802 4059 Καὶ

232 4091 311 4145 διὰ
343 4091 509 4146 τοῦτο
535 4092 596 4144 οὐ
625 4092 856 4162 λέγομεν
885 4092 968 4145 ὅτι
999 4092 1031 4161 ἡ
1063 4092 1162 4162 ὅλη
1188 4094 1281 4146 καὶ
1315 4094 1412 4164 μία
1449 4094 1641 4164 Θεότης
1663 4095 1803 4148 διαι-

235 4186 398 4254 ρεῖται
439 4188 518 4247 εἰς
544 4185 613 4239 τὰ
652 4187 777 4255 τρία
812 4186 1081 4254 πρόσωπα
1104 4177 1515 4258 ταῦταζῶσπερ
1550 4188 1611 4239 τὸ
1645 4189 1802 4255 γένος

233 4277 304 4339 είς
331 4279 474 4348 εἴδη,
510 4279 541 4347 ἢ
577 4277 638 4330 τὸ
667 4273 807 4341 εἶδος
842 4278 923 4340 είς
957 4278 1215 4346 ἄτομα,ῆ
1257 4277 1317 4330 τὸ
1359 4278 1481 4331 ὅλον
1512 4280 1595 4342 είς
1635 4280 1800 4350 μέρη.

234 4368 356 4421 οὐδὲ
384 4369 621 4438 λέγομεν
662 4369 746 4422 ὅτι
781 4369 985 4438 μείζων
1018 4369 1051 4440 ἢ
1090 4369 1293 4425 πλείων
1328 4371 1448 4424 ἐστὶ
1482 4372 1612 4434 Θεὸς
1637 4374 1664 4425 6
1693 4375 1805 4437 Πα-

234 4462 326 4529 τὴρ
348 4461 509 4531 ὁμοῦ,
538 4463 634 4514 καὶ
680 4462 707 4513 6
734 4461 862 4525 Υἱὸς
908 4463 1003 4514 καὶ
1047 4463 1108 4515 τὸ
1164 4464 1390 4532 Πνεῦμα
1423 4468 1513 4517 τοῦ
1548 4467 1676 4518 Υἱοῦ
1709 4469 1803 4520 καὶ

234 4553 319 4607 τοῦ
355 4553 677 4622 Πνεῦματος
701 4569 717 4584 ⁸
765 4554 798 4625 ἢ
851 4556 878 4607 6
928 4556 1121 4627 Πατὴρ
1155 4555 1291 4626 ὁμοῦ
1345 4558 1440 4611 καὶ
1480 4561 1507 4611 6
1541 4560 1665 4623 Υίὸς
1703 4560 1798 4613 τοῦ

1905 3359 1979 3413 ltil
1999 3359 2159 3423 desit,
2190 3359 2332 3429 quod
2361 3358 2425 3411 ad
2451 3358 2743 3413 essentiam
2774 3357 2993 3418 attinet,
3025 3356 3090 3410 de
3119 3372 3223 3409 una
3251 3364 3478 3425 totaque

1903 3466 1964 3504 ac
1989 3446 2223 3518 perfecta
2242 3448 2457 3501 deitate.
2478 3445 2593 3500 Non
2614 3447 2759 3499 enim
2786 3446 2952 3500 totius
2979 3445 3196 3499 deitatis
3216 3461 3340 3515 pars
3357 3447 3478 3516 qui-

1902 3543 2022 3596 dem
2050 3539 2228 3604 Pater,
2247 3555 2370 3608 pars
2389 3554 2514 3593 vero
2533 3537 2719 3600 Filius,
2743 3553 2805 3591 ac
2827 3553 2953 3601 pars
2973 3537 3206 3607 Spiritus
3229 3547 3477 3593 sanctus.

1903 3633 2036 3705 Nam
2086 3634 2224 3687 Deus
2259 3641 2462 3703 partem
2519 3641 2613 3685 aut
2660 3632 2961 3684 membrum
3003 3646 3109 3683 nou
3139 3630 3316 3684 liabet.
3345 3630 3477 3683 Pars

1903 3728 2047 3783 enim
2070 3725 2197 3796 quid
2224 3723 2601 3793 imperfectum
2619 3730 2722 3777 est.
2749 3722 2971 3775 Accedit
2994 3723 3179 3785 etiam,
3199 3721 3339 3791 quod
3359 3722 3478 3789 ejus

1902 3819 2043 3873 ratio
2092 3817 2540 3887 compositionem
2578 3831 2642 3871 ac
2696 3815 3257 3884 circumscriptionem
3316 3815 3476 3867 indu-

1902 3912 1997 3966 cit:
2034 3926 2096 3965 ac
2149 3909 2294 3979 quod
2340 3923 2680 3977 uuaqumque
2710 3907 2870 3962 trium
2894 3921 3247 3977 personarum
3298 3914 3470 3960 totum

1905 4004 2139 4059 exsistit.
2169 4001 2304 4057 Nam
2338 4012 2393 4057 et
2426 4003 2607 4067 Pater,
2658 4002 2798 4056 Deus
2851 4011 2997 4056 totus
3030 4012 3149 4068 est;
3199 4011 3252 4054 et
3288 3999 3479 4063 Filius,

1906 4096 2052 4151 Deus
2087 4106 2270 4160 totus;
2307 4104 2361 4149 et
2394 4095 2632 4163 Spiritus
2670 4105 2916 4156 sanetus,
2944 4104 3089 4147 totus
3121 4092 3282 4148 Deus.
3312 4091 3479 4160 quue

1905 4203 2086 4242 causa:
2120 4197 2224 4247 est,
2255 4188 2491 4240 cur'non
2520 4185 2793 4249 dicamus,
2820 4193 2988 4238 totam
3015 4198 3178 4237 unam
3216 4184 3477 4237 Deitatem

1904 4282 1959 4335 iu
1993 4290 2100 4336 tres
2134 4262 2266 4335 istas
2288 4293 2550 4348 personas
2585 4277 2754 4331 dividi
2783 4278 2931 4331 velut
2961 4276 3210 4345 genusiu
3238 4276 3473 4345 Species,

1904 4372 1987 4426 vel
2047 4370 2281 4440 speciem
2322 4368 2375 4422 iu
2410 4366 2715 4428 individua,
2776 4367 2859 4421 vel
2894 4376 3152 4434 tanquam
3211 4376 3384 4419 totum
3420 4366 3473 4419 iu

1906 4473 2111 4531 partes.
2164 4459 2351 4531 Neque
2392 4459 2630 4514 dicimus
2682 4458 2896 4513 Patrem
2934 4457 3097 4513 simul
3126 4467 3179 4512 et
3199 4457 3397 4512 Filium
3428 4466 3483 4512 et

1907 4544 2480 4624 Spiritum'sanetum
2529 4551 2791 4619 majorem
2854 4565 2977 4605 esse
3032 4558 3126 4603 aut
3180 4549 3479 4620 pleniorem

238 4616 545 4716 Πνεῦματος
571 4660 589 4679 ο
613 4646 645 4715 ἢ
672 4647 701 4698 6
729 4616 919 4719 Πατὴρ
957 4616 1116 4717 eam};
1153 4616 1248 4702 τοῦ
1279 4648 1411 4703 Υίοῦ
1443 4649 1476 4722 ἧ
1505 4653 1598 4705 τοῦ
1628 4616 1799 4706 Πνεύ-

1910 4616 2101 4709 Deum,
2130 4661 2291 4714 quam
2318 4644 2492 4699 Filius
2518 4616 2906 4710 autSpiritus;
2943 4640 3026 4697 vel
3064 4616 3278 4697 Patrem
3315 4641 3481 4695 simul

240 4755 392 4806 ματος
416 4739 582 4809 μόνου
615 4739 735 4791 ἐστὶ
771 4739 977 4809 μείζων
1009 4740 1040 4809 ἦ
1070 4740 1272 4793 πλείων
1298 4741 1329 4809 ἢ
1371 4742 1633 4807 ἐλάττων,
1672 4742 1798 4797 καί·

236 4843 310 4881 τοι
338 4830 481 4882 κατά
520 4828 590 4882 τὰ
639 4830 910 4899 πρόσωπα
960 4830 1199 4901 ἀριθμοῦ
1251 4832 1609 4902 είσαγομένου
1637 4851 1653 4866 ·
1683 4833 1799 4888 ἀλλ’

235 4920 597 4990 ὁμολογοῦμεν
625 4921 708 4974 ὅτι
738 4921 834 4991 ὅλη
868 4923 901 4992 ἠ
934 4922 1074 4992 αὑτὴ
1108 4924 1204 4976 καὶ
1238 4924 1337 4993 μία
1368 4925 1550 4977 τελεία
1576 4925 1798 4991 τελείως

239 5014 289 5067 ἐν
317 5016 511 5088 τελείῳ
536 5017 736 5088 Πατρὶ,
761 5004 856 5070 ita}.
886 5017 981 5090 ὅλη
1017 5018 1205 5072 τελεία
1240 5020 1461 5084 τελείως
1509 5021 1566 5073 ὲν
1605 5020 1799 5093 τελείῳ

299 5229 405 5303 (63)
462 5229 683 5303 Λίτιοτε
719 5229 856 5285 Υὶοῦ
916 5230 1044 5303 ’καί
1109 5229 1477 5303 Πνεύματος.
1533 5228 1799 5303 Loquitur

240 5299 473 5366 Calecas,
499 5301 615 5369 ipse
645 5299 869 5355 Graecus
906 5299 1099 5355 Graeco
1129 5301 1401 5370 scribens,
1437 5316 1500 5354 ac
1559 5299 1646 5357 de'
1695 5303 1797 5356 lide

241 5369 903 5441 informans,iGr:ecerutn
931 5387 1106 5430 more,
1137 5388 1244 5424 non
1277 5369 1607 5441 explicando
1662 5389 1792 5441 ιιι-ο-

241 5444 527 5509 cessionem
556 5440 797 5509 Spiritus
821 5442 987 5495 etiam
1011 5458 1038 5493 a
1069 5441 1227 5507 Filio,
1251 5440 1510 5509 tanquam
1536 5458 1642 5497 uno
1667 5440 1794 5497 cum

243 5508 382 5566 Patre
416 5508 712 5581 principio,
745 5528 808 5566 ac
861 5512 1128 5580 principio
1165 5528 1226 5564 ex
1292 5508 1450 5566 Patre
1503 5514 1794 5581 principio,

242 5582 319 5647 qui
350 5583 415 5636 sit
457 5581 580 5635 fons
615 5590 782 5636 totius
814 5582 1124 5644 Trinitatis,
1150 5596 1213 5634 ac
1241 5582 1469 5649 proinde
1490 5598 1614 5636 vere
1673 5583 1794 5636 κατ’

244 5649 416 5721 ἔξοχὴν
440 5650 633 5715 αἴτιον,
667 5652 715 5704 id
744 5662 846 5706 est.
878 5655 1074 5705 Auctor
1093 5668 1153 5703 ac
1187 5668 1368 5713 causa,
1404 5662 1565 5720 prout
1620 5650 1793 5705 Graeci

196 5760 206 5769 ,
244 5733 296 5772 ea
318 5738 446 5775 voce
475 5730 729 5775 utuntur.
773 5722 1001 5778 Videud.
1035 5721 1258 5791 Gregor.
1288 5731 1427 5775 orat.
1478 5722 1565 5783 29,
1603 5738 1651 5790 ιι.
1692 5721 1796 5777 490

243 5790 387 5861 9123,
427 5791 532 5845 ιεε
563 5804 615 5846 et
660 5792 749 5853 3:),
784 5808 835 5857 p.
865 5792 987 5851 650.
1043 5790 1402 5859 ubi’periude
1452 5791 1713 5861 Spiritum
1765 5808 1793 5846 a

246 5855 385 5932 Patre
411 5861 542 5915 dicit
581 5855 892 5931 procedere.
943 5864 1040 5932 οὐχ
1093 5855 1305 5932 υίιὶιῴς,
1346 5861 1465 5914 οὐδὲ
1496 5855 1613 5929 ’γὰρ
1673 5879 1795 5930 γεν-

247 5928 426 6001 νητῶς,
456 5928 1153 6007 ἀλλ”ὲκπορεντῶςίνιοη
1202 5928 1336 5988 Filii
1394 5928 1587 5988 more:
1631 5928 1794 6001 neque

1907 4749 1962 4794 et
1990 4738 2212 4803 Filium,
2250 4753 2414 4808 quam
2448 4736 2712 4806 Spiritus,
2737 4735 2822 4789 vel
2847 4734 3063 4789 Patrem
3096 4735 3297 4802 solum,
3333 4732 3475 4788 Filio

1906 4831 2228 4901 autSpiritu
2259 4830 2400 4893 solo,
2434 4829 2691 4898 majorem
2723 4842 2845 4883 esse
2869 4826 2950 4880 vel
2971 4826 3291 4895 pleniorem,
3317 4838 3479 4879 autve

1908 4927 2195 4987 minorem,
2220 4922 2574 4993 quantumvis
2592 4936 2956 4990 personarum
2987 4920 3197 4974 ratione
3217 4936 3477 4974 nmnerus

1905 5019 2151 5083 ineatur;
2189 5015 2285 5072 sed
2324 5015 2649 5071 conﬁtemur
2697 5022 2864 5068 totam
2906 5013 3151 5067 eamdem
3203 5028 3482 5082 unamque

1902 5232 2040 5284 enim
2089 5226 2560 5299 generationened
2627 5228 2975 5299 processiotre.
3037 5223 3116 5279 Ac
3159 5222 3373 5299 ruit-um
3430 5225 3475 5280 si

1900 5292 2147 5356 Corderii
2196 5314 2260 5354 ac
2316 5297 2550 5351 Lauselii
2608 5292 2784 5350 dicam
2836 5298 3100 5350 adversus
3158 5292 3477 5358 Maximum,

1902 5382 2029 5425 aute
2056 5385 2234 5426 annos
2261 5369 2331 5423 20
2357 5384 2385 5423 a
2423 5384 2510 5423 me
2536 5366 2896 5430 exsuﬂlatam,
2924 5366 3005 5421 vel
3042 5364 3358 5434 Gregorius,
3388 5367 3475 5419 vel

1904 5458 2059 5497 meus
2115 5440 2338 5495 Caleeas
2386 5439 2645 5494 evadant.
2697 5438 2879 5506 Longe
2931 5435 3154 5492 solidior
3207 5434 3475 5498 Georgius

1903 5512 2189 5567 Metochita
2218 5510 2579 5579 gravissimus
2605 5508 2916 5562 traditionis
2939 5506 3095 5561 testis
3120 5514 3172 5558 et
3199 5514 3471 5579 assertor.

1902 5599 2008 5649 qua
2038 5582 2117 5636 sic
2147 5575 2461 5649 expressam
2498 5580 2578 5633 vel
2633 5578 2928 5648 involutam
2965 5575 3262 5649 Antisterii.
3294 5576 3477 5629 Triui-

1906 5646 2034 5707 t'atts
2070 5646 2251 5716 ﬁdem,
2286 5651 2421 5703 nihil
2458 5646 2823 5705 Ecclesiarum
2860 5647 2977 5714 paci
3014 5646 3261 5700 olfecisse
3290 5660 3477 5701 osmn-

1904 5722 2018 5790 dit;
2052 5738 2177 5775 cum
2212 5723 2300 5774 alii
2336 5721 2562 5773 aliorum
2601 5719 2758 5773 tidem
2792 5732 2895 5772 n0u
2932 5719 3267 5786 ignorarent.
3295 5716 3475 5772 donec

1905 5789 2128 5847 letius
2155 5792 2396 5846 fovenda:
2425 5790 2727 5861 tyrannidis
2775 5789 3119 5861 occasionem
3172 5789 3293 5842 inde
3332 5792 3471 5840 arri-

1904 5865 2052 5933 puit:
2087 5862 2246 5933 cujus
2274 5878 2413 5933 pene
2440 5859 2792 5933 fexstinetum
2826 5859 3066 5933 scltiuua
3097 5872 3159 5933 ac
3188 5873 3468 5929 compres-

1906 5930 2028 5988 sum
2064 5931 2630 5987 MicltaelCerularius
2664 5932 2842 5985 denuo
2872 5930 3180 5985 suscitavit.
