  <div class='ocr_page' id='page_1' title='image "/cluster/home/n/w/nwhite01/storage/ocr_20150623/152/hvd.32044019208404/251.png"; bbox 0 0 3872 6534; ppageno 0'>
   <div class='ocr_carea' id='block_1_1' title="bbox 473 318 580 387">
    <p class='ocr_par' dir='ltr' id='par_1_1' title="bbox 473 318 580 387">
     <span class='ocr_line' id='line_1_1' title="bbox 473 318 580 387; baseline 0.056 -6"><span class='ocrx_word' id='word_1_1' title='bbox 473 318 501 381; x_wconf 66' lang='grc' dir='ltr'><strong>ό</strong></span> <span class='ocrx_word' id='word_1_2' title='bbox 510 326 580 387; x_wconf 63' lang='lat'><strong>83</strong></span> 
     </span>
    </p>
   </div>
   <div class='ocr_carea' id='block_1_2' title="bbox 1734 319 2464 384">
    <p class='ocr_par' dir='ltr' id='par_1_2' title="bbox 1734 319 2464 384">
     <span class='ocr_line' id='line_1_2' title="bbox 1734 319 2464 384; baseline -0.004 0"><span class='ocrx_word' id='word_1_3' title='bbox 1734 319 2130 384; x_wconf 78' lang='lat' dir='ltr'><strong>MANUELIS</strong></span> <span class='ocrx_word' id='word_1_4' title='bbox 2153 319 2464 382; x_wconf 68' lang='lat' dir='ltr'><strong>CALECB</strong></span> 
     </span>
    </p>
   </div>
   <div class='ocr_carea' id='block_1_3' title="bbox 3603 324 3701 390">
    <p class='ocr_par' dir='ltr' id='par_1_3' title="bbox 3603 324 3701 390">
     <span class='ocr_line' id='line_1_3' title="bbox 3603 324 3701 390; baseline 0.041 -6"><span class='ocrx_word' id='word_1_5' title='bbox 3603 324 3701 390; x_wconf 62' lang='lat'><strong>48$</strong></span> 
     </span>
    </p>
   </div>
   <div class='ocr_carea' id='block_1_4' title="bbox 478 426 2054 503">
    <p class='ocr_par' dir='ltr' id='par_1_4' title="bbox 478 430 2045 503">
     <span class='ocr_line' id='line_1_4' title="bbox 478 430 2045 503; baseline -0.006 -10"><span class='ocrx_word' id='word_1_6' title='bbox 478 439 747 496; x_wconf 81' lang='lat' dir='ltr'><strong>Trinitate</strong></span> <span class='ocrx_word' id='word_1_7' title='bbox 788 453 927 495; x_wconf 83' lang='lat' dir='ltr'><strong>auos</strong></span> <span class='ocrx_word' id='word_1_8' title='bbox 965 436 1134 493; x_wconf 78' lang='lat' dir='ltr'><strong>Filios</strong></span> <span class='ocrx_word' id='word_1_9' title='bbox 1163 436 1365 503; x_wconf 84' lang='lat' dir='ltr'><strong>dicere,</strong></span> <span class='ocrx_word' id='word_1_10' title='bbox 1401 444 1499 491; x_wconf 84' lang='lat' dir='ltr'><strong>aut</strong></span> <span class='ocrx_word' id='word_1_11' title='bbox 1547 437 1686 490; x_wconf 87' lang='lat' dir='ltr'><strong>duos</strong></span> <span class='ocrx_word' id='word_1_12' title='bbox 1717 433 1926 498; x_wconf 68' lang='lat' dir='ltr'><strong>Patres,</strong></span> <span class='ocrx_word' id='word_1_13' title='bbox 1959 430 2045 485; x_wconf 90' lang='lat' dir='ltr'><strong>vel</strong></span> 
     </span>
    </p>
   </div>
   <div class='ocr_carea' id='block_1_5' title="bbox 2155 426 3703 503">
    <p class='ocr_par' dir='ltr' id='par_1_5' title="bbox 2155 426 3703 500">
     <span class='ocr_line' id='line_1_5' title="bbox 2155 426 3703 500; baseline 0.003 -17"><span class='ocrx_word' id='word_1_14' title='bbox 2155 430 2239 483; x_wconf 79' lang='grc' dir='ltr'><strong>τὸν</strong></span> <span class='ocrx_word' id='word_1_15' title='bbox 2293 429 2516 499; x_wconf 83' lang='grc' dir='ltr'>Νύσσης</span> <span class='ocrx_word' id='word_1_16' title='bbox 2567 427 2890 500; x_wconf 79' lang='grc' dir='ltr'>Γρηγόριον,</span> <span class='ocrx_word' id='word_1_17' title='bbox 2936 445 2955 479; x_wconf 80' lang='grc' dir='ltr'><strong>ι</strong></span> <span class='ocrx_word' id='word_1_18' title='bbox 2994 426 3094 481; x_wconf 86' lang='grc' dir='ltr'>οὐκ</span> <span class='ocrx_word' id='word_1_19' title='bbox 3123 426 3237 499; x_wconf 74' lang='grc' dir='ltr'>ἔχει</span> <span class='ocrx_word' id='word_1_20' title='bbox 3266 429 3513 500; x_wconf 85' lang='grc' dir='ltr'>Πατέρα.</span> <span class='ocrx_word' id='word_1_21' title='bbox 3554 450 3573 484; x_wconf 75' lang='grc' dir='ltr'><strong>ι</strong></span> <span class='ocrx_word' id='word_1_22' title='bbox 3605 436 3703 490; x_wconf 81' lang='grc' dir='ltr'><strong>Καὶ</strong></span> 
     </span>
    </p>
   </div>
   <div class='ocr_carea' id='block_1_6' title="bbox 480 526 2048 602">
    <p class='ocr_par' dir='ltr' id='par_1_6' title="bbox 480 526 2048 602">
     <span class='ocr_line' id='line_1_6' title="bbox 480 526 2048 602; baseline -0.005 -17"><span class='ocrx_word' id='word_1_23' title='bbox 480 533 618 585; x_wconf 74' lang='lat' dir='ltr'><strong>duos</strong></span> <span class='ocrx_word' id='word_1_24' title='bbox 644 530 903 602; x_wconf 87' lang='lat' dir='ltr'><strong>Spiritus,</strong></span> <span class='ocrx_word' id='word_1_25' title='bbox 931 541 988 584; x_wconf 93' lang='lat' dir='ltr'><strong>ut</strong></span> <span class='ocrx_word' id='word_1_26' title='bbox 1018 530 1164 601; x_wconf 89' lang='lat' dir='ltr'><strong>quod</strong></span> <span class='ocrx_word' id='word_1_27' title='bbox 1222 528 1345 585; x_wconf 88' lang='lat' dir='ltr'><strong>lidei</strong></span> <span class='ocrx_word' id='word_1_28' title='bbox 1378 526 1661 581; x_wconf 88' lang='lat' dir='ltr'><strong>traditioni</strong></span> <span class='ocrx_word' id='word_1_29' title='bbox 1702 526 2048 581; x_wconf 75' lang='lat' dir='ltr'><strong>adversetur.</strong></span> 
     </span>
    </p>
   </div>
   <div class='ocr_carea' id='block_1_7' title="bbox 462 615 2051 693">
    <p class='ocr_par' dir='ltr' id='par_1_7' title="bbox 462 615 2051 693">
     <span class='ocr_line' id='line_1_7' title="bbox 462 615 2051 693; baseline -0.005 -16"><span class='ocrx_word' id='word_1_30' title='bbox 462 616 575 677; x_wconf 78' lang='lat' dir='ltr'><strong>Sic</strong></span> <span class='ocrx_word' id='word_1_31' title='bbox 632 625 776 677; x_wconf 80' lang='lat' dir='ltr'><strong>etiim</strong></span> <span class='ocrx_word' id='word_1_32' title='bbox 838 639 946 677; x_wconf 92' lang='lat' dir='ltr'><strong>non</strong></span> <span class='ocrx_word' id='word_1_33' title='bbox 1013 624 1231 693; x_wconf 86' lang='lat' dir='ltr'><strong>proprie</strong></span> <span class='ocrx_word' id='word_1_34' title='bbox 1284 620 1391 677; x_wconf 90' lang='lat' dir='ltr'><strong>erit</strong></span> <span class='ocrx_word' id='word_1_35' title='bbox 1430 619 1591 674; x_wconf 89' lang='lat' dir='ltr'><strong>Pater</strong></span> <span class='ocrx_word' id='word_1_36' title='bbox 1623 628 1719 674; x_wconf 89' lang='lat' dir='ltr'><strong>aut</strong></span> <span class='ocrx_word' id='word_1_37' title='bbox 1763 617 1936 675; x_wconf 83' lang='lat' dir='ltr'><strong>Filius</strong></span> <span class='ocrx_word' id='word_1_38' title='bbox 1967 615 2051 671; x_wconf 88' lang='lat' dir='ltr'><strong>vel</strong></span> 
     </span>
    </p>
   </div>
   <div class='ocr_carea' id='block_1_8' title="bbox 483 708 2051 784">
    <p class='ocr_par' dir='ltr' id='par_1_8' title="bbox 483 708 2051 784">
     <span class='ocr_line' id='line_1_8' title="bbox 483 708 2051 784; baseline -0.004 -17"><span class='ocrx_word' id='word_1_39' title='bbox 483 715 741 783; x_wconf 79' lang='lat' dir='ltr'><strong>Spiritus,</strong></span> <span class='ocrx_word' id='word_1_40' title='bbox 773 710 1233 784; x_wconf 81' lang='lat' dir='ltr'><strong>quemadmodum</strong></span> <span class='ocrx_word' id='word_1_41' title='bbox 1270 712 1620 779; x_wconf 82' lang='lat' dir='ltr'><strong>dicebamus;</strong></span> <span class='ocrx_word' id='word_1_42' title='bbox 1676 710 1771 765; x_wconf 90' lang='lat' dir='ltr'><strong>sed</strong></span> <span class='ocrx_word' id='word_1_43' title='bbox 1819 708 2051 763; x_wconf 77' lang='lat' dir='ltr'><strong>mutatio</strong></span> 
     </span>
    </p>
   </div>
   <div class='ocr_carea' id='block_1_9' title="bbox 484 793 2051 873">
    <p class='ocr_par' dir='ltr' id='par_1_9' title="bbox 484 793 2051 873">
     <span class='ocr_line' id='line_1_9' title="bbox 484 793 2051 873; baseline -0.006 -16"><span class='ocrx_word' id='word_1_44' title='bbox 484 805 538 857; x_wconf 83' lang='lat' dir='ltr'><strong>in</strong></span> <span class='ocrx_word' id='word_1_45' title='bbox 589 803 739 858; x_wconf 89' lang='lat' dir='ltr'><strong>Trini</strong></span> <span class='ocrx_word' id='word_1_46' title='bbox 768 813 875 868; x_wconf 82' lang='lat' dir='ltr'><strong>ate,</strong></span> <span class='ocrx_word' id='word_1_47' title='bbox 919 804 1193 870; x_wconf 83' lang='lat' dir='ltr'><strong>triumque</strong></span> <span class='ocrx_word' id='word_1_48' title='bbox 1249 816 1607 873; x_wconf 73' lang='lat' dir='ltr'><strong>personarum</strong></span> <span class='ocrx_word' id='word_1_49' title='bbox 1664 796 1941 861; x_wconf 77' lang='lat' dir='ltr'><strong>confusio,</strong></span> <span class='ocrx_word' id='word_1_50' title='bbox 1983 793 2051 849; x_wconf 87' lang='lat' dir='ltr'><strong>ad</strong></span> 
     </span>
    </p>
   </div>
   <div class='ocr_carea' id='block_1_10' title="bbox 482 889 2052 965">
    <p class='ocr_par' dir='ltr' id='par_1_10' title="bbox 482 889 2052 965">
     <span class='ocr_line' id='line_1_10' title="bbox 482 889 2052 965; baseline -0.001 -18"><span class='ocrx_word' id='word_1_51' title='bbox 482 897 839 965; x_wconf 84' lang='lat' dir='ltr'><strong>proprietates</strong></span> <span class='ocrx_word' id='word_1_52' title='bbox 876 898 1025 965; x_wconf 93' lang='lat' dir='ltr'><strong>quod</strong></span> <span class='ocrx_word' id='word_1_53' title='bbox 1074 896 1298 961; x_wconf 84' lang='lat' dir='ltr'><strong>attinet,</strong></span> <span class='ocrx_word' id='word_1_54' title='bbox 1337 895 1733 964; x_wconf 64' lang='lat' dir='ltr'><strong>conspicietur,</strong></span> <span class='ocrx_word' id='word_1_55' title='bbox 1760 890 1905 961; x_wconf 88' lang='lat' dir='ltr'><strong>quod</strong></span> <span class='ocrx_word' id='word_1_56' title='bbox 1957 889 2052 945; x_wconf 83' lang='lat' dir='ltr'><strong>ab-</strong></span> 
     </span>
    </p>
   </div>
   <div class='ocr_carea' id='block_1_11' title="bbox 481 979 2051 1042">
    <p class='ocr_par' dir='ltr' id='par_1_11' title="bbox 481 979 2051 1042">
     <span class='ocr_line' id='line_1_11' title="bbox 481 979 2051 1042; baseline -0.004 -3"><span class='ocrx_word' id='word_1_57' title='bbox 481 985 708 1039; x_wconf 88' lang='lat' dir='ltr'><strong>surdum</strong></span> <span class='ocrx_word' id='word_1_58' title='bbox 745 996 851 1042; x_wconf 83' lang='lat' dir='ltr'><strong>est.</strong></span> <span class='ocrx_word' id='word_1_59' title='bbox 894 986 1095 1042; x_wconf 82' lang='lat' dir='ltr'><strong>Verum</strong></span> <span class='ocrx_word' id='word_1_60' title='bbox 1136 1002 1297 1041; x_wconf 91' lang='lat' dir='ltr'><strong>unam</strong></span> <span class='ocrx_word' id='word_1_61' title='bbox 1351 986 1494 1040; x_wconf 89' lang='lat' dir='ltr'><strong>hanc</strong></span> <span class='ocrx_word' id='word_1_62' title='bbox 1542 982 1952 1039; x_wconf 82' lang='lat' dir='ltr'><strong>distinctionem</strong></span> <span class='ocrx_word' id='word_1_63' title='bbox 1998 979 2051 1033; x_wconf 93' lang='lat' dir='ltr'><strong>in</strong></span> 
     </span>
    </p>
   </div>
   <div class='ocr_carea' id='block_1_12' title="bbox 485 1072 2063 1141">
    <p class='ocr_par' dir='ltr' id='par_1_12' title="bbox 485 1072 2063 1141">
     <span class='ocr_line' id='line_1_12' title="bbox 485 1072 2063 1141; baseline -0.006 -8"><span class='ocrx_word' id='word_1_64' title='bbox 485 1077 593 1133; x_wconf 89' lang='lat' dir='ltr'><strong>ilis</strong></span> <span class='ocrx_word' id='word_1_65' title='bbox 634 1076 806 1132; x_wconf 89' lang='lat' dir='ltr'><strong>tribus</strong></span> <span class='ocrx_word' id='word_1_66' title='bbox 839 1092 903 1131; x_wconf 77' lang='lat' dir='ltr'><strong>ex</strong></span> <span class='ocrx_word' id='word_1_67' title='bbox 940 1078 1233 1131; x_wconf 84' lang='lat' dir='ltr'><strong>traditione</strong></span> <span class='ocrx_word' id='word_1_68' title='bbox 1267 1074 1591 1131; x_wconf 83' lang='lat' dir='ltr'><strong>servandam</strong></span> <span class='ocrx_word' id='word_1_69' title='bbox 1626 1087 1654 1125; x_wconf 91' lang='lat' dir='ltr'><strong>a</strong></span> <span class='ocrx_word' id='word_1_70' title='bbox 1678 1072 2063 1141; x_wconf 67' lang='lat' dir='ltr'><strong>:eepimus;ut</strong></span> 
     </span>
    </p>
   </div>
   <div class='ocr_carea' id='block_1_13' title="bbox 484 1161 2053 1239">
    <p class='ocr_par' dir='ltr' id='par_1_13' title="bbox 484 1161 2053 1239">
     <span class='ocr_line' id='line_1_13' title="bbox 484 1161 2053 1239; baseline -0.006 -16"><span class='ocrx_word' id='word_1_71' title='bbox 484 1167 693 1223; x_wconf 82' lang='lat' dir='ltr'><strong>scilicet</strong></span> <span class='ocrx_word' id='word_1_72' title='bbox 725 1169 952 1223; x_wconf 90' lang='lat' dir='ltr'><strong>alterum</strong></span> <span class='ocrx_word' id='word_1_73' title='bbox 987 1170 1205 1239; x_wconf 87' lang='lat' dir='ltr'><strong>quidem</strong></span> <span class='ocrx_word' id='word_1_74' title='bbox 1255 1166 1473 1222; x_wconf 82' lang='lat' dir='ltr'><strong>Patrem</strong></span> <span class='ocrx_word' id='word_1_75' title='bbox 1509 1165 1781 1229; x_wconf 84' lang='lat' dir='ltr'><strong>dicamus,</strong></span> <span class='ocrx_word' id='word_1_76' title='bbox 1826 1161 2053 1217; x_wconf 86' lang='lat' dir='ltr'><strong>alterum</strong></span> 
     </span>
    </p>
   </div>
   <div class='ocr_carea' id='block_1_14' title="bbox 485 1252 2058 1331">
    <p class='ocr_par' dir='ltr' id='par_1_14' title="bbox 485 1252 2058 1331">
     <span class='ocr_line' id='line_1_14' title="bbox 485 1252 2058 1331; baseline -0.004 -17"><span class='ocrx_word' id='word_1_77' title='bbox 485 1260 707 1327; x_wconf 85' lang='lat' dir='ltr'><strong>Filium,</strong></span> <span class='ocrx_word' id='word_1_78' title='bbox 738 1261 969 1315; x_wconf 77' lang='lat' dir='ltr'><strong>alterum</strong></span> <span class='ocrx_word' id='word_1_79' title='bbox 1020 1260 1281 1331; x_wconf 85' lang='lat' dir='ltr'><strong>Spiritum</strong></span> <span class='ocrx_word' id='word_1_80' title='bbox 1339 1268 1613 1314; x_wconf 87' lang='lat' dir='ltr'><strong>sanctum.</strong></span> <span class='ocrx_word' id='word_1_81' title='bbox 1660 1254 1731 1310; x_wconf 87' lang='lat' dir='ltr'><strong>Ut</strong></span> <span class='ocrx_word' id='word_1_82' title='bbox 1781 1254 1923 1309; x_wconf 88' lang='lat' dir='ltr'><strong>enim</strong></span> <span class='ocrx_word' id='word_1_83' title='bbox 1980 1252 2058 1308; x_wconf 85' lang='lat' dir='ltr'><strong>ait</strong></span> 
     </span>
    </p>
   </div>
   <div class='ocr_carea' id='block_1_15' title="bbox 482 1344 2053 1422">
    <p class='ocr_par' dir='ltr' id='par_1_15' title="bbox 482 1344 2053 1422">
     <span class='ocr_line' id='line_1_15' title="bbox 482 1344 2053 1422; baseline -0.005 -15"><span class='ocrx_word' id='word_1_84' title='bbox 482 1352 777 1422; x_wconf 83' lang='lat' dir='ltr'><strong>Gregorius</strong></span> <span class='ocrx_word' id='word_1_85' title='bbox 830 1353 1167 1419; x_wconf 67' lang='lat' dir='ltr'><strong>Tlieologus:</strong></span> <span class='ocrx_word' id='word_1_86' title='bbox 1211 1352 1570 1407; x_wconf 83' lang='lat' dir='ltr'><strong>Orationibus</strong></span> <span class='ocrx_word' id='word_1_87' title='bbox 1621 1349 1737 1405; x_wconf 88' lang='lat' dir='ltr'><strong>suis</strong></span> <span class='ocrx_word' id='word_1_88' title='bbox 1762 1349 1827 1401; x_wconf 89' lang='lat' dir='ltr'><strong>de</strong></span> <span class='ocrx_word' id='word_1_89' title='bbox 1862 1344 2000 1401; x_wconf 80' lang='lat' dir='ltr'><strong>Filio</strong></span> <span class='ocrx_word' id='word_1_90' title='bbox 2039 1362 2053 1400; x_wconf 88' lang='lat'><strong>:</strong></span> 
     </span>
    </p>
   </div>
   <div class='ocr_carea' id='block_1_16' title="bbox 484 1441 2056 1512">
    <p class='ocr_par' dir='ltr' id='par_1_16' title="bbox 484 1441 2056 1512">
     <span class='ocr_line' id='line_1_16' title="bbox 484 1441 2056 1512; baseline -0.004 -16"><span class='ocrx_word' id='word_1_91' title='bbox 484 1442 765 1509; x_wconf 68' lang='lat' dir='ltr'><strong>Proyriam</strong></span> <span class='ocrx_word' id='word_1_92' title='bbox 839 1453 1011 1497; x_wconf 87' lang='lat' dir='ltr'><strong>autem</strong></span> <span class='ocrx_word' id='word_1_93' title='bbox 1069 1443 1205 1511; x_wconf 86' lang='lat' dir='ltr'><strong>ejus,</strong></span> <span class='ocrx_word' id='word_1_94' title='bbox 1261 1443 1351 1511; x_wconf 97' lang='lat' dir='ltr'><strong>qui</strong></span> <span class='ocrx_word' id='word_1_95' title='bbox 1405 1441 1653 1512; x_wconf 77' lang='lat' dir='ltr'><strong>principii</strong></span> <span class='ocrx_word' id='word_1_96' title='bbox 1716 1453 1897 1507; x_wconf 69' lang='lat' dir='ltr'><strong>expers</strong></span> <span class='ocrx_word' id='word_1_97' title='bbox 1960 1446 2056 1501; x_wconf 84' lang='lat' dir='ltr'><strong>est,</strong></span> 
     </span>
    </p>
   </div>
   <div class='ocr_carea' id='block_1_17' title="bbox 2154 518 3705 596">
    <p class='ocr_par' dir='ltr' id='par_1_17' title="bbox 2154 518 3705 596">
     <span class='ocr_line' id='line_1_17' title="bbox 2154 518 3705 596; baseline 0.006 -24"><span class='ocrx_word' id='word_1_98' title='bbox 2154 521 2503 575; x_wconf 80' lang='grc' dir='ltr'>παντάπασιν</span> <span class='ocrx_word' id='word_1_99' title='bbox 2525 520 2821 589; x_wconf 82' lang='grc' dir='ltr'>ἀπείρηται</span> <span class='ocrx_word' id='word_1_100' title='bbox 2855 518 2949 571; x_wconf 86' lang='grc' dir='ltr'><strong>δύο</strong></span> <span class='ocrx_word' id='word_1_101' title='bbox 2973 519 3135 583; x_wconf 75' lang='grc' dir='ltr'>Υίοὺς</span> <span class='ocrx_word' id='word_1_102' title='bbox 3152 519 3337 587; x_wconf 79' lang='grc' dir='ltr'>λέγειν</span> <span class='ocrx_word' id='word_1_103' title='bbox 3355 522 3414 572; x_wconf 76' lang='grc' dir='ltr'>ἐν</span> <span class='ocrx_word' id='word_1_104' title='bbox 3444 524 3509 593; x_wconf 75' lang='grc' dir='ltr'><strong>τῇ</strong></span> <span class='ocrx_word' id='word_1_105' title='bbox 3527 525 3705 596; x_wconf 82' lang='grc' dir='ltr'>Τριάδι</span> 
     </span>
    </p>
   </div>
   <div class='ocr_carea' id='block_1_18' title="bbox 2152 610 3707 683">
    <p class='ocr_par' dir='ltr' id='par_1_18' title="bbox 2152 610 3707 683">
     <span class='ocr_line' id='line_1_18' title="bbox 2152 610 3707 683; baseline 0.003 -17"><span class='ocrx_word' id='word_1_106' title='bbox 2152 612 2187 683; x_wconf 74' lang='grc' dir='ltr'><strong>ἢ</strong></span> <span class='ocrx_word' id='word_1_107' title='bbox 2218 612 2313 667; x_wconf 85' lang='grc' dir='ltr'><strong>δύο</strong></span> <span class='ocrx_word' id='word_1_108' title='bbox 2347 613 2599 683; x_wconf 81' lang='grc' dir='ltr'>Πατέρας</span> <span class='ocrx_word' id='word_1_109' title='bbox 2628 612 2661 682; x_wconf 77' lang='grc' dir='ltr'>ἦ</span> <span class='ocrx_word' id='word_1_110' title='bbox 2696 610 2791 665; x_wconf 87' lang='grc' dir='ltr'><strong>δύο</strong></span> <span class='ocrx_word' id='word_1_111' title='bbox 2842 610 3157 681; x_wconf 87' lang='grc' dir='ltr'>Πνεύματα,</span> <span class='ocrx_word' id='word_1_112' title='bbox 3187 610 3267 675; x_wconf 81' lang='grc' dir='ltr'><strong>ὡς</strong></span> <span class='ocrx_word' id='word_1_113' title='bbox 3319 615 3388 683; x_wconf 74' lang='grc' dir='ltr'>τῇ</span> <span class='ocrx_word' id='word_1_114' title='bbox 3424 615 3707 683; x_wconf 69' lang='grc' dir='ltr'>παραδςσει</span> 
     </span>
    </p>
   </div>
   <div class='ocr_carea' id='block_1_19' title="bbox 2150 703 3707 775">
    <p class='ocr_par' dir='ltr' id='par_1_19' title="bbox 2150 703 3707 775">
     <span class='ocr_line' id='line_1_19' title="bbox 2150 703 3707 775; baseline 0.003 -16"><span class='ocrx_word' id='word_1_115' title='bbox 2150 706 2253 773; x_wconf 78' lang='grc' dir='ltr'>τῆς</span> <span class='ocrx_word' id='word_1_116' title='bbox 2306 707 2545 768; x_wconf 82' lang='grc' dir='ltr'>πίστεως</span> <span class='ocrx_word' id='word_1_117' title='bbox 2586 704 2854 759; x_wconf 65' lang='grc' dir='ltr'>ἔναντίον.</span> <span class='ocrx_word' id='word_1_118' title='bbox 2901 703 3059 757; x_wconf 82' lang='grc' dir='ltr'>Οὐτω</span> <span class='ocrx_word' id='word_1_119' title='bbox 3091 705 3200 773; x_wconf 80' lang='grc' dir='ltr'>γὰρ</span> <span class='ocrx_word' id='word_1_120' title='bbox 3230 705 3292 760; x_wconf 82' lang='grc' dir='ltr'><strong>οὐ</strong></span> <span class='ocrx_word' id='word_1_121' title='bbox 3328 706 3533 775; x_wconf 78' lang='grc' dir='ltr'>κυρίως</span> <span class='ocrx_word' id='word_1_122' title='bbox 3565 708 3707 764; x_wconf 75' lang='grc' dir='ltr'>ἔσται</span> 
     </span>
    </p>
   </div>
   <div class='ocr_carea' id='block_1_20' title="bbox 2154 796 3710 868">
    <p class='ocr_par' dir='ltr' id='par_1_20' title="bbox 2154 796 3710 868">
     <span class='ocr_line' id='line_1_20' title="bbox 2154 796 3710 868; baseline 0.002 -18"><span class='ocrx_word' id='word_1_123' title='bbox 2154 796 2345 868; x_wconf 82' lang='grc' dir='ltr'>Πατὴρ</span> <span class='ocrx_word' id='word_1_124' title='bbox 2376 797 2409 868; x_wconf 76' lang='grc' dir='ltr'>ἢ</span> <span class='ocrx_word' id='word_1_125' title='bbox 2448 797 2577 861; x_wconf 83' lang='grc' dir='ltr'><strong>Υἱὸς</strong></span> <span class='ocrx_word' id='word_1_126' title='bbox 2624 796 2658 868; x_wconf 76' lang='grc' dir='ltr'>ἢ</span> <span class='ocrx_word' id='word_1_127' title='bbox 2696 796 2945 866; x_wconf 89' lang='grc' dir='ltr'>Πνεῦμα,</span> <span class='ocrx_word' id='word_1_128' title='bbox 2976 796 3229 866; x_wconf 79' lang='grc' dir='ltr'>καθάπερ</span> <span class='ocrx_word' id='word_1_129' title='bbox 3259 797 3554 866; x_wconf 57' lang='grc' dir='ltr'>ἐλέγομεν</span> <span class='ocrx_word' id='word_1_130' title='bbox 3585 800 3710 853; x_wconf 80' lang='grc' dir='ltr'><strong>ἀλλά</strong></span> 
     </span>
    </p>
   </div>
   <div class='ocr_carea' id='block_1_21' title="bbox 2156 886 3710 959">
    <p class='ocr_par' dir='ltr' id='par_1_21' title="bbox 2156 886 3710 959">
     <span class='ocr_line' id='line_1_21' title="bbox 2156 886 3710 959; baseline 0 -18"><span class='ocrx_word' id='word_1_131' title='bbox 2156 889 2433 959; x_wconf 75' lang='grc' dir='ltr'>μεταὸοὴ</span> <span class='ocrx_word' id='word_1_132' title='bbox 2464 890 2595 959; x_wconf 83' lang='grc' dir='ltr'>περὶ</span> <span class='ocrx_word' id='word_1_133' title='bbox 2624 890 2723 957; x_wconf 79' lang='grc' dir='ltr'>τὴν</span> <span class='ocrx_word' id='word_1_134' title='bbox 2753 888 2985 959; x_wconf 76' lang='grc' dir='ltr'>Τριάδα,</span> <span class='ocrx_word' id='word_1_135' title='bbox 3008 887 3104 939; x_wconf 71' lang='grc' dir='ltr'><strong>καὶ</strong></span> <span class='ocrx_word' id='word_1_136' title='bbox 3135 886 3400 957; x_wconf 81' lang='grc' dir='ltr'>σύγχυσις</span> <span class='ocrx_word' id='word_1_137' title='bbox 3429 887 3532 941; x_wconf 88' lang='grc' dir='ltr'><strong>τῶν</strong></span> <span class='ocrx_word' id='word_1_138' title='bbox 3555 889 3710 958; x_wconf 86' lang='grc' dir='ltr'>τριῶν</span> 
     </span>
    </p>
   </div>
   <div class='ocr_carea' id='block_1_22' title="bbox 2154 974 3710 1050">
    <p class='ocr_par' dir='ltr' id='par_1_22' title="bbox 2154 974 3710 1050">
     <span class='ocr_line' id='line_1_22' title="bbox 2154 974 3710 1050; baseline -0.001 -18"><span class='ocrx_word' id='word_1_139' title='bbox 2154 980 2468 1050; x_wconf 83' lang='grc' dir='ltr'><strong>προσώπων</strong></span> <span class='ocrx_word' id='word_1_140' title='bbox 2502 976 2644 1032; x_wconf 86' lang='grc' dir='ltr'>κατά</span> <span class='ocrx_word' id='word_1_141' title='bbox 2672 977 2769 1040; x_wconf 76' lang='grc' dir='ltr'><strong>τὰς</strong></span> <span class='ocrx_word' id='word_1_142' title='bbox 2803 977 3073 1046; x_wconf 72' lang='grc' dir='ltr'>ἰδιότητας</span> <span class='ocrx_word' id='word_1_143' title='bbox 3121 974 3560 1046; x_wconf 78' lang='grc' dir='ltr'>θεωρτ,οήσεται,</span> <span class='ocrx_word' id='word_1_144' title='bbox 3586 979 3710 1048; x_wconf 80' lang='grc' dir='ltr'>ὅπερ</span> 
     </span>
    </p>
   </div>
   <div class='ocr_carea' id='block_1_23' title="bbox 2163 1066 3747 1140">
    <p class='ocr_par' dir='ltr' id='par_1_23' title="bbox 2163 1066 3747 1140">
     <span class='ocr_line' id='line_1_23' title="bbox 2163 1066 3747 1140; baseline -0.002 -16"><span class='ocrx_word' id='word_1_145' title='bbox 2163 1071 2387 1124; x_wconf 75' lang='grc' dir='ltr'>ἄτοπον.</span> <span class='ocrx_word' id='word_1_146' title='bbox 2420 1067 2583 1122; x_wconf 80' lang='grc' dir='ltr'>Ἀλλά</span> <span class='ocrx_word' id='word_1_147' title='bbox 2604 1068 2702 1140; x_wconf 75' lang='grc' dir='ltr'>τὴν</span> <span class='ocrx_word' id='word_1_148' title='bbox 2742 1068 3005 1139; x_wconf 81' lang='grc' dir='ltr'>διαφορὰν</span> <span class='ocrx_word' id='word_1_149' title='bbox 3032 1066 3238 1139; x_wconf 78' lang='grc' dir='ltr'>ταύτην</span> <span class='ocrx_word' id='word_1_150' title='bbox 3268 1069 3365 1121; x_wconf 78' lang='grc' dir='ltr'><strong>καὶ</strong></span> <span class='ocrx_word' id='word_1_151' title='bbox 3392 1068 3557 1136; x_wconf 80' lang='grc' dir='ltr'>μόνην</span> <span class='ocrx_word' id='word_1_152' title='bbox 3580 1085 3639 1120; x_wconf 82' lang='grc' dir='ltr'>π;</span> <span class='ocrx_word' id='word_1_153' title='bbox 3659 1086 3709 1137; x_wconf 65' lang='grc' dir='ltr'>ρη</span> <span class='ocrx_word' id='word_1_154' title='bbox 3744 1074 3747 1077; x_wconf 66' lang='grc'><em>“</em></span> 
     </span>
    </p>
   </div>
   <div class='ocr_carea' id='block_1_24' title="bbox 2154 1161 3713 1233">
    <p class='ocr_par' dir='ltr' id='par_1_24' title="bbox 2154 1161 3713 1233">
     <span class='ocr_line' id='line_1_24' title="bbox 2154 1161 3713 1233; baseline -0.001 -17"><span class='ocrx_word' id='word_1_155' title='bbox 2154 1161 2419 1232; x_wconf 80' lang='grc' dir='ltr'>εδόοημεν</span> <span class='ocrx_word' id='word_1_156' title='bbox 2468 1162 2759 1233; x_wconf 74' lang='grc' dir='ltr'><strong>φυλάττειν</strong></span> <span class='ocrx_word' id='word_1_157' title='bbox 2811 1163 2905 1216; x_wconf 70' lang='grc' dir='ltr'><strong>ἐπὶ</strong></span> <span class='ocrx_word' id='word_1_158' title='bbox 2937 1163 3046 1216; x_wconf 90' lang='grc' dir='ltr'><strong>τῶν</strong></span> <span class='ocrx_word' id='word_1_159' title='bbox 3078 1161 3250 1233; x_wconf 83' lang='grc' dir='ltr'>τριῶν</span> <span class='ocrx_word' id='word_1_160' title='bbox 3276 1177 3291 1193; x_wconf 78' lang='grc' dir='ltr'><strong>ο</strong></span> <span class='ocrx_word' id='word_1_161' title='bbox 3322 1165 3381 1216; x_wconf 69' lang='grc' dir='ltr'>ἐν</span> <span class='ocrx_word' id='word_1_162' title='bbox 3410 1161 3486 1232; x_wconf 87' lang='grc' dir='ltr'>τῷ</span> <span class='ocrx_word' id='word_1_163' title='bbox 3516 1163 3604 1215; x_wconf 78' lang='grc' dir='ltr'>τὸν</span> <span class='ocrx_word' id='word_1_164' title='bbox 3628 1164 3713 1231; x_wconf 80' lang='grc' dir='ltr'>μὲν</span> 
     </span>
    </p>
   </div>
   <div class='ocr_carea' id='block_1_25' title="bbox 2159 1254 3705 1326">
    <p class='ocr_par' dir='ltr' id='par_1_25' title="bbox 2159 1254 3705 1326">
     <span class='ocr_line' id='line_1_25' title="bbox 2159 1254 3705 1326; baseline 0.001 -17"><span class='ocrx_word' id='word_1_165' title='bbox 2159 1256 2383 1326; x_wconf 79' lang='grc' dir='ltr'>Πατέρα</span> <span class='ocrx_word' id='word_1_166' title='bbox 2418 1255 2619 1323; x_wconf 80' lang='grc' dir='ltr'>λέγειν,</span> <span class='ocrx_word' id='word_1_167' title='bbox 2659 1255 2750 1308; x_wconf 79' lang='grc' dir='ltr'><strong>τὸν</strong></span> <span class='ocrx_word' id='word_1_168' title='bbox 2776 1255 2832 1309; x_wconf 75' lang='grc' dir='ltr'>δὲ</span> <span class='ocrx_word' id='word_1_169' title='bbox 2874 1256 3021 1321; x_wconf 78' lang='grc' dir='ltr'>Υίὺν,</span> <span class='ocrx_word' id='word_1_170' title='bbox 3054 1257 3136 1309; x_wconf 64' lang='lat'><strong>16’</strong></span> <span class='ocrx_word' id='word_1_171' title='bbox 3156 1256 3213 1309; x_wconf 83' lang='grc' dir='ltr'>δὲ</span> <span class='ocrx_word' id='word_1_172' title='bbox 3271 1256 3429 1323; x_wconf 83' lang='grc' dir='ltr'>ᾰγιον</span> <span class='ocrx_word' id='word_1_173' title='bbox 3480 1254 3705 1325; x_wconf 87' lang='grc' dir='ltr'>Πνεῦμα.</span> 
     </span>
    </p>
   </div>
   <div class='ocr_carea' id='block_1_26' title="bbox 2157 1346 3711 1421">
    <p class='ocr_par' dir='ltr' id='par_1_26' title="bbox 2157 1346 3711 1421">
     <span class='ocr_line' id='line_1_26' title="bbox 2157 1346 3711 1421; baseline 0.001 -19"><span class='ocrx_word' id='word_1_174' title='bbox 2157 1346 2310 1402; x_wconf 69' lang='grc' dir='ltr'>Καθὰ</span> <span class='ocrx_word' id='word_1_175' title='bbox 2340 1346 2447 1417; x_wconf 84' lang='grc' dir='ltr'><strong>γάρ</strong></span> <span class='ocrx_word' id='word_1_176' title='bbox 2479 1366 2645 1417; x_wconf 76' lang='grc' dir='ltr'>φησιν</span> <span class='ocrx_word' id='word_1_177' title='bbox 2667 1347 2695 1401; x_wconf 97' lang='lat'><strong>6</strong></span> <span class='ocrx_word' id='word_1_178' title='bbox 2732 1348 2994 1417; x_wconf 76' lang='grc' dir='ltr'>Θεολόγος</span> <span class='ocrx_word' id='word_1_179' title='bbox 3029 1349 3333 1419; x_wconf 84' lang='grc' dir='ltr'>Γρηγόριος</span> <span class='ocrx_word' id='word_1_180' title='bbox 3366 1351 3424 1401; x_wconf 79' lang='grc' dir='ltr'><strong>έν</strong></span> <span class='ocrx_word' id='word_1_181' title='bbox 3450 1351 3562 1413; x_wconf 84' lang='grc' dir='ltr'>τοῖς</span> <span class='ocrx_word' id='word_1_182' title='bbox 3594 1352 3711 1421; x_wconf 73' lang='grc' dir='ltr'>περὶ</span> 
     </span>
    </p>
   </div>
   <div class='ocr_carea' id='block_1_27' title="bbox 2157 1438 3712 1513">
    <p class='ocr_par' dir='ltr' id='par_1_27' title="bbox 2157 1438 3712 1513">
     <span class='ocr_line' id='line_1_27' title="bbox 2157 1438 3712 1513; baseline 0.004 -21"><span class='ocrx_word' id='word_1_183' title='bbox 2157 1438 2289 1493; x_wconf 83' lang='grc' dir='ltr'>Υίοῦ</span> <span class='ocrx_word' id='word_1_184' title='bbox 2320 1439 2460 1511; x_wconf 86' lang='grc'>(67),</span> <span class='ocrx_word' id='word_1_185' title='bbox 2493 1457 2513 1492; x_wconf 72' lang='grc' dir='ltr'><strong>ι</strong></span> <span class='ocrx_word' id='word_1_186' title='bbox 2560 1440 2721 1494; x_wconf 83' lang='grc' dir='ltr'>Ἰδιον</span> <span class='ocrx_word' id='word_1_187' title='bbox 2748 1440 2805 1493; x_wconf 83' lang='grc' dir='ltr'>δὲ</span> <span class='ocrx_word' id='word_1_188' title='bbox 2838 1440 2932 1494; x_wconf 90' lang='grc' dir='ltr'><strong>τοῦ</strong></span> <span class='ocrx_word' id='word_1_189' title='bbox 2987 1444 3086 1510; x_wconf 84' lang='grc' dir='ltr'>μὲν</span> <span class='ocrx_word' id='word_1_190' title='bbox 3118 1442 3362 1513; x_wconf 80' lang='grc' dir='ltr'>ἀνάρχου</span> <span class='ocrx_word' id='word_1_191' title='bbox 3396 1444 3601 1513; x_wconf 67' lang='grc' dir='ltr'>Πατὴρ,</span> <span class='ocrx_word' id='word_1_192' title='bbox 3630 1446 3712 1498; x_wconf 73' lang='grc' dir='ltr'><strong>τοῦ</strong></span> 
     </span>
    </p>
   </div>
   <div class='ocr_carea' id='block_1_28' title="bbox 486 1528 2057 1601">
    <p class='ocr_par' dir='ltr' id='par_1_28' title="bbox 486 1528 2057 1601">
     <span class='ocr_line' id='line_1_28' title="bbox 486 1528 2057 1601; baseline -0.005 -14"><span class='ocrx_word' id='word_1_193' title='bbox 486 1551 671 1589; x_wconf 84' lang='lat' dir='ltr'><strong>nomen</strong></span> <span class='ocrx_word' id='word_1_194' title='bbox 715 1544 789 1589; x_wconf 87' lang='lat' dir='ltr'><strong>est</strong></span> <span class='ocrx_word' id='word_1_195' title='bbox 848 1534 1045 1598; x_wconf 84' lang='lat' dir='ltr'><strong>Pater;</strong></span> <span class='ocrx_word' id='word_1_196' title='bbox 1083 1533 1195 1598; x_wconf 71' lang='lat' dir='ltr'><strong>Eius</strong></span> <span class='ocrx_word' id='word_1_197' title='bbox 1224 1544 1420 1597; x_wconf 87' lang='lat' dir='ltr'><strong>autem,</strong></span> <span class='ocrx_word' id='word_1_198' title='bbox 1461 1533 1551 1601; x_wconf 87' lang='lat' dir='ltr'><strong>qui</strong></span> <span class='ocrx_word' id='word_1_199' title='bbox 1580 1532 1715 1586; x_wconf 87' lang='lat' dir='ltr'><strong>citra</strong></span> <span class='ocrx_word' id='word_1_200' title='bbox 1744 1528 2057 1598; x_wconf 81' lang='lat' dir='ltr'><strong>principium</strong></span> 
     </span>
    </p>
   </div>
   <div class='ocr_carea' id='block_1_29' title="bbox 484 1622 2059 1696">
    <p class='ocr_par' dir='ltr' id='par_1_29' title="bbox 484 1622 2059 1696">
     <span class='ocr_line' id='line_1_29' title="bbox 484 1622 2059 1696; baseline -0.003 -19"><span class='ocrx_word' id='word_1_201' title='bbox 484 1626 689 1696; x_wconf 84' lang='lat' dir='ltr'><strong>genitus</strong></span> <span class='ocrx_word' id='word_1_202' title='bbox 719 1636 816 1688; x_wconf 83' lang='lat' dir='ltr'><strong>est,</strong></span> <span class='ocrx_word' id='word_1_203' title='bbox 853 1623 1057 1690; x_wconf 77' lang='lat' dir='ltr'><strong>Filius;</strong></span> <span class='ocrx_word' id='word_1_204' title='bbox 1096 1626 1241 1679; x_wconf 86' lang='lat' dir='ltr'><strong>illius</strong></span> <span class='ocrx_word' id='word_1_205' title='bbox 1278 1626 1519 1693; x_wconf 70' lang='lat' dir='ltr'><strong>denique,</strong></span> <span class='ocrx_word' id='word_1_206' title='bbox 1543 1624 1632 1693; x_wconf 85' lang='lat' dir='ltr'><strong>qui</strong></span> <span class='ocrx_word' id='word_1_207' title='bbox 1671 1622 1805 1675; x_wconf 87' lang='lat' dir='ltr'><strong>citra</strong></span> <span class='ocrx_word' id='word_1_208' title='bbox 1837 1636 2059 1690; x_wconf 52' lang='lat' dir='ltr'><strong>genera.</strong></span> 
     </span>
    </p>
   </div>
   <div class='ocr_carea' id='block_1_30' title="bbox 484 1712 2054 1788">
    <p class='ocr_par' dir='ltr' id='par_1_30' title="bbox 484 1712 2054 1787">
     <span class='ocr_line' id='line_1_30' title="bbox 484 1712 2054 1787; baseline -0.004 -18"><span class='ocrx_word' id='word_1_209' title='bbox 484 1717 673 1769; x_wconf 82' lang='lat' dir='ltr'><strong>tionem</strong></span> <span class='ocrx_word' id='word_1_210' title='bbox 746 1718 998 1787; x_wconf 79' lang='lat' dir='ltr'><strong>processit</strong></span> <span class='ocrx_word' id='word_1_211' title='bbox 1054 1734 1145 1770; x_wconf 90' lang='lat' dir='ltr'><strong>seu</strong></span> <span class='ocrx_word' id='word_1_212' title='bbox 1207 1717 1366 1770; x_wconf 88' lang='lat' dir='ltr'><strong>etiam</strong></span> <span class='ocrx_word' id='word_1_213' title='bbox 1416 1714 1769 1785; x_wconf 83' lang='lat' dir='ltr'><strong>progreditur,</strong></span> <span class='ocrx_word' id='word_1_214' title='bbox 1821 1712 2054 1780; x_wconf 80' lang='lat' dir='ltr'><strong>Spiritus</strong></span> 
     </span>
    </p>
   </div>
   <div class='ocr_carea' id='block_1_31' title="bbox 2155 1712 3714 1788">
    <p class='ocr_par' dir='ltr' id='par_1_31' title="bbox 2160 1713 3714 1788">
     <span class='ocr_line' id='line_1_31' title="bbox 2160 1713 3714 1788; baseline 0.005 -23"><span class='ocrx_word' id='word_1_215' title='bbox 2160 1713 2271 1766; x_wconf 78' lang='grc' dir='ltr'><strong>Καὶ</strong></span> <span class='ocrx_word' id='word_1_216' title='bbox 2299 1716 2326 1766; x_wconf 89' lang='lat'><strong>6</strong></span> <span class='ocrx_word' id='word_1_217' title='bbox 2356 1714 2716 1783; x_wconf 76' lang='grc' dir='ltr'>Δαμασκηνὸς</span> <span class='ocrx_word' id='word_1_218' title='bbox 2758 1716 2815 1767; x_wconf 83' lang='grc' dir='ltr'>ὲν</span> <span class='ocrx_word' id='word_1_219' title='bbox 2851 1717 2965 1777; x_wconf 83' lang='grc' dir='ltr'>τοῖς</span> <span class='ocrx_word' id='word_1_220' title='bbox 2996 1715 3339 1784; x_wconf 80' lang='grc' dir='ltr'>θεολογικοῖς</span> <span class='ocrx_word' id='word_1_221' title='bbox 3364 1718 3528 1771; x_wconf 87' lang='grc' dir='ltr'>αὐτοῦ</span> <span class='ocrx_word' id='word_1_222' title='bbox 3560 1736 3714 1788; x_wconf 82' lang='grc' dir='ltr'>κεφαο</span> 
     </span>
    </p>
   </div>
   <div class='ocr_carea' id='block_1_32' title="bbox 482 1787 2054 1890">
    <p class='ocr_par' dir='ltr' id='par_1_32' title="bbox 482 1799 2054 1874">
     <span class='ocr_line' id='line_1_32' title="bbox 482 1799 2054 1874; baseline -0.003 -15"><span class='ocrx_word' id='word_1_223' title='bbox 482 1816 718 1859; x_wconf 84' lang='lat' dir='ltr'><strong>sanctus.</strong></span> <span class='ocrx_word' id='word_1_224' title='bbox 774 1806 1141 1860; x_wconf 87' lang='lat' dir='ltr'><strong>Damascenus</strong></span> <span class='ocrx_word' id='word_1_225' title='bbox 1193 1819 1422 1874; x_wconf 87' lang='lat' dir='ltr'><strong>quoque</strong></span> <span class='ocrx_word' id='word_1_226' title='bbox 1462 1804 1515 1858; x_wconf 89' lang='lat' dir='ltr'><strong>in</strong></span> <span class='ocrx_word' id='word_1_227' title='bbox 1578 1800 1897 1871; x_wconf 84' lang='lat' dir='ltr'><strong>tbeologicis</strong></span> <span class='ocrx_word' id='word_1_228' title='bbox 1944 1799 2054 1856; x_wconf 86' lang='lat' dir='ltr'><strong>suis</strong></span> 
     </span>
    </p>
   </div>
   <div class='ocr_carea' id='block_1_33' title="bbox 2155 1787 3715 1890">
    <p class='ocr_par' dir='ltr' id='par_1_33' title="bbox 2164 1787 3715 1890">
     <span class='ocr_line' id='line_1_33' title="bbox 2164 1787 3715 1890; baseline 0.006 -34"><span class='ocrx_word' id='word_1_229' title='bbox 2164 1804 2338 1867; x_wconf 77' lang='grc' dir='ltr'>λαίοις</span> <span class='ocrx_word' id='word_1_230' title='bbox 2375 1804 2512 1876; x_wconf 83' lang='grc'>(68),</span> <span class='ocrx_word' id='word_1_231' title='bbox 2553 1824 2570 1857; x_wconf 78' lang='grc' dir='ltr'><strong>ι</strong></span> <span class='ocrx_word' id='word_1_232' title='bbox 2611 1806 2712 1858; x_wconf 82' lang='grc' dir='ltr'>Διά</span> <span class='ocrx_word' id='word_1_233' title='bbox 2758 1806 2850 1859; x_wconf 71' lang='grc' dir='ltr'>τὸν</span> <span class='ocrx_word' id='word_1_234' title='bbox 2901 1806 3124 1878; x_wconf 78' lang='grc' dir='ltr'>Πατέρα</span> <span class='ocrx_word' id='word_1_235' title='bbox 3164 1808 3281 1877; x_wconf 75' lang='grc' dir='ltr'>ἔχει</span> <span class='ocrx_word' id='word_1_236' title='bbox 3326 1810 3366 1890; x_wconf 40' lang='lat'><em>6‘</em></span> <span class='ocrx_word' id='word_1_237' title='bbox 3387 1809 3509 1873; x_wconf 80' lang='grc' dir='ltr'><strong>Υἱὸς</strong></span> <span class='ocrx_word' id='word_1_238' title='bbox 3547 1787 3715 1865; x_wconf 73' lang='grc' dir='ltr'>καὶτὸ</span> 
     </span>
    </p>
   </div>
   <div class='ocr_carea' id='block_1_34' title="bbox 470 1891 2054 1969">
    <p class='ocr_par' dir='ltr' id='par_1_34' title="bbox 470 1891 2054 1965">
     <span class='ocr_line' id='line_1_34' title="bbox 470 1891 2054 1965; baseline -0.005 -12"><span class='ocrx_word' id='word_1_239' title='bbox 470 1897 754 1965; x_wconf 74' lang='lat' dir='ltr'><strong>Capitibus</strong></span> <span class='ocrx_word' id='word_1_240' title='bbox 791 1915 803 1949; x_wconf 93' lang='lat'><strong>:</strong></span> <span class='ocrx_word' id='word_1_241' title='bbox 841 1896 1061 1960; x_wconf 77' lang='lat' dir='ltr'><strong>Propter</strong></span> <span class='ocrx_word' id='word_1_242' title='bbox 1090 1894 1308 1950; x_wconf 86' lang='lat' dir='ltr'><strong>Patrem</strong></span> <span class='ocrx_word' id='word_1_243' title='bbox 1348 1895 1540 1949; x_wconf 81' lang='lat' dir='ltr'><strong>habent</strong></span> <span class='ocrx_word' id='word_1_244' title='bbox 1573 1893 1746 1948; x_wconf 84' lang='lat' dir='ltr'><strong>Filius</strong></span> <span class='ocrx_word' id='word_1_245' title='bbox 1794 1903 1841 1947; x_wconf 88' lang='lat' dir='ltr'><strong>et</strong></span> <span class='ocrx_word' id='word_1_246' title='bbox 1881 1891 2054 1961; x_wconf 80' lang='lat' dir='ltr'><strong>Spiri—</strong></span> 
     </span>
    </p>
   </div>
   <div class='ocr_carea' id='block_1_35' title="bbox 2155 1891 3715 1969">
    <p class='ocr_par' dir='ltr' id='par_1_35' title="bbox 2161 1894 3715 1969">
     <span class='ocr_line' id='line_1_35' title="bbox 2161 1894 3715 1969; baseline 0.003 -17"><span class='ocrx_word' id='word_1_247' title='bbox 2161 1894 2412 1965; x_wconf 80' lang='grc' dir='ltr'><strong>Πνεῦμα,</strong></span> <span class='ocrx_word' id='word_1_248' title='bbox 2444 1897 2620 1950; x_wconf 80' lang='grc' dir='ltr'>πάντα</span> <span class='ocrx_word' id='word_1_249' title='bbox 2655 1898 2758 1950; x_wconf 86' lang='grc' dir='ltr'>ὅσα</span> <span class='ocrx_word' id='word_1_250' title='bbox 2798 1897 2913 1969; x_wconf 76' lang='grc' dir='ltr'>ἔχει</span> <span class='ocrx_word' id='word_1_251' title='bbox 2942 1914 2956 1930; x_wconf 91' lang='grc'><strong>·</strong></span> <span class='ocrx_word' id='word_1_252' title='bbox 2990 1899 3263 1969; x_wconf 63' lang='grc' dir='ltr'>τουτέστι,</span> <span class='ocrx_word' id='word_1_253' title='bbox 3293 1900 3384 1954; x_wconf 81' lang='grc' dir='ltr'>διὰ</span> <span class='ocrx_word' id='word_1_254' title='bbox 3409 1902 3470 1954; x_wconf 82' lang='grc' dir='ltr'>τὸ</span> <span class='ocrx_word' id='word_1_255' title='bbox 3500 1902 3587 1955; x_wconf 77' lang='grc' dir='ltr'><strong>τὸν</strong></span> <span class='ocrx_word' id='word_1_256' title='bbox 3619 1904 3715 1957; x_wconf 87' lang='grc' dir='ltr'>Πα-</span> 
     </span>
    </p>
   </div>
   <div class='ocr_carea' id='block_1_36' title="bbox 488 1980 2054 2062">
    <p class='ocr_par' dir='ltr' id='par_1_36' title="bbox 488 1985 2054 2058">
     <span class='ocr_line' id='line_1_36' title="bbox 488 1985 2054 2058; baseline -0.003 -17"><span class='ocrx_word' id='word_1_257' title='bbox 488 1995 572 2041; x_wconf 79' lang='lat' dir='ltr'><strong>tus</strong></span> <span class='ocrx_word' id='word_1_258' title='bbox 603 1988 780 2040; x_wconf 86' lang='lat' dir='ltr'><strong>omnia</strong></span> <span class='ocrx_word' id='word_1_259' title='bbox 832 2003 1149 2058; x_wconf 73' lang='lat' dir='ltr'><strong>qua’cunque</strong></span> <span class='ocrx_word' id='word_1_260' title='bbox 1174 1988 1403 2052; x_wconf 81' lang='lat' dir='ltr'><strong>habent;</strong></span> <span class='ocrx_word' id='word_1_261' title='bbox 1432 1989 1525 2041; x_wconf 80' lang='lat' dir='ltr'><strong>hoc</strong></span> <span class='ocrx_word' id='word_1_262' title='bbox 1561 1997 1662 2050; x_wconf 82' lang='lat' dir='ltr'><strong>est,</strong></span> <span class='ocrx_word' id='word_1_263' title='bbox 1697 1986 1889 2041; x_wconf 84' lang='lat' dir='ltr'><strong>idcirco</strong></span> <span class='ocrx_word' id='word_1_264' title='bbox 1922 1985 2054 2056; x_wconf 89' lang='lat' dir='ltr'><strong>quod</strong></span> 
     </span>
    </p>
   </div>
   <div class='ocr_carea' id='block_1_37' title="bbox 2155 1980 3713 2062">
    <p class='ocr_par' dir='ltr' id='par_1_37' title="bbox 2155 1980 3713 2062">
     <span class='ocr_line' id='line_1_37' title="bbox 2155 1980 3713 2062; baseline 0.004 -22"><span class='ocrx_word' id='word_1_265' title='bbox 2155 1980 2296 2059; x_wconf 63' lang='grc' dir='ltr'>ἒέρα</span> <span class='ocrx_word' id='word_1_266' title='bbox 2327 1987 2471 2058; x_wconf 76' lang='grc' dir='ltr'>ἔχειν</span> <span class='ocrx_word' id='word_1_267' title='bbox 2498 1989 2637 2043; x_wconf 87' lang='grc' dir='ltr'><strong>αὐτά</strong></span> <span class='ocrx_word' id='word_1_268' title='bbox 2656 2030 2671 2053; x_wconf 95' lang='grc'><strong>,</strong></span> <span class='ocrx_word' id='word_1_269' title='bbox 2697 1989 2836 2060; x_wconf 76' lang='grc' dir='ltr'>πλὴν</span> <span class='ocrx_word' id='word_1_270' title='bbox 2875 1989 2975 2060; x_wconf 81' lang='grc' dir='ltr'>τῆς</span> <span class='ocrx_word' id='word_1_271' title='bbox 3005 1990 3337 2061; x_wconf 83' lang='grc' dir='ltr'>ἀγεννησίας</span> <span class='ocrx_word' id='word_1_272' title='bbox 3366 1992 3457 2045; x_wconf 78' lang='grc' dir='ltr'><strong>καὶ</strong></span> <span class='ocrx_word' id='word_1_273' title='bbox 3485 1995 3579 2062; x_wconf 79' lang='grc' dir='ltr'><strong>τῆς</strong></span> <span class='ocrx_word' id='word_1_274' title='bbox 3603 2010 3713 2062; x_wconf 83' lang='grc' dir='ltr'>γεν-</span> 
     </span>
    </p>
   </div>
   <div class='ocr_carea' id='block_1_38' title="bbox 489 2075 2054 2154">
    <p class='ocr_par' dir='ltr' id='par_1_38' title="bbox 489 2075 2054 2149">
     <span class='ocr_line' id='line_1_38' title="bbox 489 2075 2054 2149; baseline -0.001 -16"><span class='ocrx_word' id='word_1_275' title='bbox 489 2075 650 2133; x_wconf 84' lang='lat' dir='ltr'><strong>Pater</strong></span> <span class='ocrx_word' id='word_1_276' title='bbox 670 2080 766 2133; x_wconf 83' lang='lat' dir='ltr'><strong>illa</strong></span> <span class='ocrx_word' id='word_1_277' title='bbox 787 2081 941 2134; x_wconf 75' lang='lat' dir='ltr'><strong>habet</strong></span> <span class='ocrx_word' id='word_1_278' title='bbox 966 2120 981 2145; x_wconf 93' lang='lat'><strong>,</strong></span> <span class='ocrx_word' id='word_1_279' title='bbox 1001 2082 1227 2149; x_wconf 76' lang='lat' dir='ltr'><strong>exceptis</strong></span> <span class='ocrx_word' id='word_1_280' title='bbox 1242 2079 1649 2133; x_wconf 82' lang='lat' dir='ltr'><strong>innascibilitate</strong></span> <span class='ocrx_word' id='word_1_281' title='bbox 1663 2086 1712 2133; x_wconf 88' lang='lat' dir='ltr'><strong>et</strong></span> <span class='ocrx_word' id='word_1_282' title='bbox 1728 2079 2054 2149; x_wconf 78' lang='lat' dir='ltr'><strong>generatione</strong></span> 
     </span>
    </p>
   </div>
   <div class='ocr_carea' id='block_1_39' title="bbox 2155 2075 3714 2154">
    <p class='ocr_par' dir='ltr' id='par_1_39' title="bbox 2162 2078 3714 2154">
     <span class='ocr_line' id='line_1_39' title="bbox 2162 2078 3714 2154; baseline 0.004 -23"><span class='ocrx_word' id='word_1_283' title='bbox 2162 2080 2373 2150; x_wconf 78' lang='grc' dir='ltr'>νήσεως</span> <span class='ocrx_word' id='word_1_284' title='bbox 2403 2080 2497 2133; x_wconf 79' lang='grc' dir='ltr'><strong>καὶ</strong></span> <span class='ocrx_word' id='word_1_285' title='bbox 2523 2079 2625 2150; x_wconf 83' lang='grc' dir='ltr'>τῆς</span> <span class='ocrx_word' id='word_1_286' title='bbox 2664 2078 3048 2152; x_wconf 75' lang='grc' dir='ltr'>ὲκπορεύσεως</span> <span class='ocrx_word' id='word_1_287' title='bbox 3065 2096 3081 2111; x_wconf 88' lang='grc'><strong>·</strong></span> <span class='ocrx_word' id='word_1_288' title='bbox 3132 2082 3193 2135; x_wconf 81' lang='grc' dir='ltr'><strong>έν</strong></span> <span class='ocrx_word' id='word_1_289' title='bbox 3222 2082 3456 2146; x_wconf 79' lang='grc' dir='ltr'><strong>ταύταις</strong></span> <span class='ocrx_word' id='word_1_290' title='bbox 3483 2084 3586 2154; x_wconf 76' lang='grc' dir='ltr'>γὰρ</span> <span class='ocrx_word' id='word_1_291' title='bbox 3628 2085 3714 2154; x_wconf 83' lang='grc' dir='ltr'>μό-</span> 
     </span>
    </p>
   </div>
   <div class='ocr_carea' id='block_1_40' title="bbox 489 2168 2054 2246">
    <p class='ocr_par' dir='ltr' id='par_1_40' title="bbox 489 2170 2054 2241">
     <span class='ocr_line' id='line_1_40' title="bbox 489 2170 2054 2241; baseline 0.001 -19"><span class='ocrx_word' id='word_1_292' title='bbox 489 2186 552 2223; x_wconf 89' lang='lat' dir='ltr'><strong>ac</strong></span> <span class='ocrx_word' id='word_1_293' title='bbox 569 2172 917 2235; x_wconf 83' lang='lat' dir='ltr'><strong>processione.</strong></span> <span class='ocrx_word' id='word_1_294' title='bbox 940 2171 1005 2225; x_wconf 85' lang='lat' dir='ltr'><strong>In</strong></span> <span class='ocrx_word' id='word_1_295' title='bbox 1019 2174 1101 2226; x_wconf 83' lang='lat' dir='ltr'><strong>his</strong></span> <span class='ocrx_word' id='word_1_296' title='bbox 1117 2172 1254 2226; x_wconf 87' lang='lat' dir='ltr'><strong>enim</strong></span> <span class='ocrx_word' id='word_1_297' title='bbox 1276 2172 1537 2226; x_wconf 74' lang='lat' dir='ltr'><strong>duntaxat</strong></span> <span class='ocrx_word' id='word_1_298' title='bbox 1560 2170 1921 2241; x_wconf 76' lang='lat' dir='ltr'><strong>personaltbus</strong></span> <span class='ocrx_word' id='word_1_299' title='bbox 1940 2186 2054 2240; x_wconf 89' lang='lat' dir='ltr'><strong>pro-</strong></span> 
     </span>
    </p>
   </div>
   <div class='ocr_carea' id='block_1_41' title="bbox 2155 2168 3709 2246">
    <p class='ocr_par' dir='ltr' id='par_1_41' title="bbox 2161 2168 3709 2246">
     <span class='ocr_line' id='line_1_41' title="bbox 2161 2168 3709 2246; baseline 0.003 -21"><span class='ocrx_word' id='word_1_300' title='bbox 2161 2188 2281 2235; x_wconf 88' lang='grc' dir='ltr'>ναις</span> <span class='ocrx_word' id='word_1_301' title='bbox 2302 2173 2421 2233; x_wconf 79' lang='grc' dir='ltr'>ταῖς</span> <span class='ocrx_word' id='word_1_302' title='bbox 2440 2172 2835 2235; x_wconf 80' lang='grc' dir='ltr'>ὐποστατικαῖς</span> <span class='ocrx_word' id='word_1_303' title='bbox 2859 2172 3086 2243; x_wconf 73' lang='grc' dir='ltr'><strong>ἰδιότησι</strong></span> <span class='ocrx_word' id='word_1_304' title='bbox 3107 2168 3464 2244; x_wconf 74' lang='grc' dir='ltr'>διαφέρουσιν</span> <span class='ocrx_word' id='word_1_305' title='bbox 3486 2176 3709 2246; x_wconf 65' lang='grc' dir='ltr'>ἀλλήλων</span> 
     </span>
    </p>
   </div>
   <div class='ocr_carea' id='block_1_42' title="bbox 485 2260 2054 2335">
    <p class='ocr_par' dir='ltr' id='par_1_42' title="bbox 485 2263 2054 2335">
     <span class='ocr_line' id='line_1_42' title="bbox 485 2263 2054 2335; baseline 0.003 -20"><span class='ocrx_word' id='word_1_306' title='bbox 485 2264 805 2330; x_wconf 86' lang='lat' dir='ltr'><strong>prietatibns</strong></span> <span class='ocrx_word' id='word_1_307' title='bbox 843 2266 978 2320; x_wconf 86' lang='lat' dir='ltr'><strong>inter</strong></span> <span class='ocrx_word' id='word_1_308' title='bbox 992 2282 1046 2320; x_wconf 87' lang='lat' dir='ltr'><strong>se</strong></span> <span class='ocrx_word' id='word_1_309' title='bbox 1069 2275 1172 2320; x_wconf 73' lang='lat' dir='ltr'><strong>tres</strong></span> <span class='ocrx_word' id='word_1_310' title='bbox 1199 2280 1435 2335; x_wconf 80' lang='lat' dir='ltr'><strong>persona:</strong></span> <span class='ocrx_word' id='word_1_311' title='bbox 1451 2265 1869 2335; x_wconf 83' lang='lat' dir='ltr'><strong>distinguuntur.</strong></span> <span class='ocrx_word' id='word_1_312' title='bbox 1889 2264 1945 2318; x_wconf 87' lang='lat' dir='ltr'><strong>ln</strong></span> <span class='ocrx_word' id='word_1_313' title='bbox 1974 2263 2054 2320; x_wconf 85' lang='lat' dir='ltr'><strong>his</strong></span> 
     </span>
    </p>
   </div>
   <div class='ocr_carea' id='block_1_43' title="bbox 2155 2260 3712 2335">
    <p class='ocr_par' dir='ltr' id='par_1_43' title="bbox 2163 2260 3712 2335">
     <span class='ocr_line' id='line_1_43' title="bbox 2163 2260 3712 2335; baseline 0.004 -22"><span class='ocrx_word' id='word_1_314' title='bbox 2163 2261 2219 2313; x_wconf 88' lang='grc' dir='ltr'><strong>αί</strong></span> <span class='ocrx_word' id='word_1_315' title='bbox 2247 2260 2397 2329; x_wconf 82' lang='grc' dir='ltr'>ἀγιαι</span> <span class='ocrx_word' id='word_1_316' title='bbox 2432 2264 2581 2332; x_wconf 76' lang='grc' dir='ltr'>τρεῖς</span> <span class='ocrx_word' id='word_1_317' title='bbox 2611 2262 2960 2325; x_wconf 83' lang='grc' dir='ltr'>ὑποστάσεις.</span> <span class='ocrx_word' id='word_1_318' title='bbox 2996 2281 3014 2315; x_wconf 73' lang='grc' dir='ltr'><strong>ο</strong></span> <span class='ocrx_word' id='word_1_319' title='bbox 3048 2261 3139 2316; x_wconf 82' lang='grc' dir='ltr'>Ἐν</span> <span class='ocrx_word' id='word_1_320' title='bbox 3169 2262 3387 2328; x_wconf 82' lang='grc' dir='ltr'>τούτοις</span> <span class='ocrx_word' id='word_1_321' title='bbox 3415 2266 3521 2335; x_wconf 88' lang='grc' dir='ltr'><strong>ἀρα</strong></span> <span class='ocrx_word' id='word_1_322' title='bbox 3546 2265 3712 2334; x_wconf 76' lang='grc' dir='ltr'>διαφέ-</span> 
     </span>
    </p>
   </div>
   <div class='ocr_carea' id='block_1_44' title="bbox 487 2352 2054 2430">
    <p class='ocr_par' dir='ltr' id='par_1_44' title="bbox 487 2355 2054 2427">
     <span class='ocr_line' id='line_1_44' title="bbox 487 2355 2054 2427; baseline 0.001 -18"><span class='ocrx_word' id='word_1_323' title='bbox 487 2355 673 2424; x_wconf 82' lang='lat' dir='ltr'><strong>itaque</strong></span> <span class='ocrx_word' id='word_1_324' title='bbox 694 2355 875 2410; x_wconf 91' lang='lat' dir='ltr'><strong>omnis</strong></span> <span class='ocrx_word' id='word_1_325' title='bbox 904 2372 1087 2411; x_wconf 85' lang='lat' dir='ltr'><strong>earum</strong></span> <span class='ocrx_word' id='word_1_326' title='bbox 1115 2358 1291 2427; x_wconf 84' lang='lat' dir='ltr'><strong>posita</strong></span> <span class='ocrx_word' id='word_1_327' title='bbox 1313 2357 1592 2411; x_wconf 85' lang='lat' dir='ltr'><strong>distinctio</strong></span> <span class='ocrx_word' id='word_1_328' title='bbox 1610 2364 1711 2419; x_wconf 86' lang='lat' dir='ltr'><strong>est,</strong></span> <span class='ocrx_word' id='word_1_329' title='bbox 1736 2357 1879 2426; x_wconf 91' lang='lat' dir='ltr'><strong>quod</strong></span> <span class='ocrx_word' id='word_1_330' title='bbox 1904 2355 2054 2411; x_wconf 87' lang='lat' dir='ltr'><strong>Patet</strong></span> 
     </span>
    </p>
   </div>
   <div class='ocr_carea' id='block_1_45' title="bbox 2155 2352 3709 2430">
    <p class='ocr_par' dir='ltr' id='par_1_45' title="bbox 2165 2352 3709 2430">
     <span class='ocr_line' id='line_1_45' title="bbox 2165 2352 3709 2430; baseline 0.005 -26"><span class='ocrx_word' id='word_1_331' title='bbox 2165 2369 2316 2424; x_wconf 86' lang='grc' dir='ltr'>ρουσι</span> <span class='ocrx_word' id='word_1_332' title='bbox 2348 2352 2550 2422; x_wconf 85' lang='grc' dir='ltr'>μόνοις,</span> <span class='ocrx_word' id='word_1_333' title='bbox 2576 2355 2659 2408; x_wconf 82' lang='grc' dir='ltr'>ὅτι</span> <span class='ocrx_word' id='word_1_334' title='bbox 2683 2355 2711 2407; x_wconf 89' lang='grc' dir='ltr'><strong>ό</strong></span> <span class='ocrx_word' id='word_1_335' title='bbox 2742 2355 2841 2425; x_wconf 81' lang='grc' dir='ltr'>μὲν</span> <span class='ocrx_word' id='word_1_336' title='bbox 2874 2356 3063 2428; x_wconf 85' lang='grc' dir='ltr'>Πατήρ</span> <span class='ocrx_word' id='word_1_337' title='bbox 3093 2357 3211 2409; x_wconf 68' lang='grc' dir='ltr'>ἔστι</span> <span class='ocrx_word' id='word_1_338' title='bbox 3247 2358 3460 2430; x_wconf 79' lang='grc' dir='ltr'>Πατὴρ,</span> <span class='ocrx_word' id='word_1_339' title='bbox 3489 2360 3577 2412; x_wconf 76' lang='grc' dir='ltr'><strong>καὶ</strong></span> <span class='ocrx_word' id='word_1_340' title='bbox 3600 2357 3709 2411; x_wconf 88' lang='grc' dir='ltr'>οὐτε</span> 
     </span>
    </p>
   </div>
   <div class='ocr_carea' id='block_1_46' title="bbox 488 2439 2054 2519">
    <p class='ocr_par' dir='ltr' id='par_1_46' title="bbox 488 2447 2054 2519">
     <span class='ocr_line' id='line_1_46' title="bbox 488 2447 2054 2519; baseline 0.004 -21"><span class='ocrx_word' id='word_1_341' title='bbox 488 2447 709 2515; x_wconf 85' lang='lat' dir='ltr'><strong>quidem</strong></span> <span class='ocrx_word' id='word_1_342' title='bbox 738 2447 899 2503; x_wconf 80' lang='lat' dir='ltr'><strong>Pater</strong></span> <span class='ocrx_word' id='word_1_343' title='bbox 935 2457 1040 2513; x_wconf 87' lang='lat' dir='ltr'><strong>est,</strong></span> <span class='ocrx_word' id='word_1_344' title='bbox 1065 2464 1128 2504; x_wconf 88' lang='lat' dir='ltr'><strong>ac</strong></span> <span class='ocrx_word' id='word_1_345' title='bbox 1156 2464 1331 2519; x_wconf 88' lang='lat' dir='ltr'><strong>neque</strong></span> <span class='ocrx_word' id='word_1_346' title='bbox 1363 2450 1534 2504; x_wconf 88' lang='lat' dir='ltr'><strong>Filius</strong></span> <span class='ocrx_word' id='word_1_347' title='bbox 1572 2464 1749 2519; x_wconf 89' lang='lat' dir='ltr'><strong>neque</strong></span> <span class='ocrx_word' id='word_1_348' title='bbox 1787 2448 2054 2519; x_wconf 82' lang='lat' dir='ltr'><strong>Spiritus;</strong></span> 
     </span>
    </p>
   </div>
   <div class='ocr_carea' id='block_1_47' title="bbox 2155 2439 3711 2519">
    <p class='ocr_par' dir='ltr' id='par_1_47' title="bbox 2162 2439 3711 2519">
     <span class='ocr_line' id='line_1_47' title="bbox 2162 2439 3711 2519; baseline 0.002 -23"><span class='ocrx_word' id='word_1_349' title='bbox 2162 2444 2294 2505; x_wconf 84' lang='grc' dir='ltr'>Υίδς</span> <span class='ocrx_word' id='word_1_350' title='bbox 2323 2444 2444 2497; x_wconf 83' lang='grc' dir='ltr'>οὐτε</span> <span class='ocrx_word' id='word_1_351' title='bbox 2480 2444 2706 2512; x_wconf 79' lang='grc' dir='ltr'><strong>Πνεῦμα</strong></span> <span class='ocrx_word' id='word_1_352' title='bbox 2737 2462 2750 2474; x_wconf 84' lang='grc'><em>’</em></span> <span class='ocrx_word' id='word_1_353' title='bbox 2784 2447 2812 2499; x_wconf 90' lang='grc' dir='ltr'><strong>ό</strong></span> <span class='ocrx_word' id='word_1_354' title='bbox 2836 2446 2891 2499; x_wconf 80' lang='grc' dir='ltr'>δὲ</span> <span class='ocrx_word' id='word_1_355' title='bbox 2916 2447 3066 2511; x_wconf 82' lang='grc' dir='ltr'>Υἱὸς,</span> <span class='ocrx_word' id='word_1_356' title='bbox 3096 2439 3248 2513; x_wconf 66' lang='grc' dir='ltr'><strong>Υιὸέ,</strong></span> <span class='ocrx_word' id='word_1_357' title='bbox 3275 2448 3371 2501; x_wconf 70' lang='grc' dir='ltr'><strong>καὶ</strong></span> <span class='ocrx_word' id='word_1_358' title='bbox 3394 2446 3515 2501; x_wconf 80' lang='grc' dir='ltr'>οὐτε</span> <span class='ocrx_word' id='word_1_359' title='bbox 3545 2447 3711 2519; x_wconf 80' lang='grc' dir='ltr'>Πατὴρ</span> 
     </span>
    </p>
   </div>
   <div class='ocr_carea' id='block_1_48' title="bbox 489 2536 2054 2611">
    <p class='ocr_par' dir='ltr' id='par_1_48' title="bbox 489 2538 2054 2611">
     <span class='ocr_line' id='line_1_48' title="bbox 489 2538 2054 2611; baseline 0.001 -18"><span class='ocrx_word' id='word_1_360' title='bbox 489 2538 660 2594; x_wconf 87' lang='lat' dir='ltr'><strong>Filius</strong></span> <span class='ocrx_word' id='word_1_361' title='bbox 694 2555 844 2607; x_wconf 81' lang='lat' dir='ltr'><strong>vero,</strong></span> <span class='ocrx_word' id='word_1_362' title='bbox 872 2540 1043 2596; x_wconf 85' lang='lat' dir='ltr'><strong>Filius</strong></span> <span class='ocrx_word' id='word_1_363' title='bbox 1072 2551 1176 2607; x_wconf 91' lang='lat' dir='ltr'><strong>est,</strong></span> <span class='ocrx_word' id='word_1_364' title='bbox 1214 2558 1277 2597; x_wconf 91' lang='lat' dir='ltr'><strong>ac</strong></span> <span class='ocrx_word' id='word_1_365' title='bbox 1311 2558 1487 2611; x_wconf 90' lang='lat' dir='ltr'><strong>neque</strong></span> <span class='ocrx_word' id='word_1_366' title='bbox 1530 2542 1687 2597; x_wconf 82' lang='lat' dir='ltr'><strong>Pater</strong></span> <span class='ocrx_word' id='word_1_367' title='bbox 1729 2557 1905 2611; x_wconf 89' lang='lat' dir='ltr'><strong>neque</strong></span> <span class='ocrx_word' id='word_1_368' title='bbox 1941 2541 2054 2611; x_wconf 89' lang='lat' dir='ltr'><strong>Spi-</strong></span> 
     </span>
    </p>
   </div>
   <div class='ocr_carea' id='block_1_49' title="bbox 2155 2536 3711 2611">
    <p class='ocr_par' dir='ltr' id='par_1_49' title="bbox 2161 2536 3711 2609">
     <span class='ocr_line' id='line_1_49' title="bbox 2161 2536 3711 2609; baseline 0.001 -17"><span class='ocrx_word' id='word_1_369' title='bbox 2161 2537 2286 2592; x_wconf 81' lang='grc' dir='ltr'>οὐτε</span> <span class='ocrx_word' id='word_1_370' title='bbox 2320 2538 2545 2609; x_wconf 79' lang='grc' dir='ltr'>Πνεῦμα</span> <span class='ocrx_word' id='word_1_371' title='bbox 2574 2555 2587 2568; x_wconf 91' lang='grc'><strong>·</strong></span> <span class='ocrx_word' id='word_1_372' title='bbox 2611 2538 2672 2591; x_wconf 79' lang='grc' dir='ltr'>τὸ</span> <span class='ocrx_word' id='word_1_373' title='bbox 2706 2538 2762 2591; x_wconf 78' lang='grc' dir='ltr'>δὲ</span> <span class='ocrx_word' id='word_1_374' title='bbox 2797 2538 3022 2608; x_wconf 85' lang='grc' dir='ltr'>Πνεῦμα</span> <span class='ocrx_word' id='word_1_375' title='bbox 3063 2538 3316 2609; x_wconf 74' lang='grc' dir='ltr'>Πνεῦμα,</span> <span class='ocrx_word' id='word_1_376' title='bbox 3345 2540 3441 2594; x_wconf 75' lang='grc' dir='ltr'><strong>καὶ</strong></span> <span class='ocrx_word' id='word_1_377' title='bbox 3470 2536 3585 2592; x_wconf 81' lang='grc' dir='ltr'>οὐτε</span> <span class='ocrx_word' id='word_1_378' title='bbox 3614 2540 3711 2593; x_wconf 79' lang='grc' dir='ltr'>Πα-</span> 
     </span>
    </p>
   </div>
   <div class='ocr_carea' id='block_1_50' title="bbox 492 2624 2054 2705">
    <p class='ocr_par' dir='ltr' id='par_1_50' title="bbox 492 2624 2054 2705">
     <span class='ocr_line' id='line_1_50' title="bbox 492 2624 2054 2705; baseline 0.002 -20"><span class='ocrx_word' id='word_1_379' title='bbox 492 2634 630 2685; x_wconf 74' lang='grc' dir='ltr'><strong>τίιυς</strong></span> <span class='ocrx_word' id='word_1_380' title='bbox 659 2648 675 2698; x_wconf 86' lang='lat'><strong>;</strong></span> <span class='ocrx_word' id='word_1_381' title='bbox 717 2624 955 2701; x_wconf 80' lang='lat' dir='ltr'><strong>Spiritus</strong></span> <span class='ocrx_word' id='word_1_382' title='bbox 988 2642 1169 2689; x_wconf 85' lang='lat' dir='ltr'><strong>autem</strong></span> <span class='ocrx_word' id='word_1_383' title='bbox 1201 2634 1441 2705; x_wconf 87' lang='lat' dir='ltr'><strong>Spiritus</strong></span> <span class='ocrx_word' id='word_1_384' title='bbox 1466 2642 1570 2696; x_wconf 86' lang='lat' dir='ltr'><strong>est.</strong></span> <span class='ocrx_word' id='word_1_385' title='bbox 1597 2649 1660 2690; x_wconf 86' lang='lat' dir='ltr'><strong>ac</strong></span> <span class='ocrx_word' id='word_1_386' title='bbox 1697 2650 1872 2705; x_wconf 85' lang='lat' dir='ltr'><strong>neque</strong></span> <span class='ocrx_word' id='word_1_387' title='bbox 1902 2637 2054 2689; x_wconf 79' lang='lat' dir='ltr'><strong>Pater</strong></span> 
     </span>
    </p>
   </div>
   <div class='ocr_carea' id='block_1_51' title="bbox 2155 2624 3709 2705">
    <p class='ocr_par' dir='ltr' id='par_1_51' title="bbox 2162 2627 3709 2700">
     <span class='ocr_line' id='line_1_51' title="bbox 2162 2627 3709 2700; baseline 0.001 -20"><span class='ocrx_word' id='word_1_388' title='bbox 2162 2630 2267 2700; x_wconf 78' lang='grc' dir='ltr'>τὴρ</span> <span class='ocrx_word' id='word_1_389' title='bbox 2297 2627 2419 2681; x_wconf 87' lang='grc' dir='ltr'>οὐτε</span> <span class='ocrx_word' id='word_1_390' title='bbox 2447 2627 2598 2691; x_wconf 79' lang='grc' dir='ltr'><strong>Υίὸς.</strong></span> <span class='ocrx_word' id='word_1_391' title='bbox 2634 2628 2707 2680; x_wconf 78' lang='grc' dir='ltr'>Οὐ</span> <span class='ocrx_word' id='word_1_392' title='bbox 2741 2627 2849 2697; x_wconf 82' lang='grc' dir='ltr'>γὰρ</span> <span class='ocrx_word' id='word_1_393' title='bbox 2885 2628 3103 2695; x_wconf 81' lang='grc' dir='ltr'>φύσεων</span> <span class='ocrx_word' id='word_1_394' title='bbox 3152 2628 3423 2699; x_wconf 73' lang='grc' dir='ltr'>διαφορὰν</span> <span class='ocrx_word' id='word_1_395' title='bbox 3454 2628 3709 2697; x_wconf 78' lang='grc' dir='ltr'>εἰσάγουσι</span> 
     </span>
    </p>
   </div>
   <div class='ocr_carea' id='block_1_52' title="bbox 488 2717 2054 2795">
    <p class='ocr_par' dir='ltr' id='par_1_52' title="bbox 488 2723 2054 2795">
     <span class='ocr_line' id='line_1_52' title="bbox 488 2723 2054 2795; baseline 0.003 -18"><span class='ocrx_word' id='word_1_396' title='bbox 488 2739 665 2795; x_wconf 87' lang='lat' dir='ltr'><strong>neque</strong></span> <span class='ocrx_word' id='word_1_397' title='bbox 713 2723 907 2780; x_wconf 79' lang='lat' dir='ltr'><strong>Filius.</strong></span> <span class='ocrx_word' id='word_1_398' title='bbox 958 2726 1075 2781; x_wconf 76' lang='lat' dir='ltr'><strong>Non</strong></span> <span class='ocrx_word' id='word_1_399' title='bbox 1124 2727 1270 2781; x_wconf 88' lang='lat' dir='ltr'><strong>enim</strong></span> <span class='ocrx_word' id='word_1_400' title='bbox 1315 2728 1429 2782; x_wconf 80' lang='lat' dir='ltr'><strong>lucc</strong></span> <span class='ocrx_word' id='word_1_401' title='bbox 1485 2728 1706 2783; x_wconf 87' lang='lat' dir='ltr'><strong>nomina</strong></span> <span class='ocrx_word' id='word_1_402' title='bbox 1735 2736 2054 2782; x_wconf 84' lang='lat' dir='ltr'><strong>naturarum</strong></span> 
     </span>
    </p>
   </div>
   <div class='ocr_carea' id='block_1_53' title="bbox 2155 2717 3709 2795">
    <p class='ocr_par' dir='ltr' id='par_1_53' title="bbox 2164 2717 3709 2792">
     <span class='ocr_line' id='line_1_53' title="bbox 2164 2717 3709 2792; baseline 0.001 -20"><span class='ocrx_word' id='word_1_403' title='bbox 2164 2719 2235 2772; x_wconf 76' lang='grc' dir='ltr'><strong>τὰ</strong></span> <span class='ocrx_word' id='word_1_404' title='bbox 2269 2718 2513 2789; x_wconf 84' lang='grc' dir='ltr'>ὀνόματα</span> <span class='ocrx_word' id='word_1_405' title='bbox 2551 2717 2724 2771; x_wconf 88' lang='grc' dir='ltr'>ταῦτα</span> <span class='ocrx_word' id='word_1_406' title='bbox 2758 2734 2771 2747; x_wconf 91' lang='grc'><strong>·</strong></span> <span class='ocrx_word' id='word_1_407' title='bbox 2808 2718 2927 2771; x_wconf 77' lang='grc' dir='ltr'>ἀλλ’</span> <span class='ocrx_word' id='word_1_408' title='bbox 2957 2718 3033 2783; x_wconf 86' lang='grc' dir='ltr'><strong>ὡς</strong></span> <span class='ocrx_word' id='word_1_409' title='bbox 3063 2721 3122 2772; x_wconf 74' lang='grc' dir='ltr'>ὲν</span> <span class='ocrx_word' id='word_1_410' title='bbox 3150 2723 3266 2783; x_wconf 79' lang='grc' dir='ltr'>τοῖς</span> <span class='ocrx_word' id='word_1_411' title='bbox 3294 2720 3422 2791; x_wconf 81' lang='grc' dir='ltr'>περὶ</span> <span class='ocrx_word' id='word_1_412' title='bbox 3450 2719 3573 2773; x_wconf 80' lang='grc' dir='ltr'>Υίοῦ</span> <span class='ocrx_word' id='word_1_413' title='bbox 3614 2718 3709 2792; x_wconf 85' lang='lat'><strong>(69)</strong></span> 
     </span>
    </p>
   </div>
   <div class='ocr_carea' id='block_1_54' title="bbox 487 2809 2054 2890">
    <p class='ocr_par' dir='ltr' id='par_1_54' title="bbox 487 2818 2054 2890">
     <span class='ocr_line' id='line_1_54' title="bbox 487 2818 2054 2890; baseline -0.001 -17"><span class='ocrx_word' id='word_1_414' title='bbox 487 2818 898 2875; x_wconf 83' lang='lat' dir='ltr'><strong>distinctionem</strong></span> <span class='ocrx_word' id='word_1_415' title='bbox 940 2818 1258 2889; x_wconf 85' lang='lat' dir='ltr'><strong>important,</strong></span> <span class='ocrx_word' id='word_1_416' title='bbox 1294 2827 1353 2873; x_wconf 92' lang='lat' dir='ltr'><strong>ut</strong></span> <span class='ocrx_word' id='word_1_417' title='bbox 1380 2820 1453 2874; x_wconf 90' lang='lat' dir='ltr'><strong>ait</strong></span> <span class='ocrx_word' id='word_1_418' title='bbox 1491 2818 1791 2890; x_wconf 82' lang='lat' dir='ltr'><strong>Gregorius</strong></span> <span class='ocrx_word' id='word_1_419' title='bbox 1821 2818 2054 2873; x_wconf 86' lang='lat' dir='ltr'><strong>Theolo-</strong></span> 
     </span>
    </p>
   </div>
   <div class='ocr_carea' id='block_1_55' title="bbox 2155 2809 3710 2890">
    <p class='ocr_par' dir='ltr' id='par_1_55' title="bbox 2164 2809 3710 2883">
     <span class='ocr_line' id='line_1_55' title="bbox 2164 2809 3710 2883; baseline 0.001 -19"><span class='ocrx_word' id='word_1_420' title='bbox 2164 2811 2195 2864; x_wconf 84' lang='lat'><strong>6</strong></span> <span class='ocrx_word' id='word_1_421' title='bbox 2232 2809 2495 2879; x_wconf 84' lang='grc' dir='ltr'>Θεολόγος</span> <span class='ocrx_word' id='word_1_422' title='bbox 2524 2810 2695 2881; x_wconf 76' lang='grc' dir='ltr'>ἔφησε</span> <span class='ocrx_word' id='word_1_423' title='bbox 2725 2812 3049 2883; x_wconf 80' lang='grc' dir='ltr'>Γρηγόριος,</span> <span class='ocrx_word' id='word_1_424' title='bbox 3082 2830 3101 2865; x_wconf 76' lang='lat' dir='ltr'><strong>r</strong></span> <span class='ocrx_word' id='word_1_425' title='bbox 3143 2812 3288 2867; x_wconf 76' lang='grc' dir='ltr'>Οὔτε</span> <span class='ocrx_word' id='word_1_426' title='bbox 3336 2813 3518 2879; x_wconf 82' lang='grc' dir='ltr'>οὐσίας</span> <span class='ocrx_word' id='word_1_427' title='bbox 3562 2812 3710 2883; x_wconf 76' lang='grc' dir='ltr'>ὄνομα</span> 
     </span>
    </p>
   </div>
   <div class='ocr_carea' id='block_1_56' title="bbox 488 2900 2054 2982">
    <p class='ocr_par' dir='ltr' id='par_1_56' title="bbox 488 2910 2054 2982">
     <span class='ocr_line' id='line_1_56' title="bbox 488 2910 2054 2982; baseline -0.002 -16"><span class='ocrx_word' id='word_1_428' title='bbox 488 2926 612 2981; x_wconf 85' lang='lat' dir='ltr'><strong>gus.</strong></span> <span class='ocrx_word' id='word_1_429' title='bbox 645 2910 797 2967; x_wconf 81' lang='lat' dir='ltr'><strong>Orat.</strong></span> <span class='ocrx_word' id='word_1_430' title='bbox 833 2914 950 2967; x_wconf 87' lang='lat' dir='ltr'><strong>suis</strong></span> <span class='ocrx_word' id='word_1_431' title='bbox 982 2913 1048 2967; x_wconf 88' lang='lat' dir='ltr'><strong>de</strong></span> <span class='ocrx_word' id='word_1_432' title='bbox 1084 2910 1243 2977; x_wconf 86' lang='lat' dir='ltr'><strong>Filio,</strong></span> <span class='ocrx_word' id='word_1_433' title='bbox 1296 2912 1424 2967; x_wconf 90' lang='lat' dir='ltr'><strong>dum</strong></span> <span class='ocrx_word' id='word_1_434' title='bbox 1484 2911 1617 2967; x_wconf 90' lang='lat' dir='ltr'><strong>dicit</strong></span> <span class='ocrx_word' id='word_1_435' title='bbox 1648 2930 1662 2966; x_wconf 87' lang='lat'><strong>;</strong></span> <span class='ocrx_word' id='word_1_436' title='bbox 1698 2910 1876 2982; x_wconf 79' lang='lat' dir='ltr'><strong>Neque</strong></span> <span class='ocrx_word' id='word_1_437' title='bbox 1920 2910 2054 2966; x_wconf 86' lang='lat' dir='ltr'><strong>enim</strong></span> 
     </span>
    </p>
   </div>
   <div class='ocr_carea' id='block_1_57' title="bbox 2155 2900 3707 2982">
    <p class='ocr_par' dir='ltr' id='par_1_57' title="bbox 2161 2900 3707 2976">
     <span class='ocr_line' id='line_1_57' title="bbox 2161 2900 3707 2976; baseline -0.001 -19"><span class='ocrx_word' id='word_1_438' title='bbox 2161 2902 2190 2957; x_wconf 83' lang='lat'><strong>6</strong></span> <span class='ocrx_word' id='word_1_439' title='bbox 2216 2902 2426 2975; x_wconf 74' lang='grc' dir='ltr'>Πατὴρ,</span> <span class='ocrx_word' id='word_1_440' title='bbox 2452 2900 2573 2957; x_wconf 84' lang='grc' dir='ltr'>οὐτε</span> <span class='ocrx_word' id='word_1_441' title='bbox 2602 2903 2907 2973; x_wconf 76' lang='grc' dir='ltr'>ἐνεργείας,</span> <span class='ocrx_word' id='word_1_442' title='bbox 2932 2902 3127 2971; x_wconf 72' lang='grc' dir='ltr'>εἰπὼν,</span> <span class='ocrx_word' id='word_1_443' title='bbox 3156 2907 3399 2976; x_wconf 86' lang='grc' dir='ltr'>σχέσεως</span> <span class='ocrx_word' id='word_1_444' title='bbox 3425 2906 3498 2969; x_wconf 78' lang='grc' dir='ltr'>δὲ,</span> <span class='ocrx_word' id='word_1_445' title='bbox 3524 2905 3610 2958; x_wconf 74' lang='grc' dir='ltr'><strong>καὶ</strong></span> <span class='ocrx_word' id='word_1_446' title='bbox 3631 2903 3707 2956; x_wconf 83' lang='grc' dir='ltr'><strong>τοῦ</strong></span> 
     </span>
    </p>
   </div>
   <div class='ocr_carea' id='block_1_58' title="bbox 488 2993 2054 3075">
    <p class='ocr_par' dir='ltr' id='par_1_58' title="bbox 488 3003 2054 3075">
     <span class='ocr_line' id='line_1_58' title="bbox 488 3003 2054 3075; baseline 0 -17"><span class='ocrx_word' id='word_1_447' title='bbox 488 3005 729 3058; x_wconf 64' lang='lat' dir='ltr'><strong>essentia</strong></span> <span class='ocrx_word' id='word_1_448' title='bbox 790 3019 977 3057; x_wconf 81' lang='lat' dir='ltr'><strong>nomen</strong></span> <span class='ocrx_word' id='word_1_449' title='bbox 1012 3014 1087 3058; x_wconf 85' lang='lat' dir='ltr'><strong>est</strong></span> <span class='ocrx_word' id='word_1_450' title='bbox 1124 3003 1303 3068; x_wconf 80' lang='lat' dir='ltr'><strong>Pater,</strong></span> <span class='ocrx_word' id='word_1_451' title='bbox 1341 3020 1503 3075; x_wconf 88' lang='lat' dir='ltr'><strong>neque</strong></span> <span class='ocrx_word' id='word_1_452' title='bbox 1532 3005 1777 3064; x_wconf 86' lang='lat' dir='ltr'><strong>actionis.</strong></span> <span class='ocrx_word' id='word_1_453' title='bbox 1820 3005 1911 3057; x_wconf 85' lang='lat' dir='ltr'><strong>sed</strong></span> <span class='ocrx_word' id='word_1_454' title='bbox 1978 3019 2054 3058; x_wconf 69' lang='grc' dir='ltr'><strong>νεα</strong></span> 
     </span>
    </p>
   </div>
   <div class='ocr_carea' id='block_1_59' title="bbox 2155 2993 3706 3075">
    <p class='ocr_par' dir='ltr' id='par_1_59' title="bbox 2163 2993 3706 3067">
     <span class='ocr_line' id='line_1_59' title="bbox 2163 2993 3706 3067; baseline 0 -22"><span class='ocrx_word' id='word_1_455' title='bbox 2163 2994 2282 3057; x_wconf 87' lang='grc' dir='ltr'><strong>πῶς</strong></span> <span class='ocrx_word' id='word_1_456' title='bbox 2309 2993 2423 3063; x_wconf 78' lang='grc' dir='ltr'>ἔχει</span> <span class='ocrx_word' id='word_1_457' title='bbox 2450 2994 2587 3064; x_wconf 84' lang='grc' dir='ltr'>πρὸς</span> <span class='ocrx_word' id='word_1_458' title='bbox 2615 2995 2708 3046; x_wconf 70' lang='grc' dir='ltr'>τὸν</span> <span class='ocrx_word' id='word_1_459' title='bbox 2740 2994 2869 3047; x_wconf 80' lang='grc' dir='ltr'>Υῑδν</span> <span class='ocrx_word' id='word_1_460' title='bbox 2889 2995 2918 3047; x_wconf 88' lang='lat'><strong>6</strong></span> <span class='ocrx_word' id='word_1_461' title='bbox 2948 2994 3158 3067; x_wconf 79' lang='grc' dir='ltr'>Πατὴρ,</span> <span class='ocrx_word' id='word_1_462' title='bbox 3193 2994 3229 3066; x_wconf 75' lang='grc' dir='ltr'>ἢ</span> <span class='ocrx_word' id='word_1_463' title='bbox 3262 2998 3290 3049; x_wconf 89' lang='lat'><strong>6</strong></span> <span class='ocrx_word' id='word_1_464' title='bbox 3317 2994 3443 3059; x_wconf 76' lang='grc' dir='ltr'>Υἱὸς</span> <span class='ocrx_word' id='word_1_465' title='bbox 3485 2994 3609 3065; x_wconf 73' lang='grc' dir='ltr'>πρὸς</span> <span class='ocrx_word' id='word_1_466' title='bbox 3629 2994 3706 3046; x_wconf 67' lang='grc' dir='ltr'><strong>τὸν</strong></span> 
     </span>
    </p>
   </div>
   <div class='ocr_carea' id='block_1_60' title="bbox 489 3084 2054 3193">
    <p class='ocr_par' dir='ltr' id='par_1_60' title="bbox 489 3096 2054 3175">
     <span class='ocr_line' id='line_1_60' title="bbox 489 3096 2054 3175; baseline 0.001 -26"><span class='ocrx_word' id='word_1_467' title='bbox 489 3097 737 3161; x_wconf 82' lang='lat' dir='ltr'><strong>talionis;</strong></span> <span class='ocrx_word' id='word_1_468' title='bbox 794 3099 1107 3167; x_wconf 81' lang='lat' dir='ltr'><strong>modumque</strong></span> <span class='ocrx_word' id='word_1_469' title='bbox 1159 3097 1465 3175; x_wconf 55' lang='lat' dir='ltr'><strong>enlicans,</strong></span> <span class='ocrx_word' id='word_1_470' title='bbox 1522 3113 1623 3168; x_wconf 86' lang='lat' dir='ltr'><strong>quo</strong></span> <span class='ocrx_word' id='word_1_471' title='bbox 1671 3114 1725 3151; x_wconf 89' lang='lat' dir='ltr'><strong>se</strong></span> <span class='ocrx_word' id='word_1_472' title='bbox 1779 3096 1941 3151; x_wconf 85' lang='lat' dir='ltr'><strong>Pater</strong></span> <span class='ocrx_word' id='word_1_473' title='bbox 1990 3097 2054 3151; x_wconf 89' lang='lat' dir='ltr'><strong>ad</strong></span> 
     </span>
    </p>
   </div>
   <div class='ocr_carea' id='block_1_61' title="bbox 2155 3084 3708 3193">
    <p class='ocr_par' dir='ltr' id='par_1_61' title="bbox 2164 3084 3708 3158">
     <span class='ocr_line' id='line_1_61' title="bbox 2164 3084 3708 3158; baseline -0.001 -19"><span class='ocrx_word' id='word_1_474' title='bbox 2164 3086 2408 3158; x_wconf 81' lang='grc' dir='ltr'>Πατέρα.</span> <span class='ocrx_word' id='word_1_475' title='bbox 2451 3104 2469 3139; x_wconf 76' lang='grc' dir='ltr'><strong>ι</strong></span> <span class='ocrx_word' id='word_1_476' title='bbox 2507 3087 2617 3140; x_wconf 76' lang='grc' dir='ltr'><strong>Καὶ</strong></span> <span class='ocrx_word' id='word_1_477' title='bbox 2648 3085 2721 3149; x_wconf 76' lang='grc' dir='ltr'>ὡς</span> <span class='ocrx_word' id='word_1_478' title='bbox 2747 3086 2776 3138; x_wconf 89' lang='lat'><strong>6</strong></span> <span class='ocrx_word' id='word_1_479' title='bbox 2812 3084 2986 3156; x_wconf 80' lang='grc' dir='ltr'>μέγας</span> <span class='ocrx_word' id='word_1_480' title='bbox 3027 3088 3312 3152; x_wconf 85' lang='grc' dir='ltr'>Βασίλειος</span> <span class='ocrx_word' id='word_1_481' title='bbox 3356 3088 3414 3142; x_wconf 69' lang='grc' dir='ltr'>ιν</span> <span class='ocrx_word' id='word_1_482' title='bbox 3455 3087 3708 3158; x_wconf 73' lang='grc' dir='ltr'>Ἀντιρρηο</span> 
     </span>
    </p>
   </div>
   <div class='ocr_carea' id='block_1_62' title="bbox 490 3175 2054 3256">
    <p class='ocr_par' dir='ltr' id='par_1_62' title="bbox 490 3183 2054 3256">
     <span class='ocr_line' id='line_1_62' title="bbox 490 3183 2054 3256; baseline 0 -17"><span class='ocrx_word' id='word_1_483' title='bbox 490 3184 691 3240; x_wconf 85' lang='lat' dir='ltr'><strong>Filium</strong></span> <span class='ocrx_word' id='word_1_484' title='bbox 716 3186 890 3251; x_wconf 77' lang='lat' dir='ltr'><strong>habet,</strong></span> <span class='ocrx_word' id='word_1_485' title='bbox 916 3196 961 3240; x_wconf 89' lang='lat' dir='ltr'><strong>et</strong></span> <span class='ocrx_word' id='word_1_486' title='bbox 994 3201 1094 3256; x_wconf 83' lang='lat' dir='ltr'><strong>quo</strong></span> <span class='ocrx_word' id='word_1_487' title='bbox 1130 3183 1307 3240; x_wconf 86' lang='lat' dir='ltr'><strong>Filius</strong></span> <span class='ocrx_word' id='word_1_488' title='bbox 1339 3188 1407 3239; x_wconf 86' lang='lat' dir='ltr'><strong>ad</strong></span> <span class='ocrx_word' id='word_1_489' title='bbox 1434 3185 1673 3240; x_wconf 86' lang='lat' dir='ltr'><strong>Patrem.</strong></span> <span class='ocrx_word' id='word_1_490' title='bbox 1700 3188 1874 3256; x_wconf 82' lang='lat' dir='ltr'><strong>Atque</strong></span> <span class='ocrx_word' id='word_1_491' title='bbox 1907 3196 1962 3241; x_wconf 91' lang='lat' dir='ltr'><strong>ut</strong></span> <span class='ocrx_word' id='word_1_492' title='bbox 1986 3186 2054 3240; x_wconf 88' lang='lat' dir='ltr'><strong>ait</strong></span> 
     </span>
    </p>
   </div>
   <div class='ocr_carea' id='block_1_63' title="bbox 2155 3175 3708 3256">
    <p class='ocr_par' dir='ltr' id='par_1_63' title="bbox 2164 3175 3708 3247">
     <span class='ocr_line' id='line_1_63' title="bbox 2164 3175 3708 3247; baseline -0.001 -17"><span class='ocrx_word' id='word_1_493' title='bbox 2164 3176 2333 3230; x_wconf 84' lang='grc' dir='ltr'>τικῶν</span> <span class='ocrx_word' id='word_1_494' title='bbox 2358 3175 2559 3247; x_wconf 83' lang='grc' dir='ltr'>πρώτῳ</span> <span class='ocrx_word' id='word_1_495' title='bbox 2594 3175 2729 3247; x_wconf 88' lang='grc'>(70),</span> <span class='ocrx_word' id='word_1_496' title='bbox 2759 3195 2778 3229; x_wconf 81' lang='grc' dir='ltr'><strong>ι</strong></span> <span class='ocrx_word' id='word_1_497' title='bbox 2812 3177 3153 3244; x_wconf 74' lang='grc' dir='ltr'>Σιωπᾶσθαι,</span> <span class='ocrx_word' id='word_1_498' title='bbox 3185 3196 3207 3233; x_wconf 77' lang='lat' dir='ltr'><strong>s</strong></span> <span class='ocrx_word' id='word_1_499' title='bbox 3239 3177 3436 3245; x_wconf 84' lang='grc' dir='ltr'>λέγων,</span> <span class='ocrx_word' id='word_1_500' title='bbox 3470 3196 3488 3232; x_wconf 79' lang='grc' dir='ltr'><strong>ι</strong></span> <span class='ocrx_word' id='word_1_501' title='bbox 3515 3176 3708 3238; x_wconf 75' lang='grc' dir='ltr'>δικαίως</span> 
     </span>
    </p>
   </div>
   <div class='ocr_carea' id='block_1_64' title="bbox 488 3270 2054 3349">
    <p class='ocr_par' dir='ltr' id='par_1_64' title="bbox 488 3277 2054 3349">
     <span class='ocr_line' id='line_1_64' title="bbox 488 3277 2054 3349; baseline -0.001 -17"><span class='ocrx_word' id='word_1_502' title='bbox 488 3292 714 3349; x_wconf 80' lang='lat' dir='ltr'><strong>magnus</strong></span> <span class='ocrx_word' id='word_1_503' title='bbox 752 3277 983 3333; x_wconf 86' lang='lat' dir='ltr'><strong>Basilius</strong></span> <span class='ocrx_word' id='word_1_504' title='bbox 1037 3277 1470 3349; x_wconf 77' lang='lat' dir='ltr'><strong>Confutationum</strong></span> <span class='ocrx_word' id='word_1_505' title='bbox 1508 3278 1685 3334; x_wconf 81' lang='lat' dir='ltr'><strong>libmt</strong></span> <span class='ocrx_word' id='word_1_506' title='bbox 1717 3296 1731 3333; x_wconf 90' lang='lat'>:</span> <span class='ocrx_word' id='word_1_507' title='bbox 1761 3278 2054 3333; x_wconf 79' lang='lat' dir='ltr'><strong>Tacendum</strong></span> 
     </span>
    </p>
   </div>
   <div class='ocr_carea' id='block_1_65' title="bbox 2155 3270 3707 3349">
    <p class='ocr_par' dir='ltr' id='par_1_65' title="bbox 2167 3270 3707 3344">
     <span class='ocr_line' id='line_1_65' title="bbox 2167 3270 3707 3344; baseline -0.003 -18"><span class='ocrx_word' id='word_1_508' title='bbox 2167 3272 2235 3326; x_wconf 77' lang='grc' dir='ltr'>ἂν</span> <span class='ocrx_word' id='word_1_509' title='bbox 2266 3271 2505 3342; x_wconf 76' lang='grc' dir='ltr'>φήσαιμι</span> <span class='ocrx_word' id='word_1_510' title='bbox 2538 3271 2637 3343; x_wconf 81' lang='grc' dir='ltr'>τὴν</span> <span class='ocrx_word' id='word_1_511' title='bbox 2675 3290 2691 3323; x_wconf 85' lang='grc' dir='ltr'><strong>ι</strong></span> <span class='ocrx_word' id='word_1_512' title='bbox 2733 3272 3029 3343; x_wconf 84' lang='grc' dir='ltr'>ἁγέννητος</span> <span class='ocrx_word' id='word_1_513' title='bbox 3062 3291 3081 3325; x_wconf 74' lang='grc' dir='ltr'><strong>ι</strong></span> <span class='ocrx_word' id='word_1_514' title='bbox 3119 3274 3331 3343; x_wconf 76' lang='grc' dir='ltr'>φωνὴν,</span> <span class='ocrx_word' id='word_1_515' title='bbox 3356 3273 3452 3344; x_wconf 84' lang='grc' dir='ltr'>τῆς</span> <span class='ocrx_word' id='word_1_516' title='bbox 3484 3270 3571 3324; x_wconf 86' lang='grc' dir='ltr'><strong>τοῦ</strong></span> <span class='ocrx_word' id='word_1_517' title='bbox 3617 3272 3707 3323; x_wconf 55' lang='lat' dir='ltr'><strong>[ho</strong></span> 
     </span>
    </p>
   </div>
   <div class='ocr_carea' id='block_1_66' title="bbox 483 3356 2054 3441">
    <p class='ocr_par' dir='ltr' id='par_1_66' title="bbox 483 3370 2054 3441">
     <span class='ocr_line' id='line_1_66' title="bbox 483 3370 2054 3441; baseline 0.001 -19"><span class='ocrx_word' id='word_1_518' title='bbox 483 3370 603 3439; x_wconf 79' lang='lat' dir='ltr'><strong>iure</strong></span> <span class='ocrx_word' id='word_1_519' title='bbox 654 3371 875 3425; x_wconf 73' lang='lat' dir='ltr'><strong>dixerim</strong></span> <span class='ocrx_word' id='word_1_520' title='bbox 933 3386 1107 3425; x_wconf 82' lang='lat' dir='ltr'><strong>vocem</strong></span> <span class='ocrx_word' id='word_1_521' title='bbox 1148 3389 1162 3421; x_wconf 82' lang='grc' dir='ltr'><strong>ι</strong></span> <span class='ocrx_word' id='word_1_522' title='bbox 1208 3370 1502 3441; x_wconf 79' lang='lat' dir='ltr'><strong>ingenitus,</strong></span> <span class='ocrx_word' id='word_1_523' title='bbox 1542 3389 1561 3425; x_wconf 72' lang='grc' dir='ltr'><strong>ι</strong></span> <span class='ocrx_word' id='word_1_524' title='bbox 1594 3388 1711 3425; x_wconf 87' lang='lat' dir='ltr'><strong>cum</strong></span> <span class='ocrx_word' id='word_1_525' title='bbox 1751 3388 1849 3426; x_wconf 74' lang='lat' dir='ltr'><strong>vox</strong></span> <span class='ocrx_word' id='word_1_526' title='bbox 1904 3372 2054 3426; x_wconf 74' lang='lat' dir='ltr'><strong>Pater</strong></span> 
     </span>
    </p>
   </div>
   <div class='ocr_carea' id='block_1_67' title="bbox 2155 3356 3706 3441">
    <p class='ocr_par' dir='ltr' id='par_1_67' title="bbox 2165 3356 3706 3435">
     <span class='ocr_line' id='line_1_67' title="bbox 2165 3356 3706 3435; baseline -0.003 -20"><span class='ocrx_word' id='word_1_527' title='bbox 2165 3362 2297 3433; x_wconf 77' lang='grc' dir='ltr'>τρδς</span> <span class='ocrx_word' id='word_1_528' title='bbox 2327 3362 2516 3431; x_wconf 80' lang='grc' dir='ltr'>φωνῆς</span> <span class='ocrx_word' id='word_1_529' title='bbox 2560 3364 2676 3415; x_wconf 84' lang='grc' dir='ltr'>ῐσον</span> <span class='ocrx_word' id='word_1_530' title='bbox 2706 3362 3011 3434; x_wconf 81' lang='grc' dir='ltr'>δυναμένης</span> <span class='ocrx_word' id='word_1_531' title='bbox 3060 3364 3136 3435; x_wconf 81' lang='grc' dir='ltr'>τῷ</span> <span class='ocrx_word' id='word_1_532' title='bbox 3169 3364 3470 3435; x_wconf 79' lang='grc' dir='ltr'>ἀγεννήτῳ,</span> <span class='ocrx_word' id='word_1_533' title='bbox 3495 3362 3616 3431; x_wconf 79' lang='grc' dir='ltr'>πρὸς</span> <span class='ocrx_word' id='word_1_534' title='bbox 3642 3356 3706 3427; x_wconf 87' lang='grc' dir='ltr'>τῷ</span> 
     </span>
    </p>
   </div>
   <div class='ocr_carea' id='block_1_68' title="bbox 485 3450 2054 3535">
    <p class='ocr_par' dir='ltr' id='par_1_68' title="bbox 485 3462 2054 3535">
     <span class='ocr_line' id='line_1_68' title="bbox 485 3462 2054 3535; baseline 0.003 -21"><span class='ocrx_word' id='word_1_535' title='bbox 485 3463 623 3515; x_wconf 86' lang='lat' dir='ltr'><strong>idem</strong></span> <span class='ocrx_word' id='word_1_536' title='bbox 661 3478 721 3514; x_wconf 89' lang='lat' dir='ltr'><strong>ac</strong></span> <span class='ocrx_word' id='word_1_537' title='bbox 751 3462 845 3515; x_wconf 82' lang='lat' dir='ltr'><strong>illa</strong></span> <span class='ocrx_word' id='word_1_538' title='bbox 887 3463 1121 3532; x_wconf 84' lang='lat' dir='ltr'><strong>polleat;</strong></span> <span class='ocrx_word' id='word_1_539' title='bbox 1148 3474 1499 3535; x_wconf 66' lang='lat' dir='ltr'><strong>praeterquam</strong></span> <span class='ocrx_word' id='word_1_540' title='bbox 1556 3465 1798 3535; x_wconf 90' lang='lat' dir='ltr'><strong>quod,ob</strong></span> <span class='ocrx_word' id='word_1_541' title='bbox 1848 3465 2054 3518; x_wconf 83' lang='lat' dir='ltr'><strong>relatio-</strong></span> 
     </span>
    </p>
   </div>
   <div class='ocr_carea' id='block_1_69' title="bbox 2155 3450 3705 3535">
    <p class='ocr_par' dir='ltr' id='par_1_69' title="bbox 2166 3450 3705 3525">
     <span class='ocr_line' id='line_1_69' title="bbox 2166 3450 3705 3525; baseline -0.004 -19"><span class='ocrx_word' id='word_1_542' title='bbox 2166 3454 2263 3507; x_wconf 71' lang='grc' dir='ltr'><strong>καὶ</strong></span> <span class='ocrx_word' id='word_1_543' title='bbox 2296 3452 2396 3525; x_wconf 77' lang='grc' dir='ltr'>τὴν</span> <span class='ocrx_word' id='word_1_544' title='bbox 2426 3456 2555 3525; x_wconf 75' lang='grc' dir='ltr'>περὶ</span> <span class='ocrx_word' id='word_1_545' title='bbox 2586 3453 2683 3507; x_wconf 81' lang='grc' dir='ltr'><strong>τοῦ</strong></span> <span class='ocrx_word' id='word_1_546' title='bbox 2726 3454 2857 3507; x_wconf 86' lang='grc' dir='ltr'>Υίοῦ</span> <span class='ocrx_word' id='word_1_547' title='bbox 2907 3454 3115 3509; x_wconf 73' lang='grc' dir='ltr'>ἔννοιαν</span> <span class='ocrx_word' id='word_1_548' title='bbox 3149 3456 3519 3525; x_wconf 82' lang='grc' dir='ltr'>συνημμένως</span> <span class='ocrx_word' id='word_1_549' title='bbox 3564 3450 3705 3517; x_wconf 78' lang='grc' dir='ltr'>ἑαυτῇ</span> 
     </span>
    </p>
   </div>
   <div class='ocr_carea' id='block_1_70' title="bbox 489 3542 2054 3638">
    <p class='ocr_par' dir='ltr' id='par_1_70' title="bbox 489 3550 2054 3638">
     <span class='ocr_line' id='line_1_70' title="bbox 489 3550 2054 3638; baseline 0.003 -33"><span class='ocrx_word' id='word_1_550' title='bbox 489 3568 626 3617; x_wconf 84' lang='lat' dir='ltr'><strong>nem,</strong></span> <span class='ocrx_word' id='word_1_551' title='bbox 676 3550 808 3606; x_wconf 79' lang='lat' dir='ltr'><strong>Filii</strong></span> <span class='ocrx_word' id='word_1_552' title='bbox 857 3555 1113 3607; x_wconf 87' lang='lat' dir='ltr'><strong>rationem</strong></span> <span class='ocrx_word' id='word_1_553' title='bbox 1151 3571 1258 3609; x_wconf 87' lang='lat' dir='ltr'><strong>una</strong></span> <span class='ocrx_word' id='word_1_554' title='bbox 1298 3559 1472 3618; x_wconf 66' lang='lat' dir='ltr'><strong>secant</strong></span> <span class='ocrx_word' id='word_1_555' title='bbox 1519 3553 1793 3623; x_wconf 86' lang='lat' dir='ltr'><strong>conjuncte</strong></span> <span class='ocrx_word' id='word_1_556' title='bbox 1838 3554 2054 3638; x_wconf 61' lang='lat' dir='ltr'><strong>inducit.</strong></span> 
     </span>
    </p>
   </div>
   <div class='ocr_carea' id='block_1_71' title="bbox 2155 3542 3706 3638">
    <p class='ocr_par' dir='ltr' id='par_1_71' title="bbox 2166 3542 3706 3618">
     <span class='ocr_line' id='line_1_71' title="bbox 2166 3542 3706 3618; baseline -0.002 -20"><span class='ocrx_word' id='word_1_557' title='bbox 2166 3544 2254 3600; x_wconf 71' lang='grc' dir='ltr'><strong>διὰ</strong></span> <span class='ocrx_word' id='word_1_558' title='bbox 2273 3547 2370 3615; x_wconf 84' lang='grc' dir='ltr'>τῆς</span> <span class='ocrx_word' id='word_1_559' title='bbox 2408 3547 2647 3617; x_wconf 87' lang='grc' dir='ltr'>σχέσεως</span> <span class='ocrx_word' id='word_1_560' title='bbox 2680 3547 3042 3618; x_wconf 78' lang='grc' dir='ltr'>συγεισάγειν.</span> <span class='ocrx_word' id='word_1_561' title='bbox 3076 3567 3093 3600; x_wconf 78' lang='grc' dir='ltr'><strong>ι</strong></span> <span class='ocrx_word' id='word_1_562' title='bbox 3119 3547 3311 3610; x_wconf 86' lang='grc' dir='ltr'>Ὅπως</span> <span class='ocrx_word' id='word_1_563' title='bbox 3329 3548 3383 3601; x_wconf 67' lang='grc' dir='ltr'>δὲ</span> <span class='ocrx_word' id='word_1_564' title='bbox 3413 3544 3543 3600; x_wconf 82' lang='grc' dir='ltr'>κατά</span> <span class='ocrx_word' id='word_1_565' title='bbox 3558 3544 3611 3596; x_wconf 79' lang='grc' dir='ltr'>τὸ</span> <span class='ocrx_word' id='word_1_566' title='bbox 3631 3542 3706 3596; x_wconf 82' lang='grc' dir='ltr'>δυ-</span> 
     </span>
    </p>
   </div>
   <div class='ocr_carea' id='block_1_72' title="bbox 488 3636 2054 3715">
    <p class='ocr_par' dir='ltr' id='par_1_72' title="bbox 488 3636 2054 3715">
     <span class='ocr_line' id='line_1_72' title="bbox 488 3636 2054 3715; baseline 0 -16"><span class='ocrx_word' id='word_1_567' title='bbox 488 3643 560 3699; x_wconf 89' lang='lat' dir='ltr'><strong>Ut</strong></span> <span class='ocrx_word' id='word_1_568' title='bbox 594 3653 773 3698; x_wconf 89' lang='lat' dir='ltr'><strong>autem</strong></span> <span class='ocrx_word' id='word_1_569' title='bbox 813 3659 909 3713; x_wconf 87' lang='lat' dir='ltr'><strong>pro</strong></span> <span class='ocrx_word' id='word_1_570' title='bbox 959 3646 1101 3699; x_wconf 85' lang='lat' dir='ltr'><strong>virili</strong></span> <span class='ocrx_word' id='word_1_571' title='bbox 1156 3645 1444 3701; x_wconf 89' lang='lat' dir='ltr'><strong>clariorem</strong></span> <span class='ocrx_word' id='word_1_572' title='bbox 1511 3646 1707 3701; x_wconf 91' lang='lat' dir='ltr'><strong>borum</strong></span> <span class='ocrx_word' id='word_1_573' title='bbox 1759 3636 2054 3715; x_wconf 81' lang='lat' dir='ltr'><strong>intelligen-</strong></span> 
     </span>
    </p>
   </div>
   <div class='ocr_carea' id='block_1_73' title="bbox 2155 3636 3698 3715">
    <p class='ocr_par' dir='ltr' id='par_1_73' title="bbox 2168 3636 3698 3711">
     <span class='ocr_line' id='line_1_73' title="bbox 2168 3636 3698 3711; baseline 0.003 -20"><span class='ocrx_word' id='word_1_574' title='bbox 2168 3638 2329 3691; x_wconf 77' lang='grc' dir='ltr'>νατὸν</span> <span class='ocrx_word' id='word_1_575' title='bbox 2369 3637 2462 3691; x_wconf 83' lang='grc' dir='ltr'>καί</span> <span class='ocrx_word' id='word_1_576' title='bbox 2497 3656 2550 3693; x_wconf 91' lang='grc' dir='ltr'><strong>τι</strong></span> <span class='ocrx_word' id='word_1_577' title='bbox 2610 3641 2947 3711; x_wconf 82' lang='grc' dir='ltr'>σαφέστερον</span> <span class='ocrx_word' id='word_1_578' title='bbox 3013 3640 3144 3708; x_wconf 77' lang='grc' dir='ltr'>περὶ</span> <span class='ocrx_word' id='word_1_579' title='bbox 3198 3640 3407 3694; x_wconf 85' lang='grc' dir='ltr'>τούτων</span> <span class='ocrx_word' id='word_1_580' title='bbox 3440 3636 3698 3705; x_wconf 74' lang='grc' dir='ltr'>ἐννοῶμεν.</span> 
     </span>
    </p>
   </div>
   <div class='ocr_carea' id='block_1_74' title="bbox 488 3728 2054 3805">
    <p class='ocr_par' dir='ltr' id='par_1_74' title="bbox 488 3733 2054 3805">
     <span class='ocr_line' id='line_1_74' title="bbox 488 3733 2054 3805; baseline 0 -18"><span class='ocrx_word' id='word_1_581' title='bbox 488 3733 618 3788; x_wconf 90' lang='lat' dir='ltr'><strong>tiam</strong></span> <span class='ocrx_word' id='word_1_582' title='bbox 668 3736 1069 3801; x_wconf 84' lang='lat' dir='ltr'><strong>nanciscamur,</strong></span> <span class='ocrx_word' id='word_1_583' title='bbox 1104 3734 1393 3805; x_wconf 85' lang='lat' dir='ltr'><strong>principiis</strong></span> <span class='ocrx_word' id='word_1_584' title='bbox 1441 3733 1567 3790; x_wconf 77' lang='lat' dir='ltr'><strong>ﬁdei</strong></span> <span class='ocrx_word' id='word_1_585' title='bbox 1615 3734 1978 3798; x_wconf 69' lang='lat' dir='ltr'><strong>adbwrentcs.</strong></span> <span class='ocrx_word' id='word_1_586' title='bbox 2010 3735 2054 3789; x_wconf 78' lang='lat' dir='ltr'><strong>in</strong></span> 
     </span>
    </p>
   </div>
   <div class='ocr_carea' id='block_1_75' title="bbox 2155 3728 3701 3805">
    <p class='ocr_par' dir='ltr' id='par_1_75' title="bbox 2167 3728 3701 3801">
     <span class='ocr_line' id='line_1_75' title="bbox 2167 3728 3701 3801; baseline -0.001 -19"><span class='ocrx_word' id='word_1_587' title='bbox 2167 3731 2290 3794; x_wconf 86' lang='grc' dir='ltr'>ταῖς</span> <span class='ocrx_word' id='word_1_588' title='bbox 2326 3729 2528 3801; x_wconf 74' lang='grc' dir='ltr'>ἀρχαίς</span> <span class='ocrx_word' id='word_1_589' title='bbox 2562 3730 2987 3795; x_wconf 73' lang='grc' dir='ltr'>ἀκολουθοῦντες</span> <span class='ocrx_word' id='word_1_590' title='bbox 3024 3728 3129 3801; x_wconf 83' lang='grc' dir='ltr'>τῆς</span> <span class='ocrx_word' id='word_1_591' title='bbox 3188 3732 3442 3795; x_wconf 84' lang='grc' dir='ltr'>πίστεως,</span> <span class='ocrx_word' id='word_1_592' title='bbox 3485 3728 3701 3797; x_wconf 75' lang='grc' dir='ltr'>λέγωμεν</span> 
     </span>
    </p>
   </div>
   <div class='ocr_carea' id='block_1_76' title="bbox 489 3817 2288 3880">
    <p class='ocr_par' dir='ltr' id='par_1_76' title="bbox 489 3817 2288 3880">
     <span class='ocr_line' id='line_1_76' title="bbox 489 3817 2288 3880; baseline 0 -2"><span class='ocrx_word' id='word_1_593' title='bbox 489 3825 635 3879; x_wconf 83' lang='lat' dir='ltr'><strong>hunc</strong></span> <span class='ocrx_word' id='word_1_594' title='bbox 660 3825 883 3879; x_wconf 89' lang='lat' dir='ltr'><strong>modum</strong></span> <span class='ocrx_word' id='word_1_595' title='bbox 920 3826 1189 3880; x_wconf 87' lang='lat' dir='ltr'><strong>dicamus.</strong></span> <span class='ocrx_word' id='word_1_596' title='bbox 2165 3817 2288 3878; x_wconf 77' lang='grc' dir='ltr'>ὧδε.</span> 
     </span>
    </p>
   </div>
   <div class='ocr_carea' id='block_1_77' title="bbox 408 3910 2054 3989">
    <p class='ocr_par' dir='ltr' id='par_1_77' title="bbox 408 3914 2054 3986">
     <span class='ocr_line' id='line_1_77' title="bbox 408 3914 2054 3986; baseline -0.001 -16"><span class='ocrx_word' id='word_1_597' title='bbox 408 3914 411 3915; x_wconf 58' lang='grc'><strong><em>⁷</em></strong></span> <span class='ocrx_word' id='word_1_598' title='bbox 559 3916 1011 3986; x_wconf 85' lang='lat' dir='ltr'><strong>Quandoquidem</strong></span> <span class='ocrx_word' id='word_1_599' title='bbox 1070 3932 1135 3971; x_wconf 80' lang='lat' dir='ltr'><strong>ex</strong></span> <span class='ocrx_word' id='word_1_600' title='bbox 1184 3918 1291 3974; x_wconf 79' lang='lat' dir='ltr'><strong>[ide</strong></span> <span class='ocrx_word' id='word_1_601' title='bbox 1325 3919 1595 3975; x_wconf 84' lang='lat' dir='ltr'><strong>habemus</strong></span> <span class='ocrx_word' id='word_1_602' title='bbox 1637 3917 1804 3973; x_wconf 89' lang='lat' dir='ltr'><strong>Deum</strong></span> <span class='ocrx_word' id='word_1_603' title='bbox 1857 3931 1923 3983; x_wconf 60' lang='grc' dir='ltr'>οξ</span> <span class='ocrx_word' id='word_1_604' title='bbox 1955 3915 2054 3971; x_wconf 81' lang='lat' dir='ltr'><strong>Dec</strong></span> 
     </span>
    </p>
   </div>
   <div class='ocr_carea' id='block_1_78' title="bbox 2155 3910 3703 3989">
    <p class='ocr_par' dir='ltr' id='par_1_78' title="bbox 2252 3910 3703 3989">
     <span class='ocr_line' id='line_1_78' title="bbox 2252 3910 3703 3989; baseline -0.006 -19"><span class='ocrx_word' id='word_1_605' title='bbox 2252 3914 2476 3986; x_wconf 79' lang='grc' dir='ltr'>Ἐπειδὴ</span> <span class='ocrx_word' id='word_1_606' title='bbox 2513 3915 2667 3988; x_wconf 86' lang='grc' dir='ltr'><strong>παρά</strong></span> <span class='ocrx_word' id='word_1_607' title='bbox 2713 3917 2811 3987; x_wconf 70' lang='grc' dir='ltr'>τῆς</span> <span class='ocrx_word' id='word_1_608' title='bbox 2851 3916 3087 3981; x_wconf 82' lang='grc' dir='ltr'>πίστεως</span> <span class='ocrx_word' id='word_1_609' title='bbox 3125 3915 3326 3989; x_wconf 76' lang='grc' dir='ltr'>ἔχομεν</span> <span class='ocrx_word' id='word_1_610' title='bbox 3378 3915 3459 3970; x_wconf 80' lang='grc' dir='ltr'>ὅτι</span> <span class='ocrx_word' id='word_1_611' title='bbox 3505 3911 3624 3974; x_wconf 75' lang='grc' dir='ltr'>Θεὸς</span> <span class='ocrx_word' id='word_1_612' title='bbox 3650 3910 3703 3961; x_wconf 79' lang='grc' dir='ltr'><strong>ἐκ</strong></span> 
     </span>
    </p>
   </div>
   <div class='ocr_carea' id='block_1_79' title="bbox 476 3998 2054 4082">
    <p class='ocr_par' dir='ltr' id='par_1_79' title="bbox 476 3998 2054 4082">
     <span class='ocr_line' id='line_1_79' title="bbox 476 3998 2054 4082; baseline 0.001 -21"><span class='ocrx_word' id='word_1_613' title='bbox 476 3998 659 4077; x_wconf 79' lang='lat' dir='ltr'><strong>gigni,</strong></span> <span class='ocrx_word' id='word_1_614' title='bbox 714 4007 838 4062; x_wconf 70' lang='lat' dir='ltr'><strong>dua:</strong></span> <span class='ocrx_word' id='word_1_615' title='bbox 907 4024 1155 4078; x_wconf 67' lang='lat' dir='ltr'><strong>persona:</strong></span> <span class='ocrx_word' id='word_1_616' title='bbox 1207 4010 1587 4082; x_wconf 89' lang='lat' dir='ltr'><strong>intelliguntur</strong></span> <span class='ocrx_word' id='word_1_617' title='bbox 1640 4027 1654 4065; x_wconf 92' lang='lat'><strong>:</strong></span> <span class='ocrx_word' id='word_1_618' title='bbox 1717 4010 1886 4065; x_wconf 86' lang='lat' dir='ltr'><strong>altera</strong></span> <span class='ocrx_word' id='word_1_619' title='bbox 1946 4023 2054 4079; x_wconf 80' lang='lat' dir='ltr'><strong>qua</strong></span> 
     </span>
    </p>
   </div>
   <div class='ocr_carea' id='block_1_80' title="bbox 2155 3998 3703 4082">
    <p class='ocr_par' dir='ltr' id='par_1_80' title="bbox 2167 4006 3703 4079">
     <span class='ocr_line' id='line_1_80' title="bbox 2167 4006 3703 4079; baseline -0.005 -16"><span class='ocrx_word' id='word_1_620' title='bbox 2167 4009 2303 4063; x_wconf 88' lang='grc' dir='ltr'>Θεοῦ</span> <span class='ocrx_word' id='word_1_621' title='bbox 2343 4009 2742 4079; x_wconf 77' lang='grc' dir='ltr'>γεννᾶται,’δύο</span> <span class='ocrx_word' id='word_1_622' title='bbox 2772 4010 3041 4079; x_wconf 88' lang='grc' dir='ltr'>πρόσωπα</span> <span class='ocrx_word' id='word_1_623' title='bbox 3074 4009 3323 4062; x_wconf 85' lang='grc' dir='ltr'>νοοῦνται</span> <span class='ocrx_word' id='word_1_624' title='bbox 3342 4024 3357 4040; x_wconf 69' lang='grc' dir='ltr'><strong>ο</strong></span> <span class='ocrx_word' id='word_1_625' title='bbox 3386 4007 3445 4060; x_wconf 82' lang='grc' dir='ltr'>τὸ</span> <span class='ocrx_word' id='word_1_626' title='bbox 3482 4006 3571 4077; x_wconf 74' lang='grc' dir='ltr'>μὲν</span> <span class='ocrx_word' id='word_1_627' title='bbox 3602 4017 3703 4070; x_wconf 83' lang='grc' dir='ltr'>γεν-</span> 
     </span>
    </p>
   </div>
   <div class='ocr_carea' id='block_1_81' title="bbox 490 4092 2054 4174">
    <p class='ocr_par' dir='ltr' id='par_1_81' title="bbox 490 4101 2054 4174">
     <span class='ocr_line' id='line_1_81' title="bbox 490 4101 2054 4174; baseline 0.001 -21"><span class='ocrx_word' id='word_1_628' title='bbox 490 4101 693 4172; x_wconf 79' lang='lat' dir='ltr'><strong>gignat,</strong></span> <span class='ocrx_word' id='word_1_629' title='bbox 727 4101 920 4169; x_wconf 85' lang='lat' dir='ltr'><strong>altera,</strong></span> <span class='ocrx_word' id='word_1_630' title='bbox 943 4118 1065 4171; x_wconf 74' lang='lat' dir='ltr'><strong>qua:</strong></span> <span class='ocrx_word' id='word_1_631' title='bbox 1094 4106 1349 4174; x_wconf 85' lang='lat' dir='ltr'><strong>gignatur</strong></span> <span class='ocrx_word' id='word_1_632' title='bbox 1371 4142 1387 4166; x_wconf 87' lang='lat'><strong>.</strong></span> <span class='ocrx_word' id='word_1_633' title='bbox 1421 4104 1729 4174; x_wconf 82' lang='lat' dir='ltr'><strong>habentque</strong></span> <span class='ocrx_word' id='word_1_634' title='bbox 1762 4102 2054 4172; x_wconf 88' lang='lat' dir='ltr'><strong>oppositio-</strong></span> 
     </span>
    </p>
   </div>
   <div class='ocr_carea' id='block_1_82' title="bbox 2155 4092 3701 4174">
    <p class='ocr_par' dir='ltr' id='par_1_82' title="bbox 2168 4092 3701 4171">
     <span class='ocr_line' id='line_1_82' title="bbox 2168 4092 3701 4171; baseline -0.007 -17"><span class='ocrx_word' id='word_1_635' title='bbox 2168 4100 2297 4165; x_wconf 83' lang='grc' dir='ltr'>νῶν,</span> <span class='ocrx_word' id='word_1_636' title='bbox 2320 4102 2380 4154; x_wconf 82' lang='grc' dir='ltr'>τὸ</span> <span class='ocrx_word' id='word_1_637' title='bbox 2410 4100 2471 4169; x_wconf 9' lang='grc' dir='ltr'>δὲ,</span> <span class='ocrx_word' id='word_1_638' title='bbox 2493 4102 2836 4171; x_wconf 73' lang='grc' dir='ltr'>γεννώμενον</span> <span class='ocrx_word' id='word_1_639' title='bbox 2863 4116 2877 4132; x_wconf 88' lang='grc'><strong>·</strong></span> <span class='ocrx_word' id='word_1_640' title='bbox 2927 4101 3024 4154; x_wconf 74' lang='grc' dir='ltr'><strong>καὶ</strong></span> <span class='ocrx_word' id='word_1_641' title='bbox 3049 4100 3264 4171; x_wconf 79' lang='grc' dir='ltr'>ἔχουσιν</span> <span class='ocrx_word' id='word_1_642' title='bbox 3297 4099 3560 4153; x_wconf 73' lang='grc' dir='ltr'>ἀντίθεσιν</span> <span class='ocrx_word' id='word_1_643' title='bbox 3586 4092 3701 4147; x_wconf 65' lang='grc' dir='ltr'>κατὰ</span> 
     </span>
    </p>
   </div>
   <div class='ocr_carea' id='block_1_83' title="bbox 489 4188 2054 4264">
    <p class='ocr_par' dir='ltr' id='par_1_83' title="bbox 489 4192 2054 4264">
     <span class='ocr_line' id='line_1_83' title="bbox 489 4192 2054 4264; baseline -0.001 -20"><span class='ocrx_word' id='word_1_644' title='bbox 489 4206 611 4245; x_wconf 89' lang='lat' dir='ltr'><strong>nem</strong></span> <span class='ocrx_word' id='word_1_645' title='bbox 640 4206 804 4261; x_wconf 88' lang='lat' dir='ltr'><strong>quam</strong></span> <span class='ocrx_word' id='word_1_646' title='bbox 838 4202 1039 4247; x_wconf 89' lang='lat' dir='ltr'><strong>vocant</strong></span> <span class='ocrx_word' id='word_1_647' title='bbox 1081 4194 1150 4246; x_wconf 87' lang='lat' dir='ltr'><strong>ad</strong></span> <span class='ocrx_word' id='word_1_648' title='bbox 1208 4192 1433 4264; x_wconf 84' lang='lat' dir='ltr'><strong>aliquid.</strong></span> <span class='ocrx_word' id='word_1_649' title='bbox 1479 4193 1616 4249; x_wconf 89' lang='lat' dir='ltr'><strong>Cum</strong></span> <span class='ocrx_word' id='word_1_650' title='bbox 1650 4193 1794 4248; x_wconf 88' lang='lat' dir='ltr'><strong>enim</strong></span> <span class='ocrx_word' id='word_1_651' title='bbox 1829 4200 2054 4261; x_wconf 75' lang='lat' dir='ltr'><strong>quatuor</strong></span> 
     </span>
    </p>
   </div>
   <div class='ocr_carea' id='block_1_84' title="bbox 2155 4188 3702 4264">
    <p class='ocr_par' dir='ltr' id='par_1_84' title="bbox 2168 4188 3702 4264">
     <span class='ocr_line' id='line_1_84' title="bbox 2168 4188 3702 4264; baseline -0.005 -18"><span class='ocrx_word' id='word_1_652' title='bbox 2168 4194 2229 4246; x_wconf 75' lang='grc' dir='ltr'>τὸ</span> <span class='ocrx_word' id='word_1_653' title='bbox 2274 4210 2294 4244; x_wconf 77' lang='grc' dir='ltr'><strong>ι</strong></span> <span class='ocrx_word' id='word_1_654' title='bbox 2341 4192 2479 4263; x_wconf 81' lang='grc' dir='ltr'>πρός</span> <span class='ocrx_word' id='word_1_655' title='bbox 2505 4209 2578 4249; x_wconf 90' lang='grc' dir='ltr'>τι.</span> <span class='ocrx_word' id='word_1_656' title='bbox 2635 4210 2654 4245; x_wconf 75' lang='grc' dir='ltr'><strong>ι</strong></span> <span class='ocrx_word' id='word_1_657' title='bbox 2698 4193 3003 4263; x_wconf 85' lang='grc' dir='ltr'>Τεσσάρων</span> <span class='ocrx_word' id='word_1_658' title='bbox 3035 4195 3147 4264; x_wconf 74' lang='grc' dir='ltr'><strong>γὰρ</strong></span> <span class='ocrx_word' id='word_1_659' title='bbox 3169 4194 3347 4247; x_wconf 83' lang='grc' dir='ltr'>οὐσῶν</span> <span class='ocrx_word' id='word_1_660' title='bbox 3392 4188 3702 4248; x_wconf 72' lang='grc' dir='ltr'>ἀντιθέσεων.</span> 
     </span>
    </p>
   </div>
   <div class='ocr_carea' id='block_1_85' title="bbox 487 4274 2054 4356">
    <p class='ocr_par' dir='ltr' id='par_1_85' title="bbox 487 4282 2054 4355">
     <span class='ocr_line' id='line_1_85' title="bbox 487 4282 2054 4355; baseline -0.001 -18"><span class='ocrx_word' id='word_1_661' title='bbox 487 4282 597 4337; x_wconf 88' lang='lat' dir='ltr'><strong>sint</strong></span> <span class='ocrx_word' id='word_1_662' title='bbox 623 4284 1023 4355; x_wconf 85' lang='lat' dir='ltr'><strong>oppositionqu</strong></span> <span class='ocrx_word' id='word_1_663' title='bbox 1058 4299 1257 4355; x_wconf 73' lang='lat' dir='ltr'><strong>genera</strong></span> <span class='ocrx_word' id='word_1_664' title='bbox 1284 4327 1300 4351; x_wconf 93' lang='lat'><strong>,</strong></span> <span class='ocrx_word' id='word_1_665' title='bbox 1331 4285 1478 4355; x_wconf 89' lang='lat' dir='ltr'><strong>quod</strong></span> <span class='ocrx_word' id='word_1_666' title='bbox 1518 4286 1776 4340; x_wconf 91' lang='lat' dir='ltr'><strong>nimirum</strong></span> <span class='ocrx_word' id='word_1_667' title='bbox 1816 4283 2054 4353; x_wconf 74' lang='lat' dir='ltr'><strong>opposita</strong></span> 
     </span>
    </p>
   </div>
   <div class='ocr_carea' id='block_1_86' title="bbox 2155 4274 3695 4356">
    <p class='ocr_par' dir='ltr' id='par_1_86' title="bbox 2169 4274 3695 4356">
     <span class='ocr_line' id='line_1_86' title="bbox 2169 4274 3695 4356; baseline -0.003 -20"><span class='ocrx_word' id='word_1_668' title='bbox 2169 4283 2292 4336; x_wconf 72' lang='grc' dir='ltr'>ἰπεὶ</span> <span class='ocrx_word' id='word_1_669' title='bbox 2339 4285 2408 4337; x_wconf 85' lang='grc' dir='ltr'><strong>τά</strong></span> <span class='ocrx_word' id='word_1_670' title='bbox 2462 4284 2820 4354; x_wconf 76' lang='grc' dir='ltr'>ἀντικείμενα</span> <span class='ocrx_word' id='word_1_671' title='bbox 2854 4285 3135 4356; x_wconf 78' lang='grc' dir='ltr'>τετραχῶς</span> <span class='ocrx_word' id='word_1_672' title='bbox 3161 4274 3552 4356; x_wconf 57' lang='grc' dir='ltr'>διορίζονταμῆ</span> <span class='ocrx_word' id='word_1_673' title='bbox 3578 4274 3695 4332; x_wconf 76' lang='grc' dir='ltr'><strong>κατᾶ</strong></span> 
     </span>
    </p>
   </div>
   <div class='ocr_carea' id='block_1_87' title="bbox 487 4367 2054 4450">
    <p class='ocr_par' dir='ltr' id='par_1_87' title="bbox 487 4374 2054 4446">
     <span class='ocr_line' id='line_1_87' title="bbox 487 4374 2054 4446; baseline -0.001 -16"><span class='ocrx_word' id='word_1_674' title='bbox 487 4375 878 4446; x_wconf 83' lang='lat' dir='ltr'><strong>quadrifariam</strong></span> <span class='ocrx_word' id='word_1_675' title='bbox 903 4376 1240 4440; x_wconf 82' lang='lat' dir='ltr'><strong>dividantur,</strong></span> <span class='ocrx_word' id='word_1_676' title='bbox 1264 4377 1349 4431; x_wconf 89' lang='lat' dir='ltr'><strong>vel</strong></span> <span class='ocrx_word' id='word_1_677' title='bbox 1373 4391 1539 4446; x_wconf 87' lang='lat' dir='ltr'><strong>penes</strong></span> <span class='ocrx_word' id='word_1_678' title='bbox 1565 4374 1862 4441; x_wconf 88' lang='lat' dir='ltr'><strong>contraria,</strong></span> <span class='ocrx_word' id='word_1_679' title='bbox 1886 4374 2054 4443; x_wconf 84' lang='lat' dir='ltr'><strong>cujus-</strong></span> 
     </span>
    </p>
   </div>
   <div class='ocr_carea' id='block_1_88' title="bbox 2155 4367 3701 4450">
    <p class='ocr_par' dir='ltr' id='par_1_88' title="bbox 2170 4367 3701 4450">
     <span class='ocr_line' id='line_1_88' title="bbox 2170 4367 3701 4450; baseline -0.004 -21"><span class='ocrx_word' id='word_1_680' title='bbox 2170 4376 2236 4429; x_wconf 77' lang='grc' dir='ltr'><strong>τὰ</strong></span> <span class='ocrx_word' id='word_1_681' title='bbox 2271 4375 2512 4442; x_wconf 73' lang='grc' dir='ltr'>ἐναντία,</span> <span class='ocrx_word' id='word_1_682' title='bbox 2547 4369 2659 4429; x_wconf 74' lang='grc' dir='ltr'>οἷον</span> <span class='ocrx_word' id='word_1_683' title='bbox 2697 4395 2715 4429; x_wconf 82' lang='grc' dir='ltr'><strong>ι</strong></span> <span class='ocrx_word' id='word_1_684' title='bbox 2766 4376 2963 4430; x_wconf 74' lang='grc' dir='ltr'>λευκὸν</span> <span class='ocrx_word' id='word_1_685' title='bbox 2995 4378 3093 4431; x_wconf 71' lang='grc' dir='ltr'><strong>καὶ</strong></span> <span class='ocrx_word' id='word_1_686' title='bbox 3125 4378 3299 4449; x_wconf 76' lang='grc' dir='ltr'>μέλαν</span> <span class='ocrx_word' id='word_1_687' title='bbox 3322 4397 3337 4410; x_wconf 87' lang='grc'><strong>·</strong></span> <span class='ocrx_word' id='word_1_688' title='bbox 3366 4377 3398 4450; x_wconf 65' lang='grc' dir='ltr'><strong>ἢ</strong></span> <span class='ocrx_word' id='word_1_689' title='bbox 3428 4373 3559 4430; x_wconf 71' lang='grc' dir='ltr'>κατὰ</span> <span class='ocrx_word' id='word_1_690' title='bbox 3599 4367 3701 4424; x_wconf 79' lang='grc' dir='ltr'>στέ-</span> 
     </span>
    </p>
   </div>
   <div class='ocr_carea' id='block_1_89' title="bbox 488 4460 2054 4539">
    <p class='ocr_par' dir='ltr' id='par_1_89' title="bbox 488 4467 2054 4538">
     <span class='ocr_line' id='line_1_89' title="bbox 488 4467 2054 4538; baseline -0.001 -17"><span class='ocrx_word' id='word_1_691' title='bbox 488 4468 639 4522; x_wconf 89' lang='lat' dir='ltr'><strong>modi</strong></span> <span class='ocrx_word' id='word_1_692' title='bbox 666 4478 794 4523; x_wconf 86' lang='lat' dir='ltr'><strong>sunt</strong></span> <span class='ocrx_word' id='word_1_693' title='bbox 834 4469 1011 4522; x_wconf 84' lang='lat' dir='ltr'><strong>album</strong></span> <span class='ocrx_word' id='word_1_694' title='bbox 1042 4476 1092 4522; x_wconf 86' lang='lat' dir='ltr'><strong>et</strong></span> <span class='ocrx_word' id='word_1_695' title='bbox 1130 4470 1378 4538; x_wconf 86' lang='lat' dir='ltr'><strong>nigrum;</strong></span> <span class='ocrx_word' id='word_1_696' title='bbox 1418 4467 1503 4521; x_wconf 87' lang='lat' dir='ltr'><strong>vel</strong></span> <span class='ocrx_word' id='word_1_697' title='bbox 1553 4467 1854 4522; x_wconf 89' lang='lat' dir='ltr'><strong>secundum</strong></span> <span class='ocrx_word' id='word_1_698' title='bbox 1892 4467 2054 4536; x_wconf 78' lang='lat' dir='ltr'><strong>priva-</strong></span> 
     </span>
    </p>
   </div>
   <div class='ocr_carea' id='block_1_90' title="bbox 2155 4460 3695 4539">
    <p class='ocr_par' dir='ltr' id='par_1_90' title="bbox 2177 4460 3695 4539">
     <span class='ocr_line' id='line_1_90' title="bbox 2177 4460 3695 4539; baseline 0.002 -20"><span class='ocrx_word' id='word_1_699' title='bbox 2177 4484 2334 4537; x_wconf 82' lang='grc' dir='ltr'>ρησιν</span> <span class='ocrx_word' id='word_1_700' title='bbox 2384 4468 2478 4520; x_wconf 78' lang='grc' dir='ltr'><strong>καὶ</strong></span> <span class='ocrx_word' id='word_1_701' title='bbox 2510 4466 2646 4535; x_wconf 70' lang='grc' dir='ltr'>ἕξιν,</span> <span class='ocrx_word' id='word_1_702' title='bbox 2690 4460 2824 4532; x_wconf 76' lang='grc' dir='ltr'>οἷον,</span> <span class='ocrx_word' id='word_1_703' title='bbox 2863 4485 2883 4519; x_wconf 78' lang='grc' dir='ltr'><strong>ι</strong></span> <span class='ocrx_word' id='word_1_704' title='bbox 2930 4468 3142 4539; x_wconf 81' lang='grc' dir='ltr'>βλέπει,</span> <span class='ocrx_word' id='word_1_705' title='bbox 3174 4469 3371 4535; x_wconf 78' lang='grc' dir='ltr'>τυφλός</span> <span class='ocrx_word' id='word_1_706' title='bbox 3416 4470 3545 4522; x_wconf 67' lang='grc' dir='ltr'>ἐστι.</span> <span class='ocrx_word' id='word_1_707' title='bbox 3594 4481 3611 4515; x_wconf 74' lang='grc' dir='ltr'><strong>ι</strong></span> <span class='ocrx_word' id='word_1_708' title='bbox 3637 4460 3695 4513; x_wconf 86' lang='grc' dir='ltr'><strong>Τδ</strong></span> 
     </span>
    </p>
   </div>
   <div class='ocr_carea' id='block_1_91' title="bbox 492 4558 2054 4631">
    <p class='ocr_par' dir='ltr' id='par_1_91' title="bbox 492 4558 2045 4629">
     <span class='ocr_line' id='line_1_91' title="bbox 492 4558 2045 4629; baseline 0.001 -17"><span class='ocrx_word' id='word_1_709' title='bbox 492 4560 697 4614; x_wconf 89' lang='lat' dir='ltr'><strong>tionem</strong></span> <span class='ocrx_word' id='word_1_710' title='bbox 752 4569 807 4615; x_wconf 90' lang='lat' dir='ltr'><strong>et</strong></span> <span class='ocrx_word' id='word_1_711' title='bbox 872 4561 1143 4624; x_wconf 81' lang='lat' dir='ltr'><strong>habitum,</strong></span> <span class='ocrx_word' id='word_1_712' title='bbox 1207 4570 1263 4614; x_wconf 91' lang='lat' dir='ltr'><strong>ut</strong></span> <span class='ocrx_word' id='word_1_713' title='bbox 1300 4568 1423 4614; x_wconf 87' lang='lat' dir='ltr'><strong>sunt</strong></span> <span class='ocrx_word' id='word_1_714' title='bbox 1486 4560 1635 4613; x_wconf 86' lang='lat' dir='ltr'><strong>verbi</strong></span> <span class='ocrx_word' id='word_1_715' title='bbox 1669 4560 1866 4629; x_wconf 83' lang='lat' dir='ltr'><strong>gratia,</strong></span> <span class='ocrx_word' id='word_1_716' title='bbox 1908 4558 2045 4613; x_wconf 81' lang='lat' dir='ltr'><strong>videt</strong></span> 
     </span>
    </p>
   </div>
   <div class='ocr_carea' id='block_1_92' title="bbox 2155 4558 3697 4631">
    <p class='ocr_par' dir='ltr' id='par_1_92' title="bbox 2178 4559 3697 4631">
     <span class='ocr_line' id='line_1_92' title="bbox 2178 4559 3697 4631; baseline -0.007 -15"><span class='ocrx_word' id='word_1_717' title='bbox 2178 4561 2277 4631; x_wconf 85' lang='grc' dir='ltr'>μὲν</span> <span class='ocrx_word' id='word_1_718' title='bbox 2303 4562 2409 4630; x_wconf 75' lang='grc' dir='ltr'>γὰρ</span> <span class='ocrx_word' id='word_1_719' title='bbox 2448 4559 2615 4625; x_wconf 78' lang='grc' dir='ltr'>ἓξεώς</span> <span class='ocrx_word' id='word_1_720' title='bbox 2650 4561 2786 4622; x_wconf 73' lang='grc' dir='ltr'>ἐστι,</span> <span class='ocrx_word' id='word_1_721' title='bbox 2819 4560 2880 4613; x_wconf 85' lang='grc' dir='ltr'><strong>τδ</strong></span> <span class='ocrx_word' id='word_1_722' title='bbox 2928 4561 3174 4631; x_wconf 83' lang='grc' dir='ltr'>βλέπειν,</span> <span class='ocrx_word' id='word_1_723' title='bbox 3205 4563 3267 4616; x_wconf 80' lang='grc' dir='ltr'>τὸ</span> <span class='ocrx_word' id='word_1_724' title='bbox 3298 4563 3352 4614; x_wconf 77' lang='grc' dir='ltr'>δὲ</span> <span class='ocrx_word' id='word_1_725' title='bbox 3393 4560 3663 4627; x_wconf 79' lang='grc' dir='ltr'>στερήσεως</span> <span class='ocrx_word' id='word_1_726' title='bbox 3684 4564 3697 4582; x_wconf 78' lang='grc'><em>³</em></span> 
     </span>
    </p>
   </div>
   <div class='ocr_carea' id='block_1_93' title="bbox 490 4643 2054 4723">
    <p class='ocr_par' dir='ltr' id='par_1_93' title="bbox 490 4652 2048 4721">
     <span class='ocr_line' id='line_1_93' title="bbox 490 4652 2048 4721; baseline 0.001 -16"><span class='ocrx_word' id='word_1_727' title='bbox 490 4668 661 4706; x_wconf 78' lang='lat' dir='ltr'><strong>cwcus</strong></span> <span class='ocrx_word' id='word_1_728' title='bbox 677 4664 793 4718; x_wconf 84' lang='lat' dir='ltr'><strong>est;</strong></span> <span class='ocrx_word' id='word_1_729' title='bbox 826 4652 1053 4707; x_wconf 87' lang='lat' dir='ltr'><strong>alterum</strong></span> <span class='ocrx_word' id='word_1_730' title='bbox 1089 4652 1236 4707; x_wconf 89' lang='lat' dir='ltr'><strong>enim</strong></span> <span class='ocrx_word' id='word_1_731' title='bbox 1270 4652 1487 4707; x_wconf 83' lang='lat' dir='ltr'><strong>habitus</strong></span> <span class='ocrx_word' id='word_1_732' title='bbox 1516 4661 1622 4718; x_wconf 90' lang='lat' dir='ltr'><strong>est,</strong></span> <span class='ocrx_word' id='word_1_733' title='bbox 1643 4667 1835 4721; x_wconf 85' lang='lat' dir='ltr'><strong>nempe</strong></span> <span class='ocrx_word' id='word_1_734' title='bbox 1863 4652 2048 4707; x_wconf 86' lang='lat' dir='ltr'><strong>videre</strong></span> 
     </span>
    </p>
   </div>
   <div class='ocr_carea' id='block_1_94' title="bbox 2155 4643 3699 4723">
    <p class='ocr_par' dir='ltr' id='par_1_94' title="bbox 2167 4643 3699 4723">
     <span class='ocr_line' id='line_1_94' title="bbox 2167 4643 3699 4723; baseline 0.001 -18"><span class='ocrx_word' id='word_1_735' title='bbox 2167 4652 2204 4723; x_wconf 75' lang='grc' dir='ltr'><strong>ἢ</strong></span> <span class='ocrx_word' id='word_1_736' title='bbox 2234 4656 2376 4706; x_wconf 60' lang='grc' dir='ltr'>κατὰ</span> <span class='ocrx_word' id='word_1_737' title='bbox 2405 4652 2677 4721; x_wconf 80' lang='grc' dir='ltr'>ἀπόφασιν</span> <span class='ocrx_word' id='word_1_738' title='bbox 2735 4654 2831 4707; x_wconf 74' lang='grc' dir='ltr'><strong>καὶ</strong></span> <span class='ocrx_word' id='word_1_739' title='bbox 2897 4654 3234 4723; x_wconf 82' lang='grc' dir='ltr'>κατάφασιν,</span> <span class='ocrx_word' id='word_1_740' title='bbox 3260 4643 3699 4719; x_wconf 70' lang='grc' dir='ltr'><strong>οἵον,”Δνθρωπός</strong></span> 
     </span>
    </p>
   </div>
   <div class='ocr_carea' id='block_1_95' title="bbox 491 4740 2054 4817">
    <p class='ocr_par' dir='ltr' id='par_1_95' title="bbox 491 4745 2054 4816">
     <span class='ocr_line' id='line_1_95' title="bbox 491 4745 2054 4816; baseline 0 -18"><span class='ocrx_word' id='word_1_741' title='bbox 491 4748 723 4799; x_wconf 89' lang='lat' dir='ltr'><strong>alterum</strong></span> <span class='ocrx_word' id='word_1_742' title='bbox 743 4759 873 4799; x_wconf 91' lang='lat' dir='ltr'><strong>vero</strong></span> <span class='ocrx_word' id='word_1_743' title='bbox 899 4745 1221 4816; x_wconf 81' lang='lat' dir='ltr'><strong>privationis</strong></span> <span class='ocrx_word' id='word_1_744' title='bbox 1247 4762 1262 4810; x_wconf 89' lang='lat'><strong>;</strong></span> <span class='ocrx_word' id='word_1_745' title='bbox 1289 4745 1374 4799; x_wconf 84' lang='lat' dir='ltr'><strong>vel</strong></span> <span class='ocrx_word' id='word_1_746' title='bbox 1404 4746 1703 4799; x_wconf 79' lang='lat' dir='ltr'><strong>secundum</strong></span> <span class='ocrx_word' id='word_1_747' title='bbox 1731 4748 2054 4814; x_wconf 85' lang='lat' dir='ltr'><strong>negationen</strong></span> 
     </span>
    </p>
   </div>
   <div class='ocr_carea' id='block_1_96' title="bbox 2155 4740 3694 4817">
    <p class='ocr_par' dir='ltr' id='par_1_96' title="bbox 2168 4740 3694 4817">
     <span class='ocr_line' id='line_1_96' title="bbox 2168 4740 3694 4817; baseline -0.001 -20"><span class='ocrx_word' id='word_1_748' title='bbox 2168 4744 2342 4798; x_wconf 79' lang='grc' dir='ltr'>ἐστιν</span> <span class='ocrx_word' id='word_1_749' title='bbox 2365 4760 2378 4775; x_wconf 81' lang='grc'><em>’</em></span> <span class='ocrx_word' id='word_1_750' title='bbox 2411 4743 2722 4813; x_wconf 76' lang='grc' dir='ltr'>ἅνθρωπος</span> <span class='ocrx_word' id='word_1_751' title='bbox 2749 4749 2859 4800; x_wconf 82' lang='grc' dir='ltr'>οὐκ</span> <span class='ocrx_word' id='word_1_752' title='bbox 2903 4745 3079 4800; x_wconf 74' lang='grc' dir='ltr'>ἐστιν</span> <span class='ocrx_word' id='word_1_753' title='bbox 3107 4764 3121 4779; x_wconf 71' lang='grc' dir='ltr'><strong>ο</strong></span> <span class='ocrx_word' id='word_1_754' title='bbox 3155 4747 3189 4817; x_wconf 79' lang='grc' dir='ltr'>ἢ</span> <span class='ocrx_word' id='word_1_755' title='bbox 3225 4746 3365 4801; x_wconf 81' lang='grc' dir='ltr'>κατὰ</span> <span class='ocrx_word' id='word_1_756' title='bbox 3393 4744 3458 4797; x_wconf 79' lang='grc' dir='ltr'><strong>τὰ</strong></span> <span class='ocrx_word' id='word_1_757' title='bbox 3494 4740 3613 4810; x_wconf 71' lang='grc' dir='ltr'>πρός</span> <span class='ocrx_word' id='word_1_758' title='bbox 3638 4752 3694 4795; x_wconf 79' lang='grc' dir='ltr'><strong>τι.</strong></span> 
     </span>
    </p>
   </div>
   <div class='ocr_carea' id='block_1_97' title="bbox 490 4821 2054 4908">
    <p class='ocr_par' dir='ltr' id='par_1_97' title="bbox 490 4837 2054 4904">
     <span class='ocr_line' id='line_1_97' title="bbox 490 4837 2054 4904; baseline -0.001 -13"><span class='ocrx_word' id='word_1_759' title='bbox 490 4846 545 4891; x_wconf 80' lang='lat' dir='ltr'><strong>et</strong></span> <span class='ocrx_word' id='word_1_760' title='bbox 576 4837 1021 4904; x_wconf 80' lang='lat' dir='ltr'><strong>altirmationem,</strong></span> <span class='ocrx_word' id='word_1_761' title='bbox 1043 4839 1120 4892; x_wconf 90' lang='lat' dir='ltr'><strong>uti</strong></span> <span class='ocrx_word' id='word_1_762' title='bbox 1143 4845 1296 4901; x_wconf 85' lang='lat' dir='ltr'><strong>sunt,</strong></span> <span class='ocrx_word' id='word_1_763' title='bbox 1323 4837 1413 4891; x_wconf 85' lang='lat' dir='ltr'><strong>Est</strong></span> <span class='ocrx_word' id='word_1_764' title='bbox 1443 4837 1617 4903; x_wconf 76' lang='lat' dir='ltr'><strong>homo,</strong></span> <span class='ocrx_word' id='word_1_765' title='bbox 1644 4854 1744 4890; x_wconf 88' lang='lat' dir='ltr'><strong>non</strong></span> <span class='ocrx_word' id='word_1_766' title='bbox 1778 4844 1856 4891; x_wconf 81' lang='lat' dir='ltr'><strong>est</strong></span> <span class='ocrx_word' id='word_1_767' title='bbox 1880 4837 2054 4899; x_wconf 45' lang='lat' dir='ltr'><strong>homo,</strong></span> 
     </span>
    </p>
   </div>
   <div class='ocr_carea' id='block_1_98' title="bbox 2155 4821 3697 4908">
    <p class='ocr_par' dir='ltr' id='par_1_98' title="bbox 2169 4821 3697 4908">
     <span class='ocr_line' id='line_1_98' title="bbox 2169 4821 3697 4908; baseline -0.008 -20"><span class='ocrx_word' id='word_1_768' title='bbox 2169 4831 2305 4900; x_wconf 72' lang='grc' dir='ltr'>οἷον,</span> <span class='ocrx_word' id='word_1_769' title='bbox 2357 4835 2577 4903; x_wconf 77' lang='grc' dir='ltr'>πατὴρ,</span> <span class='ocrx_word' id='word_1_770' title='bbox 2633 4838 2794 4904; x_wconf 74' lang='grc' dir='ltr'>υἱός·</span> <span class='ocrx_word' id='word_1_771' title='bbox 2849 4838 3027 4907; x_wconf 76' lang='grc' dir='ltr'>μέγα,</span> <span class='ocrx_word' id='word_1_772' title='bbox 3059 4841 3295 4908; x_wconf 80' lang='grc' dir='ltr'>μικρόν.</span> <span class='ocrx_word' id='word_1_773' title='bbox 3330 4833 3599 4903; x_wconf 81' lang='grc' dir='ltr'>Τεσσάρων</span> <span class='ocrx_word' id='word_1_774' title='bbox 3622 4821 3697 4879; x_wconf 83' lang='grc' dir='ltr'><strong>οὐν</strong></span> 
     </span>
    </p>
   </div>
   <div class='ocr_carea' id='block_1_99' title="bbox 493 4917 2054 4999">
    <p class='ocr_par' dir='ltr' id='par_1_99' title="bbox 493 4926 2054 4999">
     <span class='ocr_line' id='line_1_99' title="bbox 493 4926 2054 4999; baseline 0.001 -20"><span class='ocrx_word' id='word_1_775' title='bbox 493 4928 581 4982; x_wconf 88' lang='lat' dir='ltr'><strong>vel</strong></span> <span class='ocrx_word' id='word_1_776' title='bbox 627 4926 927 4981; x_wconf 88' lang='lat' dir='ltr'><strong>secundum</strong></span> <span class='ocrx_word' id='word_1_777' title='bbox 958 4928 1023 4981; x_wconf 88' lang='lat' dir='ltr'><strong>ad</strong></span> <span class='ocrx_word' id='word_1_778' title='bbox 1058 4927 1261 4996; x_wconf 82' lang='lat' dir='ltr'><strong>aliquid</strong></span> <span class='ocrx_word' id='word_1_779' title='bbox 1287 4966 1302 4988; x_wconf 86' lang='lat'><strong>,</strong></span> <span class='ocrx_word' id='word_1_780' title='bbox 1342 4928 1417 4980; x_wconf 91' lang='lat' dir='ltr'><strong>uti</strong></span> <span class='ocrx_word' id='word_1_781' title='bbox 1466 4937 1613 4991; x_wconf 93' lang='lat' dir='ltr'><strong>sunt,</strong></span> <span class='ocrx_word' id='word_1_782' title='bbox 1652 4935 1827 4999; x_wconf 84' lang='lat' dir='ltr'><strong>pater,</strong></span> <span class='ocrx_word' id='word_1_783' title='bbox 1877 4926 2054 4995; x_wconf 77' lang='lat' dir='ltr'><strong>ﬁlius.</strong></span> 
     </span>
    </p>
   </div>
   <div class='ocr_carea' id='block_1_100' title="bbox 2155 4917 3696 4999">
    <p class='ocr_par' dir='ltr' id='par_1_100' title="bbox 2173 4917 3696 4997">
     <span class='ocr_line' id='line_1_100' title="bbox 2173 4917 3696 4997; baseline 0 -16"><span class='ocrx_word' id='word_1_784' title='bbox 2173 4928 2283 4981; x_wconf 87' lang='grc' dir='ltr'><strong>τῶν</strong></span> <span class='ocrx_word' id='word_1_785' title='bbox 2321 4929 2651 4983; x_wconf 78' lang='grc' dir='ltr'>ἀντιθέσεων</span> <span class='ocrx_word' id='word_1_786' title='bbox 2678 4928 2880 4995; x_wconf 82' lang='grc' dir='ltr'>οὐσῶν,</span> <span class='ocrx_word' id='word_1_787' title='bbox 2914 4930 2982 4983; x_wconf 79' lang='grc' dir='ltr'>τὰ</span> <span class='ocrx_word' id='word_1_788' title='bbox 3016 4930 3076 4983; x_wconf 78' lang='grc' dir='ltr'><strong>έν</strong></span> <span class='ocrx_word' id='word_1_789' title='bbox 3114 4934 3235 4997; x_wconf 76' lang='grc' dir='ltr'>ταῖς</span> <span class='ocrx_word' id='word_1_790' title='bbox 3268 4928 3471 4991; x_wconf 85' lang='grc' dir='ltr'>οὐσίαις</span> <span class='ocrx_word' id='word_1_791' title='bbox 3499 4917 3696 4992; x_wconf 75' lang='grc' dir='ltr'><strong>θεωροῦ·</strong></span> 
     </span>
    </p>
   </div>
   <div class='ocr_carea' id='block_1_101' title="bbox 496 5016 2054 5091">
    <p class='ocr_par' dir='ltr' id='par_1_101' title="bbox 496 5018 2054 5090">
     <span class='ocr_line' id='line_1_101' title="bbox 496 5018 2054 5090; baseline -0.001 -19"><span class='ocrx_word' id='word_1_792' title='bbox 496 5035 765 5090; x_wconf 86' lang='lat' dir='ltr'><strong>magnum,</strong></span> <span class='ocrx_word' id='word_1_793' title='bbox 802 5034 1018 5089; x_wconf 83' lang='lat' dir='ltr'><strong>parvum</strong></span> <span class='ocrx_word' id='word_1_794' title='bbox 1043 5034 1062 5073; x_wconf 91' lang='lat'><strong><em>:</em></strong></span> <span class='ocrx_word' id='word_1_795' title='bbox 1097 5033 1219 5074; x_wconf 88' lang='lat' dir='ltr'><strong>cum</strong></span> <span class='ocrx_word' id='word_1_796' title='bbox 1256 5018 1422 5089; x_wconf 82' lang='lat' dir='ltr'><strong>igitur</strong></span> <span class='ocrx_word' id='word_1_797' title='bbox 1455 5026 1688 5089; x_wconf 84' lang='lat' dir='ltr'><strong>quatuor</strong></span> <span class='ocrx_word' id='word_1_798' title='bbox 1722 5021 1833 5073; x_wconf 92' lang='lat' dir='ltr'><strong>sint</strong></span> <span class='ocrx_word' id='word_1_799' title='bbox 1870 5033 2054 5087; x_wconf 75' lang='lat' dir='ltr'><strong>gener:</strong></span> 
     </span>
    </p>
   </div>
   <div class='ocr_carea' id='block_1_102' title="bbox 2155 5016 3696 5091">
    <p class='ocr_par' dir='ltr' id='par_1_102' title="bbox 2173 5016 3696 5091">
     <span class='ocr_line' id='line_1_102' title="bbox 2173 5016 3696 5091; baseline 0 -19"><span class='ocrx_word' id='word_1_800' title='bbox 2173 5036 2310 5087; x_wconf 89' lang='grc' dir='ltr'>μενα</span> <span class='ocrx_word' id='word_1_801' title='bbox 2344 5021 2480 5091; x_wconf 75' lang='grc' dir='ltr'>πρός</span> <span class='ocrx_word' id='word_1_802' title='bbox 2511 5038 2563 5073; x_wconf 82' lang='grc' dir='ltr'><strong>τι</strong></span> <span class='ocrx_word' id='word_1_803' title='bbox 2599 5023 2739 5075; x_wconf 78' lang='grc' dir='ltr'><strong>κατᾶ</strong></span> <span class='ocrx_word' id='word_1_804' title='bbox 2793 5023 2853 5075; x_wconf 78' lang='grc' dir='ltr'><strong>τδ</strong></span> <span class='ocrx_word' id='word_1_805' title='bbox 2901 5021 3080 5077; x_wconf 83' lang='grc' dir='ltr'>αἴτιον</span> <span class='ocrx_word' id='word_1_806' title='bbox 3141 5026 3237 5078; x_wconf 72' lang='grc' dir='ltr'><strong>καὶ</strong></span> <span class='ocrx_word' id='word_1_807' title='bbox 3288 5020 3515 5077; x_wconf 77' lang='grc' dir='ltr'>αἱτιατὺν</span> <span class='ocrx_word' id='word_1_808' title='bbox 3543 5016 3696 5086; x_wconf 75' lang='grc' dir='ltr'>χώραν</span> 
     </span>
    </p>
   </div>
   <div class='ocr_carea' id='block_1_103' title="bbox 493 5104 2054 5187">
    <p class='ocr_par' dir='ltr' id='par_1_103' title="bbox 493 5111 2054 5183">
     <span class='ocr_line' id='line_1_103' title="bbox 493 5111 2054 5183; baseline 0 -20"><span class='ocrx_word' id='word_1_809' title='bbox 493 5111 922 5181; x_wconf 86' lang='lat' dir='ltr'><strong>oppositionum,</strong></span> <span class='ocrx_word' id='word_1_810' title='bbox 958 5127 1078 5182; x_wconf 67' lang='lat' dir='ltr'><strong>qua:</strong></span> <span class='ocrx_word' id='word_1_811' title='bbox 1111 5112 1163 5166; x_wconf 90' lang='lat' dir='ltr'><strong>in</strong></span> <span class='ocrx_word' id='word_1_812' title='bbox 1206 5112 1529 5168; x_wconf 86' lang='lat' dir='ltr'><strong>substantiis</strong></span> <span class='ocrx_word' id='word_1_813' title='bbox 1574 5112 1975 5183; x_wconf 84' lang='lat' dir='ltr'><strong>intelliguntur,</strong></span> <span class='ocrx_word' id='word_1_814' title='bbox 2000 5113 2054 5164; x_wconf 58' lang='lat' dir='ltr'><strong>ad</strong></span> 
     </span>
    </p>
   </div>
   <div class='ocr_carea' id='block_1_104' title="bbox 2155 5104 3692 5187">
    <p class='ocr_par' dir='ltr' id='par_1_104' title="bbox 2174 5104 3692 5187">
     <span class='ocr_line' id='line_1_104' title="bbox 2174 5104 3692 5187; baseline 0.002 -21"><span class='ocrx_word' id='word_1_815' title='bbox 2174 5115 2389 5183; x_wconf 74' lang='grc' dir='ltr'>ἔχουσιν</span> <span class='ocrx_word' id='word_1_816' title='bbox 2419 5116 2478 5167; x_wconf 78' lang='grc' dir='ltr'><strong>έν</strong></span> <span class='ocrx_word' id='word_1_817' title='bbox 2511 5104 2756 5187; x_wconf 73' lang='grc' dir='ltr'>τῇ’ἀγία</span> <span class='ocrx_word' id='word_1_818' title='bbox 2787 5116 3015 5187; x_wconf 64' lang='grc' dir='ltr'>Τριὰδυ</span> <span class='ocrx_word' id='word_1_819' title='bbox 3071 5116 3193 5170; x_wconf 76' lang='grc' dir='ltr'>ἐπεὶ</span> <span class='ocrx_word' id='word_1_820' title='bbox 3228 5114 3364 5170; x_wconf 83' lang='grc' dir='ltr'><strong>κατά</strong></span> <span class='ocrx_word' id='word_1_821' title='bbox 3398 5111 3586 5177; x_wconf 76' lang='grc' dir='ltr'>ταύτην</span> <span class='ocrx_word' id='word_1_822' title='bbox 3611 5104 3692 5169; x_wconf 64' lang='grc' dir='ltr'><strong>τὴν</strong></span> 
     </span>
    </p>
   </div>
   <div class='ocr_carea' id='block_1_105' title="bbox 491 5198 2054 5278">
    <p class='ocr_par' dir='ltr' id='par_1_105' title="bbox 491 5204 2054 5275">
     <span class='ocr_line' id='line_1_105' title="bbox 491 5204 2054 5275; baseline -0.004 -16"><span class='ocrx_word' id='word_1_823' title='bbox 491 5204 717 5275; x_wconf 85' lang='lat' dir='ltr'><strong>aliquid,</strong></span> <span class='ocrx_word' id='word_1_824' title='bbox 760 5204 1059 5260; x_wconf 84' lang='lat' dir='ltr'><strong>secundum</strong></span> <span class='ocrx_word' id='word_1_825' title='bbox 1094 5207 1360 5260; x_wconf 84' lang='lat' dir='ltr'><strong>rationem</strong></span> <span class='ocrx_word' id='word_1_826' title='bbox 1388 5212 1573 5259; x_wconf 65' lang='lat' dir='ltr'><strong>causa:</strong></span> <span class='ocrx_word' id='word_1_827' title='bbox 1600 5219 1694 5259; x_wconf 91' lang='lat' dir='ltr'><strong>seu</strong></span> <span class='ocrx_word' id='word_1_828' title='bbox 1720 5204 1984 5268; x_wconf 79' lang='lat' dir='ltr'><strong>auctoris,</strong></span> <span class='ocrx_word' id='word_1_829' title='bbox 2014 5214 2054 5257; x_wconf 81' lang='lat' dir='ltr'><strong>et</strong></span> 
     </span>
    </p>
   </div>
   <div class='ocr_carea' id='block_1_106' title="bbox 2155 5198 3693 5278">
    <p class='ocr_par' dir='ltr' id='par_1_106' title="bbox 2176 5198 3693 5278">
     <span class='ocr_line' id='line_1_106' title="bbox 2176 5198 3693 5278; baseline -0.007 -21"><span class='ocrx_word' id='word_1_830' title='bbox 2176 5205 2359 5274; x_wconf 87' lang='grc' dir='ltr'>σχέσιν</span> <span class='ocrx_word' id='word_1_831' title='bbox 2382 5204 2488 5257; x_wconf 79' lang='grc' dir='ltr'><strong>τῶν</strong></span> <span class='ocrx_word' id='word_1_832' title='bbox 2542 5206 2677 5275; x_wconf 76' lang='grc' dir='ltr'>πρός</span> <span class='ocrx_word' id='word_1_833' title='bbox 2720 5223 2773 5258; x_wconf 84' lang='grc' dir='ltr'><strong>τι</strong></span> <span class='ocrx_word' id='word_1_834' title='bbox 2830 5206 3152 5275; x_wconf 80' lang='grc' dir='ltr'>εὑρίσκεταί</span> <span class='ocrx_word' id='word_1_835' title='bbox 3198 5225 3249 5260; x_wconf 92' lang='grc' dir='ltr'><strong>τι</strong></span> <span class='ocrx_word' id='word_1_836' title='bbox 3296 5202 3522 5278; x_wconf 73' lang='grc' dir='ltr'>προάγον</span> <span class='ocrx_word' id='word_1_837' title='bbox 3540 5198 3693 5263; x_wconf 71' lang='grc' dir='ltr'>δμοιθν</span> 
     </span>
    </p>
   </div>
   <div class='ocr_carea' id='block_1_107' title="bbox 494 5280 2054 5370">
    <p class='ocr_par' dir='ltr' id='par_1_107' title="bbox 494 5294 2054 5367">
     <span class='ocr_line' id='line_1_107' title="bbox 494 5294 2054 5367; baseline 0.001 -18"><span class='ocrx_word' id='word_1_838' title='bbox 494 5298 613 5366; x_wconf 75' lang='lat' dir='ltr'><strong>ejus</strong></span> <span class='ocrx_word' id='word_1_839' title='bbox 646 5297 789 5367; x_wconf 91' lang='lat' dir='ltr'><strong>quod</strong></span> <span class='ocrx_word' id='word_1_840' title='bbox 830 5313 860 5351; x_wconf 91' lang='lat' dir='ltr'><strong>a</strong></span> <span class='ocrx_word' id='word_1_841' title='bbox 890 5312 1055 5353; x_wconf 85' lang='lat' dir='ltr'><strong>causa</strong></span> <span class='ocrx_word' id='word_1_842' title='bbox 1088 5313 1151 5352; x_wconf 89' lang='lat' dir='ltr'><strong>ac</strong></span> <span class='ocrx_word' id='word_1_843' title='bbox 1184 5309 1411 5353; x_wconf 89' lang='lat' dir='ltr'><strong>auctore</strong></span> <span class='ocrx_word' id='word_1_844' title='bbox 1441 5308 1546 5363; x_wconf 83' lang='lat' dir='ltr'><strong>est,</strong></span> <span class='ocrx_word' id='word_1_845' title='bbox 1582 5298 1634 5353; x_wconf 89' lang='lat' dir='ltr'><strong>in</strong></span> <span class='ocrx_word' id='word_1_846' title='bbox 1674 5305 1859 5353; x_wconf 89' lang='lat' dir='ltr'><strong>sancta</strong></span> <span class='ocrx_word' id='word_1_847' title='bbox 1889 5294 2054 5351; x_wconf 82' lang='lat' dir='ltr'><strong>Trini</strong></span> 
     </span>
    </p>
   </div>
   <div class='ocr_carea' id='block_1_108' title="bbox 2155 5280 3691 5370">
    <p class='ocr_par' dir='ltr' id='par_1_108' title="bbox 2176 5280 3691 5370">
     <span class='ocr_line' id='line_1_108' title="bbox 2176 5280 3691 5370; baseline -0.009 -20"><span class='ocrx_word' id='word_1_848' title='bbox 2176 5295 2358 5369; x_wconf 79' lang='grc' dir='ltr'>ἑαυτῷ</span> <span class='ocrx_word' id='word_1_849' title='bbox 2387 5297 2460 5359; x_wconf 85' lang='grc' dir='ltr'><strong>ὡς</strong></span> <span class='ocrx_word' id='word_1_850' title='bbox 2493 5298 2521 5350; x_wconf 91' lang='lat'><strong>6</strong></span> <span class='ocrx_word' id='word_1_851' title='bbox 2552 5298 2755 5365; x_wconf 86' lang='grc' dir='ltr'>γεννῶν</span> <span class='ocrx_word' id='word_1_852' title='bbox 2793 5297 2851 5363; x_wconf 79' lang='grc' dir='ltr'>ἐξ</span> <span class='ocrx_word' id='word_1_853' title='bbox 2882 5298 3079 5353; x_wconf 80' lang='grc' dir='ltr'>ἑαυτοῦ</span> <span class='ocrx_word' id='word_1_854' title='bbox 3114 5301 3229 5354; x_wconf 68' lang='grc' dir='ltr'>υἱὸν</span> <span class='ocrx_word' id='word_1_855' title='bbox 3268 5300 3441 5370; x_wconf 83' lang='grc' dir='ltr'>ὅμοιον</span> <span class='ocrx_word' id='word_1_856' title='bbox 3473 5284 3626 5355; x_wconf 79' lang='grc' dir='ltr'>ἐαυτῷ</span> <span class='ocrx_word' id='word_1_857' title='bbox 3647 5280 3691 5331; x_wconf 74' lang='grc' dir='ltr'>ἕν</span> 
     </span>
    </p>
   </div>
   <div class='ocr_carea' id='block_1_109' title="bbox 497 5375 2054 5461">
    <p class='ocr_par' dir='ltr' id='par_1_109' title="bbox 497 5388 2051 5461">
     <span class='ocr_line' id='line_1_109' title="bbox 497 5388 2051 5461; baseline -0.001 -18"><span class='ocrx_word' id='word_1_858' title='bbox 497 5400 609 5444; x_wconf 86' lang='lat' dir='ltr'><strong>tate</strong></span> <span class='ocrx_word' id='word_1_859' title='bbox 637 5388 812 5444; x_wconf 88' lang='lat' dir='ltr'><strong>locum</strong></span> <span class='ocrx_word' id='word_1_860' title='bbox 839 5390 1074 5457; x_wconf 85' lang='lat' dir='ltr'><strong>habent;</strong></span> <span class='ocrx_word' id='word_1_861' title='bbox 1103 5391 1247 5460; x_wconf 88' lang='lat' dir='ltr'><strong>quod</strong></span> <span class='ocrx_word' id='word_1_862' title='bbox 1288 5391 1543 5446; x_wconf 89' lang='lat' dir='ltr'><strong>nimirum</strong></span> <span class='ocrx_word' id='word_1_863' title='bbox 1563 5390 1719 5461; x_wconf 73' lang='lat' dir='ltr'><strong>juxta</strong></span> <span class='ocrx_word' id='word_1_864' title='bbox 1748 5388 2051 5444; x_wconf 83' lang='lat' dir='ltr'><strong>t&#39;elationen</strong></span> 
     </span>
    </p>
   </div>
   <div class='ocr_carea' id='block_1_110' title="bbox 2155 5375 3691 5461">
    <p class='ocr_par' dir='ltr' id='par_1_110' title="bbox 2177 5375 3691 5460">
     <span class='ocr_line' id='line_1_110' title="bbox 2177 5375 3691 5460; baseline -0.001 -18"><span class='ocrx_word' id='word_1_865' title='bbox 2177 5391 2255 5459; x_wconf 76' lang='grc' dir='ltr'>τῷ</span> <span class='ocrx_word' id='word_1_866' title='bbox 2286 5390 2433 5460; x_wconf 81' lang='grc' dir='ltr'><strong>αὐτῴ</strong></span> <span class='ocrx_word' id='word_1_867' title='bbox 2482 5390 2634 5445; x_wconf 71' lang='grc' dir='ltr'>εῖδει.</span> <span class='ocrx_word' id='word_1_868' title='bbox 2688 5390 2768 5442; x_wconf 85' lang='grc' dir='ltr'><strong>Τά</strong></span> <span class='ocrx_word' id='word_1_869' title='bbox 2818 5391 2871 5443; x_wconf 83' lang='grc' dir='ltr'>δὲ</span> <span class='ocrx_word' id='word_1_870' title='bbox 2906 5389 3083 5455; x_wconf 76' lang='grc' dir='ltr'>ἄλλως</span> <span class='ocrx_word' id='word_1_871' title='bbox 3140 5392 3500 5459; x_wconf 78' lang='grc' dir='ltr'>ἀντικείμενα,</span> <span class='ocrx_word' id='word_1_872' title='bbox 3529 5382 3585 5432; x_wconf 68' lang='grc' dir='ltr'>τά</span> <span class='ocrx_word' id='word_1_873' title='bbox 3615 5375 3691 5441; x_wconf 56' lang='grc' dir='ltr'><strong>μέν</strong></span> 
     </span>
    </p>
   </div>
   <div class='ocr_carea' id='block_1_111' title="bbox 494 5461 2054 5555">
    <p class='ocr_par' dir='ltr' id='par_1_111' title="bbox 494 5481 2051 5555">
     <span class='ocr_line' id='line_1_111' title="bbox 494 5481 2051 5555; baseline 0 -21"><span class='ocrx_word' id='word_1_874' title='bbox 494 5481 561 5536; x_wconf 87' lang='lat' dir='ltr'><strong>ad</strong></span> <span class='ocrx_word' id='word_1_875' title='bbox 595 5482 821 5553; x_wconf 87' lang='lat' dir='ltr'><strong>aliquid,</strong></span> <span class='ocrx_word' id='word_1_876' title='bbox 842 5481 1153 5538; x_wconf 85' lang='lat' dir='ltr'><strong>inveniatur</strong></span> <span class='ocrx_word' id='word_1_877' title='bbox 1177 5482 1384 5555; x_wconf 89' lang='lat' dir='ltr'><strong>aliquid</strong></span> <span class='ocrx_word' id='word_1_878' title='bbox 1411 5483 1723 5555; x_wconf 86' lang='lat' dir='ltr'><strong>producens</strong></span> <span class='ocrx_word' id='word_1_879' title='bbox 1748 5482 1850 5537; x_wconf 89' lang='lat' dir='ltr'><strong>sibi</strong></span> <span class='ocrx_word' id='word_1_880' title='bbox 1872 5481 2051 5537; x_wconf 82' lang='lat' dir='ltr'><strong>simile</strong></span> 
     </span>
    </p>
   </div>
   <div class='ocr_carea' id='block_1_112' title="bbox 2155 5461 3686 5555">
    <p class='ocr_par' dir='ltr' id='par_1_112' title="bbox 2183 5461 3686 5553">
     <span class='ocr_line' id='line_1_112' title="bbox 2183 5461 3686 5553; baseline -0.019 3"><span class='ocrx_word' id='word_1_881' title='bbox 2183 5484 2415 5553; x_wconf 79' lang='grc' dir='ltr'>διάφορα</span> <span class='ocrx_word' id='word_1_882' title='bbox 2457 5482 2757 5553; x_wconf 44' lang='lat' dir='ltr'><strong>spiram</strong></span> <span class='ocrx_word' id='word_1_883' title='bbox 2795 5483 3109 5552; x_wconf 77' lang='grc' dir='ltr'>εἰσάγοντα,</span> <span class='ocrx_word' id='word_1_884' title='bbox 3142 5484 3210 5541; x_wconf 73' lang='grc' dir='ltr'>τὰ</span> <span class='ocrx_word' id='word_1_885' title='bbox 3256 5484 3311 5538; x_wconf 77' lang='grc' dir='ltr'>δι</span> <span class='ocrx_word' id='word_1_886' title='bbox 3347 5477 3518 5547; x_wconf 78' lang='grc' dir='ltr'>ἀτελῆ,</span> <span class='ocrx_word' id='word_1_887' title='bbox 3565 5468 3620 5522; x_wconf 74' lang='grc' dir='ltr'><strong>τὰ</strong></span> <span class='ocrx_word' id='word_1_888' title='bbox 3644 5461 3686 5515; x_wconf 74' lang='grc' dir='ltr'><strong>δὲ</strong></span> 
     </span>
    </p>
   </div>
   <div class='ocr_carea' id='block_1_113' title="bbox 2156 1528 3713 1613">
    <p class='ocr_par' dir='ltr' id='par_1_113' title="bbox 2156 1528 3713 1613">
     <span class='ocr_line' id='line_1_113' title="bbox 2156 1528 3713 1613; baseline 0.003 -31"><span class='ocrx_word' id='word_1_889' title='bbox 2156 1528 2214 1582; x_wconf 71' lang='grc' dir='ltr'>δὲ</span> <span class='ocrx_word' id='word_1_890' title='bbox 2262 1530 2517 1600; x_wconf 81' lang='grc' dir='ltr'>ἀνάρχως</span> <span class='ocrx_word' id='word_1_891' title='bbox 2566 1531 2926 1601; x_wconf 74' lang='grc' dir='ltr'>γεννηθέντος</span> <span class='ocrx_word' id='word_1_892' title='bbox 2980 1534 3134 1599; x_wconf 75' lang='grc' dir='ltr'>Υἱὸς,</span> <span class='ocrx_word' id='word_1_893' title='bbox 3167 1532 3262 1587; x_wconf 86' lang='grc' dir='ltr'><strong>τοῦ</strong></span> <span class='ocrx_word' id='word_1_894' title='bbox 3315 1534 3373 1587; x_wconf 83' lang='grc' dir='ltr'>δὲ</span> <span class='ocrx_word' id='word_1_895' title='bbox 3415 1535 3713 1613; x_wconf 32' lang='grc' dir='ltr'>πὰγεννήτως</span> 
     </span>
    </p>
   </div>
   <div class='ocr_carea' id='block_1_114' title="bbox 2157 1621 3709 1695">
    <p class='ocr_par' dir='ltr' id='par_1_114' title="bbox 2157 1621 3709 1695">
     <span class='ocr_line' id='line_1_114' title="bbox 2157 1621 3709 1695; baseline 0.006 -22"><span class='ocrx_word' id='word_1_896' title='bbox 2157 1621 2519 1689; x_wconf 79' lang='grc' dir='ltr'>προελθόντος</span> <span class='ocrx_word' id='word_1_897' title='bbox 2551 1622 2583 1691; x_wconf 84' lang='grc' dir='ltr'>ἢ</span> <span class='ocrx_word' id='word_1_898' title='bbox 2620 1627 2712 1675; x_wconf 79' lang='grc' dir='ltr'><strong>καὶ</strong></span> <span class='ocrx_word' id='word_1_899' title='bbox 2742 1624 3027 1693; x_wconf 81' lang='grc' dir='ltr'>προϊόντος</span> <span class='ocrx_word' id='word_1_900' title='bbox 3058 1625 3119 1677; x_wconf 83' lang='grc' dir='ltr'><strong>τδ</strong></span> <span class='ocrx_word' id='word_1_901' title='bbox 3148 1624 3381 1695; x_wconf 85' lang='grc' dir='ltr'>Πνεῦμα</span> <span class='ocrx_word' id='word_1_902' title='bbox 3408 1627 3466 1680; x_wconf 77' lang='grc' dir='ltr'>τὸ</span> <span class='ocrx_word' id='word_1_903' title='bbox 3499 1627 3659 1695; x_wconf 78' lang='grc' dir='ltr'>ἀγιον.</span> <span class='ocrx_word' id='word_1_904' title='bbox 3689 1647 3709 1682; x_wconf 79' lang='grc'><strong>›</strong></span> 
     </span>
    </p>
   </div>
   <div class='ocr_carea' id='block_1_115' title="bbox 482 5672 1578 5751">
    <p class='ocr_par' dir='ltr' id='par_1_115' title="bbox 482 5672 1578 5751">
     <span class='ocr_line' id='line_1_115' title="bbox 482 5672 1578 5751; baseline 0.003 -16"><span class='ocrx_word' id='word_1_905' title='bbox 482 5672 487 5675; x_wconf 33' lang='grc'><strong>“</strong></span> <span class='ocrx_word' id='word_1_906' title='bbox 568 5683 681 5751; x_wconf 81' lang='grc'>(67)</span> <span class='ocrx_word' id='word_1_907' title='bbox 712 5681 859 5737; x_wconf 86' lang='lat' dir='ltr'><strong>Orat.</strong></span> <span class='ocrx_word' id='word_1_908' title='bbox 900 5681 987 5743; x_wconf 70' lang='lat'><strong>36.</strong></span> <span class='ocrx_word' id='word_1_909' title='bbox 1011 5700 1131 5751; x_wconf 67' lang='lat' dir='ltr'><strong>quae</strong></span> <span class='ocrx_word' id='word_1_910' title='bbox 1165 5696 1247 5739; x_wconf 78' lang='lat' dir='ltr'><strong>est</strong></span> <span class='ocrx_word' id='word_1_911' title='bbox 1272 5684 1306 5737; x_wconf 75' lang='lat'><strong>2</strong></span> <span class='ocrx_word' id='word_1_912' title='bbox 1328 5686 1389 5739; x_wconf 84' lang='lat' dir='ltr'><strong>de</strong></span> <span class='ocrx_word' id='word_1_913' title='bbox 1418 5682 1578 5738; x_wconf 73' lang='lat' dir='ltr'><strong>Filio.</strong></span> 
     </span>
    </p>
   </div>
   <div class='ocr_carea' id='block_1_116' title="bbox 570 5682 2054 5820">
    <p class='ocr_par' dir='ltr' id='par_1_116' title="bbox 570 5682 1578 5820">
     <span class='ocr_line' id='line_1_116' title="bbox 570 5682 1578 5751; baseline 0.003 -16"><span class='ocrx_word' id='word_1_914' title='bbox 570 5683 681 5751; x_wconf 81' lang='lat'><strong>(67)</strong></span> <span class='ocrx_word' id='word_1_915' title='bbox 712 5682 859 5737; x_wconf 86' lang='lat' dir='ltr'><strong>Orat.</strong></span> <span class='ocrx_word' id='word_1_916' title='bbox 900 5682 987 5743; x_wconf 72' lang='lat'><strong>36.</strong></span> <span class='ocrx_word' id='word_1_917' title='bbox 1011 5700 1131 5751; x_wconf 67' lang='lat' dir='ltr'><strong>quae</strong></span> <span class='ocrx_word' id='word_1_918' title='bbox 1165 5696 1247 5739; x_wconf 78' lang='lat' dir='ltr'><strong>est</strong></span> <span class='ocrx_word' id='word_1_919' title='bbox 1272 5684 1306 5737; x_wconf 75' lang='lat'><strong>2</strong></span> <span class='ocrx_word' id='word_1_920' title='bbox 1328 5686 1389 5739; x_wconf 84' lang='lat' dir='ltr'><strong>de</strong></span> <span class='ocrx_word' id='word_1_921' title='bbox 1418 5682 1578 5738; x_wconf 73' lang='lat' dir='ltr'><strong>Filio.</strong></span> 
     </span>
     <span class='ocr_line' id='line_1_117' title="bbox 570 5752 1368 5820; baseline 0.003 -13"><span class='ocrx_word' id='word_1_922' title='bbox 570 5757 681 5820; x_wconf 62' lang='lat' dir='ltr'><strong>(iis)</strong></span> <span class='ocrx_word' id='word_1_923' title='bbox 717 5754 863 5806; x_wconf 82' lang='lat' dir='ltr'><strong>Libr.</strong></span> <span class='ocrx_word' id='word_1_924' title='bbox 899 5752 942 5820; x_wconf 87' lang='grc' dir='ltr'>Ι,</span> <span class='ocrx_word' id='word_1_925' title='bbox 980 5754 1053 5809; x_wconf 80' lang='lat' dir='ltr'><strong>De</strong></span> <span class='ocrx_word' id='word_1_926' title='bbox 1090 5755 1205 5809; x_wconf 71' lang='lat' dir='ltr'><strong>fide.</strong></span> <span class='ocrx_word' id='word_1_927' title='bbox 1236 5770 1286 5809; x_wconf 87' lang='lat' dir='ltr'><strong>c.</strong></span> <span class='ocrx_word' id='word_1_928' title='bbox 1314 5760 1368 5810; x_wconf 84' lang='lat'><strong>8.</strong></span> 
     </span>
    </p>
   </div>
   <div class='ocr_carea' id='block_1_117' title="bbox 2155 5682 3322 5820">
    <p class='ocr_par' dir='ltr' id='par_1_117' title="bbox 2253 5682 3322 5820">
     <span class='ocr_line' id='line_1_118' title="bbox 2253 5682 3322 5755; baseline 0.003 -20"><span class='ocrx_word' id='word_1_929' title='bbox 2253 5683 2366 5755; x_wconf 70' lang='lat'><strong>((59)</strong></span> <span class='ocrx_word' id='word_1_930' title='bbox 2400 5682 2553 5735; x_wconf 87' lang='lat' dir='ltr'><strong>Orat.</strong></span> <span class='ocrx_word' id='word_1_931' title='bbox 2595 5683 2695 5747; x_wconf 78' lang='lat'><strong>55,</strong></span> <span class='ocrx_word' id='word_1_932' title='bbox 2720 5699 2840 5750; x_wconf 64' lang='lat' dir='ltr'><strong>quae</strong></span> <span class='ocrx_word' id='word_1_933' title='bbox 2870 5694 2954 5737; x_wconf 77' lang='lat' dir='ltr'><strong>est</strong></span> <span class='ocrx_word' id='word_1_934' title='bbox 2984 5684 3001 5733; x_wconf 78' lang='lat' dir='ltr'><strong>i</strong></span> <span class='ocrx_word' id='word_1_935' title='bbox 3055 5684 3124 5739; x_wconf 86' lang='lat' dir='ltr'><strong>De</strong></span> <span class='ocrx_word' id='word_1_936' title='bbox 3168 5685 3322 5740; x_wconf 75' lang='lat' dir='ltr'><strong>Filio.</strong></span> 
     </span>
     <span class='ocr_line' id='line_1_119' title="bbox 2258 5753 3121 5820; baseline 0.002 -13"><span class='ocrx_word' id='word_1_937' title='bbox 2258 5757 2375 5820; x_wconf 73' lang='grc' dir='ltr'>(Ἱυ)</span> <span class='ocrx_word' id='word_1_938' title='bbox 2416 5753 2566 5809; x_wconf 80' lang='lat' dir='ltr'><strong>lel&#39;.</strong></span> <span class='ocrx_word' id='word_1_939' title='bbox 2608 5755 2656 5818; x_wconf 80' lang='lat' dir='ltr'><strong>t,</strong></span> <span class='ocrx_word' id='word_1_940' title='bbox 2682 5767 2863 5808; x_wconf 83' lang='lat' dir='ltr'><strong>contra</strong></span> <span class='ocrx_word' id='word_1_941' title='bbox 2890 5753 3121 5810; x_wconf 79' lang='lat' dir='ltr'><strong>Eanum.</strong></span> 
     </span>
    </p>
   </div>
   <div class='ocr_carea' id='block_1_118' title="bbox 667 5773 1368 5823">
    <p class='ocr_par' dir='ltr' id='par_1_118' title="bbox 667 5773 1368 5823">
     <span class='ocr_line' id='line_1_120' title="bbox 667 5773 1368 5823; baseline 0.006 -18"><span class='ocrx_word' id='word_1_942' title='bbox 667 5777 681 5823; x_wconf 74' lang='grc'><strong>)</strong></span> <span class='ocrx_word' id='word_1_943' title='bbox 717 5773 863 5806; x_wconf 66' lang='lat' dir='ltr'><strong>utor.</strong></span> <span class='ocrx_word' id='word_1_944' title='bbox 899 5773 942 5820; x_wconf 82' lang='grc' dir='ltr'><strong>ι,</strong></span> <span class='ocrx_word' id='word_1_945' title='bbox 980 5773 1053 5809; x_wconf 78' lang='lat' dir='ltr'><strong>ue</strong></span> <span class='ocrx_word' id='word_1_946' title='bbox 1090 5773 1205 5809; x_wconf 74' lang='lat' dir='ltr'><strong>ttae.</strong></span> <span class='ocrx_word' id='word_1_947' title='bbox 1236 5773 1286 5809; x_wconf 86' lang='lat' dir='ltr'><strong>c.</strong></span> <span class='ocrx_word' id='word_1_948' title='bbox 1314 5773 1368 5810; x_wconf 79' lang='grc' dir='ltr'>δ.</span> 
     </span>
    </p>
   </div>
   <div class='ocr_carea' id='block_1_119' title="bbox 2258 5753 3121 5826">
    <p class='ocr_par' dir='ltr' id='par_1_119' title="bbox 2258 5753 3121 5826">
     <span class='ocr_line' id='line_1_121' title="bbox 2258 5753 3121 5826; baseline 0.002 -19"><span class='ocrx_word' id='word_1_949' title='bbox 2258 5753 2375 5826; x_wconf 78' lang='grc' dir='ltr'>(Ἱυ)</span> <span class='ocrx_word' id='word_1_950' title='bbox 2416 5753 2566 5809; x_wconf 80' lang='lat' dir='ltr'><strong>lel&#39;.</strong></span> <span class='ocrx_word' id='word_1_951' title='bbox 2608 5755 2656 5818; x_wconf 80' lang='lat' dir='ltr'><strong>t,</strong></span> <span class='ocrx_word' id='word_1_952' title='bbox 2682 5767 2863 5808; x_wconf 83' lang='lat' dir='ltr'><strong>contra</strong></span> <span class='ocrx_word' id='word_1_953' title='bbox 2890 5753 3121 5810; x_wconf 79' lang='lat' dir='ltr'><strong>Eanum.</strong></span> 
     </span>
    </p>
   </div>
  </div>
