3872 6548
269 341 365 405 485
430 378 442 417 ι
1183 340 1283 401 DE
1325 334 1754 400 PRINCIPIIS

1887 339 2007 401 DEI
2047 342 2525 411 CATHOLICIE.
3374 358 3485 426 488

271 456 334 525 μὴ
358 454 500 518 ὄντα,
533 452 631 507 ἐπὶ
663 451 755 507 τοῦ
788 451 927 507 Θεοῦ
979 452 1075 506 τοῦ
1137 454 1345 520 κυρίως
1390 454 1545 516 ὄντος
1585 453 1679 506 καὶ
1718 453 1778 505 dte

1913 463 1972 509 ut
2004 458 2097 526 qui
2148 474 2211 513 ex
2264 476 2324 516 se
2340 460 2533 532 gignit
2576 460 2748 518 lilium
2789 462 2896 522 sibi
2933 467 3166 524 similem
3203 469 3259 527 in
3293 474 3485 531 eadem

260 548 497 611 ὡσαύτως
524 548 736 624 ἔχοντος
765 547 859 601 καὶ
879 546 1223 600 τελειοτάτου
1253 546 1442 617 χώραν
1460 547 1560 600 οὐκ
1587 546 1778 616 ἔχοντα

1910 549 2111 618 specie.
2148 552 2281 618 Quae
2309 569 2439 608 vero
2464 555 2625 611 aliter
2647 569 3022 629 opponuntur,
3054 576 3177 617 cum
3227 564 3331 620 alia
3363 569 3489 638 qui-

263 640 460 708 μακράν
491 639 868 692 ἑκϐάλλονται.
904 637 1048 707 Πρός
1079 655 1132 691 τι
1175 637 1233 691 δὲ
1280 638 1553 707 λέγονται,
1582 638 1685 693 ὅσα
1710 638 1778 692 λετ

1909 641 2031 697 dem
2077 659 2164 700 res
2189 645 2439 704 diversas
2485 648 2781 717 invehant,
2812 653 2917 707 alia
2966 654 3346 725 imperfectas,
3376 637 3484 718 alia

202 720 231 769 ’-
258 734 459 801 γὸμενα,
498 730 641 801 πρὸς
689 730 856 801 ἔτερα
903 730 1181 799 λέγονται.
1236 731 1333 785 καὶ
1381 730 1568 802 σχέσιν
1617 731 1778 801 ἐχουσ

1906 750 2030 805 quas
2083 751 2184 792 nec
2230 740 2525 805 exsistant,
2565 743 2732 814 inque
2755 747 2862 800 Deo
2897 720 3137 819 quivere
3175 766 3239 806 ac
3262 757 3485 835 proprie

256 823 373 891 1:92.;
390 823 558 875 αὑτάο
594 822 721 875 καθ’
761 822 927 876 ἑαυτά
974 823 1031 877 δὲ
1065 822 1144 893 μὴ
1198 822 1477 913 δυνάμενα
1501 822 1760 891 λέγεσθαι

1907 836 2012 893 est,
2029 829 2334 900 eodemque
2362 835 2527 889 modo
2547 849 2608 891 se
2625 850 2843 908 semper
2862 840 3042 905 habet,
3058 857 3123 898 ac
3148 822 3486 913 perfectissi-

253 906 347 963 οῖον
373 908 574 979 πατὴρ,
612 910 761 974 υἱός·
797 909 1008 975 δοῦλος,
1055 911 1345 981 δεσπότης.
1372 910 1558 965 Ταῦτα
1592 913 1703 985 γὰρ
1739 933 1778 967 οε

1904 936 2026 975 mus
2050 932 2154 987 est,
2186 924 2400 980 nullum
2435 927 2676 984 habeant
2712 906 2926 998 locum,
2957 906 3481 1004 procul-amandan-

251 1001 480 1065 λέγονται
520 1000 649 1054 καθ’
680 1002 874 1065 ἑαυτὰ..
905 1002 1041 1056 ἀλλά
1078 1003 1214 1072 πρὸς
1245 1002 1436 1075 ἕτερα,
1474 1004 1662 1074 σχέσιν
1708 1023 1778 1058 κα

1907 1019 2017 1068 tur.
2041 1011 2309 1068 Dicuntur
2330 1022 2480 1080 vero,
2499 1017 2566 1072 ad
2588 1019 2794 1089 aliquid
2817 1000 3188 1094 ,quaicunque
3230 1041 3299 1082 eo
3331 1029 3481 1097 quod

249 1092 525 1157 συνάφειαν
554 1092 748 1162 ἔχοντα
802 1096 939 1166 πρὸς
990 1097 1173 1149 ἐκεῖνα
1201 1113 1216 1129 ·
1247 1095 1329 1149 διὸ
1360 1098 1455 1150 καὶ
1485 1098 1778 1168 ἀναφορικὲ

1904 1105 2163 1160 dicuntur
2209 1108 2276 1162 ad
2332 1110 2437 1165 alia
2481 1111 2776 1177 dicuntur,
2838 1125 2893 1170 et
2943 1117 3009 1171 ad
3049 1092 3113 1171 ea
3161 1092 3481 1177 relationem

253 1187 556 1240 καλοῦνται.
588 1188 696 1240 Καὶ
722 1190 833 1258 γὰρ
855 1190 915 1242 τὸ
944 1189 1126 1260 πατὴρ
1156 1188 1329 1260 ὄνομα
1370 1191 1429 1243 οὐ
1466 1192 1602 1262 πρὸς
1641 1194 1778 1247 ἐαυτὲ

1905 1197 2141 1267 habent,
2178 1215 2276 1270 per
2322 1217 2382 1257 se
2430 1217 2558 1258 vero
2606 1205 2831 1261 minime
2857 1209 2962 1263 dici
2988 1220 3215 1279 possunt
3250 1214 3482 1284 :cujuso

247 1278 457 1339 [σταται.
480 1278 623 1332 ἀι.λά
641 1280 779 1349 πρὸς
801 1281 992 1351 ἕτερον
1009 1283 1212 1353 ἀφορᾷ,
1238 1284 1299 1334 τὸ
1321 1281 1416 1337 τοῦ
1453 1284 1571 1337 υἱοῦ
1602 1284 1775 1354 ὄνομα

1904 1292 2048 1345 modi
2075 1308 2225 1355 sunt,
2252 1303 2425 1363 pater,
2460 1295 2628 1356 ﬁlius.
2657 1313 2874 1363 servus,
2893 1301 3170 1359 dominus.
3188 1302 3312 1359 Haec
3334 1306 3480 1360 enim

241 1370 392 1435 καὶό
446 1371 566 1434 υἱὸς
624 1372 763 1442 πρὸς
814 1373 907 1425 τὸν
960 1374 1177 1445 πατέρα
1220 1375 1313 1427 τὸν
1353 1376 1542 1445 ὅμοιον
1572 1377 1796 1445 τρόπον.

242 1462 385 1516 Ὀθεν
414 1461 538 1516 οὒτε
571 1465 761 1536 πατήρ
794 1466 910 1519 ἔστι
938 1467 1110 1538 χωρὶς
1162 1466 1303 1533 υἱοῦ,
1334 1464 1459 1521 οὔτε
1487 1468 1604 1533 υἱὸς
1628 1472 1801 1539 χωρὶς

239 1555 421 1622 πατρός
446 1572 461 1585 ·
496 1556 767 1626 ἑκάτερος
820 1559 931 1626 γὰρ
964 1559 1025 1612 τὸ
1061 1559 1251 1630 ἕτερον
1294 1562 1665 1631 συνημμένως
1711 1562 1799 1619 διὰ

237 1648 322 1715 τῆς
355 1647 598 1716 σχέσεως
636 1651 978 1719 συνεισάγει.
1003 1652 1114 1706 Καὶ
1141 1653 1211 1706 τά
1242 1652 1379 1707 ἄλλα
1416 1654 1473 1707 δὲ
1506 1654 1651 1709 κατὰ
1674 1654 1800 1708 τοῦ·

150 1760 156 1767 ε
236 1756 316 1792 τον
348 1740 436 1793 τὸν
479 1741 659 1795 τύπον
706 1744 913 1812 ὁμοίως
968 1743 1209 1815 ἔχουσιν.
1274 1746 1682 1816 Ἀπολελυμένα
1738 1746 1794 1800 δὲ

232 1833 451 1901 ὀνόματα
480 1834 738 1903 λέγονται
770 1838 838 1890 τά
866 1838 1126 1903 ἐναντίως
1161 1837 1358 1910 ἔχοντα
1406 1840 1622 1904 τούτοις
1647 1856 1663 1872 ·
1694 1840 1797 1894 ὅσα

234 1925 340 1979 καθ’
358 1925 528 1982 ἑαυτά
550 1927 828 1997 λέγονται,
858 1929 950 1982 καὶ
976 1929 1039 1982 οὐ
1066 1930 1207 2001 πρὸς
1233 1930 1402 2002 ἕτερα
1426 1932 1613 2001 σχέσιν
1638 1930 1795 2001 ἐχου-

232 2034 321 2070 σιν*
352 2019 467 2072 ἀλλ’
497 2020 641 2075 εἰσὶν
670 2023 1055 2093 ἀπολελυμένα
1084 2024 1180 2079 καὶ
1209 2025 1440 2096 ἄσχετα·
1469 2021 1584 2080 οἷον
1604 2025 1791 2091 καλὸν,

230 2110 435 2172 δίκαιον.
462 2114 697 2181 ἀγαθόν.
724 2115 913 2169 Ταῦτα
937 2116 1047 2188 γὰρ
1069 2117 1193 2171 καθ’
1224 2117 1399 2172 ἐαυτά
1431 2117 1672 2187 λέγεται,
1696 2117 1792 2170 καὶ⁵

230 2204 279 2255 οὐ
305 2206 427 2273 πρὸς
462 2205 659 2275 ἕτερον
692 2207 1035 2265 ἀποδίδοται.

1902 1394 2011 1433 non
2048 1395 2144 1449 per
2172 1395 2232 1435 se
2258 1380 2540 1445 dicuntur,
2565 1384 2661 1439 sed
2696 1384 2764 1439 ad
2805 1386 2931 1453 alia,
2963 1389 3292 1458 quibuscum
3342 1394 3468 1449 reia.

1906 1470 2106 1525 tionem
2135 1471 2338 1526 habent
2359 1482 2414 1527 et
2438 1474 2894 1531 necessitudinem
2916 1518 2933 1542 ,
2958 1480 3102 1535 unde
3120 1481 3286 1536 etiam
3315 1483 3482 1537 relata

1904 1571 2187 1617 Vocantur.
2219 1562 2430 1619 Etenim
2461 1564 2630 1634 patris
2661 1582 2855 1622 nomen
2896 1584 3002 1624 non
3032 1570 3086 1625 in
3127 1574 3307 1639 seipso
3337 1582 3473 1640 stat,

1903 1654 1997 1707 sed
2040 1654 2150 1708 alio
2199 1663 2429 1724 spectat,
2482 1672 2676 1726 nempe
2724 1660 2791 1714 ad
2848 1659 2940 1714 lilii
2976 1676 3218 1727 nomen,
3268 1667 3478 1735 pariter

1900 1745 2047 1801 illius
2076 1756 2283 1817 patrem
2326 1748 2572 1819 respicit.
2611 1751 2978 1818 Quamobrem
3010 1770 3186 1824 neque
3212 1766 3365 1826 pater
3396 1769 3477 1813 est

1901 1841 2108 1911 absque
2139 1842 2268 1919 ﬁlio,
2308 1859 2484 1913 neque
2511 1844 2656 1900 ﬁlius
2689 1847 2810 1901 sine
2854 1858 3028 1917 patre.
3064 1847 3299 1921 Uterque
3329 1854 3477 1907 enim

1902 1948 2008 1987 una
2059 1949 2245 1989 secum
2297 1936 2589 2005 conjuncte
2617 1952 2711 2004 per
2743 1939 3066 1995 relationem
3121 1944 3351 1999 alterum
3387 1946 3475 1999 in-

1897 2026 2070 2081 ducit.
2103 2027 2337 2099 Aliaque
2388 2031 2691 2085 secundum
2728 2032 2867 2087 hanc
2916 2033 3147 2090 formam
3193 2039 3383 2093 eodem
3415 2054 3477 2094 se

1896 2119 2062 2171 modo
2091 2119 2316 2174 habent.
2345 2122 2607 2177 Absoluta
2642 2138 2770 2178 vero
2797 2124 3018 2178 nomina
3049 2127 3328 2192 dicuntur,
3353 2145 3478 2201 qua

1894 2224 1953 2263 se
1985 2209 2068 2264 his
2097 2211 2379 2265 contrario
2407 2214 2568 2269 modo
2610 2214 2854 2281 habent;
2889 2232 3231 2290 quascunque
3265 2222 3473 2277 scilicet

230 2312 309 2367 per
350 2313 405 2353 se
439 2299 724 2365 dicuntur,
750 2312 802 2358 et
830 2321 936 2360 non
966 2305 1168 2362 habent
1190 2307 1508 2365 relationem
1534 2308 1600 2363 ad
1637 2309 1742 2363 alia
1766 2347 1783 2375 ,
1820 2307 1914 2363 secl
1954 2315 2083 2361 sunt
2123 2308 2369 2362 absoluta
2392 2316 2447 2364 et
2479 2310 2548 2363 ab
2584 2310 2897 2368 habitudine
2920 2315 3085 2371 libera
3122 2332 3138 2371 :
3167 2316 3474 2387 cuiusmodi

228 2392 956 2475 sunt,.pulchrumpbonum,
981 2398 1211 2469 justum.
1246 2401 1371 2458 limo
1401 2404 1547 2458 enim
1591 2419 1689 2474 per
1720 2418 1780 2459 se
1817 2401 2096 2464 dicuntur,
2132 2417 2233 2457 nee
2260 2406 2326 2458 ad
2368 2403 2475 2459 alia
2506 2405 2848 2463 referuntur.
2880 2472 2885 2475 Α

294 2437 438 2542 sit;
459 2489 648 2543 τοίνυν
680 2437 753 2544 ἓν
785 2494 851 2563 τῇ
892 2437 1010 2564 θέίᾷ
1063 2493 1252 2566 Τριάδι
1305 2497 1523 2569 εἴρηται
1581 2437 1778 2568 ἒννῶν

1887 2437 2096 2464 .uuuu,
2133 2437 2233 2457 ιιυυ
2260 2437 2326 2458 au
2368 2437 2475 2459 ana
2506 2437 2848 2463 sumuntur.
2880 2472 2885 2475 Δ

1967 2497 2422 2567 Quandoquidem
2471 2499 2642 2570 igitur
2686 2501 2741 2557 in
2772 2503 2955 2560 divina
2989 2505 3256 2562 Trinitate
3291 2498 3474 2563 dictus

226 2581 304 2633 καὶ
324 2582 695 2649 γεννώμενον,
718 2584 811 2639 δύο
842 2586 1112 2655 πρόσωπα
1143 2589 1409 2655 νοοῦνται,
1441 2593 1538 2645 καὶ
1568 2592 1778 2662 ἔχουσιν

1893 2599 1975 2643 est
2010 2590 2262 2659 gignens,
2292 2601 2347 2647 et
2391 2593 2485 2662 qui
2532 2595 2804 2663 gignatur,
2849 2597 2972 2653 dua:
2999 2613 3244 2669 personae
3273 2601 3472 2656 intelli-

225 2674 473 2727 ἀντίθεσιν
507 2676 656 2746 πρὸς
688 2676 894 2748 ἄλληλα
927 2680 1071 2734 κατὰ
1103 2682 1173 2735 τὰ
1204 2685 1451 2754 πρόςτι.
1487 2687 1649 2741 Ἐστι
1675 2685 1778 2758 γάρ

1892 2690 2119 2750 guntur,
2150 2681 2463 2753 habentque
2493 2682 2642 2738 inter
2676 2699 2738 2741 se
2781 2689 3181 2758 oppositionem
3226 2707 3349 2761 qua:
3386 2701 3472 2749 est

224 2764 273 2815 τὸ
303 2766 394 2833 μὲν
421 2768 623 2834 αἴτιον,
663 2770 724 2823 τδ
773 2770 829 2825 δὲ
883 2773 1146 2829 αἰτιατόν.
1194 2775 1252 2829 '0
1280 2776 1335 2830 δὲ
1387 2778 1547 2847 λόγος
1581 2780 1676 2832 καὶ
1723 2779 1778 2833 τό

1900 2767 1968 2821 ad
1996 2768 2221 2837 aliquid.
2251 2767 2344 2825 Est
2373 2769 2517 2826 enim
2543 2773 2647 2827 alia
2683 2773 2902 2845 quidem
2930 2788 3093 2834 causa
3125 2795 3219 2835 seu
3257 2791 3467 2846 auctor,

226 2855 398 2928 ἰδίωμα
425 2859 529 2929 τῆς
565 2861 895 2926 ἀντιθέσεώς
929 2865 1078 2920 ἐστιν
1109 2866 1172 2920 τὸ
1207 2867 1282 2940 μὴ
1321 2863 1459 2923 εῐνάι
1491 2870 1603 2924 τῶν
1632 2873 1778 2925 ἀντι-

1892 2859 2083 2926 altera,
2119 2876 2238 2931 qua:
2277 2876 2343 2916 ex
2370 2878 2537 2918 causa
2563 2878 2659 2920 seu
2685 2875 2911 2924 auctore
2939 2879 3047 2926 est.
3080 2869 3237 2927 Ratio
3258 2890 3385 2929 vero
3413 2884 3470 2932 et

222 2952 557 3016 κειμένωντὸ
605 2952 795 3024 ἕτερον
830 2950 946 3009 οἷον
967 2957 1031 3011 τὺ
1066 2956 1276 3029 ἕτερον.
1340 2959 1428 3021 Ὠς
1482 2961 1543 3015 τὸ
1588 2962 1778 3018 λευκὸν

1887 2953 2195 3024 proprietas
2226 2956 2591 3025 oppositiouis
2612 2967 2716 3022 est,
2751 2966 2811 3013 ut
2832 2960 3063 3017 alterum
3088 2965 3465 3034 oppositorum
3528 3032 3533 3035 _

219 3038 460 3096 ἀδύνατον
493 3038 643 3098 εἶναι
680 3046 872 3114 μέλαν,
899 3049 995 3103 καὶ
1026 3050 1090 3104 τὺ
1126 3053 1295 3122 μέλαν
1334 3053 1548 3120 λευκὸν,
1581 3056 1777 3125 ἐφόσον

1887 3058 1993 3099 non
2010 3044 2082 3098 sit
2095 3044 2360 3113 ejusmodi
2374 3056 2530 3101 acest
2545 3047 2965 3107 alterum.Verbi
2982 3054 3470 3121 gratia,albumim-

219 3132 556 3192 ἀντίκεινται.
607 3136 670 3190 Et
697 3138 753 3192 δὲ
781 3140 938 3193 τοῦτο
966 3138 1140 3209 οὕτως
1180 3144 1317 3214 ἔχει,
1347 3146 1608 3201 ἀδύνατον
1633 3144 1775 3204 εἶναι

1887 3135 2111 3206 posibile
2130 3146 2209 3191 est
2226 3152 2349 3193 esse
2371 3138 2664 3210 nigrum,et
2682 3141 2893 3210 nigrum
2913 3144 3232 3217 album,qua
3255 3151 3469 3206 ratione

220 3229 299 3277 καὶ
323 3228 378 3281 ab
409 3230 548 3283 αὐτὸ
579 3232 750 3284 αῐτιον
775 3231 913 3301 όμοῦ
956 3235 1052 3287 καὶ
1097 3236 1343 3290 αἰτιατόν
1366 3255 1380 3269 ο
1416 3238 1660 3293 τουτέστι
1688 3241 1781 3295 τὸν
1807 3224 1851 3282 C
1887 3235 2266 3294 οΡΡ⁰⁴³¹¹ηίυΓο
2290 3226 2445 3293 θυοδ
2477 3244 2601 3283 cum
2626 3231 2699 3285 δίε
2731 3245 2793 3287 ³⁸
2820 3232 3039 3300 habe”,
3076 3237 3194 3291 ﬁeri
3230 3254 3337 3293 "0"
3362 3254 3464 3309 Ρο·

219 3320 362 3373 αὐτὸν
410 3324 694 3390 γεννῶντα
722 3327 819 3378 καὶ
851 3318 1193 3398 γεννώμενον
1223 3326 1387 3397 εἶναι,
1443 3331 1539 3386 δύο
1598 3334 1777 3404 μόνων

1892 3326 1995 3372 test
2028 3327 2087 3372 ut
2140 3319 2281 3373 idem
2329 3320 2494 3375 simul
2529 3330 2727 3378 auctor
2762 3324 2835 3380 sit
2881 3334 2935 3380 et
2973 3328 3119 3397 quod
3149 3340 3233 3385 est
3258 3330 3326 3384 ab
3363 3346 3466 3385 au-

220 3414 508 3481 προσώπων
554 3416 950 3487 θεωρουμένων
978 3421 1071 3475 τοῦ
1111 3423 1323 3493 Πατρός
1355 3425 1448 3479 καὶ
1487 3425 1580 3478 τοῦ
1625 3426 1775 3485 Υἰοῦ.

217 3505 417 3560 Πολλῶν
447 3510 565 3581 γὰρ
587 3510 919 3580 προσώπων,
954 3513 1146 3586 ὥσπερ
1170 3517 1231 3569 ἐν
1257 3517 1591 3588 ἀνθρώποις,
1644 3519 1777 3572 ὑπο-

219 3600 488 3667 κειμένων,
524 3603 679 3656 οὐδὲν
718 3604 918 3659 κωλύει
945 3606 1035 3660 τὸν
1065 3608 1229 3663 αὐτὸν
1257 3607 1399 3664 εἶναι
1434 3614 1649 3683 πατέρα
1678 3615 1774 3668 καὶ
1808 3610 1811 3612 ’

216 3691 338 3754 υῑδν,
360 3694 618 3765 καθάπερ
642 3697 895 3765 εῖπομεν.
922 3698 1027 3752 Δύο
1047 3699 1105 3754 δὲ
1136 3702 1447 3771 προσώπων
1473 3704 1773 3773 ὑποκειμέ-

215 3802 329 3851 νων,
357 3789 448 3841 καὶ
474 3788 573 3841 τοῦ
603 3790 704 3859 μὲν
725 3793 928 3860 κυρῖως
953 3792 1103 3857 ὄντος
1128 3794 1352 3866 πατρὸς.
1377 3795 1470 3849 τοῦ
1485 3796 1542 3851 δὲ
1565 3798 1773 3867 κυρίως

216 3877 351 3941 ὄντος
380 3879 523 3944 υἱοῦ,
547 3881 624 3942 ὡς
654 3880 746 3933 ἐπὶ
768 3883 863 3952 ti):
890 3883 1053 3949 ἁγίας
1078 3885 1308 3955 Τριάδος
1335 3886 1467 3957 ἔχει,
1494 3888 1586 3941 τὸν
1607 3889 1772 3942 αὐτὸν

216 3963 339 4021 εἶναι
366 3969 502 4039 όμοῦ
538 3970 749 4041 πατέρα
784 3972 882 4026 καὶ
903 3974 1017 4027 υἱὸν
1045 3977 1324 4041 παντελῶς
1347 3979 1627 4034 ἀδύνατον.
1660 3981 1772 4036 Καὶ

216 4058 291 4110 ἐπ’
318 4060 620 4129 ἀνθρώπων
646 4063 726 4127 δὲ,
754 4053 1273 4137 παραδειγματικῶς
1308 4072 1502 4135 εἰπεῖν,
1527 4074 1656 4125 ὅταν
1677 4073 1772 4127 δύο

218 4148 468 4215 πρόσωπα
499 4150 822 4221 θεωρῶμεν,
856 4155 918 4207 τὸ
959 4155 1057 4223 μὲν
1086 4158 1374 4225 γεννῆσαν,
1410 4161 1469 4213 τὸ
1497 4161 1553 4213 δὲ
1580 4180 1773 4235 γεννη-

215 4239 312 4302 θὲν,
337 4246 477 4296 κατά
536 4244 627 4296 τὸν
653 4245 816 4300 αὑτὸν
863 4249 1066 4317 τρόπον
1095 4252 1191 4304 καὶ
1221 4252 1278 4303 ὲν
1313 4253 1497 4314 αὐτοῖς
1522 4254 1770 4328 ἀναφορὰ

215 4332 297 4384 καὶ
330 4335 514 4405 σχέσις
561 4337 875 4407 εὑρίσκεται
909 4341 1292 4411 ἀκοινώνητος.
1348 4344 1631 4404 Ἀδύνατον
1660 4348 1769 4421 γάρ

214 4421 294 4473 τὸν
332 4428 671 4499 γεννήσαντα
710 4428 920 4499 ἕτερον,
954 4431 1048 4485 τὸν
1090 4434 1253 4487 αὑτὸν
1298 4436 1395 4489 καὶ
1438 4441 1767 4509 γεννηθέντα

212 4509 335 4569 εἶναι
357 4519 419 4571 ἐκ
433 4517 535 4572 τοῦ
555 4519 722 4574 αὐτοῦ
744 4522 1093 4594 γεννηθέντος
1116 4526 1432 4596 προσώπου.
1470 4531 1766 4598 Ἀντίθεσις

1888 3416 2075 3477 ctore;
2134 3410 2239 3463 hoc
2287 3420 2392 3474 est,
2428 3412 2680 3467 eumdem
2718 3414 2811 3484 qui
2851 3415 3042 3486 gignat
3067 3426 3122 3473 et
3160 3420 3252 3490 qui
3276 3422 3465 3492 gigna-

1888 3510 1999 3565 tur,
2026 3516 2150 3556 cum
2184 3502 2306 3556 dua:
2337 3510 2545 3557 tantum
2581 3517 2829 3574 personas
2855 3505 3034 3564 Patris
3056 3520 3113 3564 et
3139 3506 3263 3565 Filii
3295 3511 3464 3568 intel-

1887 3592 2147 3662 ligantur.
2182 3593 2315 3648 Nam
2340 3595 2387 3650 si
2420 3596 2610 3665 plures
2644 3612 2898 3668 personae
2921 3601 3189 3672 subjecta:
3211 3605 3349 3672 sint,
3383 3613 3461 3663 ull

1885 3685 2155 3756 contingit
2186 3683 2242 3739 in
2276 3686 2615 3753 hominibus,
2643 3688 2780 3744 nihil
2813 3700 2963 3746 vetat
2993 3695 3248 3751 eumdem
3280 3707 3334 3754 et
3364 3714 3464 3769 pa-

1887 3785 2022 3830 trem
2068 3790 2191 3831 esse
2224 3787 2275 3832 et
2328 3777 2525 3842 lilium.
2571 3783 3032 3851 quemadmodum
3073 3786 3331 3845 diximus.
3368 3792 3459 3857 At,

1884 3882 2008 3922 cum
2044 3868 2167 3923 duze
2197 3879 2588 3939 supponantur
2620 3886 2890 3943 personae,
2916 3886 3081 3949 atque
3106 3881 3211 3935 alia
3240 3884 3458 3950 quidem

1884 3961 2103 4031 proprie
2128 3969 2280 4031 pater
2312 3962 2405 4029 sit,
2428 3963 2535 4017 alia
2568 3979 2699 4021 vero
2720 3967 2888 4034 lilius,
2915 3979 2974 4025 ut
3002 3987 3061 4028 se
3082 3988 3169 4029 res
3191 3974 3245 4031 in
3270 3989 3461 4032 sancta

1884 4051 2151 4107 Trinitate
2176 4053 2355 4120 habet,
2393 4057 2645 4112 eamdem
2677 4067 2733 4114 et
2760 4070 2968 4130 patrem
3012 4075 3066 4119 et
3104 4067 3271 4122 tilium
3311 4086 3458 4138 esse,

1882 4145 2107 4199 omnino
2134 4145 2261 4223 ﬁeri
2286 4161 2395 4201 non
2438 4158 2632 4217 potest.
2658 4150 2799 4218 Quin
2831 4163 2883 4208 et
2917 4154 3061 4212 inter
3090 4158 3369 4229 homines,
3402 4176 3463 4219 ut

1881 4239 1987 4293 sub
2018 4238 2267 4309 exemplo
2302 4241 2516 4311 loquar,
2546 4242 2592 4299 si
2622 4245 3035 4305 consideremus
3079 4252 3216 4309 duas
3265 4271 3456 4326 perso-

1882 4332 2005 4394 nas,
2055 4346 2288 4414 quarum
2338 4336 2507 4390 altera
2566 4339 2837 4407 genuerit.
2904 4343 3075 4399 altera
3108 4347 3286 4417 Βθηίίε
3340 4352 3459 4417 ⁸Ῐ¹ο

1881 4422 2047 4478 etiam
2082 4423 2137 4477 in
2173 4423 2282 4479 illis
2308 4438 2404 4495 per
2431 4426 2685 4482 eumdem
2719 4430 2940 4484 modum
2988 4432 3180 4490 relatio
3207 4451 3272 4493 ac
3300 4438 3454 4494 habi-

1884 4514 2016 4570 tudo
2050 4515 2353 4572 invenietur
2383 4517 2936 4580 incommuuicabilis.
2971 4523 3115 4582 Fieri
3162 4531 3308 4585 enim
3344 4550 3454 4591 non

216 4608 310 4677 γάρ
350 4611 500 4663 ἐστιν
534 4611 593 4663 ὲν
621 4583 809 4676 dinei;
841 4583 981 4668 κατὰ
1011 4583 1089 4669 τὰ.
1115 4583 1253 4691 πρός
1287 4636 1359 4686 τι,
1398 4583 1496 4676 καί
1798 4583 1851 4644 D
1878 4618 2078 4679 Ροίθειο
2113 4620 2174 4663 ιιι
2199 4610 2291 4680 qui
2318 4611 2548 4667 alterum
2572 4615 2778 4683 εθηυίιι
2804 4617 2851 4670 is
2876 4618 2994 4689 ipse
3035 4622 3253 4690 κεηῖιυε
3282 4626 3353 4681 δῖε
3385 4644 3450 4685 ει

212 4698 265 4748 τὸ
291 4699 343 4751 ἒν
369 4698 483 4755 οἷον
522 4702 583 4756 τὺ
616 4704 826 4774 ἕτερον.
879 4707 983 4761 Τὸν
1013 4709 1200 4778 ὅμοιον
1230 4710 1322 4765 οὖν
1352 4713 1552 4784 τρόπον
1581 4716 1677 4769 καὶ
1696 4706 1769 4770 ¹ἐν

214 4793 269 4859 τῇ
308 4793 433 4866 ἁγία
455 4796 675 4865 Τριάδι,
721 4798 814 4851 ἐπὶ
844 4798 939 4853 τοῦ
977 4803 1190 4873 Πατρδς
1234 4806 1322 4857 καὶ
1366 4806 1459 4860 τοῦ
1496 4807 1631 4861 Υἱοῦ
1675 4809 1769 4863 δύο

215 4884 462 4951 πρόσωπα
506 4887 929 4954 νοοῦνταιικαὶ
981 4894 1121 4947 εἰσὶν
1167 4895 1481 4964 ἀναγκαίως
1531 4899 1619 4953 διά
1671 4902 1766 4955 τὸν

215 4972 351 5041 λόγον
386 4981 486 5049 τῆς
526 4980 757 5051 προόδου
783 4997 800 5014 ο
848 4982 1037 5051 ἐπειδὴ
1084 4987 1115 5057 ή
1161 4987 1355 5058 Γραψὴ
1394 4989 1635 5045 διδάσκει
1671 4992 1763 5046 τὸν

218 5064 329 5119 Υῑίν
356 5071 416 5123 ὲκ
437 5070 533 5123 τοῦ
566 5072 784 5144 Πατρδς
810 5075 1103 5137 γεννᾶσθαι
1126 5094 1140 5107 ’
1174 5079 1265 5131 καὶ
1291 5079 1389 5133 οὐκ
1414 5078 1560 5155 ἔστιν
1589 5080 1711 5135 οὔτε
1737 5082 1766 5137 δ

217 5155 380 5229 Πατὴρ
414 5162 563 5228 mg,
593 5161 716 5218 οὔτε
744 5166 772 5218 ὁ
798 5165 924 5231 Υἱὸς
962 5168 1170 5240 Πατὴρ,
1198 5169 1342 5225 κατὰ
1367 5171 1459 5226 τὸν
1488 5173 1587 5243 τῆς
1615 5174 1767 5229 ἀντι-

217 5243 397 5315 θέσεως
417 5251 601 5321 λόγον.
910 5264 923 5269 ·
1512 5272 1523 5275 "

277 5513 435 5571 Πάλιν
471 5519 663 5588 ἐπειδὴ
700 5519 795 5573 ἐπὶ
822 5520 923 5590 τῆς
959 5521 1193 5587 πίστεως
1243 5524 1459 5595 εῐρηται
1484 5536 1487 5539 ’
1513 5526 1647 5589 Θεὸς
1695 5527 1761 5580 ἐκ

98 5640 107 5649 ο
215 5602 328 5660 Θεοῦ
356 5611 810 5682 ἐκπορευόμενος,
834 5615 979 5668 κατὰ
1009 5617 1099 5668 τὸν
1124 5617 1287 5670 αὑτὸν
1308 5619 1409 5688 τῆς
1436 5620 1761 5683 ἀντιθέσεως

214 5695 347 5766 λόγον
388 5704 649 5758 ἀδύνατον
692 5701 832 5759 εἶναι
876 5706 970 5759 τὸν
995 5707 1156 5761 αὑτὸν
1191 5709 1461 5780 προϐολέα
1497 5712 1590 5764 καὶ
1628 5713 1761 5781 πρόι

1877 4699 2064 4755 eadem
2105 4716 2359 4771 persona,
2385 4718 2508 4773 qua
2546 4720 2611 4759 ex
2655 4705 2777 4775 ipso
2808 4710 2987 4777 genita
3023 4710 3145 4769 fuit.
3183 4715 3451 4775 Est'enim

1875 4792 2020 4846 inter
2040 4793 2164 4847 illos
2184 4795 2461 4863 oppositio
2483 4796 2550 4851 ad
2571 4797 2797 4867 aliquid,
2816 4815 2915 4855 nec
2934 4803 3074 4858 alter
3095 4820 3285 4863 eorum
3303 4810 3451 4880 ejus-

1875 4883 2022 4937 modi
2059 4899 2124 4938 ac
2182 4883 2320 4939 alter
2359 4885 2593 4941 exsistit.
2635 4888 2837 4945 Eodem
2868 4892 3055 4963 itaque
3095 4899 3257 4954 modo
3282 4902 3450 4957 etiam

1872 4974 1927 5030 in
1962 4988 2148 5029 sancta
2191 4974 2479 5041 Trinitate,
2505 4977 2559 5033 in
2591 4977 2751 5035 Patre
2790 4993 2842 5037 et
2883 4982 3022 5040 Filio
3048 4986 3169 5043 dua:
3194 5005 3447 5061 persona

1876 5063 2271 5133 intelliguntur,
2327 5076 2568 5138 suntque
2610 5074 2923 5151 necessario
2960 5076 3030 5131 ob
3073 5082 3445 5151 processionis

1872 5158 2177 5222 rationem,
2202 5160 2345 5228 quod
2393 5157 2673 5230 Scriptura
2707 5148 2899 5221 doceat
2930 5165 3129 5224 Filium
3160 5148 3307 5228 nasci
3335 5191 3350 5241 ;
3380 5191 3444 5232 ac

1872 5266 2050 5319 neque
2082 5250 2245 5305 Pater
2269 5250 2443 5307 Filius
2461 5252 2552 5319 sit,
2583 5270 2680 5311 nec
2708 5254 2880 5316 Filius
2918 5258 3097 5327 Pater,
3132 5248 3438 5325 secundum

1871 5344 2235 5414 Oppositionis
2275 5345 2563 5402 rationem.

1935 5525 2171 5595 Rursus,
2206 5528 2335 5600 quia
2384 5528 2438 5584 in
2475 5527 2580 5583 ﬁde
2618 5530 2823 5601 dictum
2875 5533 3188 5596 est,‘Deum
3222 5550 3288 5592 ex
3324 5539 3438 5596 Deo

1862 5623 2174 5687 procedere,
2215 5621 2516 5677 secundum
2550 5623 2800 5678 eumdem
2822 5624 3184 5695 oppositionis
3210 5634 3436 5690 modum

1865 5709 1976 5762 ﬁeri
2014 5712 2203 5780 nequit
2239 5719 2297 5764 ut
2334 5710 2479 5766 idem
2511 5713 2579 5767 sit
2612 5714 2702 5783 qui
2736 5713 2990 5784 producit
3019 5725 3073 5772 et
3097 5721 3189 5789 qui
3226 5723 3435 5789 produ-

218 5789 392 5863 ὕλημα.
442 5798 575 5851 Οὐδὲ
623 5799 730 5869 γάρ
761 5800 873 5853 ἐστι
926 5798 986 5852 τὸ
1031 5802 1165 5854 αὐτὸ
1196 5802 1329 5871 πρὸς
1377 5804 1439 5857 τὸ
1471 5804 1600 5858 αὐτὸ
1663 5806 1757 5858 καὶ

1887 5804 2029 5858 ritur.
2060 5809 2243 5876 Neque
2272 5805 2417 5861 enim
2445 5805 2586 5861 idem
2614 5808 2800 5876 quoad
2823 5811 3074 5868 eumdem
3111 5826 3301 5874 auctor
3325 5832 3436 5887 est,
