3814 6588
381 449 481 516 5’31

1651 461 1811 522 MAN
1819 463 2048 526 UELlS
2080 464 2387 531 CALECJE
3545 463 3634 527 539.

385 566 548 621 verbo
593 567 819 637 dicam)
870 567 1096 636 Deitas;
1152 585 1219 626 ac
1263 570 1412 626 velut
1455 571 1511 626 in
1551 573 1722 630 tribus
1759 575 1952 630 solibus

2069 580 2248 650 τρισὶν
2278 580 2525 654 ἀλλήλων
2560 556 2863 651 ἐχομένοις,
2917 578 3016 647 μία
3049 576 3144 630 τοῦ
3179 547 3356 645 φωτὸς
3408 573 3629 648 σύγκρα-

380 659 525 713 inter
553 674 613 715 se
643 660 1073 727 cohaerentibus,
1106 675 1218 719 una
1239 663 1377 720 lucis
1408 665 1719 722 commistio
1749 675 1800 724 et
1826 683 1961 724 con-

380 753 725 819 temperatio.
758 773 778 806 ι

451 843 734 915 Nyssenus
769 861 992 918 quoque
1038 852 1090 904 in
1132 849 1398 908 Oratione
1427 855 1494 908 de
1521 852 1725 924 Spiritu
1773 867 1963 910 sancto

375 937 643 994 adversus
686 940 1112 1000 illaeedonianos
1173 945 1288 1000 alt:
1337 965 1357 998 ι
1386 947 1444 1002 ln
1495 948 1694 1019 quibus
1732 963 1792 1003 ea
1842 963 1963 1018 qua:

378 1031 448 1086 ad
483 1032 686 1087 bonum
736 1045 968 1104 spectat,
1011 1039 1290 1107 operatio,
1345 1041 1481 1096 nihil
1530 1041 1712 1097 minus
1757 1050 1852 1096 aut
1878 1043 1962 1096 di-

379 1141 601 1180 versum
640 1126 824 1191 habet,
854 1131 1129 1200 quomodo
1163 1132 1360 1188 rationi
1387 1145 1814 1198 consentaneum
1851 1113 1959 1203 esi,

383 1227 439 1270 ut
467 1218 559 1286 qui
586 1220 800 1276 numeri
837 1223 1050 1277 ratione
1099 1225 1237 1280 ordo
1262 1234 1368 1291 est,
1402 1225 1634 1282 minoris
1677 1229 1960 1296 cujusdam

381 1313 736 1384 perfectionis
763 1319 1003 1374 naturali
1034 1319 1377 1384 diversitate,
1415 1323 1631 1393 signum
1670 1339 1796 1379 esse
1817 1325 1953 1378 exi-

378 1408 679 1464 stimetur?
712 1409 866 1465 Velut
898 1412 945 1466 si
978 1413 1101 1482 quis
1142 1412 1196 1468 in
1240 1414 1417 1469 tribus
1468 1413 1680 1471 facibus
1724 1415 1960 1471 divisam

383 1501 730 1564 conspiciens
774 1503 1076 1570 ﬂammam,
1107 1519 1216 1574 qua
1245 1503 1567 1560 diﬂ‘unditur
1594 1522 1687 1576 per
1721 1508 1958 1561 medium

379 1593 750 1647 summitatem
777 1597 1190 1662 accendentem,
1220 1597 1420 1653 deinde
1442 1610 1672 1662 asserat,
1699 1599 1958 1666 majorem

376 1685 431 1735 in
487 1684 669 1751 priore
719 1685 935 1741 ﬂamma
968 1703 1092 1744 esse
1139 1689 1399 1756 calorem,
1450 1691 1501 1743 in
1554 1691 1801 1761 sequenti
1831 1707 1961 1746 vero

377 1772 694 1833 inferiorem
721 1794 865 1845 esse,
900 1781 1207 1852 minorique
1232 1784 1545 1852 praestantia
1581 1783 1957 1839 diversitatem

377 1865 583 1922 habere
612 1887 626 1935 ;
661 1872 879 1926 tertiam
911 1873 1166 1942 denique,
1197 1890 1299 1931 nec
1330 1875 1444 1945 ipsa
1466 1877 1580 1947 jam
1608 1876 1750 1946 ignis
1777 1876 1961 1946 appel-

2075 689 2181 736 σις.
2210 690 2232 724 ι

3469 734 3558 749 Α

2144 854 2255 907 Καὶ
2284 854 2312 905 6
2339 853 2582 922 Νύσσης,
2619 854 2678 906 ὲν
2718 851 2798 922 τῷ
2842 848 2973 920 περὶ
3013 851 3108 903 τοῦ
3139 849 3299 918 ἁγίου
3327 845 3635 922 Πνεῦμα-τος

2073 944 2213 997 κατὰ
2260 943 2688 998 Μακεδονιανῶν
2742 942 2932 1010 φησιν,
2983 941 3142 1012 «Ἐφ’
3193 935 3270 998 ὧν
3317 945 3352 1014 ἡ
3399 939 3542 998 κατὰ
3587 948 3638 998 τὸ

2072 1037 2278 1104 ἀγαθὸν
2308 1038 2560 1108 ἐνέργεια
2590 1037 2852 1106 οὐδεμίαν
2886 1052 3187 1096 εωττωσιν
3223 1039 3256 1108 ἢ
3290 1037 3640 1108 παραλλαγῆν

2069 1131 2206 1198 ἔχει,
2235 1129 2351 1193 πῶς
2381 1131 2528 1184 ἔστιν
2556 1129 2782 1199 εὔλογον
2807 1133 2915 1202 τὴν
2937 1133 3079 1186 κατά
3112 1130 3204 1185 τὸν
3235 1130 3470 1198 ἀριθμὸν
3498 1131 3639 1194 τάξιν

2071 1223 2426 1288 ὲλαττώσεὼς
2501 1225 2653 1288 τινος
2700 1226 2798 1292 τῆς
2857 1224 2997 1280 κατὰ
3057 1224 3218 1294 φύσιν
3289 1221 3640 1292 παραλλαγῆς

2071 1316 2278 1370 οἴεσθαι
2315 1317 2541 1387 σημεῖον
2586 1311 2728 1368 εἶναι
2755 1334 2768 1381 ;
2801 1317 2992 1387 ὥσπερ
3023 1317 3088 1370 ἂν
3119 1317 3174 1368 εί
3204 1333 3289 1378 τις
3319 1314 3471 1384 τρισὶ
3509 1314 3640 1381 λαμ-

2072 1410 2208 1463 πάσι
2233 1410 2574 1480 διῃρημένην
2608 1409 2823 1480 βλέπων
2868 1410 2970 1480 τὴν
3001 1403 3216 1478 φλόγα,
3261 1412 3324 1462 ὲκ
3358 1407 3642 1470 διαδόσεως

2069 1505 2159 1558 διὰ
2186 1503 2282 1556 τοῦ
2315 1504 2480 1573 μέσου
2535 1504 2600 1556 τὸ
2655 1504 2824 1574 ἄκρον
2877 1501 3179 1571 ἑξάψασαν,
3239 1501 3430 1553 ἔπειτα
3485 1519 3644 1553 κατα·

2071 1595 2329 1661 σκευάζει
2361 1595 2675 1658 πλεονάζειν
2700 1597 2764 1666 τῇ
2789 1594 2980 1666 πρώτῃ
3011 1595 3167 1663 φλογὶ
3195 1595 3296 1663 την
3317 1593 3641 1662 θερμασίανο

2067 1692 2134 1759 τῇ
2160 1687 2455 1757 ﬂeet-:57};
2495 1685 2919 1756 ὑποδεδηκέναι,
2971 1688 3068 1740 καὶ
3129 1687 3269 1756 πρδς
3324 1686 3385 1737 τὸ
3433 1686 3644 1738 ἔλαττον

2068 1780 2214 1849 ἔχειν
2239 1780 2339 1850 τὴν
2373 1779 2756 1850 παραλλαγήν·
2798 1779 2899 1845 τὴν
2931 1779 2986 1832 δὲ
3018 1779 3214 1848 τρίτην
3256 1777 3390 1848 μηδὲ
3423 1777 3539 1846 πῦρ
3575 1775 3643 1830 ἔτι

2069 1871 2347 1940 λέγεσθαι,
2397 1871 2502 1925 κᾶν
2538 1869 2939 1942 παραπλησίως
2990 1871 3146 1942 καίῃ,
3185 1869 3282 1923 καὶ
3331 1870 3527 1939 φαίνῃ,
3567 1870 3645 1923 καὶ

375 1958 580 2014 latione
638 1963 916 2028 gaudere,
976 1965 1076 2020 etsi
1127 1943 1364 2033 perinde
1389 1943 1582 2023 ardeat
1632 1943 1952 2038 lucemque.

2068 1965 2248 2020 πάντα
2280 1963 2351 2017 τά
2380 1963 2474 2017 τοῦ
2501 1963 2676 2034 πυρὸς
2704 1961 3030 2034 ἐργάζηται.
3075 1979 3094 2013 ι

379 2066 443 2105 ac
473 2068 596 2121 qua:
633 2067 763 2111 sunt
797 2054 938 2124 ignis
967 2056 1149 2114 omnia
1177 2057 1392 2114 eﬂieiat.
1427 2077 1446 2110 ι

449 2142 778 2200 Sanctorum
827 2161 958 2202 vero
1007 2146 1100 2202 alii
1145 2148 1351 2205 fontem
1404 2157 1460 2208 et
1525 2149 1753 2206 ﬂuvium
1806 2153 1962 2221 paluo

374 2238 610 2306 demque
653 2237 865 2302 dixere,
924 2238 1218 2310 ignemque
1260 2250 1314 2296 et
1347 2240 1620 2296 ﬂammam
1666 2253 1721 2297 et
1761 2243 1961 2300 lucem.

375 2325 608 2383 Divinus
639 2345 866 2399 quoque
906 2330 1167 2400 Cyrilius,
1220 2333 1456 2388 radicem
1506 2341 1564 2389 et
1597 2348 1809 2388 ramum
1845 2334 1961 2391 fru-

377 2429 642 2492 ctumque
669 2423 910 2492 accepit.
945 2422 1272 2495 Rursusque
1304 2427 1356 2481 in
1393 2426 1788 2482 Tliesaurorum
1821 2428 1961 2482 libro

374 2516 458 2570 sic
495 2517 572 2570 ait
602 2532 617 2570 :
661 2533 681 2568 ι
709 2515 802 2570 Ait
849 2517 1104 2585 Christus
1133 2533 1259 2573 eum
1303 2517 1510 2574 ludatis
1543 2519 1868 2589 disputans:
1902 2520 1959 2575 Si

374 2615 558 2662 autem
589 2591 650 2662 in.
684 2608 857 2678 digito
891 2608 986 2666 Dei
1025 2610 1189 2678 ejicio
1215 2611 1504 2678 ila-monia,
1551 2611 1798 2680 profecto
1843 2629 1962 2682 per-

374 2700 526 2755 venit
554 2701 610 2754 in
642 2715 742 2756 vos
775 2717 1004 2772 regnum
1033 2703 1129 2758 Dei
1159 2704 1227 2758 ⁸³.
1266 2702 1503 2772 Digitum
1546 2705 1650 2760 hoc
1699 2704 1820 2759 loco
1845 2703 1962 2774 Spi-

373 2790 538 2845 ritum
567 2802 820 2850 sanetum
850 2802 1032 2860 vocat,
1062 2795 1156 2864 qui
1193 2811 1261 2850 ex
1293 2793 1482 2856 divina
1511 2794 1824 2851 substantia
1870 2810 1961 2849 ve-

372 2880 457 2936 lut
485 2892 801 2949 enascatur,
838 2899 1016 2955 exque
1041 2885 1134 2941 illa
1167 2895 1360 2940 natura
1403 2887 1665 2954 pendeat,
1699 2885 1840 2941 haud
1871 2900 1960 2942 se-

345 2966 473 3028 'cus
511 2989 578 3030 ac
606 2975 814 3046 digitus
846 2993 912 3031 ex
946 2991 1111 3034 manu
1149 2978 1413 3034 humana.
1445 2978 1662 3033 Etenim
1698 2979 1792 3034 Dei
1828 2981 1954 3034 bra-

373 3067 558 3122 chium
591 3075 755 3136 atque
804 3071 1080 3126 desieram
1121 3069 1320 3126 Filium
1356 3081 1552 3126 vocant
1572 3072 1773 3128 divinae
1804 3071 1954 3128 Serio

377 3165 576 3226 ptum,
606 3160 923 3227 cuiusmodi
953 3171 1040 3218 est
1065 3163 1242 3220 illud:
1278 3162 1519 3219 Salvavit
1573 3181 1698 3221 eum
1732 3166 1956 3221 dextera

370 3248 510 3316 ejus,
540 3259 596 3304 et
629 3249 911 3307 brachium
943 3265 1194 3309 sanctum
1223 3255 1343 3326 ejus
1381 3257 1448 3311 ⁸⁸.
1487 3258 1550 3312 Et
1579 3273 1796 3325 rursus,
1851 3257 1957 3312 Do-
1985 3285 2028 3342 ε

373 3340 545 3406 mine,
592 3342 874 3398 excelsum
909 3342 1200 3399 brachium
1251 3355 1428 3412 tuum,
1461 3359 1514 3403 et
1543 3361 1652 3402 non
1685 3362 1954 3418 cognove-

369 3433 526 3490 runt,
551 3438 955 3496 cognoscentes
984 3443 1168 3487 autem
1215 3429 1624 3488 confundentur
1647 3434 1715 3488 ".
1747 3433 1954 3500 Quem-

371 3518 667 3576 admodum
715 3521 881 3593 igitur
933 3523 1224 3580 brachium
1289 3537 1491 3582 na-tura
1565 3529 1663 3584 toti
1736 3533 1952 3599 corpori

369 3620 690 3668 consertum
726 3620 832 3677 est,
880 3621 1079 3668 cuncta
1110 3629 1345 3684 operatus
1388 3632 1730 3689 quaecunque
1765 3622 1952 3676 animo

367 3700 610 3767 libuerit,
670 3706 1036 3776 perungitque
1064 3721 1129 3761 ex
1179 3723 1332 3765 more
1361 3724 1481 3765 eam
1537 3711 1593 3765 in
1640 3727 1751 3766 rem
1795 3723 1954 3771 utens

367 3792 578 3862 digito:
619 3794 696 3852 sic
745 3796 840 3852 Dei
867 3797 1088 3866 quidem
1119 3797 1354 3854 Verbum
1385 3815 1453 3856 ex
1500 3801 1620 3870 ipso
1650 3813 1706 3858 et
1746 3803 1800 3859 in
1835 3805 1952 3874 ipso

369 3893 568 3940 natura
599 3894 871 3954 aptatum,
907 3899 966 3943 ut
1004 3889 1086 3944 sic
1113 3889 1318 3955 dicam,
1359 3876 1721 3964 innatumque
1769 3896 1952 3952 consio

366 3978 672 4043 deramus;
705 3979 772 4036 ad
803 3979 1007 4035 Filium
1042 3996 1172 4035 vero
1199 3990 1400 4040 natura
1428 3998 1492 4039 ac
1519 3986 1889 4041 essentialiter
1919 4004 1948 4044 a

366 4067 531 4123 Patre
581 4069 983 4140 pertingentem
1039 4070 1331 4140 Spiritum,
1378 4088 1478 4143 per
1528 4091 1688 4144 quem
1739 4093 1950 4147 ungcns

367 4160 572 4224 omnia,
603 4163 898 4218 sanctitate
925 4163 1144 4218 imbuit.
1187 4163 1304 4220 Non
1336 4181 1470 4236 ergo
1496 4177 1789 4225 extraneas
1819 4170 1951 4225 alie-

367 4265 582 4320 nasque
616 4253 829 4309 videtur
863 4269 890 4307 a
939 4254 1137 4320 divivaj
1174 4256 1484 4314 substantia
1539 4259 1782 4330 Spiritus
1823 4277 1950 4316 san-

351 4339 507 4412 ctus,
535 4347 629 4402 sed
654 4362 719 4402 ex
751 4348 863 4416 ipsa
897 4356 953 4401 et
995 4349 1050 4404 in
1081 4350 1196 4418 ipsa
1224 4352 1588 4408 naturaliter:
1618 4353 1764 4408 haud
1789 4370 1950 4410 secus

367 4453 430 4495 ac
460 4440 665 4509 digitus
697 4440 752 4495 in
797 4455 962 4496 manu
997 4443 1071 4498 illi
1122 4460 1438 4516 congeneus
1482 4457 1566 4502 est
1589 4463 1616 4514 ;ν
1645 4463 1709 4502 ac
1755 4464 1948 4505 rursus

365 4549 564 4589 manus
585 4535 641 4589 in
667 4549 916 4605 corpore,
943 4538 1081 4593 nihil
1167 4540 1439 4595 diversam
1472 4541 1540 4595 ab
1585 4557 1652 4597 eo
1689 4542 1946 4598 substan.

2139 2143 2325 2199 ’Ἄλλοι
2379 2143 2438 2198 δι
2490 2145 2599 2196 τῶν
2649 2142 2822 2212 ἁγίων
2870 2141 3060 2214 πηγὴν
3109 2143 3204 2195 καὶ
3253 2141 3508 2212 ποταμὸν
3556 2137 3640 2194 καὶ

2063 2237 2262 2308 λίμνην
2289 2237 2571 2306 ιίρήκασν
2618 2235 2716 2289 καὶ
2748 2234 2860 2304 πῦρ
2888 2237 2984 2289 καὶ
3012 2234 3191 2303 φλόγα
3233 2234 3330 2288 καὶ
3360 2235 3505 2303 φῶς.
3547 2233 3641 2286 Καὶ

2063 2332 2092 2383 6
2137 2329 2282 2393 θεῖος
2372 2327 2668 2399 Κύριλλος,
2707 2327 2865 2398 ῥίζαν
2912 2329 3006 2382 καὶ
3052 2327 3247 2382 κλάδον
3294 2327 3390 2380 καὶ
3435 2330 3642 2396 καρπὸν

2061 2423 2244 2479 ἐλαδε.
2271 2422 2384 2476 Καὶ
2409 2424 2466 2476 ἓν
2489 2423 2552 2492 τῇ
2592 2421 2760 2492 βίϐλῳ
2795 2421 2960 2475 πάλιν
2995 2421 3106 2473 τῶν
3149 2417 3461 2491 Θησαυρῶν
3514 2420 3645 2472 οὕτω

2063 2513 2251 2581 λέγει’
2288 2531 2307 2564 ι
2345 2511 2483 2582 Φησί
2519 2527 2624 2564 που
2654 2511 2894 2578 Χριστὸς
2935 2511 3213 2572 Ἰουδαίοις
3237 2510 3642 2579 διαλεγόμενος,

2062 2607 2126 2660 Εἰ
2157 2604 2216 2659 δὲ
2247 2607 2308 2658 ἐν
2333 2603 2584 2673 δακτύλῳ
2617 2602 2754 2656 Θεοῦ
2803 2601 3053 2656 ἐκϐάλλω
3103 2603 3173 2655 τὰ
3217 2602 3507 2672 δαιμόνια,
3544 2601 3642 2669 ἄρα

2059 2695 2299 2765 ἔφθασεν
2333 2695 2418 2763 ἐφ’
2453 2694 2600 2766 ὑμᾶς
2650 2695 2685 2764 ὴ
2721 2691 2970 2764 βασιλεία
3007 2691 3102 2747 τοῦ
3158 2691 3322 2746 Θεοῦ.
3375 2693 3644 2747 Δάκτυλον

2059 2787 2250 2842 ἐνθάδε
2281 2787 2419 2856 φησι
2465 2785 2527 2838 τὸ
2571 2785 2800 2856 Πνεῦμα
2832 2785 2895 2838 τό
2919 2785 3098 2852 ἅγιον,
3138 2786 3344 2856 τρόπον
3377 2782 3511 2836 τινὰ
3557 2782 3642 2848 τῆς

2061 2880 2212 2943 θείας
2248 2880 2441 2942 οῦσίας
2494 2877 2850 2946 ἰκπεφυκδς,
2905 2877 3002 2931 καὶ
3055 2877 3302 2946 φυσικῶς
3357 2876 3536 2945 αὐτῆς
3565 2876 3644 2927 ὲκ-

2060 2971 2436 3042 κρεμάμενον,
2471 2969 2659 3040 ῶσπερ
2686 2970 2781 3023 καὶ
2827 2970 2857 3022 ό
2887 2969 3154 3034 δάκτυλος
3182 2971 3248 3023 ἐκ
3297 2969 3399 3041 τῆς
3438 2969 3644 3052 ανδρω-

2061 3066 2222 3136 πίνης
2271 3065 2475 3136 χειρός.
2529 3065 2799 3136 Βραχίονα
2850 3065 2952 3136 μὲν
3004 3065 3114 3134 γάρ
3171 3062 3266 3118 καὶ
3315 3062 3509 3130 δεξιάν
3553 3061 3640 3115 τοῦ

2059 3157 2197 3211 Θεοῦ
2229 3157 2324 3210 τὸν
2355 3157 2486 3210 Υίὸν
2535 3156 2906 3212 ἀποκαλοῦσιν
2930 3157 2987 3211 αί
3029 3155 3172 3210 θεῖαι
3221 3155 3469 3226 Γραφαὶ,
3511 3153 3640 3207 κατὰ

2059 3251 2146 3315 τὸ,
2181 3250 2428 3303 Ἐσωσεν
2455 3248 2619 3302 αὑτὸν
2650 3251 2683 3318 ἡ
2726 3247 2880 3314 δεξιὰ
2923 3248 3114 3314 αὑτοῦ,
3146 3251 3241 3301 καὶ
3268 3250 3297 3301 6
3323 3245 3574 3318 βραχίων
3617 3246 3641 3297 6

2063 3342 2220 3410 ἅγιος
2249 3340 2440 3395 αὑτοῦ·
2475 3341 2568 3395 καὶ
2616 3340 2802 3409 πάλιν,
2844 3340 3043 3410 Κύριε,
3077 3339 3286 3410 ὑψηλός
3328 3353 3428 3391 σου
3460 3341 3491 3391 6
3516 3337 3642 3409 βρα-

2061 3434 2218 3506 χίων,
2243 3432 2339 3487 καὶ
2370 3433 2471 3486 οῦκ
2498 3433 2722 3503 ᾔδεισαν
2744 3447 2758 3462 ⁸
2809 3432 3032 3502 γνόντες
3067 3431 3124 3484 δὲ
3157 3431 3638 3500 αίσχυνθήσονται.

2063 3527 2274 3594 Ὠσπερ
2303 3520 2397 3578 οῦν
2425 3525 2453 3577 6
2483 3523 2726 3596 βραχίων
2770 3523 3020 3593 φυσικῶς
3047 3524 3388 3594 ἐνήρμοσται
3419 3521 3501 3591 τῷ
3543 3521 3640 3591 ὅλῳ

2060 3614 2298 3685 σώματι,
2334 3614 2515 3670 πάντα
2557 3613 2798 3683 ἐνεργῶν
2853 3615 2957 3667 ὅσα
3001 3613 3070 3667 ἂν
3122 3612 3252 3683 δόξῃ
3309 3615 3378 3682 τῇ
3414 3612 3638 3681 διανοίᾳ,

2060 3701 2351 3771 καταχρίει
2383 3701 2440 3754 δὲ
2479 3700 2727 3772 συνήθως
2772 3702 2849 3770 τῷ
2886 3700 3142 3772 δακτύλῳ
3188 3701 3330 3771 πρὸς
3365 3700 3530 3756 τοῦτο
3558 3719 3642 3754 κει

2058 3793 2348 3865 χρημένοςο
2379 3792 2522 3845 οῦτω
2573 3794 2664 3847 τὸν
2709 3794 2811 3862 μὲν
2857 3793 2952 3849 τοῦ
2983 3792 3121 3847 Θεοῦ
3166 3794 3342 3862 Λόγον
3385 3793 3447 3858 ἐξ
3484 3793 3642 3848 αὐτοῦ

2059 3889 2154 3941 καὶ
2184 3887 2244 3940 ὲν
2274 3887 2426 3957 αὐτῷ
2457 3887 2704 3955 φυσικῶς
2756 3887 3132 3957 ἡρμοσμένον,
3171 3886 3242 3940 ἵν’
3264 3886 3442 3950 οὕτως
3485 3885 3634 3951 είπω,

2056 3980 2156 4031 καὶ
2184 3979 2542 4048 ὲμπειρυκότα
2568 3977 2925 4048 λογιζόμεθαο
2959 3981 3017 4034 ὲν
3047 3979 3105 4032 δὲ
3141 3979 3220 4045 τῷ
3249 3979 3368 4047 Υἱῷ
3397 3977 3639 4046 φύσικῶς

2059 4071 2155 4126 καὶ
2191 4071 2463 4134 οὐσιωδῶς
2511 4071 2699 4141 διῆκον
2737 4072 2889 4142 παρὰ
2933 4073 3150 4142 Πατρὸς
3199 4073 3260 4124 τὸ
3294 4071 3541 4139 Πνεῦμα,
3579 4071 3640 4122 δι’

2007 4156 2013 4162 ’
2057 4158 2118 4216 οὗ
2150 4161 2222 4215 τὰ
2260 4161 2445 4216 πάντα
2475 4164 2646 4234 χρίων
2677 4163 2920 4232 ἁγιάζει.
2953 4165 3166 4216 Οὐκοῦν
3213 4164 3317 4216 οὐκ
3357 4163 3634 4233 ἀλλότριον

2057 4254 2178 4307 οὐδὲ
2227 4253 2638 4325 ἁπεξενωμένον
2686 4256 2786 4325 τῆς
2834 4253 2987 4319 θείας
3047 4256 3239 4317 οὐσίας
3278 4255 3534 4323 φαίνεται
3575 4253 3630 4306 τὸ

2060 4342 2284 4414 Πνεῦμα
2311 4345 2371 4397 τὸ
2397 4346 2572 4412 ἅγιον,
2598 4345 2715 4399 ἀλλ’
2737 4349 2795 4400 ὲν
2825 4346 2965 4416 αὐτῇ
3021 4347 3120 4399 καὶ
3169 4346 3229 4409 ἐξ
3273 4347 3446 4415 αὐτῆς
3476 4361 3632 4415 φυσι-

2059 4435 2192 4501 κῶς,
2223 4435 2414 4508 ῶσπερ
2441 4435 2536 4490 οῦν
2591 4437 2686 4491 καλ⁸
2711 4440 2738 4490 ὁ
2769 4439 2862 4494 τοῦ
2899 4440 3153 4507 σώματος
3195 4438 3461 4501 δάκτυλος
3489 4442 3548 4491 ἑν
3576 4441 3634 4506 τῇ

2054 4527 2202 4596 χειρὶ
2238 4507 2488 4598 όμοφῦὴς
2515 4526 2593 4580 ῶν
2623 4531 2785 4600 αὑτῇο
2822 4529 2974 4600 καὶὴ
3015 4530 3140 4600 χεὶρ
3167 4530 3235 4583 αῦ
3267 4531 3428 4584 πάλιν
3467 4532 3526 4583 ἐν
3565 4530 3637 4600 τῷ

370 4625 504 4679 tiam
540 4625 768 4682 habens.
801 4647 820 4679 ι
859 4630 979 4684 Alio
1006 4639 1190 4686 autem
1232 4631 1354 4687 loco
1382 4631 1524 4688 idem
1561 4633 1774 4690 Patrem
1829 4637 1944 4705 quia

2068 4619 2293 4688 πώματι,
2321 4621 2416 4688 οὐχ
2445 4621 2791 4691 ἑτεροούσιος
2839 4623 2980 4693 πρὸς
3023 4623 3158 4676 αὐτὸ
3208 4625 3582 4692 τυγχάνουσα.
3611 4641 3628 4674 ι

364 4715 486 4770 dem
541 4730 723 4771 rosam
748 4718 1000 4788 stirpem,
1031 4721 1227 4775 Filium
1261 4736 1391 4778 vero
1417 4721 1630 4788 ﬂorem,
1685 4723 1949 4794 Spiritum

365 4816 619 4863 sanctum
647 4810 874 4865 odorem
908 4813 1271 4884 nuncupavit.

357 5023 372 5030 ι
436 4985 654 5044 Rursus
681 4991 858 5046 sancti
893 5004 1132 5047 mentem
1169 5001 1415 5048 nostram
1448 5009 1868 5068 sermonemque
1898 5008 1948 5053 et

365 5075 618 5145 spiritum
648 5083 901 5152 exemplo
925 5093 1243 5148 assumunt,
1267 5099 1375 5152 qua
1399 5085 1612 5141 ratione
1643 5087 1697 5142 in
1726 5069 1948 5144 homine

363 5177 495 5220 sunt
534 5171 625 5238 qui
661 5171 805 5227 inter
837 5187 924 5228 res
955 5181 1172 5228 creatas
1203 5174 1491 5231 nobilitate
1521 5189 1766 5246 praestat,
1799 5197 1940 5250 qua.

363 5269 522 5318 tenus
565 5264 633 5318 ad
673 5263 766 5322 Dei
801 5265 1097 5333 imaginem
1151 5265 1251 5320 fuit
1295 5268 1575 5324 conditus.
1609 5269 1805 5326 Verum
1841 5273 1943 5330 hoc

361 5370 582 5426 quoque
606 5358 770 5425 longe
791 5354 979 5411 deﬁcit
1009 5372 1040 5410 a
1070 5359 1316 5414 veritate.
1351 5359 1562 5417 Etenim
1613 5378 1798 5420 sermo
1846 5381 1940 5420 nov

361 5459 471 5505 ster
487 5463 552 5504 ex
573 5447 862 5517 disciplina
882 5449 1180 5512 accedit,ac
1198 5466 1330 5506 voce
1347 5452 1642 5520 profertur;
1664 5453 1944 5525 ferturque

357 5541 410 5594 in
443 5557 565 5593 aera
598 5578 613 5604 ,
640 5554 706 5594 ac
735 5555 831 5610 per
864 5556 1049 5596 aerem
1076 5540 1234 5597 l'usus
1265 5543 1566 5613 dissipatur
1597 5561 1773 5616 neque
1801 5563 1929 5602 vere

2069 4711 2336 4782 Ἀλλαχοῦ
2367 4711 2423 4764 δὲ
2473 4715 2506 4767 6
2557 4713 2723 4775 αὐτὸς
2751 4716 2846 4768 τὸν
2881 4715 2982 4785 μὲν
3016 4716 3243 4787 Πατέρα
3273 4717 3448 4786 ῥόδον,
3479 4715 3635 4776 ἄνθος

2055 4804 2110 4857 δὲ
2140 4803 2231 4855 τὸν
2262 4799 2413 4866 Υίὸν,
2445 4804 2540 4856 καὶ
2577 4805 2652 4858 .τὸ
2686 4805 2913 4877 Πνεῦμα
2971 4806 3034 4860 τὸ
3077 4805 3234 4874 ἅγιον
3268 4807 3448 4876 ὀσμὴν
3497 4807 3634 4859 άπε-

2057 4895 2283 4950 κάλεσε.

2136 4989 2309 5043 Πάλιν
2339 4991 2388 5044 οί
2415 4990 2565 5059 ἅγιοι
2610 4991 2702 5044 τὸν
2748 4991 3019 5063 ἡμέτερον
3051 4991 3179 5047 νοῦν
3229 4993 3324 5048 καὶ
3355 4993 3514 5061 λόγον
3545 4994 3633 5046 καὶ

2057 5081 2277 5153 πνεῦμα
2303 5082 2664 5152 λαμϐάνουσι,
2711 5086 2901 5139 καθότι
2944 5086 3056 5139 ἀπὸ
3083 5086 3179 5140 τοῦ
3214 5088 3376 5155 λόγου
3416 5084 3631 5156 ἀνθρώο

2056 5191 2163 5228 που
2193 5174 2590 5245 λαμϐάνονται,
2625 5177 2683 5240 ὃς
2715 5179 2826 5232 τῶν
2855 5179 3034 5234 ἄλλων
3077 5181 3393 5251 κτισμάτων
3432 5177 3630 5247 τιμιώ-

2054 5271 2210 5338 τερός
2236 5272 2380 5335 ἐστι,
2402 5273 2634 5326 καθόσον
2669 5275 2789 5328 κατ’
2823 5277 3010 5331 εἰκόνα
3041 5277 3176 5330 Θεοῦ
3205 5277 3446 5346 ἐκτίσθη.
3481 5276 3624 5330 Πολὺ

2053 5361 2110 5415 δὲ
2141 5360 2237 5415 καὶ
2266 5361 2424 5416 τοῦτο
2448 5363 2573 5433 ’τῆς
2607 5365 2867 5436 ἀληθείας
2915 5367 3126 5430 ἀποδεῖ.
3181 5368 3293 5423 Καὶ
3331 5369 3436 5439 γὰρ
3461 5368 3492 5420 6
3530 5367 3627 5436 μὲν

2053 5451 2326 5522 ἡμέτερος
2373 5453 2534 5522 λόγος
2580 5457 2646 5509 ὲκ
2689 5458 2984 5528 μαθήσεως
3019 5460 3380 5528 προσγίνεται
3421 5459 3518 5512 καὶ
3542 5457 3626 5510 δια

2051 5545 2236 5615 φωνῆς
2265 5546 2626 5618 προφέρεται,
2676 5550 2772 5602 xui.
2804 5550 2882 5620 τῷ
2913 5551 3040 5621 ἀέρι
3069 5554 3373 5623 ἐποχεῖται,
3404 5552 3496 5605 καὶ
3548 5552 3625 5612 εἰς

359 5635 597 5700 exsistit,
623 5650 686 5689 ac
717 5649 897 5706 neque
922 5646 1259 5706 semperest,
1283 5653 1462 5710 neque
1488 5638 1628 5694 idem
1647 5654 1712 5694 ac
1734 5641 1940 5695 mentis

2068 5635 2188 5706 ὶέρα
2225 5638 2606 5705 σκεδάννυται,
2641 5641 2738 5693 καὶ
2766 5641 3146 5706 ἀνυπόστατός
3186 5646 3327 5710 ἐστι,
3360 5643 3450 5696 καὶ
3499 5640 3623 5694 οὔτε

355 5729 660 5784 substantia
681 5740 785 5796 est,
830 5730 926 5786 sed
981 5729 1176 5784 exilem
1204 5731 1492 5800 quamdam
1545 5745 1610 5786 ac
1644 5730 1936 5787 obscuram

2068 5727 2134 5780 isi
2161 5731 2329 5796 ἐστιν,
2361 5729 2485 5784 οὔτε
2511 5734 2538 5786 6
2563 5732 2725 5797 αὐτός
2755 5734 2872 5790 ἐστι
2902 5737 2968 5806 τῇ
2997 5734 3097 5790 τοῦ
3132 5735 3228 5790 νοῦ
3259 5736 3410 5806 οὐσίᾳ
3429 5751 3443 5766 ο
3480 5735 3628 5804 ἀμν-

427 5909 471 5941 ²¹
529 5912 662 5971 Luc.
698 5929 772 5977 xi,
808 5913 898 5971 20.
979 5917 1021 5949 ²⁶
1078 5874 1415 5986 i’sal.xcvn,
1478 5916 1526 5970 l.
1608 5916 1651 5948 '7
1703 5914 1812 5972 lsa.
1876 5931 1947 5970 xx

2081 5913 2168 5968 11.
