3872 6534
247 383 335 443 533
1192 384 1291 456 ne
1333 398 1760 461 ancmts
1804 401 2020 465 FIDE!
2058 404 2536 471 CATHOLlC/E.
3283 402 3310 412 “

238 498 351 567 δρὰν
380 495 430 547 δὲ
461 495 561 566 τὴν

234 590 285 641 τὸ
310 588 486 657 νοηθὲν
522 589 673 660 αὐτῷ
700 591 1041 662 ἐξαγγέλλει,
1075 602 1170 652 καὶ
1201 603 1279 663 εἰς
1303 604 1612 673 τούμφανὲς
1626 607 1771 675 ἄγει,

232 680 311 730 καὶ
353 678 601 746 σημαίνει
628 680 721 736 τὸν
749 682 901 737 ἔνδον
930 685 1097 755 λόγον
1134 691 1322 755 ὁποῖός
1367 694 1451 757 τίς
1490 689 1667 751 ὶστιν.
1717 698 1775 750 ⁸0

227 771 275 821 δὲ
299 768 383 822 τοῦ
410 770 542 823 Θεοῦ
571 772 747 839 Λόγος
771 777 862 828 ὲνυ
874 779 1140 844 πόστατός
1166 782 1307 847 ἐστι,
1342 787 1436 838 καὶ
1473 788 1561 840 ἀεὶ
1587 787 1734 843 ἔστιν
1759 806 1771 820 ·

226 860 276 910 οὐ
307 859 404 928 γὰρ
435 856 502 929 ἧν
532 879 664 917 ποτε
698 864 833 929 Θεὸς
875 869 1055 938 Λόγον
1089 873 1189 927 οὒκ
1220 874 1383 945 ἔχωνο
1418 878 1511 931 καὶ
1552 881 1774 950 ἐνεργὸς

228 950 307 998 καὶ
351 950 757 1022 παντοδύναμος
812 957 909 1011 καὶ
960 959 1190 1026 τέλειος,
1225 964 1255 1015 6
1305 966 1471 1029 αὐτὸς
1508 969 1585 1022 ὢν
1632 975 1771 1025 κατὰ

222 1038 377 1089 πάντα
428 1037 507 1108 τῷ
557 1041 618 1105 ἐξ
651 1036 716 1098 οὗ
753 1046 871 1099 ἐστι
918 1052 1191 1115 συναῖδιος
1230 1056 1324 1107 καὶ
1347 1058 1637 1125 όμοούσιος
1677 1064 1772 1115 καὶ

218 1132 523 1198 ἁχὼριστος,
558 1135 652 1188 καὶ
686 1139 1080 1209 ἀνεκφοίτητος
1109 1146 1299 1199 αὐτοῦ’
1327 1152 1386 1202 οὐ
1417 1154 1560 1207 κατά
1586 1171 1641 1206 τι
1676 1156 1773 1224 μὲν

219 1218 411 1283 ἐοικὼς,
474 1225 616 1277 κατά
677 1243 732 1279 τι
787 1229 843 1281 δὲ
889 1232 1188 1297 ἁπεοικώς.
1257 1237 1530 1306 Ὡσαύτως
1581 1246 1676 1297 καὶ
1713 1247 1773 1298 τὸ

217 1309 441 1380 Πνεῦμα·
473 1314 538 1366 τὸ
571 1316 671 1382 μὲν
704 1318 974 1391 ἡμέτερόν
1023 1326 1141 1378 ἐστι
1180 1329 1318 1399 πνοὴ
1372 1332 1770 1402 ἀνυπόστατος,

216 1401 391 1499 ἔξωθεν
418 1405 529 1457 ἀπὸ
547 1407 644 1459 τοῦ
668 1409 830 1477 ἀέρος
859 1414 1151 1488 ἑλκομένη,
1176 1421 1271 1473 καὶ¹
1301 1423 1579 1488 ἀπεοικὼς
1607 1427 1774 1499 ἄλλης

215 1490 265 1543 ὃν
307 1492 489 1558 οὐσίας
524 1498 680 1567 παρά
711 1502 809 1571 τὴν
839 1502 933 1556 τοῦ
964 1506 1237 1578 ἡμετέρου
1289 1511 1424 1565 νοῦ’
1464 1514 1523 1566 τὸ
1571 1515 1627 1568 δὲ
1677 1490 1771 1571 τόδ

213 1579 332 1634 Θεοῦ
375 1583 533 1651 ἅγιον
570 1588 799 1659 Πνεῦμα
850 1593 1103 1663 ὑφεστὼς
1128 1599 1241 1651 καὶ
1274 1602 1641 1661 ὲνϋπόστατον
1678 1611 1771 1663 καὶ

214 1672 308 1764 (div
342 1676 429 1727 καὶ
464 1676 694 1745 τέλειον,
720 1680 910 1754 ὥσπερ
937 1688 1032 1740 καὶ
1084 1691 1113 1747 6
1144 1689 1292 1756 Υίὸς,
1329 1694 1576 1764 ἐνεργὸν,
1608 1700 1772 1753 αὐτο-

212 1762 430 1834 κίνητον,
456 1768 813 1842 δημιουργὸν,
849 1776 1145 1849 σύνδρομον
1170 1781 1298 1852 ἔχον
1326 1788 1392 1855 τῇ
1421 1762 1640 1857 δελήσει
1672 1792 1770 1864 τὴν

213 1862 421 1932 δύναμιν
446 1882 461 1896 ο
512 1868 563 1920 εί
601 1871 698 1923 καὶ
738 1873 874 1942 πρὸς
909 1875 1009 1945 τὴν
1057 1878 1284 1948 πρώτην
1324 1882 1528 1949 αἰτίαν,
1581 1862 1771 1956 ὥσπερ

211 1952 269 2006 τὰ
295 1954 381 2008 τοῦ
414 1957 762 2028 Μονογενοῦς
801 1964 1040 2030 ἅπαντα,
1103 1966 1248 2024 οὕτω
1306 1972 1370 2043 δὴ
1410 1977 1513 2029 καὶ
1559 1977 1628 2029 τὰ
1677 1978 1771 2031 τοῦ

211 2042 505 2115 Πνεῦματος
535 2050 953 2122 ἀναπέμπεται,
982 2059 1123 2113 κατὰ
1145 2060 1238 2115 τὸν
1271 2061 1533 2133 Θεολόγον
1562 2067 1774 2137 Γρηγό-

184 2150 187 2157 '
211 2151 330 2203 ριον.
358 2139 473 2191 Μία
506 2142 619 2212 γὰρ
646 2144 835 2211 οὐσία,
863 2148 957 2201 κα)⁸
982 2150 1081 2219 μία
1108 2152 1344 2223 δύναμις
1366 2158 1604 2227 Πατρὸς,
1632 2161 1765 2215 Υίοῦ

209 2231 289 2283 καὶ
325 2231 479 2298 ἁγίου
505 2236 848 2304 Πνεῦματος,
883 2241 1022 2310 μήτε
1055 2244 1386 2315 ἀρξάμενον,
1443 2252 1584 2320 μήτε
1626 2270 1770 2307 παυ-

210 2321 437 2389 σόμενον,
472 2328 545 2379 ἑκ
595 2329 691 2381 τοῦ
736 2330 875 2383 Θεοῦ
935 2333 1045 2385 τῶν
1092 2335 1232 2390 ὅλων
1262 2339 1361 2409 τὴν
1398 2341 1580 2395 αίτίαν
1605 2344 1729 2414 ἕχον
1752 2362 1768 2377 ·

208 2413 582 2485 ἀνεκφοὶτητον
620 2422 830 2493 Πατρὸς
860 2427 956 2479 καὶ
987 2428 1138 2482 Υἱοῦ.
1175 2430 1250 2483 Οὐ
1281 2432 1387 2502 γὰρ
1438 2413 1662 2489 ἐνέλιπε
1690 2437 1769 2508 τῷ

208 2504 362 2597 [largi
394 2510 589 2578 Λόγος,
620 2512 745 2567 οὔτε
775 2516 850 2585 τῷ
879 2519 1037 2589 Λόγῳ
1063 2522 1312 2593 Πνεῦμα,
1350 2527 1493 2579 κατὰ
1522 2528 1622 2597 τὴν
1658 2504 1768 2583 τῶν

206 2594 357 2664 ἁγίων
389 2601 749 2659 διδασκαλίαν
782 2625 794 2639 ·
832 2614 960 2679 περὶ
991 2608 1065 2666 ὧν
1099 2615 1127 2666 6
1166 2613 1306 2679 θεῖος
1330 2619 1496 2673 Δαϐὶδ
1523 2594 1763 2690 ψάλλων,

321 2689 492 2757 Λόγος
551 2708 668 2762 σου,
701 2697 897 2770 Κύριε,
932 2704 1012 2764 εὶς
1036 2704 1135 2775 τὸν
1158 2706 1331 2769 αίιῖρνα
1362 2687 1548 2780 μείνει.⁷
1570 2732 1589 2765 ι
1627 2687 1761 2780 Καὶ,

211 2779 339 2874 (ΔΤῴ
374 2783 535 2852 Λόγῳ
573 2787 783 2857 Κυρίου
826 2793 878 2844 οἱ
918 2794 1139 2864 οὐρανοὶ
1185 2779 1623 2874 ἐστερεώθησαν,
1670 2779 1764 2861 καί.

208 2868 276 2940 τῷ
310 2875 591 2947 Πνεῦματι
638 2882 736 2936 τοῦ
779 2885 1048 2955 στόματος
1080 2890 1248 2944 αὐτοῦ
1291 2895 1439 2949 πᾶσα
1469 2899 1501 2967 ἡ
1533 2890 1764 2970 δῦναμις

205 2961 381 3020 αὐτῶν.
416 2986 436 3020 ι
474 2970 609 3036 Καὶ,
639 2990 658 3024 ι
685 2969 977 3039 Ἐξαποστε
991 2978 1102 3043 λείς
1147 2984 1208 3036 τὸ
1259 2961 1637 3056 Πνεῦμάνσου,

3359 413 3462 476 534

610 500 892 556 κοινωνίαν
921 503 1035 574 ἔχει
1068 508 1203 578 πρδς
1252 512 1345 563 τὸν
1413 513 1558 580 νοῦν,
1592 516 1758 569 καοότ

1890 535 2017 576 cum
2044 531 2230 578 mente
2251 526 2696 579 communionem
2734 523 2917 590 habet,
2942 541 3005 581 ca
3026 525 3232 582 scilicet
3250 528 3461 583 ratione

1876 616 2021 683 quod
2069 615 2269 669 mentis
2313 626 2643 686 conceptum
2686 617 2958 685 enuntiat,
3004 618 3367 690 producitque
3400 620 3454 674 in

1878 707 2155 776 publicum
2188 750 2203 774 ,
2236 724 2299 763 ac
2345 711 2527 779 qualis
2575 713 2645 767 sit
2695 712 2924 769 interior
2964 714 3244 784 animique
3277 730 3462 771 sermo

1866 798 2167 868 signiﬁcat.
2199 799 2267 854 At
2298 799 2391 856 Dei
2425 802 2618 859 Sermo
2647 821 2774 859 vere
2806 806 2920 877 ipse
2952 807 3183 874 exsistit,
3213 824 3277 863 ac
3311 824 3459 863 sem-

1877 902 1973 956 per
1996 899 2097 945 est.
2143 889 2259 943 Non
2291 890 2437 945 enim
2490 885 2591 947 fuit
2625 911 2885 964 unquam,
2935 912 3060 951 cum
3114 896 3223 951 Deo
3261 899 3457 953 Sermo

1876 979 2091 1033 deesset
2118 996 2131 1032 :
2158 979 2455 1050 eﬂicaxque
2484 990 2538 1036 et
2566 982 2915 1053 ninnipotens
2947 993 3001 1040 et
3041 986 3319 1056 perlectus
3347 999 3455 1053 est,

1872 1066 2125 1139 idemque
2152 1071 2376 1125 omnino
2406 1089 2529 1126 eum
2561 1088 2625 1128 eo
2676 1089 2739 1128 ex
2765 1091 2873 1143 quo
2900 1086 3005 1141 est,
3053 1077 3129 1133 illi
3152 1089 3461 1135 coaeternus

1875 1170 1929 1216 et
1980 1164 2486 1230 consubstantialis,
2538 1180 2567 1220 a
2616 1184 2724 1238 quo
2784 1172 2999 1240 seiungi
3057 1172 3221 1243 atque
3271 1172 3457 1228 divelli

1872 1256 2019 1310 nulla
2068 1258 2277 1312 ratione
2316 1268 2531 1327 potest;
2572 1278 2678 1316 non
2735 1265 2931 1332 partim
2967 1266 3189 1335 quidem
3233 1268 3457 1333 similis,
3542 1254 3561 1269 ‘

1875 1347 2069 1415 partim
2098 1364 2228 1403 vero
2256 1365 2285 1404 a
2317 1351 2674 1409 similitudine
2705 1356 3028 1414 abhorrens.
3072 1355 3303 1414 Perinde
3328 1376 3462 1429 quo-

1873 1453 1979 1506 que
2024 1440 2298 1508 Spiritus:
2352 1455 2541 1500 noster
2586 1445 2805 1516 quidem
2832 1449 2994 1504 ﬂatus
3047 1459 3131 1506 est
3176 1467 3285 1505 non
3331 1467 3461 1508 vere

1873 1531 2165 1597 exsistens,
2192 1548 2353 1603 quem
2382 1537 2449 1590 ab
2476 1552 2601 1593 aere
2622 1541 2863 1595 exterius
2883 1542 3173 1607 trahimus,
3192 1543 3447 1598 diversm-

1873 1635 1979 1689 que
2009 1637 2236 1692 prorsus
2259 1640 2287 1677 a
2316 1637 2504 1682 mente
2532 1640 2722 1685 nostra
2750 1633 3071 1690 substantia:
3097 1648 3201 1691 est.
3232 1641 3301 1690 At
3330 1637 3462 1707 Spi-

1873 1714 2010 1768 ritus
2061 1715 2152 1769 Dei
2202 1729 2428 1773 sanctus
2451 1760 2464 1784 ,
2500 1738 2630 1778 vere
2673 1725 2789 1792 ipse
2822 1740 2885 1781 ac
2920 1742 3018 1796 per
3070 1743 3128 1782 se
3157 1728 3456 1792 exsistens,

1872 1812 1927 1859 et
1975 1806 2160 1862 vivens
2198 1819 2251 1862 et
2286 1809 2565 1878 perfectus
2615 1823 2720 1879 est,
2760 1816 2900 1869 haud
2958 1834 3119 1873 secus
3148 1835 3212 1875 ac
3259 1818 3455 1881 Filius,
3548 1866 3549 1869 η

1875 1895 2084 1960 eliicax,
2117 1914 2145 1950 a
2178 1914 2238 1954 se
2262 1901 2500 1966 mobilis,
2534 1916 2771 1973 creator,
2795 1909 2951 1977 cujus
2975 1904 3255 1964 voluntati
3275 1912 3459 1965 comes

1877 1994 2122 2055 potestas
2169 1989 2239 2044 sit
2267 1992 2527 2059 (tametsi
2572 1994 2637 2047 ad
2675 1997 2910 2064 primum
2964 2010 3271 2068 auctorem,
3309 2004 3459 2057 velut

1874 2079 2038 2133 etlam
2074 2077 2349 2150 Unigcniti
2383 2083 2592 2149 omnia,
2631 2102 2751 2154 qua:
2783 2096 2913 2142 sunt
2948 2089 3184 2158 Spiritus
3217 2092 3459 2147 referan-

1875 2177 1982 2233 tur,
2025 2180 2083 2223 ut
2112 2179 2305 2226 auctor
2334 2182 2419 2227 cst
2450 2171 2752 2244 Gregorius
2783 2176 3123 2247 Theologus.
3159 2180 3274 2234 Una
3309 2181 3454 2234 enim

1871 2261 2131 2329 essentia,
2163 2278 2379 2332 unaque
2405 2272 2647 2332 potestas
2679 2265 2860 2322 Patris
2887 2278 2941 2323 et
2970 2268 3095 2323 Filii
3129 2270 3456 2340 et'SpiI-itus

1872 2354 2107 2420 sancti),
2146 2353 2238 2422 qui
2264 2369 2445 2423 neque
2478 2358 2725 2425 coeperit,
2774 2374 2875 2414 nec
2927 2362 2998 2415 sit
3036 2361 3314 2419 desiturus
3354 2380 3457 2418 uu-

1866 2458 2033 2513 quam
2079 2459 2146 2500 ex
2184 2446 2564 2503 universorum
2598 2450 2704 2505 Deo
2758 2460 2815 2504 ut
2847 2463 3068 2507 auctore
3108 2454 3317 2510 habens
3347 2455 3459 2510 ori-

1870 2536 2048 2606 ginem
2077 2550 2091 2590 :
2124 2538 2217 2607 qui
2242 2554 2271 2592 a
2296 2539 2457 2594 Patre
2484 2548 2536 2596 et
2563 2539 2701 2596 Filio
2724 2543 2987 2598 excedere
3019 2556 3289 2615 nequeat;
3317 2561 3459 2601 nuu-

1868 2640 2028 2693 quam
2070 2628 2211 2681 enim
2259 2627 2454 2683 Sermo
2492 2629 2689 2685 defecit
2738 2631 2952 2688 Patrem
2980 2675 2996 2700 ,
3036 2651 3209 2704 neque
3240 2635 3454 2691 Filium

1869 2716 2134 2784 Spiritus,
2183 2720 2258 2774 uti
2313 2730 2628 2776 sanctorum
2687 2723 2935 2779 doctrina
2988 2737 3111 2791 est;
3168 2726 3234 2781 de
3255 2728 3456 2800 quibus

1866 2810 2049 2878 psallit
2097 2812 2291 2866 beatus
2324 2811 2492 2867 David
2521 2831 2534 2868 :
2566 2833 2583 2865 ι
2612 2813 2853 2870 Verbum
2899 2826 3075 2885 tuum,
3114 2818 3361 2887 Domine,
3392 2820 3447 2875 in

1856 2910 2125 2955 ‘wternum
2163 2913 2447 2971 permanet
2485 2905 2552 2956 ιο.
2588 2923 2607 2955 ι
2660 2903 2747 2968 Ει,
2788 2920 2807 2959 t
2842 2906 3021 2963 Verbo
3061 2907 3280 2962 Domini
3326 2909 3450 2964 coeli

1867 2990 2062 3046 ﬁrmati
2102 3000 2252 3058 sunt,
2292 3002 2346 3048 et
2385 2993 2589 3064 Spiritu
2622 2997 2735 3051 oris
2768 2998 2887 3067 ejus
2926 2998 3107 3053 omnis
3150 2999 3321 3055 virtus
3339 3014 3450 3055 eo-

206 3058 595 3128 κτισθησονται.
634 3082 654 3115 ι
716 3068 826 3121 Καὶ
881 3070 909 3122 6
971 3071 1117 3137 Ἰὼϐ,
1170 3092 1188 3125 ι
1228 3077 1454 3147 Πνεῦμα
1507 3081 1649 3136 θεῖον
1700 3086 1759 3138 τὸ

1869 3084 2070 3141 rum".
2096 3104 2115 3136 ι
2151 3086 2241 3150 Ει,
2275 3104 2293 3137 ι
2326 3058 2521 3142 Emitte
2572 3088 2837 3157 Spiritum
2891 3088 3047 3145 tutum
3098 3101 3153 3145 et
3182 3092 3454 3146 creabun-

208 3152 419 3221 ποιῆσαν
448 3172 520 3225 με
553 3170 569 3187 ⁶
631 3161 769 3233 πνοὴ
800 3162 856 3215 δὲ
896 3164 1350 3242 Παντοκράτορος
1380 3174 1415 3243 ἡ
1434 3175 1761 3254 διδάσκοι)σά

210 3259 285 3312 με.
328 3265 347 3298 ι
1640 3324 1643 3327 _

265 3340 418 3432 (λύδὶν
476 3340 572 3400 οὖν
622 3349 822 3403 οἰκεῖον
875 3351 953 3421 τῷ
1007 3354 1150 3427 λόγῳ
1209 3360 1321 3415 καὶ
1356 3360 1434 3432 τῷ
1486 3362 1760 3432 πνεύματι

209 3429 365 3525 illidat,
397 3438 495 3491 καί
524 3438 605 3509 τῷ
633 3441 796 3514 Λόγῳ
824 3447 919 3499 καὶ
946 3447 1224 3518 Πνεῦματι
1253 3451 1349 3505 τοῦ
1380 3429 1539 3509 Θεοῦ.
1590 3429 1761 3525 ’Ᾰμυ-

204 3520 320 3594 δρὰν
364 3528 421 3582 δέ
469 3548 592 3586 τινα
641 3534 736 3587 καὶ
790 3535 1129 3610 λεπτοτάτην
1183 3544 1434 3598 εἰκασίαν
1486 3546 1597 3600 ἀπὺ
1651 3520 1761 3603 τῶν

208 3618 442 3686 τοιούτων
496 3624 588 3678 ἐπὶ
644 3625 741 3679 τοῦ
787 3628 924 3683 Θεοῦ
974 3632 1074 3701 τῆς
1115 3634 1345 3706 Τριάδος
1381 3637 1758 3711 λαμϐάνομεν,

205 3708 491 3780 δεικνύντες
519 3717 603 3771 δτι
635 3720 727 3773 καὶ
778 3723 872 3774 ἐπὶ
901 3724 1011 3778 τῶν
1063 3727 1186 3780 καθ’
1221 3730 1371 3798 ἡμᾶς
1410 3730 1759 3800 εὑρίσκονταί

206 3815 311 3856 τινα
330 3808 383 3859 ἐν
410 3809 626 3880 ἑκάστῳ
661 3811 879 3868 τούτων
899 3817 1029 3886 τρία
1061 3817 1416 3889 Θεωρούμενα
1456 3823 1756 3894 ἀχώριστοι,

206 3893 284 3944 καὶ
306 3896 401 3949 οὐκ
451 3901 880 3975 ἁποτετμημένα
913 3908 1181 3979 ἀλλήλων,
1219 3910 1282 3964 ἒν
1314 3912 1448 3966 ὄντα
1492 3893 1634 3969 κατὰ
1662 3917 1761 3986 τὴν

206 3983 391 4054 οὐσίαν,
423 3991 520 4043 καὶ
547 3993 622 4056 ὡς
648 3995 767 4048 ὅλον
798 4015 851 4050 τι
883 3998 1012 4051 ὄντα
1040 4016 1056 4033 ο
1107 4002 1393 4074 διαφοραῖς
1424 4005 1480 4058 δέ
1515 4023 1625 4059 τισι
1663 3983 1761 4075 μό·-

206 4090 308 4165 γαες
331 4080 576 4152 ἀλλήλων
611 4086 1022 4160 διακρινόμενον
1056 4094 1164 4146 τῶν
1194 4095 1365 4165 τριῶν
1395 4096 1629 4151 ἕκαστον
1660 4100 1760 4151 οὐκ

202 4162 252 4218 ὃν
277 4174 413 4225 κατὰ
441 4177 539 4245 τὴν
570 4177 808 4249 ἰδιότητα
833 4183 893 4234 τὸ
924 4185 1057 4237 αὐτὸ
1086 4186 1197 4239 τῶν
1228 4162 1435 4242 λοιπῶν
1465 4191 1628 4244 ἐκατέ
1640 4208 1715 4262 ρῳ
1742 4207 1757 4223 ⁶

204 4258 378 4335 ὥσπερ
407 4267 433 4318 6
456 4268 560 4337 τῆς
604 4275 790 4343 πηγῆς
818 4274 1101 4345 ὀφθαλμὸς
1130 4278 1230 4331 οὐκ
1263 4278 1380 4333 ἔστι
1416 4285 1589 4353 πηγὴ,
1633 4258 1758 4336 δῦτε

206 4360 448 4428 ποταμός·
481 4359 607 4414 οὔτε
640 4364 673 4433 ἡ
710 4366 863 4436 πηγὴ
897 4368 1178 4439 ὀφθαλμὸς
1207 4371 1240 4440 ἦ
1276 4375 1522 4443 ποταμός
1543 4390 1557 4405 ⁸
1589 4374 1703 4429 οὗθ’
1728 4378 1756 4430 6

1865 3181 1951 3227 tur
1973 3173 2039 3228 ".
2082 3192 2101 3225 ι
2139 3173 2240 3230 Job
2257 3192 2509 3246 quoque,
2541 3196 2560 3229 ι
2592 3178 2833 3248 Spiritus
2862 3179 3085 3234 divinus
3116 3181 3209 3249 qui
3250 3182 3453 3236 creavit
3516 3212 3525 3221 -

1862 3280 1989 3331 me;
2022 3265 2183 3321 ﬂatus
2210 3283 2343 3322 vero
2373 3268 2777 3339 Omnipotentis
2804 3273 2899 3339 qui
2928 3272 3085 3326 docet
3114 3286 3199 3327 me
3222 3273 3287 3327 ³⁸.
3320 3290 3339 3325 ι

1932 3356 2075 3412 Nihil
2115 3359 2300 3428 itaque
2335 3361 2502 3415 verbo
2533 3372 2721 3416 nostro
2754 3363 2890 3433 (seu
2919 3364 3159 3417 εει-ιηουί
3191 3364 3209 3425 )
3242 3381 3310 3419 ac
3339 3369 3453 3434 spi-

1863 3448 1991 3505 ritui
2020 3452 2299 3521 proprium
2333 3468 2457 3507 cum
2518 3453 2609 3507 Dei
2640 3452 2821 3508 Verbo
2849 3469 2913 3508 ac
2939 3455 3148 3525 Spiritu
3173 3471 3190 3509 :
3220 3457 3313 3510 sed
3347 3459 3451 3511 oh-

1862 3557 2079 3597 scuram
2110 3543 2386 3613 quandam
2422 3558 2485 3598 ac
2514 3543 2897 3601 tenuissimam
2923 3560 2987 3599 ex
3017 3545 3287 3615 ejusmodi
3318 3563 3446 3602 cou-

1860 3634 2128 3704 jecturam
2178 3637 2230 3690 in
2264 3636 2393 3701 Deo,
2431 3639 2523 3706 qui
2553 3636 2797 3693 Trinitas
2825 3649 2929 3704 est,
2962 3639 3342 3706 assumimus;
3385 3655 3451 3696 ae

1865 3727 2204 3781 ostendimus
2231 3729 2395 3782 etiam
2433 3730 2484 3782 in
2519 3729 2776 3784 immanis
2810 3746 2874 3785 ac
2906 3731 3070 3785 rebus
3105 3734 3311 3788 creatis
3348 3749 3449 3789 ex-

1864 3826 2009 3871 stare
2035 3819 2305 3885 quandam,
2334 3818 2385 3871 in
2418 3820 2619 3888 quibus
2661 3823 2894 3891 singulis
2918 3823 3029 3879 tria
3065 3825 3447 3896 inseparabilia

1862 3909 2299 3972 considerantur.
2335 3927 2434 3965 nec
2468 3913 2536 3967 ab
2568 3911 2800 3970 invicem
2835 3917 3036 3982 divisa,
3064 3933 3193 3987 qua:
3221 3920 3329 3987 (ad
3360 3936 3447 3975 es-

1862 4000 2092 4053 sentiam
2116 4001 2261 4069 quod
2294 4005 2521 4073 spectat)
2555 4021 2722 4059 unum
2755 4009 3025 4063 exsistant
3054 4025 3119 4065 ac
3152 4014 3316 4067 tutius
3346 4028 3446 4067 cu-

1856 4088 2075 4157 jusdam
2127 4090 2393 4146 rationem
2446 4094 2718 4162 habeant;
2777 4098 3067 4169 solumque
3123 4102 3448 4158 differentiis

1863 4180 2187 4249 quibusdam
2225 4181 2365 4235 inter
2410 4199 2470 4237 se
2512 4180 2747 4241 discreta
2779 4190 3119 4256 consistant;
3172 4209 3298 4248 cum
3330 4194 3449 4248 siu-

1862 4275 1985 4342 gula
2020 4288 2250 4341 quaeque
2289 4275 2683 4343 proprietatum
2731 4282 2962 4345 ratione.
3010 4298 3117 4336 nou
3161 4286 3263 4339 hoc
3299 4288 3443 4356 quod

1862 4362 2131 4432 reliquum
2182 4363 2470 4420 exsistant.
2518 4365 2678 4422 Velut
2711 4369 2876 4423 fontis
2926 4373 3145 4437 oculus,
3202 4390 3314 4430 non
3361 4387 3447 4432 est

205 4426 427 4515 ποταμὸς
454 4426 731 4526 ὀφθαλμὸς
761 4426 1009 4531 sane.
1043 4426 1175 4516 x‘a'
1195 4426 1359 4517 τὲάλιν
1390 4426 1481 4518 se».
1503 4426 1760 4536 itas;

1869 4456 2004 4519 l'ons,
2042 4470 2216 4525 neque
2262 4455 2455 4512 ﬂuvius
2485 4476 2498 4511 :
2534 4475 2710 4529 neque
2756 4462 2878 4516 fons
2925 4465 3118 4519 Oculus
3146 4477 3246 4529 est,
3281 4478 3444 4523 autvc

205 4538 311 4609 γῆς,
341 4545 434 4597 καὶ
454 4546 547 4599 τοῦ
578 4548 830 4619 ποταμοῦ
865 4553 959 4603 κα)¹
991 4552 1089 4621 τῆς
1123 4552 1340 4625 λίμνης·
1373 4554 1487 4608 οὔθ’
1532 4557 1563 4625 ἡ
1602 4559 1754 4627 πηγὴ

210 4638 434 4702 ποταμός
479 4641 692 4711 ἐστινὴ
746 4641 908 4711 λίμνη
938 4657 953 4673 ·
990 4642 1103 4696 οὗθ’
1140 4647 1167 4697 6
1221 4646 1463 4715 ποταμὸς
1508 4648 1661 4717 πηγὴ
1722 4649 1754 4719 ἦ

208 4720 375 4798 λίμνη·
424 4729 536 4782 οὗθ’
570 4733 604 4800 ή
630 4731 970 4805 λίμνηπηγὴ
1007 4736 1040 4806 ἢ
1088 4738 1353 4807 ποταμός·
1391 4740 1569 4793 καίτοι
1612 4743 1756 4793 κατὰ

208 4815 286 4887 τὴν
312 4820 496 4875 οὐσίαν
527 4824 586 4877 ἒν
616 4824 785 4879 ὄντων
809 4843 822 4856 ·
860 4826 1004 4898 ὕδωρ
1058 4830 1165 4897 γάρ
1197 4831 1326 4886 είσι.
1374 4832 1485 4884 Καὶ
1534 4832 1697 4885 πάλιν
1729 4836 1757 4886 6

211 4908 317 4974 νοῦς
344 4913 461 4967 οὔτε
492 4914 650 4983 λόγος
681 4919 831 4971 ἐστὶν
866 4918 898 4989 ἢ
935 4919 1177 4989 πνεῦμα·
1227 4921 1351 4975 οὔτε
1377 4924 1405 4974 6
1435 4923 1591 4993 λόγος
1627 4925 1752 4989 νοῦς

212 5000 498 5077 ἢπνεῦμα·
530 5010 656 5064 οὔτε
712 5012 773 5065 τὸ
825 5014 1044 5083 πνεῦμα
1093 5016 1251 5082 λόγος
1304 5016 1336 5087 ἢ
1378 5018 1537 5081 νοῦςο
1574 5019 1752 5072 καίτοι

212 5094 393 5151 τούτων
420 5101 491 5164 ὡς
523 5103 644 5155 ὅλον
681 5120 744 5157 τι
774 5099 914 5157 εἶναι
949 5105 1253 5160 δοκούντων
1299 5110 1393 5161 καὶ
1430 5110 1752 5179 ἀχωρίστων

212 5179 449 5253 ἀλλήλων,
483 5189 515 5257 ἢ
550 5190 645 5242 καὶ
696 5190 1011 5261 διαφέρουσι
1046 5196 1113 5263 τῇ
1162 5194 1322 5265 οὐσίᾳ
1348 5213 1363 5227 ·
1393 5195 1468 5259 ὡς
1526 5196 1639 5267 ἔχει
1693 5200 1754 5252 τὸ

210 5277 288 5328 τοῦ
318 5280 463 5348 ἡλίου
496 5281 590 5333 καὶ
624 5280 733 5334 τῶν
762 5282 997 5336 ἀκτίνων
1050 5285 1145 5337 καὶ
1196 5286 1289 5338 τοῦ
1327 5288 1527 5356 φωτὸς,
1569 5288 1751 5343 ὡσαύ-

211 5382 297 5432 τως
326 5374 416 5428 καὶ
441 5373 536 5429 ὒπὶ
565 5373 674 5427 τῶν
702 5374 878 5428 ἄλλων
905 5378 1394 5447 παραδειγμάτων.

276 5632 421 5689 Ἀλλὰ
454 5610 649 5702 ταῦτα,
682 5640 931 5710 καθάπερ
960 5642 1209 5712 εἴπομεν,
1247 5646 1297 5697 οἱ
1348 5645 1495 5715 ἅγιοι
1532 5646 1749 5716 λαμδά-

1861 4545 2061 4617 ﬂuvius
2087 4564 2119 4613 ;.
2155 4562 2330 4617 neque
2363 4548 2560 4603 ﬂuvius
2586 4552 2780 4606 oculus
2808 4564 2892 4607 est
2922 4567 3016 4608 aut
3043 4556 3185 4614 fons.
3218 4561 3295 4614 Ae
3325 4574 3444 4614 rur-

1860 4653 1955 4693 sus
1983 4639 2036 4715 in
2069 4639 2218 4694 fonte
2251 4650 2306 4694 et
2339 4642 2453 4696 rivo
2486 4652 2538 4697 et
2571 4644 2715 4709 lacu,
2774 4661 2947 4723 neque
2978 4648 3102 4702 fons
3159 4650 3309 4705 rivus
3337 4662 3438 4717 est,

1861 4742 1955 4786 aut
1987 4733 2138 4787 lacus
2165 4775 2179 4799 ,
2216 4749 2389 4803 neque
2422 4735 2569 4790 rivus
2604 4734 2726 4791 inus
2761 4748 2863 4801 est,
2904 4747 2998 4791 aut
3033 4740 3210 4804 lacus,
3265 4758 3441 4812 neque

1857 4826 2030 4893 lacus,
2081 4826 2206 4881 fons
2245 4838 2343 4881 aut
2390 4829 2572 4896 rivus;
2632 4832 2849 4885 tametsi
2900 4848 3066 4886 unum
3108 4834 3443 4891 sintsecun-

1861 4919 1990 4973 dum
2045 4918 2366 4985 essentiam,
2427 4921 2627 4991 quippe
2678 4936 2800 4991 (ινα)
2831 4939 2973 4993 aqua
3026 4926 3313 4982 exsistant.
3361 4931 3437 4983 Ac

1861 5025 2053 5065 rursus
2096 5025 2274 5073 mens,
2307 5026 2483 5081 neque
2525 5027 2705 5068 sermo
2736 5023 2820 5069 est
2848 5030 3023 5079 neque
3055 5018 3299 5084 spiritus,
3336 5034 3439 5073 nec

1861 5116 2067 5166 sermo,
2088 5118 2245 5159 meus
2272 5112 2369 5158 aut
2395 5105 2620 5175 spiritus
2638 5117 2754 5174 est;
2788 5124 2964 5178 neque
2988 5112 3234 5180 spiritus,
3255 5127 3437 5169 sermo

1862 5200 1955 5247 aut
2005 5209 2194 5250 mens:
2233 5211 2546 5265 quanquam
2599 5198 2713 5255 haec
2744 5200 2892 5255 velut
2938 5210 3112 5257 totum
3161 5204 3435 5271 quoddam

1863 5300 1984 5341 esse
2017 5285 2331 5353 videantur,
2374 5297 2430 5342 et
2475 5289 2541 5343 ah
2592 5290 2826 5346 invicem
2875 5292 3261 5362 inseparabilia
3302 5296 3433 5360 sint,

1864 5376 2077 5431 tametsi
2133 5378 2369 5433 essentia
2413 5380 2843 5452 distinguantur,
2902 5385 2979 5440 uti
3032 5400 3091 5440 se
3139 5400 3226 5440 res
3268 5388 3431 5443 etiam

1862 5465 2024 5521 habet
2045 5467 2097 5522 in
2122 5468 2234 5524 sole
2253 5480 2308 5524 et
2336 5471 2508 5529 radiis
2536 5482 2594 5529 et
2615 5475 2766 5530 luce:
2802 5490 2865 5531 ac
2893 5475 3146 5532 similiter
3170 5475 3335 5536 etiam
3372 5482 3429 5537 in

1860 5556 2087 5625 reliquis
2113 5559 2398 5629 exemplis.

1931 5649 2054 5705 [hec
2087 5652 2386 5720 enimvero,
2413 5655 2487 5711 uti
2519 5655 2833 5714 dicebamus
2853 5699 2868 5726 ,
2904 5661 3081 5717 sancti
3111 5675 3433 5728 assumunt.

267 5808 303 5838 “
331 5810 469 5867 Psal.
504 5827 695 5878 cum,
726 5812 812 5869 89.
892 5815 935 5848 ²⁹
962 5816 1103 5871 Psal.
1135 5835 1309 5887 uiui,
1338 5818 1390 5873 6.
1468 5820 1511 5853 '°
1563 5818 1709 5876 Psal.
1764 5836 1882 5889 cm,
1916 5822 2004 5879 δυ.
2088 5824 2129 5856 ³¹
2164 5824 2287 5913 ιω).
2327 5824 2527 5893 x'xxni,
2561 5828 2614 5881 4.
