3872 6536
452 347 557 411 535

1714 368 1875 429 MAN
1889 370 2111 430 UELIS
2152 373 2462 436 CALECzE
3584 381 3674 445 536

451 474 508 519 nt
536 480 635 521 nos
685 482 902 537 quoque
953 472 1220 545 tantisper
1270 476 1398 533 inde
1429 492 1495 534 eo
1539 483 1929 551 provehantur,
1967 496 2016 539 ut

2130 502 2335 553 νουσιν,
2356 489 2442 541 ἵνα
2471 488 2566 543 καὶ
2594 488 2757 558 ἡμεῖς
2786 488 3027 560 μετρίως
3047 490 3114 545 ὲκ
3143 489 3347 545 τούτων
3380 493 3458 556 εἰς
3486 494 3673 554 ἔννοιαν

407 576 418 596 ι
451 571 711 625 personas
736 559 790 613 in
820 559 929 614 Deo
960 561 1108 632 ipsas
1133 568 1353 637 proprie
1386 585 1451 625 ac
1482 584 1577 640 per
1608 589 1667 628 se
1696 575 2018 640 subsistere,

446 651 873 719 proprietatibus
906 654 1483 726 incommunicabiles,
1538 679 1602 719 ac
1651 666 1794 720 inter
1834 683 1894 722 se
1933 669 2021 722 in-

445 740 799 807 separabiles,
836 743 1249 815 intelligamus;
1281 757 1447 819 utque
1488 753 1620 809 item
1664 770 1789 811 cum
1824 756 2018 813 inlide-

443 831 575 886 lium
607 834 876 904 quispiam
923 843 1288 909 ac’cusaverit,
1318 843 1430 900 Cur
1475 860 1645 902 unum
1696 849 1865 906 Deum
1919 853 2020 906 tria

443 925 694 981 dicamus
725 942 788 983 ac
813 929 913 985 tria
942 947 1135 1000 unum,
1168 937 1443 1001 possimus
1471 942 1634 996 etiam
1660 946 1926 1015 exemplis
1952 962 2021 1002 ex

443 1017 685 1074 humano
721 1036 824 1076 usu
851 1022 1033 1091 petitis
1064 1025 1195 1081 huic
1244 1028 1335 1083 tali
1374 1045 1436 1085 os
1467 1033 1779 1098 occluderc,
1830 1048 2018 1093 osten-

439 1110 630 1164 do-ntes
656 1127 724 1165 ne
750 1111 804 1165 in
840 1113 1002 1169 rebus
1042 1117 1177 1186 ipsis
1207 1118 1348 1174 istud
1379 1121 1593 1189 deesse,
1620 1126 1869 1194 quamvis
1898 1144 2018 1183 om-

440 1202 575 1257 nino
602 1204 859 1260 deliciant
896 1220 959 1262 ac
986 1223 1149 1277 quam
1184 1210 1501 1282 longissime
1532 1215 1715 1271 absint
1747 1218 1816 1274 ab
1845 1234 1932 1281 eo,
1960 1229 2021 1274 ut

440 1306 552 1350 tum
586 1296 842 1354 unionem
883 1308 997 1354 tum
1024 1302 1456 1373 distinctionem,
1496 1321 1619 1375 quae
1660 1318 1744 1364 est
1777 1309 1831 1364 in
1878 1310 2021 1364 divi-

437 1388 545 1453 nis,
575 1391 709 1446 satis
738 1391 1056 1449 exhibeant.
1088 1394 1376 1462 Quomodo
1409 1399 1553 1452 enim
1584 1415 1707 1470 qua:
1729 1415 1883 1455 serva
1912 1403 2022 1458 sint

439 1487 604 1551 atque
638 1484 891 1551 subdita,
932 1484 1164 1543 Domino
1212 1505 1275 1545 ac
1340 1504 1604 1548 creaturae
1634 1493 1903 1561 Creatori,
1942 1497 2021 1550 vi-

435 1573 553 1628 deri
587 1578 798 1643 possint
830 1577 1257 1648 perfectionibus
1280 1583 1479 1654 paria?
1525 1584 1729 1642 Idcirco
1766 1604 1876 1643 non
1905 1604 2022 1643 om-

438 1682 534 1721 nes
574 1670 934 1761 proprietates
958 1687 1147 1729 earum
1175 1690 1385 1741 rerum,
1424 1692 1560 1747 quas
1589 1682 1839 1751 exempla
1878 1697 2017 1737 enuo

434 1762 700 1816 morando
732 1764 1041 1834 attulimus,
1070 1766 1123 1821 in
1153 1767 1266 1824 Deo
1309 1772 1685 1839 assumimus;
1715 1774 1810 1828 sed
1842 1790 2018 1844 quan-

435 1860 548 1906 tum
576 1850 630 1905 in
658 1852 738 1908 eis
763 1863 867 1921 est,
895 1857 1039 1927 quod
1066 1858 1521 1916 necessitudinem
1548 1877 1672 1918 cum
1698 1878 1765 1919 eo
1794 1865 2012 1933 habeat,

436 1944 587 2011 quod
608 1946 687 2001 sic
711 1947 856 2002 velut
882 1949 1178 2006 simulacro
1199 1966 1264 2007 ac
1285 1951 1528 2023 imagine
1551 1966 2013 2026 repraesentatur:

436 2034 518 2092 sic
550 2037 834 2102 nimirum,
870 2050 928 2095 ut
965 2057 1029 2097 ex
1065 2043 1175 2098 alio
1212 2044 1357 2115 quod
1390 2045 1549 2103 Pater
1576 2058 1631 2105 et
1661 2048 1831 2108 Filius
1868 2052 2017 2108 inse-

436 2131 708 2201 parabiles
740 2133 887 2200 sint;
925 2149 993 2190 ex
1021 2135 1153 2202 alio,
1196 2137 1341 2208 quod
1378 2139 1578 2194 divina:
1607 2158 1853 2212 persona!
1885 2160 2017 2203 con-
2052 2136 2062 2145 ’

433 2224 824 2282 substantiales
856 2236 1020 2297 atque
1049 2228 1378 2300 conjunctae,
1411 2233 1758 2305 habeantque
1779 2238 1927 2292 inter
1956 2254 2016 2295 se

431 2316 702 2382 ordinem,
752 2333 817 2373 ac
849 2334 959 2374 una
996 2335 1186 2376 earum
1236 2323 1477 2392 potentia
1522 2325 1592 2379 sit
1636 2335 1691 2380 et
1735 2329 2012 2397 operatio:

433 2408 694 2480 aliudque
724 2425 789 2465 ex
819 2411 927 2466 alio
962 2413 1263 2469 habeamus
1291 2432 1307 2481 ;
1348 2414 1634 2472 intervalla
1665 2433 1796 2474 vero
1827 2429 1884 2475 et
1917 2420 2015 2476 de-

434 2500 701 2557 ﬂuxioncs
728 2518 793 2557 ac
821 2505 1254 2574 compositiones
1296 2508 1692 2579 transitusque,
1728 2525 1793 2567 ac
1830 2512 1875 2568 si
1908 2529 2017 2584 qua

2127 580 2375 651 ἔλθωμεν
2404 580 2500 635 τοῦ
2544 580 2930 635 ἰδιοῦπόστατα
2964 578 3109 637 εἶναι
3156 584 3225 638 τὰ
3272 584 3332 638 tv
3386 589 3451 657 τῇ
3504 590 3675 659 Τριὰδι

2127 672 2246 725 θεῖα
2278 672 2572 743 πρόσωπα,
2601 676 2727 737 ταῖς
2756 675 3019 745 ἰδιότησιν
3053 676 3399 747 ἀκοινώνητα
3436 682 3525 735 καὶ
3551 685 3677 753 ἀχώ-

2128 782 2287 834 ριστα
2317 766 2607 837 ἀλλήλων-⁷
2628 768 2722 820 καὶ
2750 767 2837 820 ἵνα
2869 768 3002 822 ὅταν
3034 786 3121 832 τις
3166 770 3276 822 τῶν
3302 771 3540 827 ἀπίστων
3561 776 3678 845 ἡμῖν

2125 858 2359 930 ἐγκαλῇ,
2398 860 2515 923 πῶς
2544 860 2637 914 τὸν
2670 861 2769 914 ἕνα
2798 860 2931 914 Θεὸν
2956 858 3083 930 τρία
3109 860 3341 933 λέγομεν
3366 862 3457 915 καλ
3477 862 3541 917 τὰ
3567 865 3678 935 τρία

2125 954 2205 1015 ἓν,
2233 953 2450 1024 ἔχωμεν
2485 952 2578 1006 καὶ
2632 952 2744 1008 ἀπὸ
2791 952 2901 1004 τῶν
2957 952 3082 1006 καθ’
3114 953 3262 1021 ἡμᾶς
3312 952 3403 1005 τὸν
3459 954 3679 1011 τοιοῦτον

2126 1043 2527 1113 ἐπιστομίζειν,
2553 1044 2861 1107 δεικνύντες
2882 1044 2966 1098 ὅτι
2982 1044 3101 1097 οὐδὲ
3124 1044 3181 1096 tv
3202 1046 3315 1107 τοῖς
3330 1044 3476 1097 οῦσιν
3506 1046 3682 1103 ἄπεστι

2124 1139 2301 1205 τοῦτο,
2345 1140 2393 1192 εἰ
2439 1139 2534 1191 καὶ
2565 1140 2921 1191 παντάπασιν
2970 1138 3269 1191 ἀποδέουσι
3299 1137 3395 1190 καί
3421 1136 3680 1193 λείπονται

2124 1231 2264 1302 πρὸς
2287 1231 2348 1285 τὸ
2375 1231 2549 1297 δεῖξαι
2585 1231 2686 1299 τὴν
2733 1233 2829 1285 ἐπὶ
2875 1231 3012 1285 Θεοῦ
3041 1230 3241 1284 ἕνωσίν
3272 1248 3333 1284 τε
3370 1230 3464 1284 καὶ
3490 1232 3683 1303 διάκριο

2127 1340 2231 1377 σιν.
2260 1323 2384 1382 Πῶς
2414 1324 2521 1395 γὰρ
2554 1323 2621 1375 τὰ
2652 1321 2814 1374 δοῦλα
2851 1322 2948 1376 καὶ
2992 1321 3289 1392 ὑποχείρια
3327 1320 3405 1391 τῷ
3435 1322 3682 1395 Δεσπότῃ,

2123 1418 2221 1467 καὶ
2266 1412 2345 1484 τῷ
2374 1412 2698 1485 δημιουργῷ
2749 1412 2817 1466 τὰ
2853 1411 3329 1483 δημιουργήματα
3376 1413 3684 1483 φανήσονται

2122 1507 2245 1569 ταῖς
2270 1504 2606 1574 τελειότησιν
2658 1504 2788 1569 (ea;
2826 1503 2924 1556 Διά
2955 1502 3208 1584 τοῦτο-ού
3250 1504 3427 1557 πάντα
3457 1503 3524 1557 τά
3554 1505 3682 1559 ἰδιῶ-

2124 1614 2272 1663 ματα
2325 1596 2436 1650 τῶν
2480 1596 2861 1668 προτεθέντων
2894 1596 3252 1666 λαμϐάνομεν
3291 1595 3385 1650 tttl.
3418 1595 3511 1649 τοῦ
3540 1595 3683 1662 Θεοῦ,

2122 1689 2241 1743 ἀλλ’
2271 1690 2397 1743 ὅσον
2431 1690 2531 1759 μὲν
2574 1688 2721 1743 ἔστιν
2753 1690 2811 1743 ὲν
2856 1689 3068 1751 τούτοις
3122 1686 3438 1757 οἰκειότητα
3482 1686 3610 1758 πρὸς
3633 1688 3687 1741 τὸ

2122 1782 2527 1851 εἰκονιζόμενον
2573 1781 2721 1851 ἔχον,
2756 1780 3134 1851 λαμϐάνομεν
3175 1778 3276 1834 ἀπ’
3302 1778 3463 1832 άλλου
3496 1777 3591 1849 μὲν
3632 1778 3685 1832 τὺ

2122 1874 2428 1947 ἀχώριστον
2458 1873 2670 1945 Πατρδς
2708 1876 2803 1929 καὶ
2833 1872 2987 1937 Υἰοῦ,
3021 1871 3119 1926 ἀπ’
3145 1871 3314 1927 ἄλλου
3347 1870 3403 1924 δὲ
3428 1871 3489 1925 τὸ
3512 1870 3686 1941 ὁμοσύ-

2125 1985 2242 2023 σιον
2288 1968 2382 2023 καὶ
2429 1967 2491 2021 τὸ
2522 1967 2899 2038 συνημμένον,
2955 1967 3050 2021 καὶ
3083 1966 3148 2021 τὸ
3191 1967 3294 2037 τῆς
3324 1965 3463 2035 πρὸς
3499 1964 3685 2035 ἄλληλα

2121 2060 2330 2125 τάξεως
2352 2059 2463 2112 τῶν
2490 2057 2655 2112 θείων
2688 2056 3024 2128 προσώπων,
3053 2058 3149 2110 καὶ
3177 2056 3281 2127 τὴν
3316 2055 3446 2125 μίαν
3475 2053 3686 2123 δύναμιν

2080 2154 2103 2209 ’,
2124 2153 2222 2207 καὶ
2257 2152 2542 2221 ἐνέργειαν
2564 2165 2579 2182 ο
2613 2150 2706 2204 καὶ
2749 2150 2879 2204 ἄλλο
2925 2149 2986 2216 ἐξ
3016 2148 3180 2203 ἄλλου
3209 2164 3226 2181 ·
3276 2148 3615 2217 διαστήματα
3639 2146 3686 2200 δὲ

2123 2246 2221 2299 καὶ
2277 2243 2490 2316 ρεύσεις
2547 2244 2644 2297 καὶ
2703 2241 2987 2305 συνθέσεις
3033 2242 3129 2296 καὶ
3188 2238 3551 2312 μεταϐάσεις,
3605 2239 3689 2292 καὶ

2121 2338 2291 2393 τᾶλλα
2317 2338 2416 2391 ὅσα
2442 2337 2543 2405 τῆς
2570 2336 2703 2401 καθ’,
2722 2336 2872 2406 ἡμᾶς
2896 2334 3107 2398 ἐνδείας
3134 2336 3277 2399 εἰσὶ,
3308 2334 3423 2397 τοῖς
3454 2333 3511 2386 tv
3552 2331 3689 2400 γενέ-

2124 2453 2207 2490 σει
2241 2436 2337 2489 ml
2372 2434 2552 2507 φθορᾷ
2582 2433 3023 2506 ἀπορῤίπτομεν,
3056 2431 3202 2486 καθά
3230 2447 3368 2503 φησι
3400 2431 3492 2484 καὶ
3519 2428 3545 2482 ό
3567 2428 3689 2482 Θεο-

2122 2531 2279 2596 λόγος
2333 2530 2638 2599 Γρηγόριος
2670 2527 2807 2597 (54),
2846 2546 2863 2580 ι
2898 2527 3025 2581 Ὀτι
3060 2525 3217 2581 οὐδέν
3251 2526 3403 2579 ἐστιν
3430 2525 3458 2578 ὅ
3488 2540 3572 2593 μοι
3600 2521 3687 2592 τὴν

431 2593 643 2663 reliqua
688 2604 887 2649 nostra:
922 2595 1240 2666 indigentiae
1282 2607 1435 2664 sunt,
1484 2599 1552 2654 iis
1588 2601 1806 2657 demum
1851 2605 2016 2662 rebus

431 2700 556 2754 quae
589 2686 848 2741 oriuntur
877 2697 931 2742 et
969 2688 1244 2744 intereunt
1292 2692 1688 2762 projiciamus;
1741 2697 1817 2752 uti
1849 2697 2016 2753 etiam

2124 2716 2184 2771 τὸ
2211 2686 2645 2785 φανταζόμενον
2675 2712 2816 2783 πλὴν
2841 2715 2892 2767 εἰ
2912 2730 2998 2777 τις
3022 2713 3083 2767 ἓν
3107 2686 3161 2766 τι
3177 2686 3368 2765 λαϐὧν
3393 2711 3487 2763 ὑπ’
3508 2686 3691 2778 εὐγνω-

435 2779 515 2836 ait
557 2778 855 2851 Gregorius
888 2782 928 2835 Τ
935 2782 1237 2854 heologus:
1270 2803 1289 2836 ι
1314 2783 1458 2841 Nihil
1494 2795 1579 2843 est
1621 2788 1674 2843 in
1704 2805 1813 2860 quo
1858 2806 2016 2847 mens

2129 2778 2391 2877 μοσύνης,
2421 2778 2491 2859 τά
2518 2803 2683 2859 λοιπά
2713 2778 2945 2875 ῥίψειεν.
2986 2824 3005 2856 ι
3039 2805 3151 2859 Καὶ
3183 2803 3296 2874 γὰρ
3322 2802 3419 2857 καὶ
3445 2801 3503 2856 τὸ
3531 2796 3690 2872 παρά-

433 2891 555 2931 mea
584 2876 812 2947 ετθιιιιιη
846 2879 1011 2947 ίίῧθτθ
1049 2889 1233 2949 quem:
1266 2880 1419 2947 dum:
1453 2882 1602 2952 (1⁸³οδ
1622 2882 1926 2955 ἐπιδεξίων,
1959 2887 2013 2941 in
2121 2876 2331 2970 53471.14
2381 2896 2660 2968 πανταχοῦ
2694 2896 2842 2950 κατά
2892 2914 2945 2951 τι
3002 2896 3100 2966 μὲν
3152 2894 3417 2966 ἀνόμοιόν
3470 2894 3579 2945 ἔστι
3620 2887 3688 2957 τῷ

434 2970 699 3039 exemplis
717 2971 1006 3029 considero
1031 2992 1046 3029 :
1066 2975 1171 3030 nisi
1198 2974 1339 3031 forte
1354 2977 1481 3047 quis
1498 2994 1561 3033 ea
1577 2980 1743 3034 animi
1767 2982 2016 3052 aequitate

2125 2991 2537 3061 εἰκονιζομένῳ,
2573 2989 2716 3043 κατά
2747 3006 2802 3042 τι
2843 2988 2901 3042 δὲ
2949 2988 3160 3059 ὅμοιον.
3196 2987 3262 3040 Εἰ
3299 2986 3400 3057 μὲν
3428 2984 3534 3055 γὰρ
3563 2981 3688 3035 κατὰ

433 3063 528 3127 sit,
549 3071 610 3117 ut
632 3079 755 3119 cum
779 3070 946 3121 unum
976 3067 1105 3136 quid
1132 3083 1196 3123 ex
1220 3072 1498 3140 proposita
1530 3071 1768 3142 imagine
1793 3090 2016 3146 accepe-

2126 3085 2308 3140 πάντα
2330 3083 2637 3156 ὁμοιοῦται,
2665 3081 2767 3136 οὐκ
2813 3081 2931 3135 ἔστι
2978 3078 3342 3149 παράδειγμα
3380 3076 3601 3138 ἐκείνου,
3635 3062 3688 3124 οῦ

434 3155 529 3220 rit,
575 3156 781 3227 reliqua
814 3157 1088 3229 projiciat.
1120 3177 1139 3211 ι
1169 3159 1308 3215 Nam
1358 3171 1412 3218 et
1458 3166 1769 3235 exemplum
1820 3167 2016 3238 ubique

2129 3179 2315 3249 ἄκρως
2344 3155 2652 3247 ὁμοιοῦται,
2682 3177 2777 3229 καὶ
2796 3173 2995 3229 ταυτόν
3019 3173 3135 3225 ἐστι
3164 3170 3371 3240 πάντη·
3400 3170 3447 3221 εἰ
3470 3167 3524 3220 δὲ
3547 3164 3690 3221 πάλιν

435 3248 636 3316 partim
664 3248 933 3305 dissimile
965 3260 1050 3306 est
1094 3251 1171 3307 rei
1204 3269 1367 3323 quam
1417 3266 1797 3325 repraesentat,
1823 3261 2016 3329 partim

2124 3271 2184 3325 tv
2209 3248 2388 3323 οὐδενὶ
2420 3270 2519 3340 τὴν
2549 3267 2847 3339 ὁμοιότητα
2879 3265 3014 3336 ἔχει,
3042 3263 3150 3317 οὐδ’
3183 3262 3330 3316 οὕτω
3363 3259 3691 3330 παράδειγμα

436 3338 516 3392 illi
549 3339 746 3395 simile.
777 3339 835 3396 Si
864 3341 1012 3397 enim
1056 3342 1112 3398 in
1156 3344 1413 3402 omnibus
1450 3348 1629 3404 simile
1651 3359 1756 3417 est,
1782 3367 1885 3406 non
1908 3353 2016 3423 iam

2127 3362 2225 3415 ml.
2258 3360 2426 3415 εἰκὼν
2460 3338 2639 3414 ἐσται.
2688 3358 2762 3412 Τὸ
2793 3358 2903 3428 γὰρ
2951 3355 3314 3427 παράδειγμα
3346 3351 3442 3406 καὶ
3486 3350 3517 3419 ἡ
3545 3347 3691 3401 εἰκὼν

432 3432 742 3502 exemplum
800 3445 884 3491 est
941 3436 1062 3507 eius
1111 3438 1215 3503 rei,
1279 3438 1440 3508 cujus
1477 3456 1749 3497 summam
1802 3445 2016 3514 praefert

2125 3452 2221 3505 ἐπὶ
2263 3453 2375 3505 τῶν
2401 3450 2527 3506 καθ’
2552 3452 2704 3523 ἡμᾶς
2732 3447 3002 3519 ὁμοίωσίν
3028 3464 3157 3501 τινα
3182 3445 3329 3499 κατά
3364 3461 3419 3497 τι
3448 3440 3541 3497 τοῦ
3566 3441 3692 3493 εἰκο-

2121 2622 2365 2677 διάνοιαν
2428 2622 2645 2692 ἵστησιν
2676 2622 2768 2674 ἐπὶ
2800 2620 2908 2675 τῶν
2944 2621 3370 2707 ὑποδειγμάτων
3408 2615 3678 2688 θεωροῦντι

432 3527 867 3594 similitudinem,
888 3530 983 3586 sed
1028 3530 1169 3585 idem
1190 3548 1417 3602 prorsus
1451 3549 1518 3597 ac
1538 3534 1627 3588 illa
1648 3544 1753 3590 est.
1778 3536 1874 3591 Sin
1892 3554 2021 3593 vero

432 3632 629 3674 rursus
653 3619 708 3674 in
737 3622 889 3677 nullo
926 3621 1087 3678 habet
1114 3624 1556 3691 similitudinem,
1589 3643 1658 3683 ne
1687 3629 1769 3683 sic
1799 3630 2019 3699 quidem

432 3712 743 3783 exemplum
784 3729 848 3770 ac
894 3715 1076 3787 imago
1115 3715 1357 3793 futurum
1405 3728 1509 3773 cst.
1561 3718 1677 3775 Usu
1716 3721 1864 3775 enim
1918 3724 2021 3777 hu-

433 3814 620 3867 mano,
654 3806 963 3875 exemplum
1017 3806 1438 3863 similitudinem
1492 3811 1807 3879 quamdam,
1860 3813 2024 3883 idque

436 3909 501 3947 ex
535 3904 712 3962 parte,
739 3910 864 3950 cum
897 3912 963 3952 eo
989 3898 1136 3969 quod
1168 3898 1410 3969 imagine
1437 3912 1888 3971 repraesentatur,
1923 3906 2022 3961 ha-

2120 3543 2410 3613 νιζομένου
2469 3544 2720 3615 βούλεται
2752 3541 2924 3613 ἔχειν.
2969 3541 3088 3610 Ἐφ’
3117 3540 3282 3611 ἡμῶν
3315 3538 3497 3609 μέντοι
3519 3532 3688 3593 οὕτως’

2120 3637 2217 3688 ἐπὶ
2237 3636 2295 3689 δὲ
2321 3637 2434 3690 τῶν
2459 3637 2622 3690 θείων
2651 3634 2971 3706 προσώπων
3000 3635 3028 3687 ό
3056 3632 3187 3695 Υἰδς
3210 3629 3380 3685 εἰκὼν
3399 3628 3491 3682 τοῦ
3505 3624 3693 3695 Πατρδς

2122 3726 2420 3798 λεγόμενος
2450 3728 2594 3782 κατὰ
2622 3728 2807 3781 πάντα
2829 3729 2857 3780 ό
2889 3725 3055 3789 αὑτός
3082 3726 3235 3780 ἔστιν
3268 3721 3440 3792 αὐτῷ,
3461 3720 3517 3787 ἐξ
3545 3715 3691 3772 αὑτοῦ

2120 3819 2198 3872 ὢν
2235 3820 2515 3883 ούσιωδῶς
2576 3820 2675 3874 και
2706 3818 3121 3883 ινυποστάτως,
3155 3816 3255 3869 καὶ
3288 3815 3481 3887 πόρρω
3509 3809 3691 3873 παντὸς

2124 3912 2568 3983 συμϐεϐηκότος,
3235 3912 3238 3915 ’

432 3985 546 4038 bet.
588 3984 681 4041 Sic
733 3996 913 4042 tamen
959 3989 1015 4043 in
1063 3989 1224 4045 nobis
1258 4005 1322 4047 ac
1352 4007 1450 4061 pro
1486 3994 1725 4050 humano
1756 4012 1899 4064 usu;
1950 3998 2004 4051 in
2046 4000 2245 4058 divinis
2299 4015 2484 4059 autem
2533 4005 2807 4075 personis,
2863 4002 3063 4070 Filius,
3119 4002 3217 4074 qui
3297 4001 3473 4057 Patris
3534 3996 3691 4064 imago

440 4078 676 4148 dicatur,
716 4097 815 4152 per
868 4082 1054 4138 omnia
1106 4084 1181 4139 illi
1220 4085 1420 4143 similis
1470 4098 1574 4156 est,
1617 4089 1710 4161 qui
1771 4106 1837 4146 ex
1896 4092 1988 4148 illo
2025 4095 2475 4167 substantialiter,
2527 4112 2763 4170 veraque
2814 4112 2880 4154 ac
2928 4112 3024 4169 per
3072 4096 3133 4154 se
3173 4094 3520 4154 cxsistentia.
3560 4084 3691 4147 enini

436 4180 628 4246 procul
653 4190 863 4236 semoto
891 4181 1192 4249 accidente,
1227 4184 1321 4241 sit.

510 4273 747 4329 Sanctus
776 4283 958 4331 autem
988 4276 1350 4347 Augustinus,
1391 4295 1552 4349 quem
1577 4290 1633 4337 et
1666 4293 1860 4352 quarta
1909 4293 2015 4339 ter-

436 4368 511 4423 tia
537 4370 778 4440 synodus
813 4370 1375 4438 pra'cellentissimum
1412 4374 1669 4430 Ecclesia:
1693 4377 2011 4448 magistrum

437 4460 751 4529 appellavit;
806 4476 915 4514 non
946 4476 1254 4517 sermonem
1282 4462 1377 4533 qui
1399 4478 1494 4517 ore
1515 4465 1815 4536 profertur,
1843 4469 1896 4522 in
1927 4469 2014 4523 di-

2202 4284 2266 4339 'O
2298 4284 2355 4338 δὲ
2394 4284 2549 4354 ἅγιος
2575 4282 2961 4352 Δύγουστῖνος,
2988 4280 3048 4337 δν
3092 4282 3127 4385 ξ)
3152 4281 3211 4379 δ’.
3238 4278 3337 4354 [γ’]
3364 4276 3577 4385 σύνοδος
3598 4269 3683 4325 καὶ

2121 4378 2441 4434 διδάσκαλον
2476 4378 2812 4449 ἑξοχώτατον
2860 4378 2962 4447 τῆς
3008 4368 3343 4447 Ἐδίκλησίας
3382 4368 3683 4442 προσεῖπεν.

2120 4476 2179 4526 οὐ
2210 4474 2303 4528 τὸν
2336 4472 2676 4545 προφορικδν
2701 4472 2861 4540 λόγον
2890 4472 2971 4535 εἰς
2998 4468 3184 4523 εἰκόνα
3216 4467 3315 4521 τοῦ
3348 4466 3492 4519 θείου
3529 4458 3687 4527 Λόγου

435 4553 548 4606 vini
579 4553 743 4607 Verbi
780 4554 1070 4621 imaginem
1110 4556 1364 4619 assumit,
1396 4558 1489 4612 sed
1522 4559 1617 4628 qui
1650 4560 1796 4615 intus
1826 4562 2010 4617 animo

2124 4563 2413 4634 λαμϐάνει,
2460 4562 2597 4617 ἀλλά
2660 4563 2753 4616 τὸν
2816 4565 2874 4615 ἐν
2925 4563 2994 4631 τῇ
3049 4559 3196 4630 ψυχῇ
3247 4554 3566 4611 ἐνδιάθετον⁸
3596 4545 3680 4600 καὶ

437 4646 707 4716 repositus
733 4655 815 4704 est
841 4663 856 4713 ;
889 4647 1123 4716 hincque
1150 4648 1287 4703 adeo
1318 4649 1582 4719 Spiritum
1616 4662 1892 4721 sanctum,
1926 4656 2012 4711 di-

437 4740 726 4794 lectionem
752 4748 949 4805 vocat;
974 4754 1113 4809 «iure,
1142 4740 1253 4795 sive
1276 4740 1517 4804 dilectio,
1542 4742 1658 4799 sive
1680 4760 1855 4814 amor,
1889 4764 2015 4817 pro-

435 4830 640 4898 prietes
669 4838 751 4883 est
781 4840 989 4882 natura:
1018 4830 1220 4885 utentis
1243 4831 1473 4886 ratione.
1495 4832 1653 4888 Omni
1673 4835 1817 4891 enim
1846 4839 2014 4893 menti

436 4931 633 4975 natura
663 4921 926 4990 competit
961 4921 1263 4978 voluntatis
1289 4924 1390 4991 vis,
1426 4933 1481 4979 et
1507 4934 1566 4981 ut
1597 4926 1746 4983 velit.
1776 4926 2013 4985 Inclina-

437 5013 512 5068 tio
532 5011 677 5068 enim
714 5026 778 5066 ac
807 5012 1024 5081 pondus
1047 5014 1099 5068 in
1133 5013 1185 5069 id
1214 5015 1357 5085 quod
1388 5018 1669 5087 proprium
1702 5030 1787 5075 est
1815 5036 2015 5076 secun-

434 5104 565 5157 dum
602 5112 880 5171 naturam,
919 5105 1178 5161 omnibus
1228 5107 1389 5162 rebus
1422 5107 1604 5165 inest:
1640 5124 1830 5167 verum
1856 5113 1911 5168 in
1946 5113 2015 5170 iis

434 5212 557 5265 quae
586 5211 752 5253 sensu
783 5207 993 5265 carent,
1022 5197 1153 5253 illud
1187 5198 1363 5268 ipsum
1393 5200 1699 5257 secundum
1731 5213 2012 5270 naturam,

328 5281 335 5288 ’
435 5288 719 5343 inclinatio
751 5298 989 5343 vocatur
1016 5302 1081 5343 ac
1130 5290 1386 5358 pondus;
1422 5291 1731 5360 cujusmodi
1767 5292 1819 5347 in
1872 5302 2016 5349 terra

432 5392 537 5445 est,
587 5382 734 5452 quod
786 5381 841 5435 in
891 5381 1128 5435 medium
1182 5383 1554 5451 propendeat;
1604 5383 1658 5438 in
1693 5384 1820 5456 igne
1865 5400 2015 5455 vero,

437 5490 661 5530 sursum
688 5476 893 5529 tendat.
920 5472 979 5528 In
1011 5474 1079 5529 iis
1115 5489 1247 5531 vero
1267 5491 1388 5546 qua:
1418 5491 1582 5532 sensu
1615 5477 1840 5548 praedita
1864 5488 2013 5544 sunt,

435 5569 559 5636 ejus
598 5568 858 5639 appetitio
886 5566 1031 5636 quod
1072 5575 1157 5621 est
1184 5569 1463 5638 preprium
1497 5579 1550 5624 ct
1582 5586 1651 5626 ex
1682 5580 1903 5626 natura.
1955 5570 2014 5627 In

2121 4655 2433 4718 ἀκολούθως
2463 4655 2524 4707 τὸ
2551 4652 2777 4724 Πνεῦμα
2803 4653 2863 4706 τὸ
2885 4653 3042 4720 ἆγιον
3077 4650 3303 4719 ἀγάπην
3331 4644 3488 4700 καλεῖ
3509 4657 3526 4674 ⁸
3577 4639 3685 4708 ἥτις

2122 4749 2155 4820 ἦ
2193 4749 2385 4819 ἀγάπη
2410 4748 2442 4820 ἢ
2477 4749 2505 4801 ὁ
2528 4748 2672 4819 ἔρως
2696 4747 2795 4817 τῆς
2825 4744 3053 4814 λογικῆς
3084 4742 3305 4811 φύσεως
3345 4737 3542 4806 ἰδιότης
3565 4726 3684 4820 ἐστι..

2124 4814 2297 4893 ὴαντλ.
2480 4814 2573 4910 νῷ⁷
2593 4814 2763 4907 φύσει.
2785 4836 3047 4906 πρόσεστι
3078 4833 3176 4886 καὶ
3206 4833 3240 4902 ἡ
3267 4828 3487 4925 θέλησις
3515 4814 3687 4925 ’καὶ-τὸ

2128 4929 2330 4984 θέλειν.
2356 4931 2424 4983 Ἥ
2451 4929 2558 5001 γάρ
2587 4930 2680 4982 ἐπὶ
2714 4931 2772 4981 τὸ
2807 4928 3009 4980 οἰκεῖον
3036 4925 3179 4978 κατά
3211 4922 3377 4992 φύσιν
3404 4915 3543 5011 ῥοπὴ
3566 4915 3681 5011 ﬂii“

2127 5021 2441 5091 πρόσεστιν·
2479 5018 2598 5075 ἀλλ’
2628 5023 2685 5073 ἐν
2725 5020 2826 5089 μὲν
2854 5020 2971 5081 τοῖς
2996 5015 3354 5086 ἀναισθήτοις
3392 5006 3520 5064 αὐτὸ
3544 5006 3684 5057 τοῦτο

2126 5114 2269 5167 κατὰ
2298 5114 2461 5184 φύσιν
2490 5113 2742 5167 καλεῖται
2787 5112 2952 5183 ῥοπὴ,
2984 5103 3099 5163 οἷον
3124 5109 3229 5179 γῆς
3272 5107 3373 5178 μὲν
3404 5103 3496 5156 ὲπὶ
3516 5097 3574 5151 τὸ
3600 5092 3685 5164 με·

2129 5222 2242 5271 σον,
2284 5205 2459 5275 πυρὸς
2487 5204 2543 5258 δὲ
2586 5204 2680 5258 ἐπὶ
2701 5204 2765 5256 τὸ
2794 5201 2930 5257 ἀνωο
2961 5202 3020 5255 tv
3044 5200 3102 5253 δὲ
3128 5202 3243 5261 τοῖς
3274 5196 3489 5279 ἔχουσιν
3513 5184 3683 5279 αἰσθη-

2128 5313 2213 5350 σιν
2246 5297 2425 5367 ὄρεξις
2466 5296 2561 5350 τοῦ
2610 5296 2817 5349 οἰκείου
2856 5295 2952 5348 καὶ
2982 5292 3125 5347 κατά
3170 5276 3452 5359 φύσινοήὲν
3484 5281 3541 5373 6t
3583 5276 3682 5373 τοῖς

2126 5390 2331 5459 νοεροίς
2364 5390 2457 5443 καὶ
2476 5389 2718 5457 λογικοῖς
2745 5387 2967 5456 θέλησις
2996 5384 3031 5456 ἢ
3071 5382 3285 5451 ἀγάπην
3329 5375 3466 5449 μετά
3487 5371 3579 5442 τὴν

2125 5456 2287 5549 λόγου
2323 5482 2505 5552 κρίσιν
2535 5482 2568 5552 ἢ
2613 5481 2927 5551 στέργουσα
2975 5476 3075 5530 καὶ
3099 5471 3372 5543 ἀγαπῶσα
3423 5465 3484 5521 τὸ
3514 5456 3676 5531 κριθὲν

2126 5574 2354 5641 ἀγαθὸν,
2388 5573 2423 5643 ἢ
2454 5572 2771 5625 τούναντίον
2808 5569 3109 5638 φεύγουσα.

327 5722 333 5727 ,
433 5665 505 5719 iis
536 5672 719 5717 autem
742 5660 1196 5732 qumintelligunt
1224 5678 1289 5717 ac
1310 5660 1521 5717 ratione
1540 5673 1790 5734 utuntur,
1858 5665 2117 5722 voluntas
2190 5684 2285 5723 seu
2332 5666 2590 5732 dilectio;
2623 5680 2747 5735 qua:
2819 5673 2946 5733 post
3004 5659 3234 5717 rationis
3273 5654 3554 5730 judicium.
3600 5639 3673 5697 ται

433 5758 796 5828 amputatur
820 5773 885 5813 ac
908 5755 1114 5828 diligat,
1155 5759 1298 5831 quod
1323 5760 1528 5832 judicio
1570 5761 1777 5818 bonum
1803 5760 2091 5831 probatum
2120 5769 2230 5827 est,
2269 5761 2351 5817 vel
2380 5760 2718 5818 contrarium
2756 5764 2999 5828 respuat.

509 5873 562 5949 (5
576 5877 619 5951 ί)
659 5875 808 5935 O.at.
839 5878 929 5934 57.
