3872 6582
265 418 349 479 ί37
1196 424 1292 484 DE
1332 423 1762 485 PRINCIPIIS
1803 423 2015 485 FlDEl
2055 428 2517 493 CATHOLlC/E.
3346 432 3452 495 538

312 526 498 595 Ταύτην
541 525 716 578 τοίνυν
764 527 865 598 τὴν
915 526 1177 602 ἀγάπην,
1228 532 1329 602 τὴν
1381 534 1492 587 τῶν
1543 532 1783 600 λογικῶν
1810 528 1841 589 Δ

1959 542 2110 595 Hanc
2146 540 2332 610 itaque
2373 539 2745 605 dilectionem,
2776 553 2897 610 quae
2926 539 3194 595 utentium
3246 539 3452 594 ratione

261 621 476 690 ἰδιότητα,
506 618 667 687 φησὶν
696 614 837 671 εἶναι
896 622 991 673 καὶ
1038 623 1097 675 ὲν
1154 622 1232 692 τῷ
1283 623 1410 693 θείῳ
1455 624 1571 693 Νῷ.
1607 624 1777 677 Πόθεν

1920 635 2184 703 roprietas
2216 632 2454 698 exsistit,
2469 632 2524 687 in
2544 632 2725 687 divina
2744 647 2963 702 quoque
2990 631 3167 686 Mente
3184 630 3448 686 exsistere

257 713 344 783 γὰρ
373 710 582 764 ἄλλοθεν
610 704 678 778 ἦν
713 708 781 765 ἂν
810 711 869 763 ὲν
900 713 1034 782 ἡμῖν
1056 713 1118 765 τδ
1150 713 1358 781 ἀγαθὸν
1387 716 1483 767 καὶ
1508 716 1540 784 ἠ
1575 715 1781 767 τελειό-

1921 726 2033 779 icit.
2068 723 2220 780 Unde
2252 725 2396 779 enim
2432 724 2652 779 aliunde
2684 733 2829 780 esset
2867 724 2923 778 in
2954 724 3113 779 nobis
3148 725 3349 778 bonum
3383 737 3447 776 ac

254 804 447 880 τηςημὴ
483 802 690 856 ἐκεῖθεν
721 804 928 874 ἥκοντα
964 806 1123 874 ἡμῖν,
1157 806 1214 857 ἐν
1238 799 1281 873 ᾧ
1308 808 1459 861 πᾶσα
1500 807 1779 875 τελειότης

1920 814 2166 881 erfeetio,
2198 815 2303 872 nisi
2342 815 2410 871 ad
2446 829 2547 869 nos
2569 830 2633 870 ex
2663 815 2756 869 illo
2781 815 3013 878 veniret,
3045 815 3099 869 in
3130 828 3241 885 quo
3264 815 3446 869 omnis

255 895 407 956 ἁπλῶς
436 894 833 967 ὑπεριδρυμένη
871 899 1110 963 νοείται;
1167 900 1328 953 Κατὰ
1354 900 1463 969 γὰρ
1492 899 1583 953 τδν
1635 898 1783 952 θεῖον

1921 900 2144 960 erfectio
2167 905 2493 975 simpliciter
2509 906 2816 976 eximieque
2836 903 3157 974 intelligitur
3175 905 3450 960 residere?

251 988 489 1044 Διονύσιον
543 991 682 1071 (ζιῦ),
741 992 797 1045 αἱ
854 994 913 1045 ὲν
962 994 1076 1055 τοῖς
1128 994 1395 1057 αίτιατοῖς
1443 995 1780 1065 τελειότητες

1918 996 2362 1052 lteuimauctor
2403 1006 2488 1052 est
2522 997 2741 1052 divinus
2782 997 3095 1067 Dionysius,
3124 1010 3247 1064 qua:
3273 995 3326 1049 in
3363 994 3447 1049 ef-

249 1081 400 1150 πολλῷ
426 1080 691 1152 πρότερόν
724 1083 864 1137 είσιν
888 1085 947 1138 ὲν
980 1087 1095 1149 τοῖς
1126 1086 1347 1150 αἰτίοις.
1384 1086 1505 1139 Τῶν
1540 1088 1641 1156 μὲν
1673 1089 1778 1158 γὰρ

1983 1088 2043 1142 tis
2093 1087 2452 1157 perfectiones
2486 1099 2632 1151 sunt,
2661 1089 2821 1158 longe
2872 1089 3025 1157 prius
3073 1086 3345 1144 exsistunt
3389 1086 3445 1138 in
3503 1112 3512 1122 -

248 1173 294 1224 ἐν
319 1172 435 1242 ἡμῖν
461 1175 649 1227 κακῶν
690 1174 1115 1245 (ἐλαττωμάτων
1144 1175 1291 1243 λέγω
1326 1176 1423 1230 καὶ
1467 1175 1777 1248 ἐλλείψεων)

1923 1177 2088 1233 ausis.
2116 1174 2380 1234 Malorum
2427 1180 2645 1249 quidem
2673 1195 2794 1249 quae
2824 1159 2948 1233 sunt
2988 1179 3041 1231 in
3077 1177 3235 1232 nobis
3260 1178 3278 1247 (
3301 1175 3452 1231 defe-

247 1263 440 1334 οὐδιμία
465 1262 616 1335 χώρα
645 1266 724 1337 τῷ
745 1267 887 1336 Θεῷ,
920 1267 1031 1323 τῶν
1079 1268 1135 1322 δὲ
1165 1271 1224 1322 ὲν
1257 1270 1393 1338 ἡμῖν
1426 1269 1776 1339 τελειοτήτων

1922 1281 2071 1325 tuum
2101 1271 2309 1326 scilicet
2337 1287 2402 1327 ac
2420 1271 2697 1341 vitiorum)
2721 1271 2773 1325 in
2807 1271 2917 1325 Deo
2945 1270 3127 1325 nullus
3150 1276 3232 1324 est
3258 1267 3411 1322 lorus
3436 1284 3449 1321 :

247 1358 324 1410 καὶ
355 1357 504 1411 πάνυ.
534 1359 744 1412 Αὐτίκα
775 1361 805 1413 ό
850 1363 950 1431 τῆς
1007 1362 1203 1430 σοφίας
1230 1363 1462 1432 ὁρισμὸς
1520 1380 1539 1417 ι
1578 1360 1776 1431 γνῶσις

1924 1364 2280 1419 erfectionum
2334 1379 2463 1420 vero
2512 1365 2558 1420 si
2608 1379 2733 1434 quae
2784 1363 2946 1417 nobis
2994 1367 3336 1430 competunt,
3370 1358 3453 1412 vel

248 1450 380 1505 θείων
413 1454 501 1505 καὶ
529 1451 895 1523 ἀνθρωπίνων
933 1454 1276 1525 πραγμάτων
1298 1455 1501 1511 ἐστίν.»
1544 1455 1631 1509 Ἐν
1650 1456 1777 1525 ἡμῖν

1928 1457 2144 1512 taxime.
2170 1455 2435 1512 Nimirum
2460 1456 2749 1526 Sapientiae
2776 1454 3026 1513 definitio
3046 1461 3151 1515 est,
3188 1471 3207 1505 ι
3239 1451 3457 1504 Divina-

248 1545 332 1616 μέν
354 1563 429 1600 τοι
452 1546 656 1609 ἀτελῶς
688 1549 785 1601 καὶ
813 1549 1199 1617 μεταϐατικῶς
1232 1550 1266 1618 ἡ
1299 1548 1463 1617 σοφία
1494 1549 1777 1620 θεωρετται

1927 1565 2010 1602 um
2048 1551 2517 1617 humanarumque
2556 1563 2733 1602 rerum
2754 1546 3048 1615 cognitio.»
3067 1543 3191 1599 Haec
3213 1558 3376 1614 porro
3403 1543 3456 1596 in

146 1720 147 1723 η
247 1638 365 1692 κατὰ
390 1639 480 1710 τὴν
512 1641 745 1710 δύναμιν
771 1639 866 1694 τοῦ
896 1642 1167 1711 ἡμετέρου
1201 1641 1322 1695 νοῦν
1350 1641 1460 1695 ἀπὸ
1488 1642 1599 1712 γὰρ
1629 1659 1675 1695 τι

1926 1639 2048 1713 ubis
2068 1638 2381 1708 imperfecte
2401 1646 2456 1692 et
2478 1653 2601 1693 cum
2619 1638 2869 1693 discursu
2894 1644 3153 1705 motuque
3179 1651 3244 1690 ex
3266 1649 3377 1689 uno
3401 1634 3455 1689 iu

247 1731 450 1786 ίπὶτόδε
481 1732 680 1802 χωρῶν
730 1732 1137 1801 μεταϐατικῶς,
1165 1734 1263 1789 καὶ
1291 1734 1392 1787 οὐκ
1437 1734 1656 1805 ἁθρόον,
1699 1733 1776 1787 διδ

1929 1731 2058 1796 liud,
2092 1745 2189 1800 pro
2220 1730 2418 1785 mentis
2444 1738 2649 1784 nostra:
2680 1730 2956 1792 facultate,
2985 1726 3340 1796 conspicitur.
3376 1725 3458 1778 Ab

245 1820 335 1872 τῶν
373 1821 690 1892 προτάσεων
725 1823 819 1875 ἐπὶ
864 1822 927 1876 τὸ
962 1824 1340 1895 συμπέρασμα
1374 1824 1620 1896 καταντᾷ
1648 1841 1663 1857 ·
1711 1824 1774 1896 τᾷ

1931 1838 1997 1878 oc
2015 1822 2160 1878 enim
2196 1822 2262 1877 ad
2295 1822 2424 1877 illud
2450 1821 2691 1891 procedit
2712 1836 2776 1875 ac
2799 1819 3019 1883 transit,
3044 1835 3147 1875 nec
3173 1817 3456 1874 confestim

244 1912 290 1967 δὲ
312 1913 417 1984 Θεῷ
448 1915 508 1969 τὸ
546 1916 650 1986 μὲν
676 1915 880 1985 γνῶσιν
920 1913 1062 1973 εἶναι
1098 1918 1262 1972 θείων
1289 1918 1385 1972 καὶ
1430 1917 1773 1990 ἀνθρωπίνωη

1931 1929 1991 1969 er
2016 1915 2326 1985 prtemissas
2346 1915 2412 1969 ad
2435 1913 2837 1969 conclusionem
2861 1912 3097 1967 devenit.
3124 1910 3233 1965 Deo
3255 1921 3460 1973 autem,

248 2007 562 2076 πραγμάτων
614 2009 773 2063 τοῦτο
814 2011 912 2079 τῆς
961 2008 1156 2077 σοφίας
1210 2008 1566 2079 ἀνατίθεμεν,
1612 2008 1777 2079 πολλᾷ

1928 2008 1958 2060 d
1985 2006 2305 2075 sapientiam
2332 2007 2475 2074 quod
2504 2005 2717 2071 attinet,
2750 2019 2919 2059 unum
2961 2004 3065 2059 hcc
3106 2003 3457 2064 ascribimus,

249 2096 409 2164 μεῖξον
454 2099 554 2153 καὶ
586 2099 1061 2170 ὑπεροχικώτερον
1092 2101 1188 2154 καὶ
1228 2100 1557 2172 τελεώτερον
1586 2115 1602 2131 ⁸
1636 2101 1706 2154 τὰ
1735 2100 1778 2153 δί

1932 2098 2037 2153 uod
2054 2110 2137 2154 est
2158 2099 2468 2154 divinarum
2491 2098 2968 2167 humanarumque
2992 2111 3173 2151 rerum
3200 2094 3461 2165 cognitio,

249 2186 295 2238 iv
317 2188 437 2256 ἡμῖν
461 2191 533 2259 τῇ
560 2189 726 2260 σοφίᾳ
758 2189 1124 2261 συμϐαίνοντα
1154 2191 1601 2265 ἁπορῤίπτομεν.

1935 2206 2054 2263 iuge
2108 2207 2243 2247 sane
2301 2191 2473 2260 magis
2523 2189 2987 2258 excellentiusque
3037 2203 3098 2241 ac
3127 2186 3464 2257 perfectius;

1895 2298 2016 2351 quae
2034 2297 2166 2338 vero
2198 2283 2249 2335 in
2302 2282 2461 2337 nobis
2501 2280 2783 2350 sapientiae
2811 2278 3087 2343 accidunt,
3128 2279 3243 2333 haec
3297 2278 3466 2348 proji-

1894 2392 2090 2431 etmus.

303 2449 503 2522 Ὠσπερ
536 2448 634 2503 οὖν
666 2446 825 2515 αὖθις
872 2451 900 2505 δ
945 2452 1080 2517 Θεὸς
1111 2453 1271 2508 οὐσία
1303 2456 1397 2509 καὶ
1426 2455 1545 2509 ἔστι
1581 2456 1677 2510 καὶ
1708 2455 1795 2510 λέ-

1964 2467 2431 2534 Quemadmodum
2456 2468 2618 2538 igitur
2643 2482 2835 2523 rursus
2860 2467 3002 2522 Deus
3024 2474 3079 2522 et
3107 2474 3187 2522 est
3211 2465 3466 2521 substan-

245 2557 381 2610 γεται
398 2556 416 2576 ⁸
444 2543 675 2614 λέγεται
709 2544 767 2598 δὲ
798 2546 890 2598 καὶ
916 2546 946 2599 ό
972 2544 1283 2617 ἄνθρωπος,
1307 2550 1403 2602 καὶ
1433 2548 1665 2603 ἕκαστον
1689 2550 1774 2603 τῶι

1944 2576 1976 2616 a
2012 2570 2067 2616 et
2088 2567 2471 2628 nuncupatur;
2512 2565 2857 2627 nuncupatur
2901 2566 3030 2612 vero
3081 2557 3242 2613 etiam
3276 2555 3466 2620 homo,

247 2634 349 2687 καθ’
390 2634 559 2689 ἑαυτὸ
601 2634 963 2705 ὑφεστώτωνσ
1006 2638 1105 2690 καὶ
1146 2638 1282 2708 ὅπερ
1320 2640 1421 2709 μὲν
1469 2640 1571 2710 τῆς
1604 2641 1776 2695 οὐσίαι

1938 2667 1960 2707 c
1989 2650 2265 2722 quidquid
2283 2651 2335 2706 in
2368 2649 2529 2706 rebus
2555 2663 2647 2720 per
2680 2664 2739 2706 se
2767 2648 3040 2705 exsisteus
3068 2658 3170 2703 est.
3194 2646 3467 2717 Quidquid

246 2726 324 2777 καὶ
347 2724 435 2778 τοῦ
459 2725 589 2780 καθ’
622 2728 789 2781 ἑαυτὸ
814 2729 1152 2799 τελειότητος
1168 2728 1351 2801 ἔχεται
1370 2731 1551 2801 (τοῦτο
1567 2733 1623 2787 δέ
1649 2733 1775 2787 ἐστι*

1941 2758 2030 2798 ero
2066 2741 2409 2805 substantiae,
2438 2755 2503 2794 ac
2532 2740 2651 2809 ejus
2680 2741 2823 2807 quod
2860 2747 2945 2794 est
2977 2753 3072 2807 per
3089 2752 3148 2792 se
3186 2752 3328 2800 esse,
3348 2751 3470 2806 per-

245 2816 405 2887 ὁὸρος
430 2819 631 2889 αὐτῆς,
663 2820 722 2901 ᾷς
755 2821 872 2873 ἐστι
920 2821 1159 2892 πρᾶγμα
1202 2822 1593 2895 αὑθύπαρκτον
1631 2824 1768 2895 μηδε

1938 2833 2151 2889 :ctionis
2182 2840 2265 2889 est
2300 2830 2443 2903 (qua:
2477 2830 2740 2887 nimirum
2777 2830 2889 2898 ipsa
2935 2828 3055 2897 ejus
3085 2828 3336 2882 deﬁnitio
3364 2835 3467 2890 est,

248 2907 321 2971 νδς
349 2909 537 2979 ἐτέρου
572 2910 712 2980 πρὸς
772 2910 1034 2967 σύστασιν
1087 2913 1364 2985 δεόμενον)
1419 2914 1576 2968 τοῦτο
1613 2917 1777 2969 τοίνυπ

1944 2944 1986 2983 rs
2012 2927 2220 2982 scilicet
2245 2940 2340 2995 per
2363 2939 2422 2979 se
2440 2923 2735 2987 exsistens,
2759 2938 2881 2993 quae
2911 2931 2969 2976 ut
3001 2920 3289 2985 consistat,
3320 2919 3473 2974 nullo

246 3000 557 3093 ἀνατίθεμεν
595 3003 671 3074 τῷ
702 3002 874 3067 ὄντως
913 3004 1027 3093 ὄντι
1056 3004 1213 3078 Θεῷ⁶
1261 3006 1322 3060 τὸ
1355 3006 1413 3061 δὲ
1456 3008 1561 3061 ὑπὸ
1604 3010 1775 3079 χρόνοι

1943 3028 2160 3075 raeterea
2205 3017 2403 3088 egeat),
2438 3015 2543 3071 ltoc
2583 3015 2772 3083 utique
2803 3016 2877 3079 ei,
2920 3014 3014 3082 qui
3045 3028 3170 3067 vere
3223 3020 3327 3077 est,
3362 3011 3472 3067 Deo

246 3088 367 3148 εἶναι
390 3097 482 3150 καὶ
510 3096 799 3151 ἀλλοίωσιν
827 3099 922 3151 καὶ
947 3088 1179 3171 φθορὰν,
1203 3100 1348 3170 ἆπερ
1377 3100 1479 3169 τῆς
1507 3101 1564 3154 ἐν
1587 3102 1772 3168 γενέσε

1944 3115 2216 3171 ’ἰθυὶιηιιε.
2241 3112 2396 3179 Quod
2423 3122 2508 3167 est
2534 3125 2664 3165 vero
2690 3109 2987 3164 obnoxium
3013 3123 3132 3164 esse
3163 3106 3394 3178 tempori
3420 3118 3473 3161 et

250 3189 332 3240 tui.
362 3190 539 3262 φθορᾷ
587 3189 720 3261 ὕλης
755 3191 1092 3246 καθεστᾶσιν
1152 3191 1286 3256 ίδια,
1330 3193 1608 3257 παντελῶς
1660 3192 1779 3246 Θεοξ

1945 3205 2193 3263 tutationi
2227 3214 2283 3261 ct
2310 3202 2671 3272 corruptioni,
2723 3215 2847 3270 quae
2879 3210 3006 3256 sunt
3053 3200 3273 3269 prepria
3304 3207 3474 3255 mate-

248 3282 574 3355 ἀφαιροῦμεν
595 3299 610 3315 ⁶
643 3284 907 3347 ὡσαύτως
941 3287 1036 3339 καὶ
1066 3286 1158 3339 ἐπὶ
1192 3284 1531 3356 ἁγαθότητος
1557 3285 1672 3357 ἔχει
1704 3288 1777 3341 κα

1946 3301 2025 3363 iac,
2052 3314 2174 3369 quae
2210 3298 2324 3367 ipsa
2358 3304 2513 3350 ortus
2547 3309 2612 3349 ac
2644 3293 2897 3348 interitus
2922 3292 3355 3347 vicissitudinem
3392 3292 3475 3347 af-

251 3375 606 3447 δικαιοσύνης,
634 3378 727 3430 καὶ
760 3377 871 3430 τῶν
909 3378 1109 3434 ἄλλων.

1947 3400 2069 3455 :rat,
2098 3390 2322 3446 omnino
2353 3403 2381 3440 a
2423 3386 2532 3441 Deo
2565 3399 2932 3441 removetnus.
2967 3384 3283 3452 Eodemque
3313 3385 3476 3441 modo

1900 3501 1970 3545 se
1987 3500 2074 3540 res
2096 3484 2151 3538 iu
2174 3481 2414 3538 bonitate
2443 3490 2496 3533 et
2515 3478 2723 3547 iustitia
2742 3491 2805 3532 ac
2832 3475 3069 3546 reliquis
3088 3476 3271 3532 habet.

314 3552 373 3606 Et
393 3554 449 3607 δὲ
480 3554 640 3609 τοῦτο
667 3554 814 3624 λέγει
842 3575 928 3623 τις
955 3558 1056 3613 οὐκ
1083 3557 1259 3630 ὀρθῶς
1291 3559 1461 3631 ἔχειν,
1490 3561 1676 3622 λοιπὸν
1698 3564 1799 3636 ἁρο

1988 3574 2084 3629 Sin
2117 3587 2245 3627 vero
2281 3570 2405 3640 quis
2439 3567 2492 3622 id
2526 3568 2671 3636 quod
2711 3567 2949 3629 dicimus
3001 3566 3295 3636 improbet,
3325 3582 3391 3622 ac
3421 3582 3480 3622 se

250 3644 450 3710 μόσειεν
483 3647 551 3701 ἂν
600 3648 744 3702 κατά
782 3649 875 3703 τὸν
936 3651 1148 3705 ἐκείνου
1185 3652 1345 3721 λόγον
1398 3654 1539 3725 μήτε
1587 3656 1775 3709 οὐσίαν

1952 3672 2060 3720 acte
2088 3660 2288 3715 habere
2333 3665 2513 3727 neget,
2552 3656 2709 3726 plane
2742 3671 2807 3709 ex
2852 3653 2975 3724 ejus
3023 3654 3295 3710 sententia
3344 3669 3481 3711 cono

251 3741 373 3808 μήτε
408 3740 594 3811 σοφὸν,
628 3742 770 3813 μήτε
794 3743 997 3812 ἀγαθὸν
1022 3742 1206 3813 λέγειν
1233 3742 1375 3800 εἶναι
1404 3746 1496 3801 τὸν
1521 3747 1676 3813 Θεὸν,
1712 3748 1780 3802 ἵνα

1954 3759 2089 3813 ruat,
2120 3754 2180 3803 ut
2202 3746 2453 3801 dicamus
2478 3743 2650 3799 Deum
2678 3758 2855 3813 neque
2881 3743 3275 3810 substantiam,
3308 3760 3483 3815 neque

252 3830 319 3901 μὴ
349 3832 587 3904 δόξωμεν
633 3837 756 3898 ταῖς
811 3836 1184 3907 ἀνθρωπίναις
1222 3839 1315 3891 τὸν
1350 3838 1485 3892 Θεὸν
1521 3857 1781 3910 προσηγο·

1955 3840 2236 3911 ιρίοιιιοηι,
2262 3852 2438 3908 neque
2473 3836 2674 3891 bonum
2705 3849 2828 3891 esse
2854 3850 2868 3901 ;
2900 3849 2967 3890 ne
2988 3834 3201 3891 scilicet
3228 3836 3484 3892 humanis

251 3923 381 3990 ρίαις
412 3927 579 3997 τιμᾷν
597 3926 619 3958 ί
641 3927 779 3999 ὅπερ
807 3926 1032 3981 ἄτοπον.
1059 3930 1252 4001 Καίτοι
1279 3929 1478 4001 ἀληθὲς
1502 3932 1700 3997 εἰπεῖν,
1727 3933 1780 3985 ὼ.

1951 3929 2371 4000 ppellationibus
2417 3926 2700 3982 videamur
2739 3928 2919 3997 ipsum
2976 3926 3293 3991 honorare;
3335 3925 3480 3997 quod

249 3996 632 4088 ὲλέγομεν,ὅτι
661 4021 690 4073 ὁ
722 3996 853 4085 θεὸς
896 4018 1021 4074 οὔτε
1073 3996 1193 4091 φῶὲ
1246 3996 1392 4075 ἐστιν
1439 4020 1564 4075 οὔτε
1608 3996 1771 4077 σκότο

1957 3996 2213 4080 bsurdum
2273 4031 2377 4076 est.
2408 4018 2731 4090 Quanquam
2762 3996 2936 4075 istud
2988 4033 3175 4074 verum
3207 3996 3367 4074 dictu,
3399 4029 3486 4075 est

250 4111 373 4182 (56),
408 4113 529 4167 οὔτε
560 4113 656 4180 νὺξ
686 4112 812 4168 οὔτε
867 4116 1070 4185 ἡμέρα,
1105 4113 1229 4168 οὔτε
1261 4115 1380 4170 τόδε
1411 4115 1444 4187 ἢ
1479 4102 1599 4171 τόδε
1620 4131 1635 4147 ⁸
1685 4117 1779 4172 ἀλλ

1955 4114 2081 4185 ιιιοά
2106 4127 2299 4181 nempe
2331 4108 2668 4181 dicebamus)
2703 4112 2871 4166 Deum
2897 4124 3071 4179 neque
3092 4110 3271 4166 lucem
3303 4125 3484 4182 neque

249 4204 337 4272 οὐχ
364 4204 438 4267 ὡς
461 4205 520 4259 τὸ
555 4206 786 4277 μηδαμῆ
824 4208 1092 4277 μηδαμῶς
1124 4206 1205 4271 ὃν,
1239 4207 1356 4261 ἀλλ’
1402 4209 1484 4263 ὄτι
1536 4210 1638 4264 οὐκ
1684 4211 1778 4264 ἔστ

1957 4207 2165 4262 :nebras
2193 4219 2357 4270 esse;
2397 4217 2498 4259 nec
2538 4211 2751 4258 noctem
2804 4216 2905 4257 nec
2940 4202 3109 4267 diem,
3160 4218 3341 4273 neque
3378 4203 3486 4258 hoc

252 4295 484 4350 τοιοῦτον
511 4292 623 4352 οἷον
658 4299 822 4367 ἡμεῖς
875 4298 1018 4352 κατὰ
1064 4299 1355 4369 διαφόρους
1402 4301 1649 4365 ἐπινοίας
1696 4304 1781 4357 ἀπε

1957 4296 2137 4361 ludve,
2184 4310 2295 4350 non
2336 4294 2481 4349 velut
2511 4294 2564 4349 id
2611 4292 2756 4363 quod
2788 4308 3064 4363 nusquam
3122 4308 3349 4363 prorsus
3378 4300 3484 4357 est,

252 4387 601 4460 διαφερόντων
616 4391 896 4460 ὀνομάτων
922 4392 1279 4463 ὑπονοοῦμεν,
1296 4391 1413 4445 ἀλλ’
1426 4393 1567 4466 ὑπὲρ
1588 4396 1781 4452 ἆπαντε

1956 4386 2012 4443 ed
2040 4386 2169 4458 quia
2198 4402 2306 4463 non
2337 4385 2609 4455 ejusmodi
2638 4394 2743 4451 est,
2778 4384 2937 4454 quale
2973 4398 3070 4439 nos
3097 4399 3194 4454 per
3242 4384 3485 4439 diversos

253 4476 318 4530 τὰ
346 4478 467 4534 δντα
496 4480 841 4551 ἁσυγκρίτως
871 4480 953 4536 όν.

1955 4486 2216 4546 onceptus
2249 4492 2318 4531 ex
2353 4476 2587 4532 diversis
2634 4476 2951 4532 nominibus
3001 4484 3182 4531 mente
3222 4474 3484 4530 informa-

1840 4536 1889 4593 θ
1918 4583 2039 4624 mus
2070 4536 2132 4623 a-c
2160 4567 2543 4638 intelligimus;
2574 4567 2668 4621 sed
2719 4581 2885 4637 supra
2912 4581 3075 4623 omne
3109 4565 3375 4637 quidquid
3404 4574 3489 4622 est

1908 4663 2047 4719 citra
2070 4677 2289 4717 omnem
2311 4660 2773 4732 comparationem
2808 4660 3031 4716 eminet.

321 4748 467 4803 Κατὰ
493 4749 585 4804 τὸν
614 4749 784 4805 αὐτὸν
814 4750 997 4805 τοίνυν
1025 4753 1250 4824 τρόπον,
1284 4756 1317 4825 ἡ
1361 4753 1551 4825 ἀγάπη
1588 4754 1811 4824 λέγεται

1979 4754 2183 4810 Eodem
2225 4753 2408 4825 itaque
2459 4752 2623 4809 modo
2684 4752 2884 4808 dicitur
2915 4752 3134 4823 quidem
3181 4754 3234 4809 in
3268 4753 3379 4809 Deo
3407 4753 3489 4808 di-

258 4841 353 4909 μὲν
383 4845 467 4897 ἐπὶ
494 4845 653 4908 Θεοῦ,
690 4845 910 4914 λέγεται
943 4846 1000 4900 δὲ
1039 4849 1135 4902 καὶ
1163 4849 1246 4916 ἐφ’
1283 4850 1441 4918 ήμῶν
1469 4851 1591 4903 κατ’
1626 4850 1787 4904 εἰκόνι

1955 4847 2092 4911 ιριῑο,
2128 4845 2332 4900 dicitur
2359 4859 2487 4908 vero
2514 4856 2568 4900 et
2602 4844 2657 4900 in
2705 4845 2865 4901 nobis
2899 4845 2965 4899 ad
3013 4846 3133 4915 ejus
3172 4846 3484 4916 imaginem.

257 4934 472 4991 ἐκείνου.
519 4936 661 4990 Ἀλλ’
684 4938 843 5009 ἡμῶν
877 4937 976 5008 μὲν
1003 4939 1495 5003 ἄπεστιιπολλάκις
1525 4941 1725 5006 ἐκεῖνο,
1746 4935 1786 4993 οἶ

1958 4954 2111 4994 erum
2156 4938 2311 4993 abest
2355 4937 2678 5006 plerumque
2708 4951 2738 4989 a
2766 4936 2929 4991 nobis
2967 4937 3045 5002 id,
3104 4937 3264 5006 cujus
3300 4950 3486 4991 amore

258 5022 319 5076 ἂν
347 5026 706 5100 ἐρασθείημεν
732 5045 747 5060 ·
802 5030 1068 5095 πολλάκις
1100 5031 1155 5084 δὲ
1196 5034 1290 5086 καὶ
1324 5033 1529 5100 φαῦλος
1559 5032 1699 5103 ἔρως
1749 5033 1787 5085 ἐκ

1951 5030 2207 5096 dicimur;
2266 5043 2368 5084 nec
2401 5043 2528 5083 raro
2567 5028 2731 5084 etiam
2765 5029 2820 5083 in
2852 5028 3010 5084 nobis
3068 5044 3268 5099 pravus
3302 5042 3480 5090 amor.

257 5112 381 5180 ἡμῖν
409 5118 641 5184 γίνεται,
679 5119 869 5191 φαύλῳ
903 5122 1281 5191 προαγόμενος
1306 5121 1449 5191 λόγῳ
1470 5136 1484 5152 ⁶
1510 5121 1588 5190 τῷ
1614 5122 1669 5174 δὲ
1691 5121 1786 5190 Θεᾷ

1957 5137 2076 5178 rava
2131 5120 2298 5175 animi
2362 5120 2577 5175 ratione
2628 5128 2872 5189 parente,
2920 5120 3116 5174 oritur.
3156 5120 3264 5174 Deo
3303 5128 3486 5173 autem

257 5204 397 5261 oﬁéév
422 5211 626 5278 ἀγαθὸν
660 5211 914 5277 ἄπεστιν,
941 5204 1003 5265 οὗ
1034 5211 1102 5266 ἂν
1129 5212 1390 5284 ἐρασθείη
1423 5230 1437 5243 ’
1477 5214 1666 5285 διόπερ
1703 5214 1786 5267 οὐδ

1962 5215 2124 5271 ullum
2155 5214 2311 5269 abest
2361 5214 2591 5278 bonum,
2614 5214 2983 5283 quodcunque
3001 5212 3309 5279 amaverit;
3347 5211 3491 5267 unde

257 5294 425 5363 ἔφεσις
461 5301 547 5354 ἐπ’
573 5303 723 5370 αὐτῷ
752 5303 974 5372 λέγεται
1000 5319 1015 5333 ·
1067 5305 1181 5357 ἀλλ’
1212 5305 1405 5377 ὥσπερ
1433 5305 1596 5369 αὐτὸς
1626 5307 1786 5378 ἑαυτά

1960 5323 2021 5365 ec
2041 5307 2335 5378 cupiditas,
2382 5321 2479 5362 seu
2513 5305 2869 5371 desiderium,
2898 5306 2965 5360 de
2995 5306 3087 5360 illo
3120 5303 3358 5381 dicitur;
3389 5303 3488 5358 sed

259 5386 365 5441 ἐστι
387 5393 589 5464 νοητὸν,
616 5394 735 5457 ῶςό
763 5395 1124 5464 Δαμασκηνὸς
1148 5396 1334 5466 φησὶν,
1370 5412 1389 5448 ι
1441 5395 1500 5450 '0
1535 5396 1667 5461 Θεὸς
1691 5400 1788 5450 νοε“

1960 5408 2060 5455 .cut
2088 5400 2203 5467 ipse
2231 5398 2334 5454 sibi
2358 5407 2443 5454 est
2472 5398 2620 5468 quod
2651 5397 2991 5468 intelligitur,
3018 5402 3077 5448 ut
3097 5394 3174 5449 ait
3200 5394 3489 5450 Damasce-

260 5470 429 5535 ὲιντδν
460 5486 523 5538 ὲκ
539 5486 642 5555 τῆς
678 5487 955 5556 μακαρίας
979 5487 1168 5550 οὐσίας
1208 5487 1396 5540 αὑτοῦ·
1447 5507 1467 5541 ι
1499 5490 1565 5561 ἦν
1590 5489 1656 5558 δὴ
1684 5491 1789 5559 νόηι

1960 5506 2057 5544 us:
2104 5488 2278 5543 «Deus
2309 5489 2424 5558 ipse
2450 5489 2685 5558 seipsum
2721 5488 2968 5543 exbeata
3009 5484 3247 5541 essentia
3273 5498 3373 5539 sua
3403 5483 3489 5538 in-

262 5588 338 5623 σιν
365 5578 449 5629 καὶ
482 5578 510 5631 ό
535 5577 800 5646 Θεολόγος
855 5577 1157 5649 Γρηγόριος
1209 5578 1605 5650 αίνιττόμενος,
1640 5598 1681 5647 ι⁷
1705 5582 1791 5635 Κι-

1961 5583 2107 5651 :lligit
2135 5599 2150 5646 ;
2185 5600 2204 5633 ι
2234 5596 2397 5650 quam
2429 5581 2597 5649 ipsam
2632 5579 3057 5635 intellectiouem
3097 5577 3331 5634 innuens
3362 5576 3490 5633 Gre-

264 5667 451 5722 νείσθαι
493 5687 514 5722 ι
549 5669 701 5741 λέγει
730 5688 750 5723 ι
789 5670 982 5727 ἑαυτὸν
1009 5675 1075 5743 τῇ
1109 5673 1304 5727 ἑαυτοῦ
1337 5673 1562 5746 θεωρίᾳ’
1598 5691 1618 5727 ι
1654 5675 1793 5728 καὶὸ

1963 5677 2103 5731 )rius
2123 5672 2435 5743 Tlteologus
2460 5711 2476 5739 ,
2511 5671 2746 5729 «Moveri
2774 5687 2900 5729 eum
2924 5671 3000 5727 ait
3042 5671 3096 5727 itt
3126 5669 3331 5742 seipse,
3358 5683 3492 5727 con-

337 5850 434 5920 (35)
458 5851 530 5911 De
559 5855 720 5913 divin.
749 5873 890 5915 nam.
926 5872 975 5915 c.
1008 5854 1061 5912 9.
1152 5857 1203 5913 6.
1980 5853 2089 5925 (56)
2118 5854 2365 5926 Dcmyst.
2402 5848 2579 5907 Tltcol.
2604 5854 2633 5906 c'
2692 5851 2739 5904 1.
