3872 6550
187 421 275 485 διε»
688 380 697 384 ⁵
1114 421 1212 481 DE
1247 422 1675 485 numerans
1700 423 1915 485 FlDEl
1948 426 2422 497 emtoucat.
3242 437 3390 500 sse
3454 504 3463 508 ,

181 532 229 585 ἐν
249 525 317 597 τῷ
340 523 482 594 αὐτῷ
518 523 669 589 εῖδει,
701 526 796 580 καὶ
844 527 905 580 ἔν
930 527 999 599 τῇ
1027 526 1165 601 αὐτῇ
1197 534 1403 603 μορφῇ.
1433 535 1464 587 ὃ
1485 532 1540 587 τί
1570 533 1703 587 ποτέ

1871 551 1927 588 r:
1967 537 2063 591 sed
2090 537 2206 595 hare
2230 557 2448 612 quoque
2472 542 2707 599 essentia
2760 559 2862 601 seu
2902 546 3229 612 substantia,
3256 562 3394 603 una-

179 624 305 674 ἑστιν
330 615 464 680 εἶδος
492 617 608 671 ἐκεῖ
639 619 734 672 καί⁸
764 619 970 690 μορφή.
1032 619 1128 674 Ἐκ
1180 620 1292 693 γὰρ
1341 624 1530 688 οὐσίας
1558 626 1708 679 οὐσία

1858 641 1921 681 ne
1943 628 2056 697 ipsa
2089 645 2154 685 ac
2196 633 2381 688 eadem
2414 649 2536 688 eum
2588 635 2681 690 Dei
2718 651 2781 691 ac
2827 636 3005 693 Patris
3036 638 3296 702 essentia,
3332 638 3387 692 in

180 709 294 765 κατὰ
322 710 478 778 φύσιν
506 710 829 778 προάγεται,
859 710 988 763 ὅταν
1016 711 1077 764 τὸ
1107 712 1308 781 ἑαυτῆς
1337 713 1490 777 τέλος
1514 716 1709 785 ἐνεργῇ

1857 721 2003 774 adem
2061 724 2243 791 specie
2291 726 2590 796 eademque
2639 726 2811 783 forma
2850 730 3137 799 (quidquid
3171 732 3386 786 tandem

176 801 292 854 κατά
313 800 405 870 τὴν
435 801 643 853 οίχιίαν
677 800 861 869 φύσιν,
888 803 983 856 καὶ
1013 802 1072 856 τὺ
1100 803 1254 870 αὐτὸ,
1285 805 1522 878 ἐπείπερ
1545 806 1602 859 ἓν
1626 808 1705 861 ἀεὶ

1857 810 2002 865 iDeo
2031 812 2241 881 species
2272 814 2434 871 sitae
2464 816 2660 887 forma)
2706 834 2829 874 esse
2869 820 3231 876 existimetur.
3308 820 3386 875 Ex

172 895 220 942 τὸ
240 890 421 944 οίκεῐον
450 889 602 951 τέλος
632 891 870 961 ἑκάστῳ.
1641 900 1648 907 ’

1859 901 2118 958 instantia
2153 905 2300 960 enim
2325 921 2423 962 seu
2454 909 2717 973 essentia,
2765 909 3064 967 substantia
3100 928 3163 967 ac
3196 928 3388 968 essen-

177 986 234 1039 tia
271 984 586 1057 naturaliter
605 985 879 1055 procedit,
914 1001 1040 1042 cum
1066 988 1157 1043 illa
1203 1004 1305 1060 pro
1333 1004 1399 1046 eo
1430 1004 1495 1045 ac
1519 990 1595 1046 illi
1631 1002 1833 1049 natura
1902 1006 2283 1066 comparatum
2323 1008 2428 1065 est,
2476 1015 2634 1056 suum
2676 1001 2853 1058 ‘llnem
2903 1004 3049 1074 agit:
3109 1005 3387 1074 idemque,

169 1078 401 1149 siquidem
427 1094 572 1136 unus
606 1096 825 1150 semper
853 1081 1050 1152 cuique
1090 1084 1213 1139 linis
1256 1086 1511 1155 proprius
1554 1088 1797 1144 exsistit.

232 1172 379 1224 Ἀ).λά
413 1174 521 1244 μὴν
568 1176 603 1244 ὴ
654 1177 711 1229 ὲν
754 1177 887 1247 ἡμῖν
921 1177 1108 1249 ἀγάπη
1141 1178 1236 1232 καὶ
1264 1180 1292 1231 6
1322 1178 1462 1248 ἔρως
1490 1180 1709 1244 διπλοῦς

1879 1182 2195 1254 Enimvero,
2217 1204 2339 1259 qua:
2360 1189 2414 1244 in
2440 1189 2599 1247 nobis
2621 1190 2844 1247 dilectio
2864 1200 2948 1246 est
2976 1207 3071 1247 seu
3098 1205 3252 1247 amor
3284 1193 3388 1250 du-

166 1265 258 1316 im
277 1263 359 1316 διὰ
389 1265 491 1333 τὴν
513 1266 627 1319 τῶν
651 1267 896 1336 ἐραστῶν
927 1268 1193 1339 διαφορὰν
1218 1271 1312 1323 καί⁵
1342 1272 1695 1343 ἀκαθαρσίαν

1849 1275 1931 1330 lex
1962 1284 2064 1341 est,
2101 1276 2172 1332 ob
2201 1268 2400 1333 'eorum
2424 1294 2544 1347 quae
2573 1283 2746 1335 amori
2778 1281 3047 1334 habentur
3079 1282 3378 1339 discrimen

166 1355 304 1408 Ὅθεν
337 1356 429 1408 καὶ
460 1356 641 1425 φαύλη
677 1359 760 1427 ἐφ’
792 1358 950 1428 ἡμῶν
975 1359 1186 1428 γίνεται
1206 1362 1418 1433 ἀγάπη.
1447 1363 1576 1417 ὅταν
1606 1381 1695 1418 πα·

1860 1367 2295 1437 :impuritatem.
2342 1371 2496 1428 Unde
2532 1372 2695 1427 etiam
2734 1387 2901 1442 prava
2949 1374 3005 1427 in
3051 1374 3210 1431 nobis
3240 1376 3389 1430 exsi-

165 1450 301 1517 ρόντα
324 1450 635 1517 ἀγαπῶμεν
658 1450 728 1503 τὰ
762 1451 944 1519 φαῦλα
968 1468 983 1482 ·
1036 1453 1133 1506 καὶ
1185 1453 1500 1524 ἀκάθαρτος
1543 1455 1694 1527 ἔρως-τ

1857 1460 1906 1512 .it
1930 1459 2172 1526 dilectio,
2200 1477 2323 1516 eum
2385 1479 2474 1518 res
2512 1464 2635 1519 vitae
2667 1464 2850 1534 hujus,
2882 1480 3003 1533 quae
3034 1476 3163 1519 sunt
3187 1480 3386 1534 pravae,

160 1542 231 1591 ὅτε
256 1540 341 1591 καὶ
366 1540 394 1591 6
421 1538 584 1609 λόγος
610 1540 770 1609 ἡμῶν
793 1542 996 1609 φαῦλος
1024 1542 1081 1606 ἐξ
1110 1543 1356 1625 ἀνάγκης
1386 1544 1555 1598 ἐστίν.
1583 1545 1689 1599 Ἐπ

1855 1549 2134 1621 iligitnus:
2170 1563 2332 1623 atque
2382 1570 2535 1609 amor
2561 1556 2831 1625 impurus,
2864 1556 3086 1619 quando
3114 1568 3165 1610 et
3198 1567 3384 1611 nostra

158 1628 203 1682 δὲ
231 1628 299 1698 τῷ
324 1628 439 1699 Θεῷ
472 1630 533 1683 ἓν
560 1633 709 1684 ἐστιν
746 1633 999 1703 ὲραστὸν,
1037 1624 1201 1698 aues;
1231 1633 1433 1707 ἑαυτῷ,
1466 1636 1561 1691 καὶ
1588 1637 1687 1704 ἁγιη

1855 1644 1949 1697 ιιίο
2000 1646 2311 1700 necessario
2370 1662 2539 1715 prava
2593 1657 2696 1703 est.
2735 1648 2793 1701 ln
2824 1646 2933 1701 Deo
2963 1657 3145 1702 autem
3174 1650 3384 1703 amoris

158 1722 357 1786 ώτατον,
391 1721 615 1775 πάντων
644 1723 815 1789 ὄντων
862 1725 1214 1795 ἀσυγκρίτως
1251 1725 1679 1796 ὑπερανῳκισμέ

1864 1734 2080 1805 ijeetum
2136 1751 2304 1791 unum
2363 1746 2449 1793 est
2502 1738 2641 1809 (ipse
2689 1740 2947 1793 nimirum
3002 1739 3106 1794 sibi
3160 1740 3288 1809 ipsi)
3324 1740 3389 1794 ac

158 1829 247 1866 νον.
276 1814 379 1866 Καὶ
406 1814 441 1884 ἡ
482 1814 578 1866 τοῦ
611 1813 747 1867 Θεοῦ
777 1815 968 1884 ἀγάπη
999 1815 1131 1883 άγία
1163 1817 1284 1869 ἐστὶ
1314 1818 1411 1871 καὶ
1444 1816 1562 1886 μία.
1595 1816 1687 1869 Κα¹

1861 1827 2254 1892 .nctissimum,
2313 1829 2513 1899 quippe
2562 1845 2725 1900 supra
2780 1846 2868 1885 res
2916 1844 3107 1884 omnes
3177 1830 3390 1886 incom-

160 1901 262 1954 ιπεὶ
289 1904 355 1955 τά
402 1904 649 1972 κρυφίαν
700 1903 892 1973 ἔχοντα
931 1903 1029 1974 τὴν
1069 1906 1205 1958 ἰδίαν
1245 1904 1454 1959 ἑαυτῶν
1488 1905 1587 1975 τῆς
1617 1923 1689 1959 κι-

1856 1918 2044 1999 arabili
2094 1934 2317 1976 excessu
2366 1920 2612 1977 eminens
2659 1936 2724 1976 ac
2757 1921 2983 1977 elatum.
3024 1921 3215 1977 Divina
3246 1936 3385 1991 quo-

162 1994 335 2063 νίισεως
356 1995 538 2065 ἀρχὴν
568 1996 645 2066 τῷ
666 1994 759 2049 τοῦ
792 1995 1104 2065 πνεύματος
1132 1996 1359 2066 ὀνόματι
1390 1995 1663 2068 καλοῦμεν
1686 2013 1691 2030 ·

1857 1994 1919 2063 ue
1957 2009 2175 2065 dilectio
2201 2026 2265 2066 ac
2319 2012 2557 2067 charitas
2602 2023 2791 2068 saneta
2846 2021 2928 2068 est
2974 2022 3028 2067 et
3067 2027 3196 2067 una.
3246 2010 3386 2076 Quia

157 2086 271 2140 οὕτω
302 2088 409 2155 γάρ
447 2090 544 2140 καὶ
574 2088 699 2149 τοὺς
747 2088 988 2159 ἀνέμους
1019 2088 1310 2159 πνεύματα
1354 2090 1587 2159 λέγομεν
1615 2090 1686 2144 διε

1855 2116 1943 2157 eso
1978 2117 2040 2158 ea
2066 2118 2189 2174 quae
2216 2105 2487 2161 occultam
2523 2106 2727 2162 habent
2756 2113 2936 2162 motus
2982 2107 3067 2161 sui
3096 2105 3384 2173 originem,

156 2179 234 2244 τὴν
255 2179 477 2249 άδηλίαν
505 2181 607 2250 τὴν
640 2182 732 2234 τοῦ
764 2183 886 2236 ὅθεν
919 2181 1142 2253 προΐασι
1166 2197 1179 2212 ·
1208 2181 1305 2235 καὶ
1334 2182 1368 2253 ἠ
1406 2181 1526 2235 θεία
1556 2181 1685 2236 abs:

1858 2194 2033 2251 tiritus
2078 2196 2299 2252 nomine
2344 2211 2644 2254 vocamus:
2694 2199 2776 2254 sic
2802 2198 2947 2252 enim
2999 2196 3161 2251 etiam
3197 2204 3387 2250 ventos

160 2268 314 2339 ἀγάπη
342 2270 438 2323 τοῦ
492 2271 630 2325 Θεοῦ
682 2272 909 2343 Πνεῦμα
954 2273 1111 2342 ἅγιον
1155 2273 1420 2328 καλεῖται.
1473 2271 1537 2326 El
1588 2274 1689 2345 -γάε

1856 2286 2151 2356 ppellamus
2191 2287 2437 2358 spiritus,
2474 2289 2620 2359 quod
2647 2290 2913 2345 incertum
2946 2287 3107 2343 nobis
3136 2287 3210 2343 sit
3240 2286 3385 2341 unde

158 2365 231 2418 καὶ
255 2366 285 2433 ἡ
311 2364 439 2420 θεία
474 2366 731 2437 γέννησις
760 2368 956 2438 ἐπίσης
987 2369 1139 2421 ἐστὶν
1171 2366 1365 2438 ἄδηλος
1394 2366 1489 2421 καὶ
1520 2366 1687 2434 ἄγνω·

1856 2376 1887 2431 li
1918 2378 2214 2448 procedant
2259 2396 2273 2433 :
2304 2378 2509 2435 idcirco
2540 2380 2723 2436 divina
2755 2379 2870 2434 hanc
2899 2378 3122 2433 dilectio
3151 2392 3215 2431 ac
3245 2376 3385 2432 cha-

156 2470 255 2515 στος
276 2456 427 2528 πάσῃ
464 2460 697 2529 γεννητῇ
730 2458 891 2526 φύσει
915 2472 930 2489 ⁸
954 2456 1072 2511 ἀλλ’
1094 2455 1192 2512 οὖν
1223 2456 1419 2511 καθότι
1445 2457 1685 2533 γέννησις

1859 2477 1965 2534 tas,
2002 2468 2243 2539 Spiritus
2295 2468 2389 2525 Dei
2418 2482 2643 2526 sanctus
2671 2471 2999 2540 appellatur.
3055 2467 3382 2535 Quanquam

154 2547 366 2614 λέγεται,
409 2548 783 2620 συνηθεστέρᾳ
816 2551 967 2621 φωνῇ
1024 2549 1425 2620 γνωριμωτέρα
1460 2548 1556 2601 καὶ
1592 2542 1683 2602 οἷοι

1859 2557 1965 2612 iam
2006 2558 2191 2613 divina
2240 2561 2520 2629 generatio
2560 2561 2785 2631 perinde
2821 2561 3043 2616 occulta
3083 2574 3151 2614 ac
3196 2559 3383 2630 ignota

153 2638 429 2710 οἰκειοτέρα
471 2643 539 2711 τῇ
582 2641 903 2715 ἀνθρωπίνῃ
935 2642 1098 2710 φύσει
1145 2642 1295 2695 δοκεῖ
1326 2641 1472 2712 ἢπερ
1522 2642 1555 2712 ἠ
1607 2641 1682 2694 τοί

1840 2649 1990 2704 auita:
2017 2654 2165 2705 omni
2193 2660 2399 2708 natura:
2432 2662 2514 2708 est
2546 2670 2562 2709 :
2598 2662 2975 2708 verumtamen
3006 2652 3060 2709 in
3101 2659 3369 2723 quantum

156 2728 285 2795 ἁγίου
314 2731 635 2801 Πνεῦματος
672 2731 921 2801 πρόοδος.
949 2732 1061 2803 Τῆς
1092 2733 1203 2803 γὰρ
1236 2732 1467 2803 προόδου
1498 2730 1685 2796 ταύτης

1858 2741 2087 2797 rneratio
2139 2732 2366 2799 venatur
2417 2743 2701 2800 usitatiore
2754 2745 3046 2812 vocabulo,
3101 2744 3282 2800 notior
3321 2757 3387 2799 ac

154 2822 371 2876 εἰκασίαν
400 2824 523 2877 τινά
568 2824 664 2877 καὶ
698 2826 1009 2894 οίκειότητα
1034 2824 1244 2896 ῥᾳδίως*
1264 2826 1322 2878 ὲν
1350 2826 1462 2887 τοῖς
1491 2824 1586 2877 ἀνθ
1596 2840 1683 2892 ρω-

1852 2830 2311 2889 slutlamiliarior
2363 2834 2615 2891 humanm
2672 2844 2885 2891 natura
2939 2837 3191 2900 videtur,
3222 2850 3381 2906 quam

155 2917 301 2979 πίνοις
324 2917 507 2999 ςὺρεῐν
538 2918 640 2971 οὐκ
684 2917 853 2973 ἔστιν.
901 2918 1094 2988 Ἡμεῖς
1128 2917 1186 2972 δὲ
1217 2917 1327 2973 ἀπὸ
1355 2917 1462 2970 τῶν
1491 2917 1550 2969 ιν
1582 2916 1684 2978 τοῖς

1850 2921 2045 2991 piritus
2076 2926 2251 2981 sancti
2282 2926 2584 2994 processio.
2613 2925 2784 2995 Hujus
2816 2928 2961 2983 enim
3008 2928 3379 2999 prueessionis

153 2992 398 3078 αίοθητοίς
424 3011 503 3073 είς
530 3009 739 3064 ἔννοιάν
767 3027 888 3064 τινα
918 3010 1026 3064 τῶν
1051 3008 1232 3063 ἀΰλων
1258 3008 1556 3079 ἐρχόμεθα.

1856 3012 1900 3066 ix
1928 3014 2095 3071 ullam
2157 3010 2534 3086 conjecturam
2565 3032 2631 3073 ac
2667 3021 3102 3075 convenientiam
3131 3023 3182 3075 in
3223 3021 3385 3076 rebus

156 3105 382 3160 humanis
428 3106 676 3161 invenire
722 3120 1017 3176 possumus
1069 3120 1245 3161 :cum
1302 3119 1369 3160 ex
1414 3103 1482 3159 iis
1509 3117 1631 3173 quae
1659 3103 1717 3160 in
1754 3119 1978 3167 sensum
2028 3113 2253 3181 cadunt,
2310 3112 2379 3169 ad
2424 3113 2754 3183 spiritalium
2827 3114 3079 3169 notitiam
3145 3115 3384 3185 aliquam

154 3211 206 3251 ac
230 3200 513 3268 cogitatum
549 3201 861 3253 veniamus.

209 3289 328 3354 Θεὸς
354 3290 462 3361 ἄρα
492 3290 643 3343 ἐστὶν
674 3291 703 3342 6
735 3289 830 3343 τοῦ
865 3290 1001 3344 Θεοῦ
1029 3291 1204 3359 Λόγος
1229 3307 1242 3321 ·
1272 3290 1403 3354 Θεδς
1427 3291 1485 3344 δὲ
1520 3293 1554 3363 ἡ
1589 3292 1709 3347 θεία
1735 3323 1738 3347 ι

1883 3292 2027 3361 Deus
2054 3306 2182 3363 ergo
2238 3300 2323 3347 est
2372 3292 2466 3351 Dei
2512 3291 2789 3347 Verbum:
2843 3293 2988 3348 Deus
3035 3310 3166 3350 vero
3196 3295 3378 3351 divina

163 3381 373 3451 ’Λγάπη,
424 3384 520 3434 καὶ
569 3383 597 3435 6
647 3382 809 3445 αὐτὸς
846 3380 978 3445 Θεὸς
1038 3382 1215 3454 Πατρὶ
1242 3383 1335 3447 καὶ
1361 3381 1477 3452 Υίῷ
1498 3398 1514 3415 ο
1545 3385 1639 3437 καὶ
1668 3385 1692 3455 ἦ

1861 3384 2023 3440 lectio
2059 3399 2123 3440 ac
2160 3384 2422 3450 eharitas,
2453 3384 2708 3454 idemque
2737 3400 2862 3439 eum
2899 3384 3065 3440 Patre
3099 3395 3266 3456 atque
3292 3384 3384 3439 Fi-

152 3472 315 3528 τούτου
352 3475 575 3546 πρόοδος
622 3475 874 3546 ’Λγάπης
924 3476 1043 3528 ἐστὶ
1079 3477 1326 3546 πρόοδος.
1360 3476 1472 3532 Καὶ
1499 3478 1622 3531 επεὶ
1646 3480 1681 3530 ἐι

1854 3491 1874 3530 ›
1909 3476 2072 3538 Deus,
2131 3475 2358 3545 ejusque
2405 3477 2712 3545 processio,
2755 3475 3068 3532 dileCtionis
3098 3490 3163 3530 ac
3198 3476 3383 3530 chari-

154 3566 207 3633 τῇ
230 3564 410 3636 λογικῇ
459 3566 552 3619 καὶ
597 3567 763 3636 νοερᾷ
810 3566 972 3633 φύσει
1011 3565 1104 3619 δύο
1140 3568 1300 3636 μόνον
1326 3566 1420 3619 ἐπὶ
1449 3567 1518 3621 τά
1553 3567 1683 3622 ενδοε

1850 3567 1930 3621 itis
1951 3565 2232 3634 [necessiu
2262 3576 2368 3620 est.
2406 3566 2676 3636 Quodque
2704 3566 2759 3621 in
2787 3574 2985 3621 natura
3014 3564 3291 3621 sermonis
3326 3566 3379 3619 vi

153 3656 373 3712 νοοῦνται
400 3656 643 3726 πρόοδοι,
671 3658 767 3726 μία
795 3657 891 3725 μὲν
916 3658 949 3726 η
975 3656 1069 3709 τοῦ
1097 3656 1275 3723 Λόγου
1306 3656 1558 3727 πρόοδος,
1579 3658 1682 3712 καθ

1851 3673 1898 3711 ευ
1930 3657 2180 3721 rationis,
2213 3671 2278 3711 ac
2323 3656 2659 3728 intelligendi
2691 3655 2954 3711 facultate
2984 3656 3234 3727 praedita,
3258 3656 3380 3712 duae

152 3745 209 3816 ἢν
233 3749 336 3801 νοεῖ
380 3749 441 3801 τὸ
481 3747 671 3819 νοητόν
693 3763 706 3776 ³
757 3748 892 3819 άλλη
922 3749 979 3801 δὲ
1013 3750 1046 3819 ή
1080 3749 1179 3818 τῆς
1213 3749 1438 3819 ἀγάπης
1472 3749 1505 3821 ἢ
1541 3749 1681 3817 θελήι

1852 3758 2011 3804 ηηῑιιιη
2072 3749 2305 3805 interius
2360 3747 2738 3816 intelliguntur
2804 3750 3184 3816 processinnes
3224 3759 3381 3800 :una

155 3856 294 3905 πως,
321 3839 440 3894 καθ’
466 3840 550 3911 ἢνο
574 3839 786 3909 ἐφίεται
819 3838 913 3893 τοῦ
953 3839 1238 3913 νοηθέντος
1286 3840 1515 3908 ἀγαθοῦ,
1544 3842 1595 3894 εί
1628 3842 1684 3913 μί

1854 3841 2034 3896 uidem
2090 3840 2323 3896 rationis
2374 3840 2761 3909 sermonisque
2792 3844 2848 3892 et
2879 3836 3033 3892 verbi
3067 3836 3379 3906 processio,

156 3929 356 4002 παρείη.
385 3931 418 4002 ἢ
473 3932 669 4003 ἀγαπᾷ
698 3930 860 3985 τοῦτο
910 3932 1087 4002 παρόν
1114 3947 1130 3964 '
1159 3933 1460 4001 ἀναγκαῖον
1511 3932 1568 3986 δὲ
1610 3933 1685 3987 κα¹

1855 3945 1917 3985 ua
1947 3929 2218 3998 objeetum
2268 3930 2324 3984 in
2362 3929 2616 3985 notitiam
2648 3929 2852 3984 cadens
2878 3929 3163 3998 intelligit:
3188 3928 3384 3983 altera-

155 4021 236 4085 τάς
260 4021 345 4075 δίο
386 4023 640 4093 παρεῖναι
668 4020 746 4094 τῷ
776 4020 905 4093 θείῳ
928 4021 1024 4093 Νῷ
1078 4006 1260 4087 καθὼς
1289 4023 1582 4078 δέδεικταιο
1610 4026 1684 4079 κα

1852 4037 1916 4077 ue
1942 4021 2249 4077 dilectionis
2282 4036 2379 4077 seu
2431 4021 2755 4087 voluntatis,
2791 4035 2900 4090 qua
2929 4020 3133 4075 bonum
3167 4016 3381 4074 intelleo

156 4113 336 4185 ἔστινή
363 4115 459 4183 τῆς
488 4118 726 4186 νοήσεως
755 4115 987 4185 πρόοδος
1015 4116 1049 4187 ἢ
1085 4116 1344 4186 ἐνέργεια
1392 4116 1566 4185 Λόγου
1611 4119 1685 4169 κα

1842 4123 1897 4169 ιιι
1930 4112 2230 4184 cognitum,
2273 4113 2380 4168 nisi
2410 4128 2655 4182 praesens
2713 4113 2807 4178 sit,
2838 4110 3204 4182 concupiscit,
3234 4124 3371 4179 prae.

159 4204 273 4259 Υίοῦ
295 4222 307 4236 ’
336 4206 578 4260 λείπεται
607 4207 708 4277 την
746 4207 961 4273 ἑτέραν,
995 4208 1167 4278 ἠ;ουν
1191 4207 1289 4278 τὴν
1320 4208 1541 4279 ἀγάπης
1563 4203 1688 4261 εῖναι

1843 4221 1932 4261 ens
1997 4214 2179 4285 autem
2244 4204 2445 4280 diligit.
2495 4203 2746 4275 Cumque
2803 4205 2938 4260 adeo
2984 4217 3212 4259 necesse
3268 4202 3372 4264 sit,

157 4298 238 4351 τοῦ
266 4300 411 4368 ἁγίου
442 4298 782 4371 ιΙνεύματος,
809 4299 903 4353 καὶ
930 4300 991 4352 τὸ
1026 4298 1254 4368 Πνεῦμα
1279 4299 1339 4352 τὸ
1373 4299 1529 4368 ἆγιον
1556 4295 1686 4353 εἶναι

1843 4308 2086 4366 iramque
2135 4296 2334 4352 divina
2368 4296 2537 4351 menti
2578 4296 2793 4363 adesse,
2825 4295 2904 4350 uti
2932 4295 3225 4365 probatum
3250 4299 3372 4348 est:

158 4390 243 4458 τὴν
276 4391 417 4447 θείαν
468 4391 738 4462 ’Λγάπην,
849 4392 878 4444 6
911 4391 1043 4456 Θεὸς
1073 4391 1267 4446 ἑαυτὸν
1294 4392 1503 4462 ἀγαπᾷ.

1851 4399 1976 4460 tque
2009 4378 2400 4443 intellectionis
2442 4386 2751 4457 processio,
2784 4388 3055 4443 sermonis
3088 4400 3185 4441 seu
3210 4382 3371 4439 Verbi

160 4479 361 4551 Filiique
420 4485 687 4555 operatio,
748 4493 1033 4565 superest.
1066 4484 1291 4539 alteram
1363 4484 1698 4556 (dilectionis
1730 4484 1940 4540 scilicet
1987 4498 2053 4538 ac
2103 4484 2408 4550 charitatis)
2437 4498 2560 4539 esse
2584 4481 2825 4554 Spiritus
2885 4478 3086 4545 sancti,
3149 4488 3379 4545 esseque

162 4576 397 4649 Spiritum
425 4591 674 4638 sanctum
713 4581 952 4637 divinam
989 4582 1334 4636 dilectionem
1369 4596 1434 4635 ac
1456 4582 1800 4646 eharitatem,
1824 4595 1933 4650 qua
1958 4580 2100 4635 Deus
2117 4579 2354 4649 seipsum
2391 4578 2585 4648 diligit.
2752 4624 2755 4627 ,
3072 4576 3075 4577 ⁷

216 4673 453 4734 Τοιοῦτον
480 4674 660 4728 τοίνυν
684 4677 776 4727 καὶ
808 4675 901 4727 ἐπὶ
936 4672 1037 4743 τῆς
1064 4673 1225 4741 ἁγίας
1251 4672 1470 4743 τριάδος
1505 4673 1566 4725 τὸ
1602 4673 1693 4726 τοῦ
1726 4674 1745 4735 Ι

1873 4671 2002 4726 Tale
2052 4671 2218 4742 igitur
2246 4671 2412 4727 etiam
2477 4671 2529 4724 in
2572 4677 2757 4724 sancta
2802 4666 3066 4722 Tt‘inilale
3094 4664 3379 4734 Augustini

161 4764 609 4840 Δὺγουστίνουμι)
668 4766 1023 4838 παράδειγμα
1054 4766 1152 4819 καὶ
1204 4763 1314 4819 τῶν
1373 4764 1495 4817 κατ’
1551 4767 1690 4819 una»

1857 4781 1878 4820 ο
1910 4767 2223 4834 sequacium
2257 4762 2540 4818 doctorum
2565 4760 2905 4829 exemplum;
2935 4767 3127 4827 estque
3164 4757 3386 4825 reliquis

164 4857 469 4916 διδασκάλων
494 4879 510 4894 ⁸
542 4861 640 4915 καὶ
671 4860 789 4914 ἔστι
816 4860 926 4913 τῶν
946 4859 1124 4915 ἄλλων
1154 4858 1596 4930 προσφυέστερον
1618 4858 1693 4912 κα

1854 4843 2259 4911 οιιιιαιιιτοιὶιις’
2299 4869 2366 4908 ac
2419 4852 2594 4922 ittagis
2664 4850 2997 4921 appositum.
3061 4848 3199 4903 Nam
3258 4863 3383 4903 cum

162 4951 479 5022 οἰκειότερον.
516 4951 642 5005 Τῶν
685 4951 794 5023 γὰρ
852 4950 1121 5018 θεολόγων
1186 4950 1444 5004 ἁπάντων
1498 4949 1575 5020 νῷ
1601 4951 1691 5024 ρια

1857 4964 2001 5003 mnes
2064 4945 2297 5014 theologi
2352 4944 2569 4998 Patrem
2620 4942 2806 4996 dicant
2844 4955 2907 4996 ac
2962 4938 3161 4995 Filium
3222 4942 3386 4995 siese

163 5040 283 5111 λόγῳ
306 5045 559 5114 φαμένων
612 5044 875 5111 ἀνάλογον
904 5042 1047 5113 ἔχειν
1098 5041 1235 5112 πρὸς
1298 5041 1564 5112 ἀλλήλους
1620 5042 1692 5095 vin

1850 5051 1949 5094 iter
1998 5053 2057 5093 se
2091 5036 2325 5105 quadam
2354 5037 2705 5104 proportione
2750 5032 2968 5095 habere,
2997 5047 3060 5086 ae
3083 5046 3143 5087 se
3179 5032 3377 5087 habent

167 5132 354 5202 Πατέρα
378 5136 471 5188 καὶ
508 5135 600 5193 τόν
631 5135 783 5196 Υἰὸν,
819 5136 867 5187 οἱ
895 5134 993 5203 μὲν
1046 5133 1199 5187 ἄλλοι
1263 5133 1463 5195 πάντες
1496 5132 1696 5202 σχεδὸν,

1854 5144 1967 5185 nens
2021 5143 2085 5183 ac
2139 5128 2394 5190 verbum;
2448 5125 2542 5179 alii
2592 5123 2814 5195 quidem
2856 5122 2967 5178 fere
2993 5138 3186 5178 omnes
3214 5123 3383 5178 Deum

165 5222 237 5273 τὸν
258 5225 341 5277 τοῦ
356 5226 487 5279 Θεοῦ
519 5227 695 5294 Λόγον
722 5225 800 5295 τῷ
828 5224 961 5295 παρ’
996 5227 1027 5295 ἡ
1038 5227 1131 5293 μίν
1165 5223 1488 5294 προφορικῷ
1520 5239 1694 5293 παρει-

1855 5222 2051 5278 ιεῑιιιιιη
2084 5230 2404 5290 comparant
2437 5208 2561 5274 cum
2594 5219 2784 5286 verbo,
2820 5219 2963 5287 quod
2991 5218 3132 5287 apud
3166 5233 3267 5273 nos
3289 5233 3384 5271 ore

150 5314 359 5377 ’διάξουσι
396 5319 539 5388 λόγῳ
564 5333 582 5350 ο
615 5320 644 5371 6
676 5319 733 5371 δὲ
762 5320 855 5371 ἐπὶ
891 5320 984 5370 τὸν
1010 5316 1157 5372 ἔνδον
1192 5317 1354 5384 λόγον
1383 5317 1476 5369 τὸν
1535 5316 1679 5370 ὲνδιά

1852 5313 2115 5377 refertur;
2140 5322 2195 5366 at
2216 5313 2578 5382 Augustinus.
2601 5312 2654 5365 in
2689 5304 2946 5365 interiori
2961 5309 3129 5363 verbo.
3149 5323 3211 5363 ac
3233 5309 3380 5376 quod

165 5406 292 5461 θετον
318 5411 585 5480 λαμϐάνει
618 5411 719 5481 τὴν
749 5410 1066 5480 ὁμοιότητα.
1107 5409 1259 5462 Ἐκεῖ
1310 5408 1443 5477 γὰρ,
1501 5407 1594 5460 καὶ
1647 5406 1694 5459 τί

1857 5423 1867 5460 ι
1918 5407 2105 5460 animo
2164 5406 2389 5470 residet,
2470 5404 2703 5460 assumit
2775 5399 3211 5456 similitudinem.
3270 5400 3386 5455 Illic

164 5500 266 5551 κατ’
292 5502 490 5566 εἰκόνα.
518 5505 613 5557 καὶ
641 5506 669 5557 6
692 5502 917 5572 πρῶτος
943 5501 1100 5570 λόγος
1126 5499 1251 5554 καθ’
1275 5500 1334 5553 ὃν
1364 5498 1579 5567 λογικοί
1611 5501 1693 5551 ἑσ-

1851 5498 1956 5553 nim
2013 5508 2127 5553 tum
2183 5513 2304 5554 esse
2339 5497 2406 5551 ad
2462 5496 2754 5568 imaginem
2818 5492 3053 5561 positum
3105 5500 3211 5553 est,
3268 5500 3380 5546 tum

165 5590 250 5654 μὶν
275 5595 362 5648 καὶ
381 5594 721 5664 καλούμεθα.
763 5594 874 5647 sise
909 5592 1048 5663 μετὰ
1090 5590 1343 5662 σώματός
1372 5593 1561 5657 ἐσμεν,
1591 5590 1694 5643 εἴτε

1849 5590 1983 5645 rima
2022 5590 2161 5645 ratio
2213 5605 2279 5648 ac
2322 5604 2526 5655 sermo,
2575 5601 2684 5658 qua
2739 5582 3033 5639 rationales
3081 5582 3378 5655 (sermonis

164 5684 241 5735 καί
267 5688 356 5757 μή.
398 5687 455 5741 '0
482 5687 538 5742 δὲ
573 5687 667 5743 ἐπὶ
699 5688 767 5743 τά
828 5686 934 5754 ἔξω
978 5687 1120 5758 ῥέων
1181 5678 1338 5749 οὗτος
1398 5684 1556 5750 λόγος
1610 5681 1693 5737 τοῦ

1855 5683 2016 5742 :ilicet
2057 5694 2111 5741 et
2153 5682 2303 5741 verbi
2338 5699 2401 5739 ac
2432 5681 2659 5741 rationis
2691 5676 2992 5747 compotes)
3022 5692 3214 5735 sumus
3243 5677 3384 5749 pari-

225 5866 322 5925 lill
342 5866 455 5924 Lib.
479 5884 529 5924 ν.
