3872 6540
433 388 531 455 551

1664 385 2058 447 MANUELIS
2098 387 2405 449 CALECE

3575 390 3665 452 552

430 508 630 558 cuncta
685 498 1015 569 recipientes
1070 511 1135 552 ac
1173 495 1537 552 custodientes
1565 496 1715 551 velut
1768 495 2011 567 Spiritus

2130 516 2243 560 νους
2303 499 2400 552 καὶ
2454 497 2828 567 φυλάττοντας
2874 497 2950 560 ὼς
2980 495 3078 551 τοῦ
3114 494 3427 565 Πνεῦματος
3480 514 3665 564 φωνας,

432 606 617 657 voces,
676 590 758 646 sic
813 604 993 659 Opera:
1042 589 1276 659 pretium
1322 603 1593 658 exponere
1646 595 1917 658 Salaganl,
1950 593 2011 640 ut

431 692 488 741 et
509 682 981 739 eommunissimis
1014 682 1081 736 de
1109 680 1219 736 Deo
1245 680 1695 751 conceptionibus
1726 689 1779 733 et
1808 677 2013 748 princi-

434 773 540 844 piis
568 774 711 838 lidei,
746 788 849 828 nec
882 787 991 827 non
1040 779 1358 828 sanctorum
1397 770 1733 825 multitudini
1763 782 2005 824 consen-

439 868 619 921 tiant:
673 865 753 920 sic
806 874 1017 930 tamen,
1075 864 1204 918 dum
1234 877 1423 917 eorum
1460 861 1615 917 nobis
1648 858 2011 915 sanctimonia

438 957 586 1013 nulla
614 957 954 1026 ‘suspicione
1000 956 1233 1015 laboret.
1267 953 1423 1020 Quod
1471 953 1579 1008 illis
1601 967 1880 1019 servemus
1910 966 2007 1006 ne-

438 1066 588 1109 cesse
633 1058 746 1118 est;
806 1065 912 1104 non
970 1049 1050 1104 sic
1084 1059 1295 1113 nostro,
1354 1058 1667 1102 sanctorum
1712 1044 2010 1101 sententias

436 1142 733 1211 verbaque,
773 1154 1100 1209 usurpemus
1142 1136 1393 1200 consilio,
1434 1146 1493 1191 ut
1525 1136 1661 1191 alios
1701 1136 1823 1189 aliis
1860 1149 2012 1189 com-

437 1233 655 1289 mittere
685 1232 989 1297 videamur,
1024 1245 1088 1286 ac
1114 1230 1259 1283 velut
1286 1229 1381 1298 qui
1411 1244 1470 1283 se
1501 1238 1690 1283 mutuo
1741 1222 2009 1290 evertant,

434 1325 719 1380 inducere.
759 1323 879 1378 Non
915 1322 1060 1377 enim
1110 1336 1327 1390 aequum
1381 1329 1484 1386 est,
1528 1329 1588 1373 ut
1624 1318 1727 1373 sibi
1779 1318 2009 1373 invicem

436 1416 710 1472 adversari
746 1415 1146 1471 existimentur.
1180 1413 1237 1467 Id
1267 1412 1410 1467 enim
1460 1426 1558 1465 nec
1594 1412 1661 1466 iis
1694 1411 2011 1466 hominibus

440 1512 575 1568 satis
605 1517 891 1577 congruat,
924 1506 1123 1575 quibus
1152 1502 1417 1571 tantisper
1446 1502 1675 1556 rationis
1708 1501 1801 1553 lux
1847 1499 2010 1554 allui-

434 1612 587 1677 geat;
622 1610 830 1655 tantum
878 1598 1032 1651 abest
1062 1606 1120 1649 ut
1156 1594 1386 1659 sanctis,
1436 1595 1529 1663 qui
1566 1603 1774 1647 motore
1803 1592 2009 1661 Spiritu

434 1706 632 1751 cuncta
663 1700 1037 1764 exposuerunt
1082 1710 1095 1746 :
1138 1706 1248 1759 quo
1293 1691 1507 1746 scilicet
1559 1690 1833 1754 homines,
1890 1688 2002 1744 illis

436 1768 691 1855 tanquam
734 1785 947 1854 pietatis
979 1781 1252 1850 magistris
1278 1782 1521 1835 animum
1561 1780 1910 1843 adhibentes,
1943 1792 2009 1832 ac

439 1891 533 1944 per
561 1891 655 1931 eos
690 1875 976 1929 veritatem
1010 1874 1416 1935 nanciscentcs,
1449 1872 1501 1926 in
1531 1872 1676 1926 hunc
1703 1870 1922 1925 modum
1958 1869 2012 1923 in

433 1967 655 2024 Christo
694 1977 1062 2023 nectereMur.

510 2061 588 2115 De
614 2061 699 2115 bis
721 2060 883 2129 igitur
905 2075 1027 2130 quae
1056 2059 1263 2115 sanctis
1289 2058 1433 2123 dicta
1460 2066 1609 2119 sunt,
1641 2056 1713 2109 ita
1765 2054 2010 2109 sentien-

437 2152 594 2215 dum,
631 2152 832 2220 talique
859 2151 911 2207 in
947 2151 1203 2206 omnibus
1231 2150 1491 2205 utendum
1528 2146 1712 2217 regula
1759 2156 1862 2201 est.
1913 2145 2010 2209 Sin

435 2242 641 2310 minus,
664 2252 903 2312 praestat,
958 2251 1019 2296 ut
1070 2241 1315 2297 dicamus
1368 2255 1469 2295 nos
1535 2254 1642 2292 non
1701 2236 2007 2306 intelligere

437 2350 629 2390 eorum
664 2350 786 2403 quae
825 2334 1083 2388 dicuntur
1111 2331 1401 2388 sententiae
1428 2331 1561 2393 vim,
1587 2345 1750 2399 quam
1808 2344 2011 2385 conve-

438 2428 652 2481 nientes
682 2441 862 2495 exque
886 2428 1098 2480 ratione
1120 2424 1185 2479 de
1216 2425 1326 2479 Deo
1352 2422 1652 2478 sententias
1678 2429 2011 2487 evertamns,

437 2530 515 2574 utt
538 2519 613 2573 ait
645 2533 872 2588 magnus
906 2517 1163 2572 Basilius.
1195 2516 1295 2571 Hic
1316 2524 1495 2569 autem
1533 2528 1832 2584 possumus
1857 2512 2011 2566 dice-
2056 2556 2057 2563 η

437 2623 519 2673 re,
552 2617 794 2673 sanctos,
835 2609 1134 2661 secundum
1161 2607 1407 2661 diversos
1430 2614 1708 2673 respectus
1743 2604 1882 2657 idem
1908 2603 2011 2657 alia

438 2708 600 2769 atque
618 2700 721 2753 alia
758 2686 1290 2754 ratione'declarare.
1320 2698 1455 2751 Nam
1495 2695 1663 2750 Filius
1690 2694 1908 2765 quidem
1947 2708 2013 2746 ex

439 2792 598 2848 Patre
626 2802 731 2859 est,
768 2801 1021 2861 tanquam
1057 2790 1277 2845 verbum
1333 2804 1398 2844 ex
1453 2800 1655 2843 mente.
1708 2785 2015 2841 Secundum

444 2885 586 2940 hanc
617 2882 1113 2940 considerationem
1149 2882 1311 2937 etiam
1344 2881 1682 2935 voluntatem
1713 2895 1776 2934 ex
1820 2877 2013 2932 volun-

439 2976 841 3044 tatedixerunt,
869 2973 1325 3044 quemadmodum
1355 2972 1431 3026 ait
1484 2970 1779 3040 Gregorius
1839 2966 2018 3024 Theo.

442 3041 596 3137 logn.s
628 3084 643 3122 :
676 3066 852 3123 «Patri
884 3066 1188 3137 generatio,
1218 3063 1477 3135 gignendi
1506 3062 1761 3118 voluntas
1806 3069 1913 3125 est,
1951 3074 2015 3115 ac

440 3160 697 3215 voluntas
748 3174 810 3214 ex
852 3158 1148 3213 voluntate.
1187 3176 1205 3209 ›
1244 3154 1555 3211 Secundum
1612 3169 1771 3225 quem
1824 3154 2012 3224 utique

446 3253 689 3318 modum,
722 3250 916 3306 Filium
950 3238 1361 3319 sapientiam'ex
1420 3247 1692 3318 sapientia
1740 3250 2016 3315 dixerunt,

448 3361 513 3400 ac
536 3346 793 3399 virtutem
818 3358 880 3399 ex
904 3343 1121 3398 virtute.
1145 3343 1411 3398 Creterum
1448 3341 1691 3412 Spiritus
1714 3350 1935 3395 sanctus
1953 3356 2018 3395 ex

444 3435 607 3491 Patre
632 3442 736 3501 est,
772 3435 918 3490 velut
949 3435 1165 3490 dilectio
1198 3450 1227 3489 a
1257 3434 1537 3489 voluntate
1567 3450 1582 3487 :
1617 3433 1821 3488 idcirco
1855 3433 2018 3491 etiam

445 3525 703 3581 distincta
736 3524 1012 3595 processio
1056 3535 1159 3579 est.
1188 3522 1451 3579 Creatura
1476 3538 1627 3588 vero,
1658 3530 1916 3591 tanquam
1955 3521 2024 3577 ab

446 3634 556 3673 una
588 3618 885 3685 voluntate,
915 3632 945 3671 a
978 3614 1141 3671 Patre
1168 3624 1251 3671 est
1275 3624 1329 3671 et
1357 3615 1495 3671 Filio
1532 3624 1587 3670 et
1636 3614 1837 3685 Spiritu
1894 3629 2023 3669 san-

444 3722 558 3775 cto.
592 3710 711 3767 Una
773 3710 917 3765 enim
940 3720 1025 3766 est
1082 3711 1247 3764 trium
1294 3723 1675 3779 personarum,
1733 3708 1877 3777 quod
1901 3708 2028 3762 atti-

451 3814 543 3859 net
574 3804 644 3858 ad
694 3814 973 3857 creaturas
1008 3841 1025 3867 ,
1060 3801 1328 3856 voluntas.

520 3912 579 3969 ιιι
644 3929 773 3968 vero
805 3926 914 3979 est,
945 3913 1088 3985 quod
1122 3920 1175 3969 et
1232 3913 1424 3971 beatus
1482 3913 1753 3972 Maximus
1804 3916 1902 3979 ait,
1970 3914 2025 3969 in

448 4006 819 4077 disputatione
851 4020 974 4060 cum
1003 4006 1289 4061 Anomteo.
1316 4005 1450 4061 Nam
1478 4022 1602 4063 cum
1633 4007 1722 4063 ille
1775 4007 2026 4073 dixisset,

456 4096 543 4152 «Si
576 4094 721 4153 Deus
754 4096 878 4151 aliis
902 4095 1098 4167 gignit,
1131 4106 1297 4167 atque
1335 4099 1459 4155 aliis
1506 4100 1713 4166 condit,
1752 4100 2029 4170 composi-

454 4199 545 4245 tus
573 4199 657 4245 est
683 4207 699 4258 ;
729 4208 748 4242 ι
775 4188 1091 4260 respondet,
1119 4207 1138 4242 ι
1158 4188 1275 4245 Non
1297 4191 1423 4247 dico
1446 4193 1568 4249 aliis
1592 4191 1829 4263 gignere,
1867 4203 2030 4264 atque

450 4282 575 4338 aliis
606 4283 863 4350 condere,
921 4284 1036 4350 sed,
1063 4284 1221 4340 aliter
1268 4284 1512 4355 gignere,
1564 4285 2023 4341 alitercondereo

454 4374 725 4430 Caeterum
752 4376 971 4431 divinus
995 4376 1256 4445 Spiritus,
1298 4377 1389 4447 qni
1411 4376 1483 4433 sit
1523 4392 1552 4431 a
1608 4375 1768 4431 Patre
1813 4376 2031 4431 dilectio

450 4478 508 4521 et
540 4468 799 4527 cbaritas.
850 4468 1109 4536 peculiari
1164 4472 1401 4537 quodam
1469 4467 1631 4527 modo
1669 4468 1887 4523 dicitur.
1936 4469 2032 4523 Est

2122 589 2266 641 οὕτω
2296 590 2572 660 προσῆκον
2590 591 2891 659 ἐπιχειρεῖν
2922 588 3260 659 ἐξηγεῖσθαι.
3290 588 3427 639 ὥστε
3456 590 3543 640 xui
3562 592 3669 651 ταῖς
3704 590 3713 609 ³

2122 682 2256 750 περὶ
2283 680 2420 733 Θεοῦ
2447 684 2789 746 κοινοτάταις
2816 682 3051 744 ἐννοίαις
3080 682 3172 734 καὶ
3193 680 3315 742 ταῖς
3338 679 3436 748 τῆς
3457 681 3669 745 πίστεως

2122 773 2341 845 ἀρχαῖς,
2370 775 2466 827 καὶ
2497 773 2574 845 τῷ
2598 774 2794 847 πλήθει
2821 776 2930 827 τῶν
2952 774 3124 842 ἁγίων
3155 774 3490 842 συμφωνεῖν·
3528 775 3669 841 μόνον

2131 869 2183 920 εί
2208 867 2338 937 περὶ
2362 867 2457 935 τῆς
2492 867 2716 920 ἐκείνων
2748 865 3060 935 ἁγιωσύνης
3083 865 3421 934 ἀμφιϐολίαν
3438 864 3671 935 οὐδεμίαν

2123 957 2346 1028 ἔχομεν.
2370 959 2546 1029 Ὅπερ
2577 961 2873 1027 ἀναγκαῖον
2896 958 3128 1021 ἐκείνοις
3160 957 3465 1027 τηρεῖσθαι,
3491 958 3576 1009 καὶ
3604 960 3670 1028 μὴ

2122 1050 2209 1103 διά
2244 1048 2342 1119 τὴν
2371 1049 2583 1102 ἑαυτῶν
2624 1049 2880 1121 βούλησιν
2899 1049 3040 1103 οὕτω
3069 1050 3138 1103 τὰ
3162 1050 3273 1102 τῶν
3306 1047 3478 1116 ἀγίων
3492 1049 3673 1119 ἐκλαμ-

2134 1143 2423 1211 6ἀνοντας,
2485 1144 2559 1206 ὡς
2612 1146 2786 1196 ποιεῖν
2847 1142 3093 1206 ἐκείνους
3140 1142 3396 1211 ἀλλήλοις
3438 1141 3673 1211 πολεμεῖν

2122 1234 2327 1296 δοκεῖν,
2356 1235 2453 1288 καὶ
2478 1235 2568 1304 ὑφ’
2613 1236 2824 1287 ἐαυτῶν
2864 1233 3295 1304 ἀνατρέπεσθαι.
3342 1234 3417 1286 Οὐ
3461 1234 3564 1303 γὰρ
3616 1235 3673 1287 ἂν

2125 1329 2352 1391 εἰκότως
2374 1327 2684 1397 νομίζοιντο
2737 1328 2949 1391 ἑαυτοῖς
2971 1327 3065 1381 καὶ
3105 1326 3362 1397 ἀλλήλοις
3422 1327 3677 1380 ἐναντιοῦ·

2129 1419 2253 1472 σθαι
2273 1434 2290 1451 ο
2321 1418 2479 1472 τοῦτο
2504 1420 2612 1486 γάρ
2635 1418 2753 1472 οὐδὲ
2774 1422 2886 1481 τοῖς
2915 1418 3165 1472 ὁπωσοῦν
3203 1418 3442 1485 λογικοῖς
3468 1416 3570 1471 τῶν
3590 1420 3674 1471 ἀν-

2124 1510 2362 1580 θρώπων
2395 1511 2650 1579 ἁρμόζει,
2695 1512 2856 1581 μήτοι
2896 1527 2960 1577 γε
2985 1510 3048 1579 δὴ
3067 1514 3181 1573 τοῖς
3211 1511 3411 1579 ἁγίοις,
3434 1510 3482 1563 οἳ
3519 1511 3677 1565 πάντα
3770 1522 3773 1525 ‘

2129 1602 2378 1662 ἐξέθεντο
2412 1603 2518 1656 ὑπὸ
2543 1600 2638 1655 τοῦ
2662 1603 2821 1669 ἁγίου
2847 1602 3159 1671 κινούμενοι
3185 1602 3498 1673 Πνεῦματος
3517 1618 3530 1631 ⁶
3552 1603 3675 1657 ὥστε

2122 1696 2336 1757 τούτοις
2370 1694 2444 1757 ὡς
2473 1692 2817 1755 διδασκάλοις
2850 1694 3133 1756 εὐσεὸεξας
3188 1693 3322 1755 τοὺς
3379 1693 3676 1763 ἀνθρώπους

2125 1787 2520 1857 προσέχοντας,
2544 1787 2640 1840 καὶ
2666 1786 2736 1840 δι’
2770 1786 2950 1842 αὐτῶν
2985 1786 3085 1853 τῆς
3110 1784 3369 1855 ἀληθείας
3404 1787 3677 1854 ἐπιτυγχά-

2121 1895 2334 1943 νοντας,
2370 1876 2514 1931 οῦτω
2548 1879 2931 1948 συνημμένους
2959 1879 3016 1930 ἐν
3052 1876 3127 1946 τῷ
3158 1877 3382 1948 Χριστῷ
3432 1876 3675 1943 γίνεσθαι.

2194 2060 2329 2127 Περὶ¹
2372 2058 2473 2128 μὲν
2518 2053 2612 2111 οὖν
2642 2057 2753 2111 τῶν
2805 2060 2921 2121 τοῖς
2966 2057 3143 2125 ἁγίοις
3198 2055 3502 2125 εἰρημένων
3552 2055 3677 2109 οῦτω

2122 2152 2229 2224 χρὴ
2256 2151 2480 2220 γνώμης
2514 2152 2677 2220 ἔχειν,
2706 2150 2801 2203 καὶ
2830 2150 3056 2219 τοιούτῳ
3088 2149 3328 2219 χρῆσθαι
3355 2149 3444 2200 ἐπὶ
3483 2149 3677 2202 πάντων

2125 2246 2332 2303 κανόνι.
2359 2246 2421 2300 Et
2447 2246 2503 2299 δὲ
2541 2246 2638 2316 μὴ,
2668 2244 2891 2314 ἄμεινον
2914 2245 3093 2311 λέγειν
3121 2242 3225 2313 τὴν
3255 2242 3364 2296 τῶν
3394 2241 3677 2312 λεγομένων

2126 2338 2203 2410 μὴ
2239 2338 2480 2391 συνιέναι
2530 2337 2771 2390 διάνοιαν
2808 2335 2841 2405 ἢ
2891 2334 3222 2404 ἀνατρέπειν
3250 2333 3349 2395 τάς
3391 2331 3679 2399 ἀξιολόγους

2124 2431 2253 2500 περὶ
2287 2430 2424 2483 Θεοῦ
2466 2428 2790 2499 ὑπολήψεις,
2827 2426 2903 2491 ὡς
2944 2430 2972 2480 ό
3018 2426 3193 2495 μέγας
3243 2424 3347 2494 ἔφη
3400 2424 3678 2481 Βασίλειος.

2135 2521 2409 2577 Ἐνταῦθα
2434 2522 2495 2593 δὲ
2523 2521 2639 2574 ἐστι
2666 2520 2871 2589 λέγειν,
2902 2521 2977 2584 ὡς
3004 2519 3064 2586 to
3088 2519 3223 2572 αὐτὸ
3244 2518 3389 2572 κατά
3412 2518 3677 2587 διαφόρους

2123 2614 2449 2684 ἀποϐλέψεις
2475 2614 2650 2676 ἄλλως
2680 2613 2776 2666 καὶ
2797 2612 2975 2675 ἄλλως
3004 2613 3052 2665 οί
3078 2610 3231 2679 ἅγιοι
3258 2609 3622 2663 ἀποδιδόασινο
3651 2610 3676 2661 δ

2127 2707 2229 2779 μὲν
2269 2708 2378 2777 γὰρ
2410 2705 2537 2768 Υἱὸς
2574 2707 2637 2757 ἐκ
2675 2704 2770 2758 τοῦ
2817 2696 3031 2775 Πατρός
3074 2705 3245 2768 ἐστιν,
3292 2703 3367 2765 ὡς
3418 2702 3581 2768 Λόγος
3620 2700 3673 2751 ἐκ

2127 2799 2261 2855 Νοῦ.
2305 2800 2462 2853 Κατὰ
2504 2799 2661 2853 τοῦτο
2699 2797 2794 2852 καὶ
2831 2798 3055 2868 θέλησιν
3099 2800 3162 2851 ἐκ
3212 2798 3480 2867 θελήσεως
3518 2790 3675 2862 εἶπον,

2124 2892 2199 2955 ὡς
2224 2894 2250 2944 ό
2279 2891 2537 2958 Θεολόγος
2564 2889 2865 2960 Γρηγόριος
2882 2891 3051 2959 λέγει,
3075 2909 3094 2939 ο
3123 2890 3213 2960 Τῷ
3238 2890 3414 2961 Πατρὶ
3445 2888 3673 2958 γίννησίς

2125 2981 2275 3035 ἐστιν
2303 2984 2335 3053 ἡ
2368 2983 2461 3034 τοῦ
2501 2983 2697 3053 γεννᾷν
2723 2982 2962 3052 θέλησις,
2992 2984 3085 3033 καὶ
3121 2980 3379 3052 βούλησις
3406 2984 3466 3033 ἐκ
3506 2978 3677 3050 βουλή-

2129 3093 2268 3143 σεως
2289 3090 2306 3107 ⁶
2333 3075 2457 3127 καθ’
2482 3073 2541 3127 ὃν
2587 3074 2652 3145 δὴ
2678 3075 2879 3143 τρόπον
2907 3069 3060 3127 εἷπον
3080 3073 3276 3142 σοφίαν
3299 3075 3363 3125 ἐκ
3391 3071 3573 3139 σοφίας
3597 3072 3676 3122 τὸν

2126 3169 2275 3235 Υίὺν,
2307 3169 2403 3220 καὶ
2427 3165 2659 3237 δύναμιν
2690 3167 2753 3218 ἐκ
2776 3165 3081 3233 δυνάμεως.
3105 3165 3178 3243 To
3206 3166 3264 3219 δὲ
3294 3165 3447 3234 ἀγιον
3476 3162 3676 3233 Πνεῦμα

2125 3264 2189 3317 ἐκ
2229 3260 2321 3314 τοῦ
2379 3261 2594 3330 Πατρός
2636 3260 2806 3325 ἐστιν,
2839 3257 2915 3322 ὡς
2957 3259 3066 3312 ἀπὸ
3099 3258 3373 3329 θελήσεως
3417 3260 3449 3331 ἡ
3485 3258 3675 3325 ἀγάπη.

2126 3353 2225 3406 Διά
2257 3352 2415 3406 τοῦτο
2466 3351 2576 3422 γάρ
2621 3353 2739 3405 ἐστι
2782 3354 2876 3404 καὶ
2931 3352 3158 3421 πρόοδος
3186 3351 3467 3422 διάφορος.
3527 3349 3585 3403 ’Π
3626 3348 3676 3399 δὲ

2124 3446 2326 3513 κτίσις,
2360 3446 2436 3508 ὡς
2466 3445 2575 3498 ἀπὸ
2608 3447 2737 3515 μιᾶς
2771 3444 3075 3515 βουλήσεως
3099 3444 3441 3515 τοῦἩατρὸς
3480 3442 3569 3497 καὶ
3593 3439 3677 3493 τοῦ

2127 3538 2262 3592 Υίοῦ
2304 3537 2397 3592 καὶ
2428 3540 2521 3592 τοῦ
2546 3540 2706 3607 ἁγίου
2738 3538 3054 3607 Πνεύματος
3081 3552 3095 3567 ⁸
3140 3538 3238 3609 μία
3262 3540 3373 3609 γὰρ
3400 3538 3505 3593 τῶν
3533 3534 3681 3610 τριῶν

2125 3634 2219 3688 ἐπὶ
2243 3633 2352 3688 τῶν
2382 3636 2699 3705 κτισμάτων
2724 3636 2758 3707 ἡ
2788 3635 3027 3706 θέλησις.

2200 3902 2371 3958 Τοῦτο
2400 3902 2457 3957 δέ
2488 3902 2660 3964 ἐστιν,
2702 3903 2838 3972 ὅπερ
2877 3901 2970 3954 καὶ
3004 3899 3033 3953 ό
3073 3899 3216 3962 θεῖος
3258 3897 3509 3966 Μάξιμος
3535 3895 3587 3947 ἐν
3614 3890 3673 3959 τῇ

2130 3996 2269 4067 πρὸς
2313 3993 2590 4065 ’Δνόμοιον
2643 3991 2879 4057 διαλέξει
2927 3990 3091 4059 φησίν
3129 3988 3259 4059 (49).
3321 3986 3549 4041 Ἐκείνου
3580 3981 3674 4051 γὰρ

2129 4088 2397 4151 εἰπόντος,
2461 4105 2481 4139 ι
2544 4085 2605 4139 Ei
2655 4085 2835 4147 ἄλλοις
2880 4086 2908 4137 ὁ
2960 4083 3089 4144 Θεὸς
3136 4082 3326 4153 γεννᾷ,
3378 4079 3470 4133 καὶ
3517 4075 3678 4138 ἀλλοις

2133 4178 2331 4244 κτίζει,
2366 4176 2620 4238 σύνθετός
2667 4176 2850 4226 ἐστιν’
2894 4191 2913 4225 ι
2950 4174 3335 4245 ἀποκρίνεται,
3389 4188 3409 4223 ι
3448 4167 3521 4224 Οὐ
3552 4167 3677 4234 λέγω

2131 4272 2314 4335 ἄλλοις
2371 4270 2560 4339 γεννᾷ,
2621 4268 2717 4321 καὶ
2773 4265 2955 4328 ἄλλοις
3011 4263 3221 4328 κτίζευ
3282 4261 3463 4328 ἀλλάρ
3493 4257 3677 4316 Ἄλλως

2132 4363 2319 4433 γεννᾷ,
2349 4362 2445 4416 καὶ
2470 4360 2643 4423 ἄλλως
2676 4357 2870 4423 κτίζει.
2905 4376 2922 4409 ι
2950 4358 3022 4409 Τὸ
3057 4357 3245 4425 μέντοι
3282 4355 3425 4407 θεῖον
3456 4349 3676 4419 Πνεῦμα,

2132 4456 2207 4521 ὡς
2272 4455 2490 4523 ’Δγάπη
2538 4454 2688 4524 παρὰ
2732 4451 2828 4505 τοῦ
2880 4449 3093 4523 Πατρδς
3136 4448 3215 4515 ὃν,
3263 4445 3545 4512 ἰδιαίτερόν
3570 4455 3675 4494 τινα

459 4560 605 4613 enim
635 4560 851 4615 dilectio
882 4576 947 4614 ac
982 4560 1225 4615 charitas
1243 4574 1440 4615 nomen
1459 4560 1776 4615 relationem
1804 4560 2018 4628 habens;

2136 4548 2355 4617 λέγεται
2395 4546 2617 4619 τρόπον.
2663 4543 3019 4613 Ἀναφορικδν
3050 4542 3158 4610 γάρ
3190 4543 3340 4595 ἐστιν
3371 4540 3404 4611 ή
3446 4536 3637 4605 Ἀγάπη
3658 4546 3673 4564 ο

463 4649 610 4704 unde
668 4663 722 4703 et
790 4666 1023 4721 persona
1057 4660 1159 4705 est.
1182 4651 1299 4706 Non
1322 4652 1467 4706 enim
1503 4651 1641 4706 sicut
1673 4651 1905 4718 bonitas,
1941 4665 2018 4707 ant

2136 4642 2218 4695 διδ
2241 4642 2335 4694 καὶ
2362 4637 2654 4710 πρόσωπόν
2687 4639 2855 4690 ἐστιν.
2888 4635 2963 4688 Οὐ
2991 4634 3100 4704 γάρ
3127 4634 3317 4702 ὥσπερ
3349 4635 3381 4703 ἡ
3406 4630 3675 4699 ἀγαθότης.

460 4741 544 4796 vis
570 4752 765 4799 tenens
798 4748 981 4800 omnia
1006 4762 1069 4802 ac
1108 4760 1466 4811 conservans,
1537 4756 1634 4801 aut
1688 4747 2031 4816 providentia

461 4851 585 4904 qua:
611 4836 925 4893 relationem
955 4838 1156 4894 habent
1188 4839 1256 4893 ad
1294 4848 1624 4903 creaturam,
1658 4854 1759 4893 nec
1802 4846 1931 4893 sunt
1979 4838 2033 4892 iu

462 4928 580 4998 ipso
619 4929 758 4995 Deo;
788 4932 880 4985 sed
910 4932 991 4987 sic
1030 4942 1113 4986 est
1142 4932 1361 4987 dilectio
1389 4946 1453 4986 ac
1482 4931 1744 4997 Charitas,
1764 4930 1910 5000 quod
1942 4944 2033 4984 re-

460 5021 568 5075 late
596 5014 860 5091 proé'edit.
887 5024 964 5078 Ac
994 5023 1139 5079 sicut
1171 5026 1395 5080 verbum
1431 5039 1497 5078 ex
1531 5033 1712 5078 mente
1742 5022 1909 5077 relate
1946 5020 2031 5074 di-

457 5113 599 5169 citur
631 5132 647 5181 ;
675 5130 1007 5184 quamquam
1034 5117 1254 5172 verbum
1289 5133 1383 5172 seu
1416 5131 1596 5170 sermo
1623 5115 1688 5169 de
1749 5122 1862 5168 toto
1924 5113 2032 5167 Deo

460 5207 832 5263 communiter
852 5219 905 5262 et
927 5208 1175 5263 absolute
1204 5210 1419 5264 dicatur
1459 5225 1474 5262 :
1499 5207 1660 5261 etiam
1690 5205 1915 5260 dilectio
1970 5219 2034 5259 ac

462 5301 699 5355 cliaritas
761 5300 986 5356 dicitur.
1022 5320 1040 5352 ι
1089 5301 1229 5354 Dens
1293 5301 1463 5367 enim,
1526 5299 1736 5368 inquit,
1797 5297 2035 5350 cliaritas

460 5396 629 5450 est“.
678 5414 696 5447 ι
733 5393 958 5464 Proprie
987 5402 1167 5448 tamen
1199 5407 1262 5448 ac
1284 5394 1473 5457 relate,
1511 5388 1825 5446 alterumde
1875 5386 2036 5443 Patre

457 5486 683 5550 dicitur,
712 5501 905 5555 nempe
921 5499 1114 5551 mens;
1141 5483 1371 5539 alterum
1399 5484 1465 5538 de
1482 5482 1643 5547 Filio,
1664 5480 1873 5537 scilicet
1898 5478 2030 5535 Ver-

541 5667 585 5700 ³⁸
616 5667 635 5723 1
662 5666 824 5724 Joan.
859 5684 933 5733 Iv,
963 5667 1018 5721 5.

536 5851 651 5924 (ιθ)
685 5849 822 5904 Dial.
858 5864 877 5906 ι
906 5848 1000 5920 qui
1031 5840 1083 5903 ει
1108 5847 1411 5904 Athanasio
1446 5845 1726 5901 tribuitur.

2135 4734 2166 4804 ἢ
2193 4735 2225 4803 ἡ
2251 4730 2713 4799 παντοκρατορία,
2742 4728 2775 4799 ἢ
2813 4728 2846 4797 ἡ
2888 4728 3137 4798 πρόνοια,
3174 4726 3209 4779 ἀ
3236 4726 3373 4795 πρὸς
3408 4724 3502 4793 τὴν
3523 4720 3678 4773 κτίσιν

2130 4825 2230 4896 τὴν
2262 4822 2543 4891 ἀναφορὰν
2574 4821 2779 4889 ἔχουσι,
2802 4820 2895 4871 καὶ
2916 4819 3016 4871 οὐκ
3044 4815 3130 4869 ἐπ’
3156 4816 3324 4870 αὑτοῦ
3343 4830 3359 4847 ο
3393 4813 3501 4867 ἀλλ’
3526 4811 3676 4867 οὕτως

2132 4916 2282 4969 ἐστὶν
2326 4913 2542 4983 Ἀγάπη
2586 4912 2647 4964 τὸ
2690 4910 3131 4982 ἐκπορευόμενον
3170 4904 3549 4978 ἀναφορικῶςσ
3597 4905 3677 4953 καὶ

2132 5008 2322 5076 ὥσπερ
2350 5009 2379 5059 ό
2406 5004 2564 5072 λόγος
2618 5004 2683 5057 ἐκ
2709 5002 2803 5057 νοῦ
2856 5003 3207 5070 ἀναφορικῶς
3252 5002 3490 5066 λᾶγεται,
3519 4994 3675 5048 καίτοι

2131 5100 2226 5154 τοῦ
2281 5100 2406 5152 ὅλου
2464 5095 2602 5149 Θεοῦ
2659 5095 2859 5157 κοινῶς
2911 5096 3006 5147 καὶ
3066 5092 3481 5159 ἀπολελυμένως
3535 5084 3673 5147 λόγου

2132 5194 2427 5263 λεγομένου
2466 5190 2562 5269 κα).
2597 5188 2726 5242 νοῦ’
2769 5188 2862 5240 καὶ
2920 5185 3137 5254 Ἀγάπη
3189 5183 3247 5236 δὲ
3291 5183 3522 5249 λέγεται.
3552 5193 3586 5269 ᾔ(
3625 5172 3673 5222 '0

2133 5286 2243 5357 γάρ
2275 5285 2432 5349 Θεὸς,
2478 5301 2497 5335 ι
2541 5267 2735 5357 φησὶν,
2783 5298 2802 5332 ι
2855 5278 3067 5347 Ἀγάπη
3102 5275 3270 5329 ἐστίν.
3318 5293 3337 5325 ι
3387 5270 3518 5325 Ἀλλ’
3546 5267 3674 5332 ὅμως

2138 5355 2284 5442 ίδίως
2314 5378 2408 5431 καὶ
2440 5355 2792 5444 ἀναιὲορικῶς
2810 5370 2874 5425 τὸ
2903 5371 3002 5441 μὲν
3029 5369 3120 5422 ἐπὶ
3148 5368 3240 5420 τοῦ
3264 5363 3473 5435 Πατρός
3496 5362 3671 5417 κεῖται,

2133 5472 2195 5528 τδ
2246 5469 2413 5537 Νοῦς,
2459 5467 2521 5522 τὸ
2550 5465 2606 5520 δέ
2659 5464 2831 5534 Λόγος
2859 5463 2953 5517 ἐπὶ
2995 5459 3092 5515 τοῦ
3125 5457 3279 5514 Υίοῦ·
3309 5458 3342 5529 ἠ
3370 5456 3425 5510 δέ
3462 5450 3671 5521 ’Λγάπην
