3872 6542
223 363 309 423 fJ'S
1141 360 1239 420 DE
1280 357 1709 422 PlithTii’IES
1747 357 1953 415 FSUEI
1998 356 2474 417 CATHOLICJ‘I.

3332 350 3439 417 £68

225 482 409 547 ἔχοντα,
463 477 555 527 καὶ
612 474 789 527 ιλείων
813 474 878 527 τὰ
911 475 1194 543 σπλάγχνα
1231 472 1524 527 αὖτοῦ-ἀπ’
1565 469 1751 532 αὐτοῦ,

1874 469 2083 525 Fratrem
2115 487 2273 525 suum
2327 470 2710 526 neccssitatcm
2748 470 2968 534 haltere,
3012 468 3322 533 clauditquc
3353 467 3439 520 vi-

220 563 313 633 έῶς
342 572 370 637 ἠ
397 570 576 636 ἀγάπη
625 568 711 621 τοῦ
734 567 871 621 Θεοῦ
926 570 1078 636 μενεῖ
1117 569 1174 619 ἐν
1203 568 1349 635 αὐτῷ
1376 583 1390 625 ς
1429 585 1445 618 ι
1483 564 1655 616 Τοῦτο
1674 563 1754 615 -δὲ

214 663 291 713 ἐπὶ
315 658 398 709 τοῦ
433 658 569 711 Θεοῦ
612 659 846 728 μάλιστα
905 659 1067 711 τόπον
1098 658 1235 727 ἔχει,
1280 651 1344 712 οῦ
1375 658 1433 709 τὸ
1469 655 1756 725 βούλεσθαι

210 750 571 818 ἐνεργέστατον
601 753 735 821 πρὸς
756 751 816 804 τὸ
847 754 1022 804 ποιεῖν
1041 766 1056 780 ο
1090 751 1185 803 καὶ
1229 749 1316 801 διὰ
1344 748 1504 802 τοῦτο
1531 746 1756 807 εἰκότως

209 846 361 895 πάντα
389 843 456 895 τὰ
479 843 576 895 τοῦ
604 844 741 896 Θεοῦ
785 843 1107 913 χαρίσματα
1133 843 1221 895 διὰ
1252 841 1389 894 Πνεύ
1401 857 1568 910 ματος
1597 841 1754 908 ἁγίου

103 967 118 980 .
206 936 426 999 λέγονται
450 932 717 998 δίδοσθαι,
750 935 826 998 ὡς
855 937 882 988 ό
919 934 1247 995 ’Λπόστολος
1274 932 1447 1002 φησί·
1485 951 1503 983 ι
1541 931 1755 985 Aliam

204 1022 276 1073 διὰ
293 1021 609 1088 ῘΙνεύματος
631 1022 785 1089 λόγος
810 1022 1002 1092 σοφίας
1021 1039 1035 1053 ·
1066 1022 1210 1093 ἄλλῳ
1227 1022 1284 1076 δὲ
1314 1022 1472 1089 λόγος
1500 1019 1757 1088 γνώσεως

205 1113 323 1167 κατὰ
376 1112 436 1164 rb
489 1114 630 1168 αὑτὸ
660 1114 907 1185 Πνεῦμα.
957 1136 971 1167 ι
1017 1116 1124 1169 Kal.
1164 1115 1298 1183 μετὰ
1326 1113 1492 1166 ταῦτα
1545 1110 1756 1167 πολλῶν

202 1204 701 1274 ἀπαριθμηθέντων,
728 1224 747 1258 ι
778 1205 966 1259 Ταῦτα
994 1207 1188 1270 πάντα,
1225 1224 1242 1257 ι
1267 1206 1451 1276 φησὶν,
1491 1224 1510 1257 ι
1543 1205 1759 1276 ἐνεργεῖ

201 1296 249 1346 τὸ
270 1292 325 1348 ἓν
350 1295 442 1347 καὶ
478 1294 543 1348 τδ
574 1295 709 1349 αὐτὸ
749 1295 970 1365 Πνεῦμα
994 1337 1009 1362 ,
1046 1294 1292 1364 διαιροῦν
1321 1295 1540 1367 ἑκάστῳ
1574 1295 1758 1359 καθὼς

201 1384 450 1452 βούλεται.
482 1404 501 1436 ι

260 1475 361 1527 Καὶ
387 1474 549 1530 τοῦτο
574 1475 633 1529 δὲ
686 1475 1137 1550 ὑπερϐαλλούσης
1168 1479 1394 1547 ἀγάπης
1426 1480 1753 1548 τεκμήριον,

199 1566 250 1615 τὸ
271 1564 444 1632 ζητεῖν
474 1567 592 1630 τοῖς
618 1567 796 1635 φίλοις
828 1568 963 1637 ὁμοῦ
983 1569 1284 1640 διατρίΰειν
1307 1572 1398 1622 τὸν
1430 1570 1586 1639 φίλον
1614 1588 1630 1604 ο
1666 1572 1761 1625 καὶ

202 1658 378 1718 αὐτοὺς
399 1657 620 1731 χαίρειν
649 1662 708 1713 ὲν
739 1665 860 1724 ταῖς
886 1665 1093 1725 κοιναῖς
1120 1663 1433 1727 συνουσίαις
1455 1679 1468 1693 ⁸
1508 1664 1603 1717 καὶ
1623 1663 1760 1726 ὅλως

200 1751 286 1799 οὐκ
325 1749 620 1817 ἀνέχεσθαι
671 1751 1080 1821 χωριζομένους
1107 1752 1376 1824 ἀλλήλων.
1448 1755 1511 1807 'H
1538 1754 1595 1808 δὲ
1620 1754 1760 1824 μετὰ

201 1839 279 1892 τοῦ
303 1840 433 1893 Θεοῦ
457 1842 570 1896 τῶν
603 1842 912 1913 ἀνθρώπων
944 1844 1196 1917 διατριϐὴ
1218 1846 1309 1900 διὰ
1337 1847 1438 1916 τῆς
1466 1847 1633 1901 αὑτοῦ
1663 1866 1759 1901 πε-

205 1931 450 1996 ριγίνεται
475 1931 738 2002 θεωρίας,
771 1932 845 1997 ὣς
877 1951 1044 2003 φησιν
1065 1938 1093 1989 ό
1127 1937 1470 2002 Ἀπόστολος,
1507 1957 1527 1991 ι
1569 1937 1761 2010 Ἠμῶν

197 2024 251 2073 τὸ
271 2023 567 2094 πολίτευμα
594 2029 654 2079 ὲν
679 2026 930 2096 οὐρανοῖς
959 2029 1218 2100 ὑπάρχει.
1249 2049 1268 2083 ι
1314 2031 1471 2085 Ἐπεὶ
1495 2031 1677 2085 τοίνυν
1701 2033 1763 2084 τὸ

206 2112 408 2183 Πνεῦμα
466 2116 528 2167 τὸ
580 2116 741 2183 ἅγιον
795 2117 1033 2186 ἐραστὰς
1079 2120 1228 2188 ἡμᾶς
1284 2122 1432 2175 ποιεῖ
1460 2121 1558 2174 τοῦ
1603 2120 1763 2184 Θεοῦ,

203 2204 403 2266 εἰκότι-ις
438 2205 508 2258 δι’
531 2207 705 2260 αὐτοῦ
730 2210 825 2261 καὶ
850 2208 1046 2277 θεωροὶ
1076 2210 1170 2263 τοῦ
1191 2210 1327 2264 Θεοῦ
1351 2211 1761 2282 καθιστάμεθα.

206 2296 392 2350 Ὅθενό
426 2299 595 2362 αὐτὸς
619 2301 807 2372 φησὶν,
874 2319 891 2353 ι
936 2303 1129 2373 Ἡμεῖς
1149 2302 1207 2355 δὲ
1243 2303 1445 2367 πάντες
1492 2304 1766 2357 ἀνακεκα-

203 2389 447 2462 λυμμένῳ
475 2392 761 2464 προσώπῳ
782 2394 882 2466 τὴν
901 2394 1060 2463 δόξαν
1084 2398 1178 2449 τοῦ
1202 2397 1407 2466 Κυρίου
1460 2412 1765 2467 κατοπτρι-

208 2480 422 2550 ζόμενοι,
456 2486 540 2548 εἰς
567 2485 669 2556 τὴν
701 2487 877 2556 αὐτὴν
903 2487 1089 2541 εἰκόνα
1127 2484 1633 2558 μεταμορφούμεθα
1658 2487 1768 2541 ἀπὸ

207 2576 345 2646 δόξης
367 2578 447 2640 είς
482 2578 672 2643 δόξαν,
705 2578 958 2649 καθάπερ
997 2581 1104 2633 ἀπὸ
1129 2580 1339 2650 Κυρίου
1368 2580 1511 2633 Πνεύ
1523 2596 1712 2648 ματος.
1742 2598 1760 2631 ι

272 2670 415 2722 ’Βστι
465 2670 527 2724 δὲ
582 2671 764 2741 φιλίας
795 2672 926 2726 ὤιον
957 2673 1020 2726 τὸ
1047 2650 1141 2726 καλ.
1173 2673 1231 2725 ἐν
1254 2675 1322 2743 τῇ
1358 2672 1641 2742 παρουσίᾳ
1672 2671 1764 2724 τοῦ

209 2761 343 2826 ςΰου
370 2764 592 2835 χαίρειν
617 2766 711 2818 τὸν
741 2765 917 2833 φίλον,
968 2766 1064 2818 καὶ
1085 2767 1198 2828 τοῖς
1236 2762 1405 2817 αὐτοῦ
1435 2763 1617 2833 ἔργοις
1675 2763 1769 2817 καὶ

208 2854 367 2920 λόγοις
417 2857 696 2927 ἥδεσθαι·
742 2856 875 2929 παρ’
930 2856 1096 2910 αὑτοῦ
1150 2873 1210 2910 τε
1244 2856 1600 2928 παραμυθίαν
1633 2856 1769 2927 πρὸς

208 2949 363 3011 τείσας
386 2948 490 3013 τὰς
517 2951 839 3022 δυσχερείας
870 2951 1170 3022 εὑρίσκειν.
1202 2950 1366 3004 Ὅθεν
1403 2952 1459 3002 ὲν
1512 2952 1633 3013 ταῖς
1670 2948 1768 3001 λύ-

212 3056 323 3103 παις
360 3044 735 3114 παραμυθίας
764 3043 927 3096 ’ἑνεκα
958 3048 1095 3114 πρὸς
1117 3043 1247 3106 τοὺς
1291 3042 1480 3111 φίλους
1535 3041 1769 3112 μάλιστα

210 3133 636 3204 καταφεύγομεν.
679 3134 834 3189 Ἐπεὶ
856 3135 1034 3188 τοίνυν
1056 3136 1116 3186 τὺ
1150 3131 1375 3204 Πνεῦμα
1407 3135 1467 3187 τὸ
1489 3134 1644 3202 ἅγιον
1680 3132 1770 3201 φί-

209 3222 317 3286 λους
362 3227 516 3294 ἡμᾶς
552 3225 844 3296 καθίστησι
880 3224 976 3279 τοῦ
1013 3225 1171 3289 Θεοῦ,
1231 3226 1328 3280 καὶ
1364 3227 1525 3280 αὐτὸν
1550 3226 1606 3280 ἐν
1634 3228 1768 3296 ἡμῖν

213 3318 293 3367 ναὶ
316 3318 462 3387 ἡμᾶς
493 3323 552 3372 ἐν
581 3307 727 3390 αὐτῷ
755 3321 902 3373 ποιεῖ
928 3323 1228 3383 κατοικεῖν,
1264 3321 1339 3383 ὡς
1378 3318 1770 3389 προαποδεδειι-

212 3428 350 3464 κται·
378 3413 533 3478 εἰκός
558 3414 671 3466 ἔστι
694 3413 761 3466 δι’
792 3412 958 3467 αὑτοῦ
985 3412 1328 3481 εὐφροσύνην
1357 3414 1506 3483 ἡμᾶς
1527 3412 1622 3465 καὶ
1660 3428 1768 3463 πα-

218 3503 470 3575 ράκλησιν
521 3504 826 3574 λαμϐάνειν
856 3503 1007 3575 παρὰ
1036 3503 1172 3558 Θεοῦ
1205 3504 1338 3574 πρὸς
1366 3504 1547 3565 πάσας
1577 3504 1676 3565 τὰς
1706 3505 1770 3556 ὲκ

213 3593 292 3647 τοῦ
319 3596 526 3667 κόσμου
556 3597 843 3660 δυσκολίας
870 3598 965 3650 καὶ
996 3597 1196 3667 μάχας.
1232 3594 1395 3649 Ὅθεν
1431 3597 1526 3648 καὶ
1553 3598 1581 3649 ό
1616 3594 1771 3649 Ψαλ-

221 3687 372 3755 μῳόδς
399 3688 582 3756 λέγει,
616 3706 635 3740 ι
686 3688 904 3750 Ἀπίδος
932 3705 1028 3758 μοι
1047 3688 1146 3759 τὴν
1177 3687 1503 3755 ἁγαλλίασιν
1538 3688 1632 3740 τοῦ
1668 3705 1774 3740 σω-

216 3781 384 3851 τηρίου
414 3799 537 3845 σου,
568 3783 664 3835 καὶ
702 3767 980 3852 Πνεῦματι
1012 3781 1322 3851 ἡγεμονικῷ
1354 3780 1605 3851 στήριξόν
1633 3796 1721 3850 με.
1749 3799 1766 3831 ι

222 3872 359 3924 Καὶὸ
427 3871 775 3933 Ἀπόστολος,
834 3889 851 3921 ι
903 3872 969 3931 Ἠ
997 3869 1246 3941 βασιλεία
1275 3869 1369 3924 τοῦ
1405 3871 1539 3922 Θεοῦ
1569 3872 1777 3925 δικαιο-

221 3961 337 4029 σύνη
361 3963 461 4015 καὶ
492 3962 684 4032 εἰρήνη
712 3960 805 4013 xii
838 3962 983 4031 χαρά
1022 3962 1079 4013 ὲν
1112 3961 1391 4032 Πνεύματι
1421 3961 1580 4032 ἁγίῳ.
1618 3982 1636 4014 ι
1667 3965 1777 4017 Καὶ

221 4053 397 4118 iani;
450 4054 688 4125 Ιιράξεσι
749 4054 856 4106 τῶν
909 4053 1220 4106 ἀποστόλων
1269 4053 1487 4122 λέγεται
1519 4055 1774 4125 περὶτῆς

230 4143 565 4216 Ἐκκλησίας,
639 4165 657 4198 ι
725 4147 1067 4217 ᾩκοδομεϊτο
1116 4147 1463 4216 πορευομένη
1521 4145 1579 4197 ὲν
1625 4146 1776 4218 φόόῳ

223 4234 357 4302 Θεοῦ,
390 4238 612 4307 καὶτῆς
647 4240 1043 4309 παρακλήσεως
1089 4240 1180 4292 τοῦ
1236 4238 1393 4303 ἁγίου
1459 4240 1776 4309 Πνεύματος

222 4327 529 4400 ἐπληροῦτο.
565 4349 583 4380 ι
627 4332 724 4381 Διὰ
744 4329 899 4381 τοῦτο
928 4334 1019 4382 καὶ
1040 4330 1082 4383 ιό
1105 4329 1311 4401 Κύριος
1345 4331 1404 4384 τὸ
1431 4330 1661 4402 Πνεῦμα
1714 4332 1777 4384 τὸ

222 4418 353 4486 ἅγιον
388 4420 736 4491 Παρήγορον
772 4421 1054 4492 ὀνομάζει.

1861 580 2011 617 scera
2036 579 2133 617 sua
2170 564 2238 619 ab
2272 578 2357 628 eo,
2393 562 2670 631 quomodo
2705 561 2944 616 mancliit
2973 561 3217 615 Charitas
3260 560 3348 613 llci
3383 560 3436 612 iu

1860 655 1951 707 illo
1982 654 2069 706 7'?
2107 673 2123 705 ι
2158 655 2321 724 quue
2353 656 2405 707 in
2442 655 2550 708 Deo
2583 655 2819 708 maxime
2845 655 3022 708 locum
3055 653 3233 713 habet.
3268 652 3428 722 citius

1858 747 1996 800 velle
2018 757 2076 799 ut
2109 745 2275 801 faciat
2315 747 2755 802 eﬁicacissimum
2795 757 2900 802 est.
2935 748 3177 811 Eamque
3211 746 3280 799 ob
3325 759 3437 799 rem

1859 837 2003 890 haud
2049 836 2328 890 immerito
2366 852 2394 890 a
2451 838 2559 891 Deo
2604 839 2789 892 omnia
2842 839 2988 891 dona
3021 837 3138 890 dari
3183 836 3441 888 dicuntur

1858 942 1953 996 per
1995 928 2257 997 Spiritum
2284 939 2560 994 sanctum,
2598 931 2674 984 uti
2715 929 3013 998 Apostolus
3044 930 3119 983 ait
3152 944 3166 981 :
3211 946 3229 977 ι
3272 927 3441 980 Datur

1860 1034 1954 1088 per
2014 1018 2275 1091 Spiritum
2336 1036 2516 1077 sermo
2575 1021 2893 1090 sapientitc;
2940 1020 3032 1073 alii
3081 1032 3211 1074 vero
3256 1031 3441 1071 sermo

1858 1109 2099 1166 scientiae
2129 1113 2431 1166 secundum
2465 1111 2719 1166 eumdem
2757 1111 3022 1180 Spiritum
3048 1110 3117 1164 ’⁸.
3154 1128 3171 1160 ι
3208 1109 3440 1163 Postea-

1861 1215 1967 1271 que
2014 1201 2201 1258 multis
2254 1202 2636 1257 eiiutneratis:
2698 1219 2717 1253 ι
2781 1199 2908 1255 ﬂzcc
2965 1199 3170 1261 omnia.
3231 1198 3440 1267 inquit,
3512 1248 3519 1253 _

1863 1304 2124 1363 operatur
2157 1302 2493 1362 uuusatque
2541 1293 2683 1348 idem
2729 1291 2992 1361 Spiritus,
3027 1289 3278 1343 dividens
3326 1288 3443 1342 siu-

1860 1383 1999 1452 gnlis
2024 1393 2185 1451 prout
2215 1384 2329 1437 vult
2353 1383 2424 1438 ⁸³.
2473 1402 2491 1433 ι

1932 1474 2074 1540 Quin
2116 1476 2217 1529 hoc
2253 1489 2475 1544 quoque
2519 1475 2732 1530 eximia:
2768 1474 3054 1529 eltaritatis
3105 1481 3315 1531 certum
3357 1470 3442 1525 in-

1861 1564 2065 1619 dicium
2098 1574 2201 1628 est,
2241 1575 2297 1618 ut
2329 1565 2545 1619 amicus
2580 1580 2702 1620 cum
2734 1566 2911 1619 antico
2955 1566 3164 1618 versari
3208 1570 3441 1633 quaerat,

1862 1670 1924 1709 ac
1948 1664 2137 1708 mutuo
2163 1655 2502 1709 delertontur
2530 1670 2824 1727 congressu
2845 1694 2861 1719 ,
2900 1670 3001 1710 nec
3034 1668 3260 1723 prorsus
3298 1654 3441 1707 alius

1863 1747 1929 1801 ab
1965 1746 2070 1801 alio
2120 1750 2361 1816 separati
2410 1748 2701 1804 sustineat.
2750 1748 2903 1813 Quod
2957 1755 3140 1802 autem
3193 1745 3443 1802 homines

1862 1854 1984 1893 cum
2030 1839 2140 1894 Deo
2176 1851 2482 1905 versentur,
2518 1857 2615 1910 per
2651 1841 2798 1895 illius
2829 1841 3060 1910 obtingit
3107 1837 3444 1905 contempla-

1864 1931 2089 1996 tionem,
2136 1933 2279 1988 sicut
2308 1933 2383 1987 ait
2422 1933 2758 2003 Apostolus:
2799 1951 2817 1984 ι
2858 1933 3055 1989 Nostra
3094 1943 3273 1988 autem
3308 1947 3444 1985 eon-

1864 2026 2100 2080 versatio
2130 2027 2182 2080 in
2225 2027 2382 2082 oretis
2413 2036 2497 2082 est
2545 2026 2612 2081 δ’.
2651 2046 2669 2079 ι
2711 2025 3003 2096 Quiaergo
3052 2025 3286 2096 Spiritus
3313 2038 3445 2078 sano

1864 2128 1985 2173 ctus
2021 2127 2248 2188 przestat
2294 2127 2353 2173 ut
2404 2116 2498 2173 Dei
2553 2125 2830 2174 amatores
2874 2119 3069 2184 simus,
3113 2118 3311 2172 merito
3352 2132 3461 2185 per.

1864 2226 1989 2267 eum
2019 2212 2180 2265 etiam
2211 2211 2315 2266 hoc
2360 2212 2755 2276 nanciscimur,
2790 2220 2850 2267 ut
2895 2211 3063 2267 Deum
3099 2212 3449 2281 contemple-

1868 2319 2010 2359 mur.
2039 2301 2192 2358 Uude
2221 2302 2295 2356 ait
2326 2301 2467 2356 idem
2501 2303 2794 2372 Apostolus
2827 2321 2839 2356 :
2869 2304 2979 2359 Nos
3006 2313 3183 2358 autem
3208 2304 3447 2358 revelata

1868 2396 2028 2457 facie,
2063 2394 2292 2463 gloriam
2336 2392 2550 2449 Domini
2582 2394 2741 2463 quasi
2771 2411 2835 2449 ex
2874 2396 3099 2469 speculo
3144 2410 3451 2464 repraesen-

1870 2498 2065 2551 tantes.
2109 2488 2161 2540 in
2190 2490 2437 2545 eamdem
2470 2488 2760 2560 imaginem
2792 2487 3252 2543 transformamur
3280 2503 3309 2542 a
3338 2488 3451 2540 cla-

1869 2590 2028 2643 ritate
2072 2589 2125 2642 in
2174 2588 2503 2649 claritatem,
2532 2582 2690 2654 quasi
2727 2598 2756 2636 a
2807 2581 3023 2636 Domini
3074 2581 3284 2650 Spiritu
3315 2581 3380 2635 ⁸⁸.
3428 2599 3447 2632 ι

1942 2676 2396 2732 Porroamicitiae
2429 2676 2711 2747 proprium
2742 2683 2847 2739 est,
2877 2683 2936 2727 ut
2963 2680 3016 2727 et
3047 2673 3260 2728 amicus
3290 2673 3450 2726 amici

1873 2772 2158 2842 praesentia
2186 2770 2439 2840 gaudeat,
2469 2769 2700 2839 ejusque
2735 2776 2787 2822 et
2822 2766 2981 2822 factis
3010 2774 3060 2821 et
3101 2765 3264 2821 dictis
3303 2765 3451 2820 dele-

1872 2874 2088 2930 ctetur;
2130 2874 2292 2933 atque
2340 2864 2407 2918 ab
2463 2878 2548 2926 eo,
2585 2859 2844 2932 quicquid
2900 2858 3114 2914 molesti
3170 2857 3452 2914 acciderit.

1873 2956 2300 3014 consolationem
2349 2965 2511 3025 atque
2569 2956 2816 3008 leianieu
2880 2953 3143 3007 inveniat.
3199 2951 3450 3022 llincque

1873 3051 2009 3105 adeo
2043 3060 2146 3114 est,
2195 3058 2256 3103 ut
2305 3063 2427 3103 cum
2458 3062 2604 3119 aegro
2641 3046 2824 3101 animo
2857 3062 3069 3109 sumus,
3132 3048 3198 3100 ad
3244 3047 3455 3101 amicos

1874 3142 2128 3208 maxime,
2162 3141 2375 3196 levandi
2408 3142 2664 3196 mmroris
2699 3154 2857 3194 causa
2880 3137 3285 3208 confugiamus.
3315 3138 3452 3205 Quia

1876 3233 2041 3303 igitur
2084 3231 2325 3305 Spiritus
2376 3240 2598 3287 sanctus
2629 3230 2839 3284 amiros
2871 3231 2959 3283 Dei
3010 3246 3111 3287 nos
3146 3229 3451 3291 constituit.
3480 3252 3495 3263 ’

1876 3325 2166 3397 ipsumque
2193 3324 2246 3377 in
2284 3323 2461 3386 nobis,
2501 3338 2565 3378 ac
2600 3338 2700 3378 nos
2724 3323 2776 3376 in
2807 3322 2901 3376 il'lo
2936 3323 3183 3376 habitare
3215 3321 3363 3386 facit,
3395 3331 3454 3374 ut

1877 3416 1928 3469 iu
1966 3416 2340 3484 superioribus
2390 3423 2667 3470 ostensum
2720 3423 2826 3478 est,
2854 3431 2949 3485 par
2974 3427 3057 3470 cst
3084 3426 3141 3469 ut
3181 3415 3298 3484 ejus
3332 3430 3453 3468 mu-

1876 3521 2005 3560 nere
2028 3505 2267 3589 la'titia’m
2281 3521 2343 3560 ac
2376 3506 2803 3561 consolationem
2828 3509 3093 3563 adversus
3125 3508 3308 3562 εειςιιΙὶ
3336 3523 3455 3560 mo-

1876 3598 2063 3653 lestias
2086 3612 2275 3652 omnes
2304 3612 2619 3668 pugnasque
2644 3614 2673 3652 a
2703 3597 2813 3653 Deo
2840 3613 3260 3668 consequamur.
3300 3597 3456 3653 Unde

1876 3695 2039 3746 ctiam
2092 3690 2169 3745 ait
2211 3689 2503 3744 Psalmista
2545 3709 2557 3744 :
2594 3707 2612 3741 ι
2652 3688 2836 3745 Redde
2865 3690 2995 3744 mihi
3027 3691 3449 3745 exsultationem

1879 3785 2138 3841 salutaris
2166 3783 2270 3848 tui,
2298 3791 2352 3839 ct
2380 3782 2592 3852 Spiritu
2620 3782 2908 3853 principali
2937 3782 3201 3839 conﬁrma
3229 3799 3314 3837 me
3345 3780 3452 3836 ⁸⁵.»

1878 3877 2171 3947 Apostolus
2189 3891 2409 3946 quoque
2436 3894 2449 3929 :
2479 3866 2757 3946 tRegttum
2785 3877 2875 3930 Dei
2912 3885 2995 3930 est
3027 3878 3237 3946 iustitia
3270 3886 3319 3930 et
3352 3891 3457 3946 pax

1879 3979 1930 4022 et
1961 3969 2214 4036 gaudium
2252 3971 2303 4022 in
2335 3967 2541 4037 Spiritu
2577 3979 2767 4023 sancto
2796 3970 2864 4025 ⁸⁵.
2898 3989 2916 4020 ι
2952 3967 3195 4040 itemque
3223 3970 3276 4023 in
3309 3969 3459 4024 Actis

1879 4065 2257 4132 apostolorum
2293 4061 2496 4116 dicitur
2532 4062 2599 4116 de
2627 4061 2868 4117 Ecclesia
2911 4080 2924 4117 :
2970 4080 2986 4114 ι
3036 4062 3190 4129 Quod
3225 4050 3459 4116 aer-tilica-

1879 4154 2042 4208 batur
2100 4151 2391 4207 ambulans
2455 4153 2506 4205 in
2567 4154 2764 4207 timore
2820 4152 2937 4216 Dei,
2989 4162 3043 4206 et
3079 4153 3460 4207 consolatione

1882 4246 2118 4315 Spiritus
2149 4247 2323 4299 sancti
2364 4244 2673 4314 replebatur
2701 4245 2768 4296 °°.
2807 4264 2823 4296 ι
2854 4245 3030 4315 Atque
3068 4245 3120 4298 id
3166 4260 3348 4299 causa:
3377 4255 3459 4298 est

1879 4353 1977 4392 cur
2008 4348 2061 4391 et
2089 4335 2355 4390 Dominus
2409 4335 2673 4405 Spiritum
2709 4347 2959 4390 sanctum
3008 4345 3162 4390 vocet
3193 4334 3460 4389 Consola-

1879 4440 2051 4484 torem
2084 4428 2151 4481 ⁸⁷.

296 4513 449 4564 Ἀλλά
485 4514 588 4582 μὴν
616 4514 709 4567 καὶ
737 4513 796 4565 τὸ
830 4514 1018 4585 μηδενὶ
1052 4512 1412 4569 δεδουλῶσθαι
1445 4517 1594 4587 καὶὴ
1625 4517 1767 4571 ἐλευ-

1956 4522 2099 4589 Quin
2130 4533 2178 4576 et
2244 4523 2446 4576 nullius
2494 4522 2776 4576 servitutis
2811 4523 2941 4593 jugo
2993 4522 3161 4591 premi
3200 4532 3365 4592 atque
3398 4523 3461 4575 li-

225 4603 356 4674 ὓερία
399 4606 476 4669 ὡς
504 4608 757 4677 μέγιστον
789 4608 992 4675 ἀγαθὸν
1026 4610 1119 4660 καὶ
1165 4607 1530 4673 σπουδάζεται
1552 4610 1648 4660 καὶ
1682 4626 1773 4675 φι-

224 4696 395 4751 Lit-at.
459 4701 522 4752 Οί
579 4700 712 4768 γοῦν
744 4700 805 4753 οὐ
837 4701 990 4771 φόϐῳ
1023 4701 1320 4766 κολάσεως,
1354 4700 1775 4771 ὥσπερηδοῦλοι,

226 4789 341 4843 ἀλλὰ
374 4790 465 4844 διὰ
491 4790 589 4861 τὴν
611 4791 703 4845 τοῦ
731 4791 865 4846 Θεοῦ
891 4790 1111 4861 ἀγάπην
1136 4793 1232 4846 καὶ
1268 4793 1457 4863 φιλίαν
1484 4794 1777 4863 ἐπιμελού-

231 4897 361 4947 μενοι
396 4884 653 4955 ἀρέσκειν
699 4884 839 4958 Θεῷ,
869 4877 1014 4939 οὗτοί
1060 4887 1165 4937 εἰσι
1198 4886 1442 4957 μόνιμοι,
1475 4885 1777 4956 ἐλευθέρως

228 4968 308 5027 καὶ
346 4974 609 5039 ἑκουσίως
661 4977 794 5046 πρὸς
849 4977 982 5029 αὐτὸ
1014 4976 1374 5046 διακείμενοι,
1412 4977 1525 5030 ἀλλ’
1555 4980 1655 5049 οὐχ
1685 4979 1776 5031 ὐπ’

228 5066 451 5137 ἁνὰγκης
478 5068 511 5140 ἢ
540 5068 660 5137 βίας
690 5067 927 5136 τάγαθὸν
957 5068 1029 5132 ὡς
1052 5070 1225 5122 δοῦλοι
1257 5070 1614 5141 πράττοντες.
1670 5071 1779 5125 Kal.

228 5157 266 5206 οἱ
292 5158 524 5211 τοιοῦτοι
549 5161 657 5213 υἱοὶ
685 5162 780 5214 καὶ
807 5161 954 5229 φίλοι
992 5162 1128 5216 εἰσὶν
1154 5164 1296 5230 ἄξιοι
1349 5162 1633 5216 καλεῖσθαι
1686 5163 1778 5217 τοῦ

228 5249 364 5304 Θ;οῦ.
415 5251 481 5304 Ἡ
507 5249 638 5318 γοῦν
671 5252 941 5323 παντελὴς
963 5255 1060 5307 καὶ
1081 5258 1282 5319 παντὸς
1312 5255 1466 5313 δέους
1498 5255 1779 5327 ἀπηλλαγ-

232 5344 348 5414 μένη
397 5342 717 5415 ἐλευθερία,
754 5346 812 5398 ὲν
847 5338 881 5419 ᾗ
927 5348 1161 5417 μάλιστα
1198 5351 1293 5403 καὶ
1340 5350 1372 5416 ἡ
1406 5350 1500 5419 τῆς
1543 5350 1781 5421 ἀρχαίας

289 5523 331 5554 ⁷⁹
372 5522 573 5578 lJoau.
626 5541 706 5585 nl.
766 5526 855 5579 Π.
962 5526 1057 5578 "l
1103 5527 1229 5582 Cor.
1267 5488 1364 5587 xu.
1400 5530 1452 5585 8.

229 5588 281 5643 “.
319 5592 457 5652 i‘sal.
516 5611 568 5657 ι,
625 5596 703 5648 Η.

234 5800 303 5853 ιιι.

1574 5531 1614 5561 ⁸¹
1647 5530 1663 5584 l
1700 5528 1825 5584 Cor.
1864 5545 1958 5591 xit.
2002 5530 2089 5587 ll.

817 5596 862 5627 "
927 5595 1080 5674 Rom:
1146 5615 1254 5659 xw,
1312 5600 1394 5652 17.
1469 5603 1514 5634 ⁸⁸
1550 5600 1669 5653 Act.
1697 5615 1770 5662 Ix,
1798 5601 1887 5654 3|.
1963 5601 2006 5631 ⁸⁷
2040 5600 2199 5656 Joan.
2236 5618 2345 5666 xvt,
2376 5606 2425 5655 7.

1878 4617 2081 4675 bertas.
2109 4623 2369 4684 tanquam
2404 4618 2701 4668 maximum
2733 4615 2932 4668 bonum
2972 4625 3026 4668 ct
3069 4614 3301 4669 solicitis
3340 4615 3457 4667 nui-

1879 4708 1981 4761 ntis
2012 4708 2274 4775 quaaritur
2304 4716 2355 4760 ct
2396 4709 2703 4761 adamatur.
2736 4706 2840 4773 Qui
2876 4723 3005 4777 ergo
3053 4722 3158 4760 non
3197 4708 3453 4776 supplicii

1880 4810 2049 4861 metu,
2079 4809 2134 4853 ut
2166 4801 2331 4863 servi,
2364 4801 2455 4853 sed
2487 4801 2670 4852 divina
2699 4800 2970 4853 charitate
3010 4814 3074 4853 ac
3122 4816 3309 4852 amori:
3349 4798 3456 4851 Deo

1876 4878 2090 4960 placere
2121 4892 2359 4953 student,
2401 4892 2452 4944 lii
2505 4891 2872 4945 constantiam
2911 4901 3119 4955 tenent,
3155 4895 3245 4961 qui
3291 4892 3460 4945 libere

1881 4998 1945 5037 ac
1979 4997 2175 5052 sponte
2215 4983 2354 5037 bono
2386 4966 2718 5047 adlncrcant,
2745 4999 2843 5038 uec
2872 4985 2977 5038 ulla
3014 4989 3338 5043 necessitate
3365 4999 3461 5041 aut

1882 5074 1956 5138 vi,
1996 5088 2277 5128 servorum
2317 5089 2486 5138 more,
2519 5074 2650 5127 illud
2708 5087 3017 5132 exerceant.
3060 5081 3135 5133 Ac
3162 5079 3255 5148 qui
3312 5081 3458 5147 ejus-

1884 5166 2029 5220 modi
2094 5176 2244 5226 sunt,
2291 5183 2505 5234 alquum
2568 5180 2647 5222 εει
2691 5180 2747 5221 ut
2800 5171 2892 5223 lilii
2943 5187 3006 5224 ac
3035 5173 3196 5224 amici
3242 5171 3335 5224 Dei
3367 5187 3466 5222 au-

1884 5258 2056 5311 diant.
2090 5256 2253 5313 Plena
2275 5276 2425 5327 ergo,
2456 5262 2715 5330 omnique
2747 5273 2892 5316 metu
2918 5265 3091 5317 soluta
3128 5264 3351 5317 libertas
3384 5266 3461 5330 (in

1886 5366 1991 5420 qua
2045 5351 2207 5405 etiam
2269 5355 2502 5408 tnaximc
2562 5356 2798 5424 antiqua:
2852 5356 3103 5423 imaginis
3158 5357 3465 5427 ingenuitas

2202 5532 2245 5562 ⁸³
2277 5530 2514 5604 Philipp.
2551 5551 2630 5599 ιιι,
2665 5536 2752 5589 ΞΟ.
2866 5533 2911 5565 ⁸³
2949 5536 3010 5597 ll,
3054 5538 3180 5591 Cor.
3241 5553 3323 5600 ιιι,
3378 5539 3463 5591 18.

233 5743 325 5815 non
352 5731 467 5801 ipsa
495 5734 657 5787 verba
692 5742 747 5787 ut
771 5734 991 5803 legerat.
1041 5737 1129 5791 Sic
1162 5739 1409 5806 sequenti
1441 5742 1765 5795 auctoritate
1808 5739 2073 5796 omissum
2107 5743 2185 5808 τὸ,
2222 5742 2347 5815 ἰδίᾳ,
2387 5744 2529 5814 quod
2562 5754 2738 5799 tamen
2783 5745 2905 5801 aliis
2941 5747 3070 5803 locis
3143 5762 3251 5803 non
3297 5748 3464 5803 omit-
