3892 6538
371 1828 396 1837 υ
457 1816 635 1882 pilam
672 1816 783 1880 fiat,
826 1813 1091 1887 Spiritum
1153 1826 1405 1873 sanctum
1463 1832 1528 1871 ex
1564 1815 1674 1869 Deo
1731 1816 2026 1883 procedere

463 323 566 381 {6'7

1734 334 2122 393 MAXUELIS
2163 336 2465 396 (ΣΗ,Εᾶῐί

3621 341 3724 403 ἶ68

460 437 657 487 eiueutt
695 438 837 489 vefut
872 454 899 488 a
934 435 1115 489 divina
1153 438 1453 501 Ciiaritate.
1487 441 1554 493 ab
1592 440 1795 509 Spiritu
1841 451 2027 494 saneto

2137 442 2344 507 εἰκόνος
2370 445 2621 511 εὐγένεια
2652 444 3067 514 καταφαίνεται,
3098 446 3173 507 ὡς
3208 444 3368 514 παρὰ
3396 444 3550 509 θείας
3568 444 3724 515 Ἀγά-

462 529 753 595 przebetnr,
792 528 893 587 bis,
928 530 1020 595 qui
1081 544 1176 597 per
1215 530 1442 598 gratiam
1479 541 1537 585 ut
1573 530 1665 584 lilii
1712 529 1804 586 Dei
1842 533 1945 585 sint
1981 544 2034 585 et

460 620 710 674 dicantur
739 621 1016 674 consecuti
1044 632 1171 676 sunt
1204 638 1219 674 :
1257 622 1628 692 «Quicumque
1657 625 1824 687 enim,
1860 623 2035 691 inquit

465 710 685 768 Paulus.
718 710 920 780 Spiritu
967 711 1057 766 Dei
1087 723 1342 778 aguntur,
1379 716 1429 769 bi
1468 727 1595 770 sunt
1626 718 1718 771 lilii
1773 716 1864 770 Dei
1899 714 1966 768 ⁸⁸.
2007 734 2025 765 ι

465 823 484 856 ι
536 803 594 856 Et
654 818 918 857 rursum:
987 802 1087 859 Ubi
1145 803 1382 872 Spiritus
1439 808 1672 865 Domini.
1744 808 1813 861 ibi
1873 808 2034 861 iiber-

464 902 547 945 tas
577 893 645 945 θ’.
686 910 705 942 ι
742 893 807 947 Et
839 910 851 946 :
895 912 912 944 ι
955 892 1011 948 Si
1045 893 1252 965 Spiritu
1288 897 1576 963 tlucimini,
1618 913 1724 951 non
1752 899 1889 954 estis
1925 898 2030 950 sub

458 989 576 1054 lege
613 989 680 1043 ’°.
719 1010 738 1041 ι

531 1081 669 1137 ilinc
707 1092 792 1137 est
836 1083 1058 1150 etquod
1096 1083 1358 1155 Spiritus,
1401 1085 1583 1139 carnis
1613 1099 1780 1154 opera
1826 1083 2029 1139 dicitur

458 1176 811 1244 niortilicare,
864 1188 1139 1248 quatenus
1195 1194 1291 1248 per
1339 1179 1522 1233 carnis
1579 1179 1832 1232 libidines
1867 1186 2030 1246 atque

458 1266 587 1320 \itia
618 1282 649 1321 a
686 1283 816 1323 vero
852 1268 996 1323 bono
1026 1270 1351 1332 recedimus,
1377 1270 1442 1323 ad
1477 1268 1621 1340 quod
1660 1285 1757 1323 nos
1789 1267 2029 1337 Spiritus

459 1370 687 1415 sanctus
738 1370 835 1429 per
880 1361 1219 1415 Cbaritatem
1278 1361 1484 1428 dirigit,
1519 1360 1596 1414 uti
1634 1360 1930 1429 Apostolus
1958 1359 2024 1413 ad

458 1450 735 1507 Romanos
765 1452 972 1517 scribit,
1009 1471 1028 1505 ι
1065 1451 1125 1508 Si
1152 1450 1362 1522 Spiritu
1420 1468 1581 1521 opera
1622 1453 1804 1507 carnis
1839 1451 2029 1505 morti-

461 1543 755 1599 licaveritis
778 1583 794 1605 ,
827 1543 1021 1599 vivetis
1046 1543 1114 1598 “.
1157 1562 1174 1595 ι
1216 1543 1377 1597 Multa
1406 1557 1533 1597 vero
1566 1543 1728 1597 etiam
1762 1542 1863 1595 alia
1892 1555 2018 1610 pos-

457 1635 527 1688 sit
554 1635 676 1701 quis
712 1634 982 1700 invenire,
1012 1634 1212 1703 quibus
1241 1650 1403 1701 opera
1450 1633 1745 1689 Cbaritatis
1802 1632 2021 1701 proprie

459 1724 681 1791 Spiritui
719 1734 912 1781 saneto
941 1725 1345 1781 accommodari
1378 1734 1755 1789 monstretur;
1791 1734 1848 1778 ut
1897 1724 2025 1777 inde

459 1904 891 1972 utcbaritatem,
952 1907 1406 1975 quemadmodum
1443 1907 1613 1961 Filius
1668 1916 1727 1961 ut
1786 1905 2024 1960 Verbum

462 1997 672 2060 notitia,
704 2013 799 2052 Si‘u
849 2012 971 2049 cunt
1031 1998 1194 2052 ambo
1244 2013 1308 2052 ex
1355 1996 1536 2051 divina
1574 2005 1753 2052 mente
1782 2006 1834 2049 et
1869 1995 2027 2049 Patre

456 2089 829 2143 exsistentiam
860 2088 1115 2143 habeant.

524 2175 703 2246 Atque
730 2177 844 2231 luec
875 2178 1162 2233 hactenus.
1211 2178 1367 2232 Alius
1397 2193 1524 2231 vero
1551 2177 1773 2248 quidam
1809 2187 2029 2231 sancto-

454 2282 598 2331 rum,
637 2270 742 2322 hoc
768 2278 1038 2339 satagens,
1077 2278 1135 2323 ut
1169 2268 1341 2325 solum
1395 2272 1647 2326 unionem
1702 2286 1766 2326 ac
1836 2271 2030 2327 distin-

455 2358 697 2415 ctionem
768 2364 1039 2439 tantisper
1081 2361 1404 2426 declararet,
1436 2372 1544 2418 tres
1604 2362 1751 2419 faces
1779 2365 1923 2418 inter
1970 2379 2028 2418 sc

454 2452 689 2519 aequales
724 2440 1215 2525 atiinioeogitavit,
1240 2456 1296 2509 in
1326 2471 1430 2509 una
1469 2468 1727 2510 accensas
1759 2456 1943 2510 ilo-.no.
1969 2454 2027 2509 In

455 2559 519 2597 ea
551 2558 785 2613 namque
827 2544 988 2599 trium
1044 2544 1229 2599 iumen
1276 2552 1537 2614 tanquam
1576 2559 1641 2598 es
1689 2559 1821 2607 una,
1858 2559 2027 2597 unum

456 2634 863 2704 conspicimus;
898 2650 1114 2704 unaque
1160 2635 1398 2696 sublata,
1433 2635 1555 2704 ejus
1590 2635 1771 2689 lumen
1823 2636 1897 2689 illi
1938 2649 2031 2689 co—

454 2741 573 2779 mes
614 2726 880 2795 sequitur,
926 2741 1054 2780 cum
1094 2726 1206 2781 duo
1238 2726 1442 2794 reliqua
1478 2726 1681 2781 lumina
1730 2726 2027 2781 secundum

458 2833 522 2873 se
550 2832 649 2870 nec
679 2818 976 2886 quidquam
1011 2819 1328 2873 minuantur
1376 2834 1552 2886 neque
1580 2827 1904 2889 augeantur.
1935 2815 2030 2872 1ιί-

454 2921 584 2981 quet
639 2910 801 2979 igitur
830 2910 930 2963 tria
964 2914 1076 2963 haec
1120 2909 1283 2963 trium
1349 2909 1544 2964 facium
1579 2909 1806 2974 Iumina,
1846 2926 1967 2964 cum
1999 2926 2028 2965 a

455 3002 616 3057 nobis
652 3018 818 3056 unum
852 3000 1318 3068 conspicerentur,
1360 3000 1654 3055 secundum
1695 3015 1756 3054 se
1793 2998 2027 3056 discreta

2057 1791 2097 1843 Β

2135 548 2266 601 πης,
2325 533 2421 587 τοῦ
2455 534 2612 601 ἁγίου
2664 533 3004 605 Πνεὺματος,
3044 534 3257 588 δίδπαι
3291 538 3412 594 τοῖς
3443 535 3542 602 τῆς
3575 537 3723 600 θείας

2132 622 2377 691 υίότητος
2398 626 2537 678 κατά
2566 625 2726 695 χάριν
2747 624 3078 692 ἀξιωθεῖσιν.
3114 644 3132 677 ι
3170 627 3345 678 Ὅσοι
3371 625 3506 694 γὰρ,
3547 644 3568 678 ι
3593 628 3726 695 φησι

2135 714 2367 779 Παῦλος.
2406 736 2426 769 ι
2464 717 2742 786 Πνεὺματι
2782 718 2920 774 Θεοῦ
2942 718 3189 786 ἄγονται,
3218 709 3381 771 οὗτοί
3432 720 3576 770 εἰσιν
3623 720 3726 773 υἱοὶ

2132 806 2291 861 Θεοῦ.
2324 827 2341 858 ι
2385 809 2496 861 Καὶ
2524 809 2707 874 πάλιν,
2739 827 2757 858 ι
2791 810 2968 862 Ὅπου
2993 810 3054 862 τὺ
3077 809 3319 879 Πνεῦμα
3349 809 3590 877 Κυρίου,
3611 811 3727 863 ἐκεῐ

2132 895 2440 964 ἐλευθερία.
2479 914 2497 947 ι
2537 896 2665 960 Καὶ,
2706 916 2727 949 ι
2768 898 2827 953 Εἰ
2871 897 3149 969 Πνεὺματι
3189 896 3431 969 ἄγεσθε,
3460 898 3566 952 οὐκ
3603 898 3721 952 ἐστὲ

2134 986 2238 1039 ὑπὸ
2270 987 2452 1055 νόμον.
2491 1007 2511 1040 ι
3220 1026 3223 1027 ν

2216 1076 2497 1135 Ἐντεῦθεν
2520 1081 2641 1134 ἐστὶ
2679 1082 2739 1134 τὸ
2766 1082 2860 1136 καὶ
2889 1081 2956 1135 τὰ
3005 1081 3104 1151 τῆς
3140 1082 3361 1152 σαρκὸς
3381 1080 3529 1151 ἔργα
3562 1080 3719 1135 θανα-

2129 1169 2256 1223 τοῦν
2278 1171 2337 1224 τὸ
2362 1171 2585 1244 Πνεῦμα
2611 1173 2887 1241 λέγεσθαι,
2912 1173 3101 1228 καθότι
3128 1174 3224 1226 διὰ
3258 1174 3376 1225 τῶν
3411 1172 3605 1225 παθῶν
3629 1172 3722 1240 τῆς

2132 1263 2333 1332 σαρκὸς
2366 1263 2761 1335 ἀποχωροῦμεν
2795 1267 2859 1318 ἐκ
2901 1264 2995 1318 τοῦ
3026 1264 3251 1334 ἀληθῶς
3306 1262 3551 1330 ἀγαθοῦ,
3589 1264 3717 1332 sipo;

2129 1356 2157 1409 ὃ
2188 1356 2256 1409 δι’
2282 1356 2505 1425 ἀγάπης
2526 1358 2673 1425 ἡμᾶς
2706 1356 2767 1409 τὸ
2794 1355 3019 1427 Πνεῦμα
3049 1356 3108 1408 τὸ
3150 1355 3321 1423 ἀγιον
3349 1356 3569 1418 τάττει,
3597 1355 3670 1416 ὼς
3695 1358 3721 1408 ὁ

2142 1446 2464 1508 Ἀπόστολος
2485 1447 2619 1516 πρὸς
2653 1448 2980 1517 Ῥωμαίους,
3013 1467 3031 1499 ι
3069 1448 3130 1500 Ei
3163 1446 3463 1515 Πνεὺματι
3490 1446 3556 1498 τὰ
3587 1444 3719 1515 ἔργα

2129 1538 2228 1608 τῆς
2263 1538 2462 1609 σαρκὸς
2489 1536 2849 1609 ὲνεκρὼσατε,
2878 1540 3133 1609 ζήσεσθε.
3181 1559 3200 1591 ι
3258 1538 3446 1592 Πολλά
3474 1537 3522 1589 δ’
3548 1539 3613 1592 ἀν
3640 1555 3717 1600 τις

2129 1630 2277 1702 εὖροι
2313 1632 2409 1683 καὶ
2435 1629 2592 1692 ἀλλα,
2645 1629 2712 1683 δι’
2739 1624 2814 1683 ὧν
2841 1630 2907 1684 ἂν
2942 1631 3088 1694 ἰδίως
3124 1630 3205 1702 τῷ
3243 1630 3398 1699 ἀγίῳ
3432 1629 3713 1697 Πνεύματι

2130 1722 2618 1793 προσαρμοζόμενα
2662 1725 2728 1778 τὰ
2758 1722 2857 1792 τῆς
2891 1722 3138 1792 Ἀγάπης
3187 1722 3337 1790 ἔργα
3368 1719 3676 1774 δεικνύοιτο
3701 1736 3713 1747 ο

2124 1812 2397 1883 ὡς’δῆλον
2445 1815 2696 1871 ἐντεῦθεν
2747 1815 2994 1885 γίνεσθαι
3047 1814 3123 1878 ὡς
3162 1815 3431 1886 Ἀγάπην
3480 1814 3545 1865 ἐκ
3578 1804 3709 1864 Θεοῦ

2128 1908 2373 1976 προϊέναι
2399 1906 2458 1960 τὸ
2483 1907 2639 1975 ἅγιον
2664 1906 2910 1977 Πνεῦμα,
2935 1905 3123 1974 ὥσπερ
3144 1905 3241 1957 τὸν
3277 1905 3414 1957 Υἰδν
3441 1901 3518 1965 ὡς
3546 1904 3712 1970 Λόγον

2126 1999 2417 2069 ἢ’Νόησιν,
2445 2001 2790 2070 ἀμφοτέρους
2821 2000 2973 2068 παρά
3000 1997 3096 2051 τοῦ
3137 1997 3281 2051 Θεοῦ
3316 1995 3435 2071 Not?
3474 1996 3572 2049 καὶ
3610 1995 3713 2048 Πα-

2126 2091 2258 2163 τρδς
2286 2095 2384 2163 τὴν
2416 2092 2717 2145 ὑπόστασιν
2750 2089 2997 2160 ἔχοντας.

2201 2183 2383 2236 Ταῦτα
2415 2183 2469 2236 δὲ
2498 2183 2870 2236 ὲπιτοσοῦτον.
2909 2182 3101 2244 Ἀλλος
3145 2180 3203 2233 δὲ
3250 2180 3367 2233 τῶν
3394 2178 3569 2247 ἀγίων
3621 2180 3711 2237 τὴν

2129 2276 2322 2328 ἕνωσιν
2379 2275 2545 2345 μόνην
2602 2275 2700 2330 καὶ
2731 2273 2831 2343 τὴν
2857 2272 3135 2342 διάκρισιν
3191 2272 3443 2342 μετρίως
3476 2269 3708 2339 δηλῶσαι

2132 2365 2437 2436 βουληθεὶς,
2493 2366 2643 2436 τρεῖς
2699 2365 2989 2435 λαμπάδας
3050 2363 3375 2433 ἐνεθυμήθη
3436 2361 3705 2430 ἀλλήλαις,

2132 2458 2445 2527 ἁπτομένας
2500 2460 2557 2511 ὲν
2605 2459 2690 2511 ἑνὶ
2742 2457 2896 2528 οἴκῳ.
2942 2458 3050 2511 Καὶ
3086 2455 3197 2526 γὰρ
3247 2459 3309 2508 ὲν
3337 2454 3492 2524 αὑτῷ
3514 2454 3573 2506 τὸ
3600 2454 3705 2522 φῶς

2130 2548 2236 2601 τῶν
2265 2549 2432 2619 τριῶν
2475 2549 2552 2614 ὡς
2577 2551 2641 2604 ἐκ
2687 2550 2818 2619 μιᾶς
2852 2548 2910 2602 ἓν
2964 2548 3182 2619 ὁρῶμεν
3202 2563 3218 2578 ’
3255 2548 3356 2602 καὶ
3384 2547 3517 2617 μιᾶς
3539 2544 3707 2597 αὐτῶν

2131 2641 2626 2712 ὑπεξαιρουμένης,
2675 2641 2735 2694 τὶ)
2779 2642 2895 2709 φῶς
2925 2641 3097 2710 αὑτῆς
3127 2641 3266 2710 αὑτῇ
3306 2636 3700 2702 συνακολουθεῖ,

2130 2734 2238 2787 τῶν
2269 2733 2734 2805 περιλειπομένων
2757 2734 2848 2787 δύο
2883 2733 3077 2801 φώτων
3106 2733 3235 2788 καθ’
3271 2734 3452 2786 ἑαυτᾶ
3488 2728 3701 2802 μηδαμῆ

2135 2825 2261 2895 μήτ’
2293 2825 2704 2893 ἐλαττουμένων
2735 2825 2865 2894 μήτ’
2894 2824 3240 2893 αὐξομένων.
3288 2824 3468 2894 Δῆλον
3492 2819 3582 2875 οὖν
3625 2820 3699 2873 ὅτι

2132 2916 2347 2988 τάτρία
2378 2916 2550 2971 ταῦτα
2576 2918 2685 2972 τῶν
2708 2918 2874 2989 τριῶν
2896 2918 3203 2989 λαμπάδων
3236 2918 3421 2987 φῶτα,
3456 2916 3546 2969 ὅτε
3581 2914 3700 2981 ἡμῖν

2128 3009 2207 3071 ὡς
2257 3008 2315 3063 ἓν
2371 3008 2641 3078 ἑωρῶντο,
2695 3008 2818 3062 καθ’
2868 3009 3038 3063 έαυτά
3082 3007 3491 3079 διακεκριμένα
3524 3005 3615 3058 καὶ
3640 3002 3694 3054 οὑ

452 3106 508 3149 et
539 3110 646 3149 non
682 3094 908 3149 confusa
945 3092 1243 3150 exstitisse.
1294 3092 1483 3163 Neque
1525 3093 1670 3149 enim
1706 3093 1907 3163 alioqui
1945 3094 2027 3148 in-

2134 3102 2515 3171 συγκεχυμένα
2554 3096 2717 3172 ἦσαν.
2772 3101 2907 3155 Οὑδὲ
2947 3102 3058 3170 γὰρ
3088 3101 3154 3154 ἂν
3205 3100 3432 3171 ἀμιγῶς
3460 3098 3549 3152 καὶ
3592 3092 3697 3148 οἷον

452 3188 734 3243 rommiste
789 3203 852 3243 ac
902 3188 1049 3249 velut
1085 3202 1183 3257 per
1245 3201 1305 3242 se
1358 3185 1631 3243 exsistens
1661 3201 1828 3240 unum
1870 3184 2022 3249 illud.

453 3291 811 3351 posteaquam
853 3280 1178 3335 subductum
1211 3288 1317 3342 est,
1353 3285 1697 3332 cerneretur.
1731 3274 1823 3331 Sic
1860 3275 2026 3345 igitur
2054 3344 2059 3349 η

449 3375 613 3427 etiam
667 3382 777 3426 tres
834 3385 1119 3435 personas,
1173 3369 1237 3423 ad
1293 3369 1588 3424 essentiam
1630 3368 1775 3435 quod
1813 3368 2022 3431 attinet,

451 3481 617 3520 unum
656 3464 984 3534 cogitamus,
1017 3477 1136 3533 qua:
1164 3470 1367 3525 tamen,
1406 3459 1601 3529 quibus
1654 3458 1760 3512 illis
1814 3460 2024 3511 incom-

453 3553 630 3608 mistae
664 3567 729 3607 ac
765 3549 1066 3608 inconfusze
1099 3549 1460 3620 proprietates
1498 3556 1751 3612 manent,
1791 3547 1934 3602 inter
1964 3562 2025 3603 se

450 3646 599 3700 vt-lnt
649 3645 879 3700 circuitu
937 3641 1115 3698 redire
1155 3657 1220 3697 ac
1272 3654 1582 3697 commeare
1620 3638 2023 3707 intelligantur;

353 3785 357 3789 .
448 3739 548 3791 etsi
590 3752 742 3791 mens
767 3745 977 3798 nostra,
1027 3749 1122 3804 pro
1151 3748 1216 3788 eo
1244 3747 1308 3786 ac
1343 3733 1522 3794 decet,
1557 3744 1661 3785 non
1707 3730 1842 3785 satis
1873 3744 2022 3785 asse-

449 3837 669 3896 quatur.

522 3919 750 3988 Magnus
780 3925 960 3971 autem
994 3913 1248 3977 Basilius,
1274 3912 1339 3965 ad
1390 3927 1511 3966 eam
1561 3924 1674 3965 rem
1740 3911 2026 3966 declaran-

450 4017 575 4068 ilam
602 4026 793 4068 arcum
825 4010 1103 4065 caelestem
1138 4006 1388 4061 assumit.
1432 4004 1482 4060 Is
1516 4004 1656 4060 coelo
1710 3996 1885 4073 pluvia
1940 4018 2029 4057 ro-

450 4114 629 4166 mule,
664 4118 897 4173 aereque
923 4100 1266 4164 circumﬂuo,
1309 4098 1548 4166 solisque
1581 4094 1730 4149 radio
1764 4111 1827 4150 ex
1889 4093 2027 4149 obli-

408 4245 416 4252 .
450 4213 563 4267 quo
592 4196 818 4251 nubium
858 4192 1180 4251 densitatem
1233 4192 1520 4258 subeunte,
1554 4207 1619 4246 ac
1664 4200 1775 4243 tum
1838 4188 2024 4240 orbem

449 4304 610 4344 suum
646 4287 860 4342 cuidam
914 4286 1142 4341 nubiqu
1198 4285 1404 4340 directe
1464 4285 1753 4357 deligente.
1810 4284 2027 4354 conspi.

450 4396 588 4435 unus
621 4387 867 4449 apparet.
913 4376 1385 4443 Quemadmodum
1459 4376 1605 4432 enim
1661 4393 1845 4439 arcus,
1902 4393 2025 4432 cum

2130 3196 2260 3249 ἰδιιιῦ
2273 3196 2512 3249 πόστατα
2568 3193 2862 3267 ὲθεωρείτο
2892 3194 2952 3247 τὸ
2997 3193 3056 3246 ἓν
3091 3195 3234 3265 μετὰ
3264 3194 3367 3264 τήν
3398 3192 3695 3261 ὑφαίρεσιν.

2126 3287 2314 3349 Οὕτως
2350 3282 2447 3341 οὖν
2496 3286 2593 3342 καὶ
2644 3287 2711 3340 τὰ
2742 3286 2869 3357 τρία
2905 3288 3174 3357 πρόσωπα
3224 3284 3612 3357 φανταζόμεθα
3643 3282 3697 3335 ἓν

2130 3377 2228 3448 μὲν
2261 3375 2398 3433 εἶναι
2448 3378 2591 3433 κατά
2645 3378 2744 3449 τὴν
2782 3378 3005 3432 οὑσίαν’
3052 3379 3277 3448 ἀμιγεῖς
3325 3379 3384 3433 δὲ
3428 3379 3575 3448 ὅμως
3610 3377 3694 3430 καὶ

2127 3470 2466 3540 ἀσυγχύτους
2505 3469 2799 3538 φυλάττειν
2852 3471 2951 3533 τάς
3013 3469 3311 3539 ἰδιότητας,
3340 3471 3422 3535 είς
3468 3468 3692 3536 ἀλλήλας

2127 3562 2296 3626 αὑτὰς
2325 3561 2424 3625 τὰς
2459 3561 2789 3623 ὑποστάσεις
2828 3561 3243 3633 περιχωροὺσας
3270 3578 3286 3594 ·
3346 3564 3396 3617 εί
3449 3562 3539 3616 καὶ
3576 3556 3693 3629 περὶ

2127 3653 2331 3707 τούτων
2361 3655 2394 3725 ἡ
2432 3653 2646 3708 διάνοια
2679 3655 2837 3726 ήμῶν
2869 3655 2969 3709 οὐκ
3011 3655 3310 3722 ἐξικνεῖται
3346 3654 3425 3718 ὡς
3458 3653 3559 3708 δεῖ.

2208 3918 2267 3970 ’0
2282 3918 2339 3972 δὲ
2361 3916 2531 3987 μέγας
2557 3918 2833 3982 Badium;
2848 3918 2927 3983 εἰς
2943 3898 3175 3989 δήλωσιν
3198 3921 3291 3974 τοῦ
3320 3918 3558 3979 τοιούτου
3582 3913 3687 3983 (52)

2127 4010 2188 4062 τὸ
2245 4011 2302 4062 ὲν
2349 4010 2565 4079 οὐρανῷ
2617 4009 2771 4075 τόξον
2826 4010 3122 4080 λαμϐάνει,
3166 4012 3305 4083 ὅπερ
3335 4013 3463 4066 ὅταν
3494 4009 3684 4079 δμὸρος

2128 4099 2354 4169 γένηται
2378 4101 2650 4168 φαίνεται,
2683 4099 2982 4171 ὑγρότητος
3002 4103 3135 4171 περὶ
3161 4103 3253 4155 τδν
3282 4104 3419 4173 ἀέρα
3455 4116 3682 4155 συνιστα-

2130 4190 2320 4262 μένης,
2357 4191 2453 4244 καὶ
2500 4191 2599 4261 τῆς
2629 4193 2722 4244 τοῦ
2753 4194 2903 4263 ήλίου
2934 4194 3156 4256 ἀκτῖνος
3198 4194 3343 4249 κατά
3381 4194 3443 4245 τὸ
3470 4190 3681 4258 πλάγιον

2132 4284 2532 4355 ὑποτρεχούσης
2561 4283 2659 4356 τήν
2692 4284 3006 4355 πυκνότητα
3026 4285 3132 4340 τῶν
3162 4288 3372 4355 νεφῶν
3414 4281 3529 4341 εἶτα
3552 4281 3675 4337 κατά

2129 4377 2190 4431 τὸ
2221 4377 2349 4432 εὑθὺ
2377 4379 2530 4447 νέφει
2555 4379 2659 4431 τινὶ
2686 4378 2775 4431 τὸν
2808 4377 3008 4433 κύκλον
3040 4378 3129 4432 τὸν
3162 4378 3294 4433 ίδιον
3345 4377 3674 4451 ὲπερειδοςιέο

453 4487 600 4525 unus
632 4471 748 4539 ipse
771 4470 1070 4524 secundum
1105 4470 1250 4522 aeris
1277 4465 1638 4520 substantiam
1673 4465 1763 4531 sit,
1828 4466 2025 4521 multos

2134 4486 2246 4539 νης.
2274 4470 2482 4539 Ὥσπερ
2517 4468 2622 4539 γὰρ
2653 4469 2828 4521 έκεῖνο
2858 4466 2916 4521 ἓν
2944 4469 3041 4538 μὲν
3064 4467 3181 4521 ἐστι
3215 4469 3355 4522 κατὰ
3376 4471 3474 4539 τήν
3503 4466 3678 4520 οὖσίαν

453 4565 504 4614 in
540 4578 600 4618 se
666 4566 1024 4631 reptmsentat
1099 4557 1333 4619 colores,
1388 4572 1690 4627 eorumque
1733 4560 1910 4628 palam
1947 4560 2026 4612 (ίὶ-

453 4652 676 4708 sziuctio
729 4650 1250 4713 nobisinnotescit;
1286 4664 1597 4719 quanquam
1664 4650 1753 4703 alii
1811 4651 1879 4704 ab
1904 4650 2024 4706 aliis

453 4745 683 4802 sco'siut
716 4761 744 4797 a
778 4741 940 4799 nobis
986 4756 1152 4797 sensu
1216 4741 1418 4811 percipi
1483 4755 1589 4794 non
1642 4743 1871 4811 possint.
1930 4742 2023 4798 sed

400 4892 405 4896 .
451 4835 853 4908 quodammodo
873 4843 926 4889 et
949 4832 1244 4887 continuus
1275 4840 1325 4886 et
1366 4830 1638 4888 discretus
1667 4840 1772 4898 est,
1806 4848 1871 4887 ac
1892 4848 2028 4903 pene

454 4946 675 4987 sensum
709 4928 866 4992 fallit,
896 4937 954 4981 ut
1010 4928 1157 4997 quod
1207 4926 1445 4983 medium
1508 4942 1571 4982 ex
1598 4943 1657 4982 se
1701 4930 2028 4983 commiscet

451 5022 820 5088 dismernitque
844 5018 1131 5073 distinctos
1160 5017 1214 5071 in
1248 5031 1315 5072 eo
1338 5016 1575 5081 colores,
1610 5013 1857 5088 dignosci
1909 5031 2019 5071 non

452 5114 641 5184 possit.
694 5109 785 5165 Sic
832 5118 886 5164 et
955 5109 1010 5164 i'n
1094 5109 1371 5164 communi
1447 5109 1674 5164 Deitatis
1757 5108 2018 5176 essentia,

456 5205 816 5276 insignieutes
870 5203 1228 5279 proprietates
1260 5202 1494 5270 elucent,
1527 5218 1675 5264 cum,
1727 5201 1794 5256 ad
1828 5216 2021 5256 essen-

452 5298 584 5351 tiam
620 5294 763 5364 quoti
797 5300 1029 5362 spectat,
1092 5293 1239 5349 nulla
1292 5294 1347 5349 in
1394 5293 1644 5365 personis
1692 5291 2028 5362 intelligatur

447 5388 769 5454 distinctio;
799 5387 1170 5457 eaqueomnis
1221 5389 1273 5443 in
1341 5386 1765 5459 proprietatibus
1815 5386 2022 5440 solum-

2127 4560 2223 4616 τοῦ
2260 4562 2439 4633 ἀέρος,
2496 4560 2666 4615 πολλά
2722 4559 2778 4613 δὲ
2825 4560 2883 4613 ὲν
2916 4560 3064 4632 αὑτῷ
3096 4560 3365 4630 χρώματα
3393 4560 3672 4629 φαίνονται,

2133 4656 2229 4710 καὶ
2260 4652 2507 4724 φανερῶς
2538 4653 2636 4717 τὰς
2675 4653 2939 4723 διαφορὰς
2989 4655 3196 4706 τούτων
3225 4652 3640 4721 διαγινώσκομεν
3659 4661 3673 4676 ·

2135 4746 2196 4800 οὑ
2226 4745 2446 4799 δυνατὸν
2470 4743 2528 4798 δὲ
2558 4746 2625 4816 τῇ
2656 4742 2909 4813 αἰσθήσει
2931 4743 3263 4798 καταλαϐεῖν
3298 4745 3396 4815 τήν
3418 4744 3674 4798 διάστασιν

2135 4838 2230 4892 τοὺ
2267 4838 2455 4908 ἐτέρου
2490 4836 2625 4906 πρὸς
2671 4836 2731 4890 τὸ
2788 4837 2974 4906 ἕτερον
2999 4850 3017 4868 ο
3044 4836 3181 4890 ἀλλά
3228 4836 3425 4907 τρόπον
3452 4834 3567 4888 τινὰ
3590 4830 3673 4886 καὶ

2138 4928 2359 4994 συνεχές
2408 4928 2524 4981 ἐστι
2565 4927 2659 4981 καὶ
2690 4929 3090 5001 διαιρούμενον,
3123 4925 3222 4994 τὴν
3256 4927 3502 4984 αἴσθησιν
3526 4923 3669 5001 ἡμῶν

2123 5015 2483 5081 ὑποκλέπτον,
2513 5015 2587 5080 ὡς
2617 5018 2695 5085 μὴ
2728 5017 3114 5086 διαγινώσκειν
3144 5022 3235 5075 τδν
3280 5020 3372 5074 τοῦ
3400 5016 3483 5076 διὰ
3515 5012 3663 5084 μέσον

2121 5108 2211 5160 τ’»ν
2261 5106 2555 5176 μιγνύοντα
2598 5107 2665 5161 δι’
2722 5108 2918 5162 ἑαυτοῦ
2954 5110 3050 5163 καὶ
3102 5112 3402 5181 χωρίζοντα
3457 5106 3547 5174 τήν
3571 5100 3666 5153 τῶν

2121 5199 2297 5270 χροῶν
2329 5200 2626 5269 ἐτερότητα
2646 5216 2659 5231 ’
2700 5201 2845 5254 οὑτω
2870 5204 2964 5258 καὶ
2993 5204 3050 5255 ὲν
3081 5205 3147 5274 τῇ
3174 5204 3443 5275 κοινότητι
3472 5200 3563 5268 τῆς
3592 5192 3667 5247 οὗ·

2122 5292 2239 5360 σίας
2266 5289 2363 5345 τοῦ
2385 5291 2519 5346 Θεοῦ
2543 5295 2595 5345 αἱ
2618 5297 2977 5364 γνωριστικαὶ
2999 5295 3261 5368 ἰδιότητες
3292 5296 3658 5365 ἐπιλάμπουσιν

2122 5385 2260 5439 κατά
2298 5385 2399 5453 μὲν
2453 5385 2554 5455 τὴν
2603 5382 2789 5439 οὐσίαν
2813 5384 3069 5456 οὑδεμιάς
3121 5387 3183 5442 ὲν
3211 5390 3331 5454 ταῖς
3360 5381 3658 5442 ὑποστάσεσι

517 5575 565 5611 ⁸⁸
596 5574 753 5627 Rom.
794 5585 911 5637 vm,
946 5571 1029 5626 i5.
1111 5573 1153 5604 ”
1176 5567 1216 5625 11
1250 5572 1373 5627 Cor.
1409 5586 1488 5638 ιιι,
1522 5570 1605 5624 l7.
1638 5570 1683 5603 θ’
1715 5569 1835 5626 Gal.
1863 5584 1913 5632 ν,
1949 5566 2027 5625 18.

2140 5570 2153 5602 ⁸
2192 5565 2350 5629 lium.
2388 5579 2507 5636 vm,
2546 5565 2632 5624 15.

519 5764 628 5833 (re)
664 5763 831 5834 Epist.
863 5763 950 5819 ιε.
1006 5778 1010 5783 “
