3790 6546
382 390 487 455 587

1628 372 2023 436 MANUELIS
2063 373 2150 432 CA
2161 372 2369 433 LECIE
2859 444 2863 447 ι
3478 378 3563 448 533

386 524 526 568 novo
584 504 822 578 quodam
887 500 1110 569 vimque
1157 510 1374 551 onmem
1431 493 1633 550 mentis
1659 500 1957 562 superante

2072 490 2268 560 τρόπον.
2289 492 2318 544 ὁ
2348 489 2540 563 Σωτὴρ
2566 491 2598 562 ἡ
2608 488 2725 560 μῶν
2759 492 2853 543 καὶ
2880 489 3154 560 ἄφθαρτον
3186 491 3318 560 μετά
3345 493 3433 566 τὴν
3463 444 3562 555 (ivli.

383 602 570 665 modo,
625 596 873 652 Salvator
904 600 1088 649 noster
1113 632 1128 656 ,
1185 602 1386 659 corpus
1424 603 1585 642 suum
1619 586 1742 656 post
1773 600 1956 641 resur-

383 688 679 750 rectiouem
712 697 767 743 et
812 684 1225 756 incorruptibile
1254 682 1505 737 exhibuit
1550 688 1604 734 et
1648 676 1952 749 palpabile,

2058 598 2250 635 στασιν
2287 580 2383 635 καὶ
2411 578 2733 653 ψηλαφητδν
2760 580 2823 633 τὸ
2855 578 3053 632 ἐαυτοῦ
3080 578 3247 644 ἔδειξε
3282 581 3426 651 σῶμα
3448 601 3460 616 ·
3498 588 3566 644 ἵνα

2055 673 2144 728 διὰ
2172 674 2275 744 μὶν
2304 672 2402 728 τοῦ
2435 674 2715 744 ἄφθαρτον
2738 673 2910 738 δεῖξαι
2940 673 3033 726 ἐπὶ
3061 672 3185 736 τοὺς
3217 683 3569 745 πνευματικῶς

387 798 443 841 ιιι
489 798 683 852 nempe
730 780 1037 836 exhibendo
1066 772 1507 844 incorruptibile,
1562 770 1634 825 ad
1690 768 1955 841 spiritalia

2072 767 2275 837 ἱγῶνας
2309 767 2404 821 καὶ
2432 768 2500 821 τά
2544 760 2682 819 ἆθλα
2711 767 2841 830 τοὺς
2874 764 3103 828 πιστοὺς
3135 767 3534 841 προσκαλέσηται
3557 788 3569 803 ο

383 873 687 930 certamina
714 880 876 940 atque
901 868 1121 937 praemia
1176 863 1363 919 fideles
1415 872 1778 932 provocaret,
1808 860 1954 931 quod

2072 859 2144 914 ςιά
2197 859 2256 914 δὲ
2300 859 2395 914 τοῦ
2452 857 2774 929 ψηλαφητδν
2806 853 2939 912 αύτδ
2969 858 3269 928 παρασχεῖν
3326 859 3448 929 πρὸς
3495 862 3572 933 τὴν

368 985 514 1025 ‘vero
548 965 825 1037 praebebat
854 960 1156 1033 palpabile,
1191 959 1257 1014 ad
1290 958 1447 1012 fidem
1492 953 1862 1010 conﬁrmaret.
1890 952 1959 1009 Ut

386 1066 571 1133 itaque
610 1058 855 1129 ejusdem
901 1054 1186 1111 nebiscum
1236 1059 1444 1105 natura:
1467 1088 1483 1112 ,
1514 1049 1745 1103 diversae
1776 1055 1955 1100 tamen

385 1155 674 1217 claritatis,
725 1164 928 1219 corpus
990 1160 1149 1201 suum
1210 1141 1559 1204 ostenderet,
1616 1138 1856 1208 seipsum
1905 1145 1960 1191 et

386 1246 709 1317 palpabilem
765 1240 1016 1298 exhibuit
1058 1248 1111 1292 et
1158 1234 1647 1317 incorruptibilem.
1709 1229 1956 1298 Quandiu

386 1343 574 1411 igitur,
616 1346 670 1390 ut
706 1348 869 1404 supra
898 1314 1253 1393 dicebamus,
1287 1329 1338 1381 iu
1372 1325 1577 1380 mundo
1620 1324 1960 1386 versabatur,

354 1426 550 1486 intorti
595 1428 833 1496 pariter,
897 1425 1077 1492 iisque
1132 1419 1390 1476 euntibus
1424 1455 1443 1482 ι
1500 1430 1637 1487 quas
1698 1414 1959 1479 diximus,

388 1521 731 1578 naturalibus
778 1532 843 1573 ac
886 1515 1122 1570 innoxiis
1159 1511 1510 1582 pussiouibus
1551 1507 1827 1564 obnoxius
1858 1504 1963 1561 fuit

390 1617 621 1686 (idcirco
648 1611 932 1671 nimirum,
964 1606 1110 1678 quod
1142 1610 1515 1673 assutnpserat
1536 1599 1835 1671 perfectum
1862 1600 1961 1651 bo—

2058 950 2242 1004 πίστιν
2294 950 2441 1021 ἡμᾶς
2496 948 2793 1023 βεεαιώσῃ.
2836 949 2951 1001 ’Ίνα
2986 950 3169 1002 τοίνυν
3218 947 3314 1017 τῆς
3359 949 3506 1021 αὐτῆς
3526 953 3573 1005 ὃν

2058 1043 2192 1113 ἡμῖν
2248 1040 2461 1107 φύσεως
2504 1043 2595 1098 καὶ
2644 1040 2807 1112 δόξης
2857 1040 3049 1109 ἑτέρας
3104 1038 3164 1093 τὸ
3221 1037 3403 1093 ἑαυτοῦ
3446 1042 3572 1115 σῶμα

2058 1134 2230 1207 δείξῃ,
2263 1136 2360 1189 καὶ
2397 1135 2721 1206 ψηλαφητδν
2753 1135 2850 1189 καὶ
2880 1133 3159 1203 ἄφθαρτον
3192 1131 3382 1198 ἔδειξεν
3400 1134 3576 1194 ἑαυτόν,

2062 1229 2209 1295 Ἕως
2256 1231 2354 1299 μὲν
2382 1229 2498 1294 οὖν,
2529 1229 2785 1300 καθάπερ
2823 1229 3076 1297 είπομεν,
3109 1230 3167 1279 ἐν
3200 1227 3275 1297 τῷ
3305 1227 3477 1296 κόσμῳ
3496 1229 3580 1281 διέ-

2060 1322 2241 1393 τριδε,
2276 1327 2369 1376 καὶ
2402 1323 2619 1391 θανάτῳ
2647 1322 2745 1376 καὶ
2772 1324 2883 1385 τοῖς
2916 1320 3230 1393 εἰρημένοις
3254 1319 3424 1383 ἄλλοις
3442 1323 3581 1376 ἅπασι

2062 1418 2173 1480 τοῖς
2197 1417 2448 1486 φυσικοῖς
2473 1416 2569 1469 καὶ
2589 1414 2935 1483 ἀδιασλήτοις
2961 1413 3222 1466 ὑπέκειτο
3242 1410 3452 1465 πάθεσιν
3470 1415 3584 1481 (ἐπεὶ

2062 1508 2270 1561 τέλειον
2295 1508 2586 1577 ἀνείληφεν
2604 1506 2940 1577 ἄνθρωπον),
2957 1506 3015 1559 ἐν
3034 1498 3114 1565 οἷς
3139 1503 3235 1555 καὶ
3253 1502 3323 1566 ὼς
3346 1503 3585 1572 ἄνθρωπος

2064 1601 2394 1669 ἠγωνίσατο,
2425 1600 2520 1653 καὶ
2548 1598 2717 1663 ἔδειξε
2759 1599 2875 1661 πῶς
2917 1596 3093 1651 ταῦτα
3126 1596 3219 1649 καὶ
3253 1596 3308 1648 ἐν
3335 1596 3451 1666 ἡμῖν
3476 1598 3587 1649 οίκο·

2064 1691 2352 1763 νομεῖσθαι
2380 1693 2481 1756 δεῖ,
2515 1692 2609 1745 καὶ
2650 1691 2725 1761 μὴ
2757 1691 2970 1758 ἀλόγως
3000 1688 3109 1743 ύπδ
3143 1687 3345 1741 τούτων
3371 1688 3458 1756 τὴν
3480 1690 3588 1759 ἡμε.

2065 1780 2233 1850 τέραν
2263 1778 2781 1846 κατεξουσιάζεσθαι
2814 1780 2999 1849 φύσιν.

388 1708 618 1777 minem)
659 1707 713 1761 in
766 1703 971 1775 quibus
1018 1710 1076 1757 ut
1122 1702 1285 1755 homo
1337 1696 1586 1761 certavit,
1632 1693 1965 1761 modumque

388 1816 499 1871 quo
541 1801 653 1853 haec
697 1796 751 1850 in
806 1792 965 1849 nobis
1007 1789 1341 1845 moderanda
1382 1788 1513 1849 sint,
1543 1783 1782 1839 ostendit
1818 1798 1833 1835 :
1863 1795 1963 1835 nec

388 1888 837 1950 committendum
874 1898 933 1940 ut
963 1884 1125 1939 bruto
1155 1882 1390 1950 quodam
1444 1881 1647 1948 impetu
1701 1884 1965 1943 extraque

388 1987 678 2047 rationem,
721 1990 935 2035 natura}
959 1987 1160 2033 nostra
1197 1958 1570 2029 dominentur.

460 2075 673 2133 Etenim
703 2082 765 2127 ut
791 2072 976 2135 homo,
1007 2071 1299 2123 humanam
1349 2063 1687 2119 voluntatem
1723 2058 1915 2116 habuit
1947 2075 1962 2112 :

390 2184 578 2225 verum
632 2166 722 2221 illa
773 2162 1021 2230 subjecta
1065 2166 1185 2215 erat
1219 2153 1528 2210 divinitatis
1566 2152 1740 2222 ipsius
1768 2149 1965 2205 voluti-

391 2264 510 2328 tati,
542 2274 642 2313 uec
668 2255 945 2311 contrarie
978 2236 1297 2306 movebatur
1325 2264 1338 2311 ;
1372 2246 1467 2302 sed
1511 2245 1627 2299 haec
1655 2258 1879 2313 quoque
1911 2249 1967 2294 ut

391 2360 556 2411 homo
611 2349 831 2405 volebat
877 2362 943 2401 ac
990 2343 1265 2407 faciebat;
1303 2352 1650 2410 quaecunque
1703 2335 1965 2390 nimirum

390 2449 574 2503 divina
605 2445 727 2514 ejus
778 2440 1032 2496 voluntas
1081 2434 1369 2493 suadebat.
1412 2432 1764 2488 Coucedente
1820 2428 1967 2484 enim

392 2540 578 2595 divina
627 2546 858 2597 natura,
886 2531 1127 2602 propriis
1178 2528 1434 2582 humanae
1464 2534 1679 2579 naturae
1725 2522 1968 2577 innoxiis

395 2628 748 2703 passionibus
788 2640 887 2695 pro
916 2630 1164 2689 tempore
1194 2617 1568 2678 afﬁciebatur,
1620 2623 1678 2669 ut
1708 2620 1763 2669 et
1802 2627 1968 2683 spon-

2139 2053 2249 2105 Καὶ
2280 2056 2409 2122 γὰρ,
2442 2051 2519 2112 ὡς
2566 2049 2666 2120 μὲν
2693 2049 2998 2119 ἄνθρωπος,
3047 2044 3163 2119 εἶχε
3214 2050 3274 2104 τὸ
3302 2049 3591 2120 ἀνθρώπινον

2050 2145 2317 2217 .θέλημα’
2374 2145 2709 2201 ὑπετάτσετο
2754 2144 2810 2198 δὲ
2860 2146 2940 2215 τῷ
2975 2145 3246 2215 θελήματι
3295 2144 3389 2214 τῆς
3436 2144 3592 2200 ἑαυτοῦ

2068 2238 2343 2307 θεότητος,
2371 2238 2468 2292 καὶ
2496 2237 2597 2291 οὐκ
2625 2238 2861 2290 ἐκινεῖτο
2901 2236 3240 2299 ὑπεναντίως
3266 2250 3280 2265 '
3311 2235 3436 2291 ἀλλά
3458 2235 3595 2290 ταῦτα

2067 2332 2164 2386 καὶ
2191 2330 2267 2395 ὡς
2300 2330 2588 2403 ἄνθρωπος
2616 2330 2777 2400 ἦθελε
2810 2331 2904 2384 καὶ
2938 2330 3133 2394 ἐποίει,
3156 2331 3261 2383 ὅσα
3288 2329 3506 2400 δηλονότι
3524 2332 3595 2383 καὶ

2067 2418 2128 2471 τὸ
2161 2417 2304 2471 θεῖον
2340 2417 2511 2472 αὑτοῦ
2542 2417 2776 2488 θέλημα.
2814 2417 3223 2489 Συγχωρούσης
3256 2417 3356 2482 μὲν
3383 2417 3480 2487 γὰρ
3520 2418 3594 2486 τῆς

2069 2509 2221 2573 θείας
2254 2510 2494 2579 φύσεως,
2522 2509 2662 2583 κατά
2695 2509 2885 2579 καιρὸν
2914 2509 3124 2580 έπασχε
3157 2508 3231 2563 τά
3264 2510 3367 2563 ίδια
3411 2511 3496 2585 τῆς
3524 2510 3597 2563 άν-

2070 2605 2349 2674 θρωπίνης
2387 2602 2604 2671 φύσεως
2636 2601 2939 2673 ἀδιάϐλητα
2976 2603 3145 2671 πάθη,
3177 2601 3254 2664 ὡς
3307 2601 3395 2655 καὶ
3438 2602 3489 2654 τὸ
3527 2603 3597 2656 τὸν

2070 2698 2320 2751 ἑκούσιον
2359 2695 2688 2767 προελέσθαι
2720 2694 2987 2750 θάνατον·
3021 2694 3412 2766 συγχωρούσης
3446 2695 3494 2749 δὲ
3519 2695 3599 2749 πά-

2071 2792 2177 2855 λιν,
2235 2791 2326 2845 τὸν
2385 2789 2550 2865 αὑτὸν
2604 2789 2985 2859 παρῃτήσατο.
3056 2788 3237 2851 Αὐτὸς
3296 2786 3401 2858 γάρ
3450 2806 3598 2858 φησιν,

2076 2901 2095 2936 ι
2136 2883 2417 2949 Ἐξουσίαν
2449 2880 2558 2951 ἔχω
2600 2879 2772 2933 θεῖναι
2830 2883 2930 2946 τὴν
2964 2877 3155 2948 ψυχήν
3197 2894 3321 2948 μου,
3357 2879 3444 2932 καὶ
3472 2879 3599 2932 πάλιν

398 2737 613 2778 laneam
642 2728 874 2773 mortem
906 2716 1173 2783 eligeret;
1214 2726 1278 2777 ac
1306 2725 1499 2766 rursus
1545 2712 1735 2763 eadem
1764 2721 1968 2763 concc-

395 2817 557 2870 dente
592 2812 762 2879 ipsam
794 2812 1099 2862 recusaret.
1155 2805 1245 2858 Ait
1279 2804 1426 2857 enim
1464 2796 1578 2871 ipse
1608 2818 1621 2854 :
1664 2820 1680 2851 ι
1716 2798 1968 2853 Potesta-

397 2918 504 2961 tem
568 2904 741 2958 habeo
795 2899 1033 2970 ponendi
1088 2899 1328 2954 animam
1392 2910 1603 2959 meam,
1660 2904 1713 2949 et
1770 2895 1968 2947 iterum

398 2997 645 3053 sumendi
665 3010 785 3049 eam
810 2994 878 3048 ".
907 3010 925 3044 ι
952 2992 1047 3045 Et:
1072 3009 1091 3041 ι
1116 2990 1369 3046 Nondum
1398 2989 1541 3043 venit
1567 2990 1698 3041 hora
1726 3000 1846 3042 mea
1865 2984 1963 3037 ".t

2072 2978 2259 3032 λαϐεῖν
2289 2976 2479 3046 αὐτήν.
2522 2993 2541 3027 ι
2567 2974 2698 3037 Καὶ,
2730 2991 2749 3026 ι
2783 2971 2951 3026 Ούπω
2969 2971 3227 3043 ἐληλύθει
3259 2974 3293 3043 ἡ
3323 2971 3433 3041 ὥρα
3460 2989 3595 3039 μου.»

398 3089 456 3144 lu
493 3088 652 3143 nobis
686 3096 867 3140 autem
899 3099 1011 3140 non
1044 3085 1117 3137 ita
1158 3083 1360 3137 accidit
1389 3097 1405 3147 ;
1440 3082 1572 3149 quin
1602 3083 1783 3151 potius
1813 3077 1963 3133 liberi

2084 3073 2203 3142 Ἐφ’
2235 3070 2394 3142 ἡμῶν
2422 3069 2479 3122 δὲ
2502 3069 2601 3139 οὐχ
2627 3067 2771 3121 οὕτω
2798 3065 3087 3136 συμϐαίνει
3110 3080 3124 3095 ·
3158 3065 3297 3118 ἀλλά
3318 3064 3401 3117 διὰ
3426 3063 3510 3133 τὴν
3531 3062 3601 3115 τοῦ

400 3182 617 3236 arbitrii
650 3179 977 3243 uutu,haud
1030 3191 1153 3230 raro
1187 3189 1352 3245 prava
1407 3173 1688 3243 voluptate
1740 3168 1963 3232 seducti,

2075 3163 2424 3230 αύτεξουσίου
2452 3161 2642 3234 ῥοπὴν,
2689 3159 2950 3222 πολλάκις
2979 3156 3195 3226 φαύλης
3253 3155 3435 3227 ήδγῆς
3476 3156 3600 3207 ἕνεκα

356 3272 363 3281 “
400 3274 582 3327 carnis
631 3271 963 3327 voluntatem
1003 3268 1380 3337 praeferimus,
1422 3280 1543 3335 quae
1572 3262 1666 3319 Dei
1706 3262 1963 3318 voluntati

2074 3257 2449 3328 ἀπατώμενοι,
2495 3254 2555 3309 τὸ
2591 3255 2687 3325 τῆς
2719 3250 2923 3323 σαρκὸς
2965 3250 3387 3322 προαιρούμεθα
3412 3247 3601 3315 θέλημα,

399 3371 722 3423 adversatur
777 3362 1060 3433 animique
1133 3358 1476 3431 perfectioni.
1544 3358 1615 3412 De
1670 3356 1773 3411 hac
1825 3355 1963 3409 enim

2074 3352 2213 3421 ὅπερ
2231 3352 2379 3403 ἐστὶν
2407 3346 2647 3403 ἐναντίον
2663 3344 2741 3417 τῷ
2763 3344 3029 3415 θελήματι
3046 3344 3141 3397 τοῦ
3167 3341 3327 3407 Θεοῦ,
3348 3343 3435 3396 καὶ
3453 3344 3509 3413 τῇ
3530 3342 3604 3411 τῆς

397 3460 604 3514 dictum
630 3462 758 3511 est:
800 3473 819 3505 ι
850 3454 992 3508 Caro
1024 3451 1367 3519 concupiscit
1394 3449 1658 3504 adversus
1691 3444 1963 3518 spiritum,

2073 3445 2250 3514 ψυχῆς
2298 3441 2626 3509 τελειότητι.
2688 3439 2825 3508 Περὶ
2861 3439 3056 3491 τούτου
3098 3436 3210 3506 γὰρ
3244 3436 3466 3505 εἴρηται,
3498 3452 3514 3485 ι
3556 3433 3603 3484 Ἦ

401 3551 633 3622 spiritus
659 3547 927 3602 adversus
956 3556 1183 3601 carnem
1214 3543 1280 3596 ".
1315 3558 1337 3594 ι

2077 3536 2215 3601 σὰρξ
2234 3534 2495 3605 ἐπιθυμεῖ
2518 3530 2659 3586 κατὰ
2688 3529 2782 3584 τοῦ
2815 3530 3128 3600 πνεύματος
3150 3544 3164 3559 ’
3188 3527 3251 3580 τὸ
3273 3524 3474 3596 πνεῦμα
3497 3525 3605 3578 κατὰ

2074 3626 2175 3697 τῆς
2206 3626 2427 3696 σαρκός.
2479 3643 2497 3676 ι

2158 3720 2253 3771 Ἐκ
2289 3717 2492 3771 τούτων
2518 3717 2575 3769 δὲ
2594 3716 2800 3779 λύεται,
2838 3712 2931 3767 καὶ
2964 3712 3108 3775 τίνες
3145 3710 3314 3765 ἓνεκα
3371 3710 3442 3778 μὴ
3503 3707 3607 3777 πρό-

2074 3831 2235 3884 τερον
2259 3812 2367 3865 τῶν
2400 3810 2693 3881 τριάκοντα
2726 3806 2934 3877 χρόνων
2965 3805 3170 3876 ἧρξατο
3203 3805 3406 3874 σημεῖα
3449 3803 3607 3854 ποιεῖν.

2078 3908 2139 3961 El
2172 3905 2280 3976 γὰρ
2307 3904 2395 3960 διὰ
2446 3904 2662 3958 πάντων
2693 3901 3031 3971 ὁμολογεῖται
3059 3902 3140 3953 ὅτι
3165 3899 3301 3959 Θεὸς
3333 3897 3423 3962 ὢν,
3449 3898 3610 3955 τέλειος

2077 3999 2293 4069 ἐγένετο
2331 3996 2622 4068 ἄνθρωπος
2667 3995 2836 4065 χωρὶς
2865 3993 3164 4063 ἁμαρτίας,
3199 3992 3432 4062 φανερὸν
3460 3990 3530 4042 ὅτι
3554 3988 3610 4048 ὡς

2081 4092 2179 4163 μὲν
2214 4091 2351 4154 Θεὸς
2399 4091 2623 4143 ἐδύνατο
2674 4088 2769 4140 καὶ
2828 4086 3093 4157 παιδικὴν
3146 4085 3371 4155 ἡλικίαν
3420 4082 3611 4136 κατὰτὸ

470 3728 549 3783 Ex
580 3727 665 3783 his
701 3716 866 3797 perro
893 3723 1126 3780 solvitur
1150 3780 1153 3781 ν
1173 3721 1339 3777 ctiam
1398 3720 1487 3774 illa
1535 3719 1766 3789 quaestio
1789 3759 1806 3785 ,
1834 3717 1973 3785 Quid

400 3835 581 3876 causa:
605 3821 697 3885 sit,
722 3834 823 3874 cur
851 3826 979 3872 ante
1011 3830 1216 3870 annum
1256 3812 1597 3868 tricesimum
1632 3813 1787 3883 signa
1814 3812 1977 3868 edere

402 3928 511 3965 non
548 3910 795 3980 creperit.
834 3908 971 3963 Cum
1000 3906 1147 3962 enim
1185 3906 1435 3959 omnium
1463 3918 1735 3959 consensu
1773 3903 1977 3975 explo-

404 4012 584 4055 ratum
614 4001 706 4067 sit,
736 3997 880 4053 Deus
910 4012 1035 4051 eum
1077 4004 1255 4058 esset,
1286 3992 1491 4049 faetum
1525 4007 1644 4048 esse
1672 3993 1976 4063 perfectura

404 4094 702 4158 hominem,
732 4107 840 4146 uno
864 4091 1085 4159 dempto
1116 4097 1338 4157 peccato
1364 4104 1380 4153 ;
1410 4086 1599 4155 liquet,
1629 4087 1681 4140 in
1712 4095 1977 4154 quantum

405 4188 547 4245 Deus
577 4196 713 4251 erat,
747 4187 911 4240 etiam
941 4200 1067 4239 cum
1123 4182 1360 4253 pueriles
1403 4195 1465 4236 ac
1516 4180 1762 4235 infantia:
1801 4196 1978 4237 annos

402 4287 607 4349 ageret,
632 4278 875 4348 petuisse
913 4277 1067 4346 signa
1119 4276 1234 4328 haec
1282 4272 1605 4328 humanitus
1636 4274 1819 4327 edere.
1859 4270 1963 4325 ‘Ta«

2078 4278 2174 4331 καὶ
2205 4276 2373 4346 φησὶν
2419 4276 2447 4328 ὁ
2478 4273 2907 4344 Εὐαγγελιστὴς,
2946 4290 2965 4324 r
3024 4271 3234 4341 Ἰησοῦς
3262 4271 3318 4323 δὲ
3352 4270 3613 4339 προέκοπτε

403 4373 563 4426 metsi
607 4374 754 4425 enim
793 4373 871 4422 ait
920 4367 1269 4435 Evangelista
1308 4381 1322 4417 :
1357 4384 1376 4417 ι
1411 4363 1572 4419 Jcsus
1601 4377 1781 4419 autem
1811 4366 1963 4433 proli-

2080 4370 2244 4440 σοφίᾳ
2275 4370 2370 4422 καὶ
2398 4368 2586 4440 ἡλικίᾳ
2614 4369 2712 4422 καὶ
2741 4369 2949 4439 χάριτι,
2985 4386 3004 4421 ι
3049 4368 3109 4421 ού
3163 4368 3381 4438 νοητέον
3420 4368 3493 4419 ὅτι
3519 4363 3613 4414 κατ’

402 4464 579 4518 ciebat
613 4460 883 4531 sapientia
915 4468 969 4513 et
996 4469 1159 4512 wtate
1197 4465 1254 4510 et
1285 4456 1459 4524 gratia
1479 4455 1546 4519 ",
1597 4474 1614 4504 ι
1659 4471 1765 4507 non
1798 4456 1871 4508 ita
1900 4456 1963 4509 iu-

2081 4460 2259 4528 ὀλίγον
2288 4461 2573 4531 ηὐξάνετο,
2610 4461 2703 4513 καὶ
2732 4460 2840 4514 ἀπὸ
2870 4459 2966 4513 τοῦ
3000 4459 3226 4527 δυνάμει
3269 4460 3348 4521 είς
3378 4457 3614 4524 ἐνέργειαν

403 4554 783 4624 tvlligendum.
839 4550 999 4620 quasi
1044 4548 1308 4618 paulatim
1362 4557 1667 4609 cresceret,
1714 4557 1876 4617 atque
1912 4548 1963 4602 al

2087 4552 2469 4623 ἐντελεστέραν
2498 4552 2573 4616 ὡς
2603 4552 2653 4605 οῑ
2686 4551 2966 4622 ἄνθρωποι
3000 4549 3198 4621 προῄει
3219 4569 3233 4581 ·
3274 4570 3292 4601 ε
3329 4549 3391 4600 Τί
3419 4548 3516 4614 γὰρ
3540 4542 3613 4596 τοῦ

402 4661 469 4701 eo
499 4645 644 4716 quod
679 4653 762 4699 est
794 4643 1059 4714 potentia,
1111 4643 1181 4695 ad
1229 4652 1410 4695 actum
1450 4642 1827 4710 perlectrorem
1862 4642 1959 4711 (ut

2088 4642 2344 4715 ἀπαρχῆς
2369 4642 2575 4696 τελείου
2601 4641 2800 4711 γένοιτ’
2833 4642 2900 4696 ἀν
2928 4642 3262 4711 τελειότερον
3290 4657 3304 4705 ;
3350 4659 3368 4692 ι
3414 4637 3516 4691 ἀλλ’
3553 4637 3614 4688 ὁτι

404 4753 465 4794 se
516 4753 604 4792 res
655 4737 709 4790 in
744 4735 1063 4790 hominibus
1116 4733 1315 4802 habet)
1374 4734 1733 4803 procederet:
1778 4752 1796 4784 ι
1837 4734 1963 4799 Quit

2086 4737 2229 4790 κατά
2259 4736 2319 4788 τὸ
2348 4733 2692 4806 ἀνθρώπινον
2744 4733 2861 4802 ὥρα
2919 4736 3015 4788 καὶ
3068 4734 3227 4804 χάρις
3268 4731 3534 4798 ἐπέλαμπε
3557 4724 3615 4793 τῷ

403 4833 549 4887 enim
579 4847 644 4887 eo
672 4870 687 4895 ,
739 4830 887 4899 quod
924 4844 950 4881 a
985 4827 1255 4898 principio
1287 4827 1585 4897 perfectqu
1620 4837 1735 4883 erat
1757 4868 1772 4895 ,
1804 4829 1963 4898 perfe-

2085 4829 2279 4882 τούτου
2313 4827 2589 4900 προσώπῳ
2615 4844 2631 4861 θ
2660 4827 2757 4880 καὶ
2801 4829 2883 4881 ὅτι
2912 4824 3255 4897 καταμικρδν
3280 4823 3369 4878 διὰ
3398 4822 3495 4876 τῶν
3523 4820 3616 4879 τοῖς

404 4927 549 4980 etius
588 4938 709 4979 esse
761 4920 972 4992 possit?
1017 4938 1036 4972 ι
1070 4921 1162 4976 sed
1198 4920 1324 4990 quia
1379 4921 1432 4973 in
1464 4920 1584 4990 ejus
1610 4920 1762 4975 voltu
1800 4933 1958 4992 gestu

2091 4923 2334 4993 ἡλικίαις
2387 4920 2769 4989 ἀναλογουσῶν
2828 4920 3121 4989 ἐνεργειῶν
3160 4920 3193 4989 ἡ
3232 4917 3424 4970 τούτου
3474 4928 3615 4981 παρε·

403 5033 536 5091 que,
579 5026 638 5072 ut
663 5017 828 5071 homo
853 5023 993 5082 erat,
1024 5024 1287 5070 venustas
1316 5022 1483 5084 atque
1517 5016 1687 5083 gratia
1711 5016 1963 5071 elucebat

2087 5013 2361 5083 γυμνοῦτο
2405 5012 2617 5084 θεότης.
2649 5011 2725 5076 ὡς
2770 5011 3068 5084 Γρηγόριος
3105 5011 3134 5064 ὁ
3175 5009 3429 5076 Θεολόγος
3459 5002 3613 5076 φησίν.

402 5111 662 5184 quodque
708 5107 969 5179 paulatim
1005 5122 1100 5176 per
1145 5108 1495 5177 operationes
1520 5147 1535 5171 ,
1571 5122 1667 5176 pro
1711 5110 1963 5179 cujusqut

2098 5105 2319 5177 Ἐπειδὴ
2341 5105 2450 5177 γὰρ
2500 5105 2535 5176 ἡ
2583 5104 2861 5172 τελειότης
2914 5103 3013 5171 τῆς
3064 5100 3410 5172 ἀνθρωπίνης
3438 5094 3615 5167 ἡλικίας
3648 5162 3663 5175 ν

401 5182 577 5263 uitatis
609 5203 779 5275 gradu
812 5200 1177 5271 cungruentes
1197 5240 1212 5266 ,
1241 5200 1412 5270 ipsius
1461 5200 1815 5270 detegebatur
1842 5202 1963 5256 divit

2086 5199 2183 5253 καὶ
2212 5197 2469 5266 γνώσεως
2500 5196 2558 5247 ἐν
2599 5194 2775 5265 τούτῳ
2804 5193 2882 5265 τῷ
2930 5192 3109 5264 χρόνῳ
3155 5192 3388 5263 μάλιστα
3421 5182 3617 5240 τελειοῦ-

404 5302 584 5365 nitas;
616 5273 700 5353 -ιιι
752 5304 945 5351 auctor
1006 5302 1088 5349 est
1119 5292 1416 5362 Gregorius
1460 5290 1789 5362 Tbeologus.
1843 5293 1963 5360 Qui:

2085 5306 2199 5355 ται,
2224 5286 2313 5341 διὰ
2354 5286 2512 5340 τοῦτο
2542 5284 2835 5347 καὶ·αύτδς
2864 5282 3154 5353 ἄνθρωπος
3180 5278 3435 5349 γεγονὼς,
3461 5273 3614 5335 ὥσπερ

401 5394 548 5449 enim
603 5390 782 5445 artatis
836 5389 1114 5455 humana:~
1142 5400 1206 5440 ac
1260 5376 1505 5439 scientiae
1553 5386 1814 5454 perfectio
1890 5388 1963 5441 ilh

2086 5381 2254 5436 τάλλα
2289 5377 2574 5443 ἀνεδέξατο
2606 5363 2786 5431 πάντα
2818 5376 2933 5446 (καὶ
2981 5376 3091 5443 γὰρ
3148 5375 3242 5426 καὶ
3287 5363 3611 5439 περιετμήθηι

402 5484 643 5542 maxime
672 5490 1091 5539 consummatur
1123 5488 1394 5549 tempore,
1430 5477 1635 5531 idcirco
1661 5478 1823 5532 etiam
1860 5480 1963 5549 lpSt

2087 5477 2183 5527 καὶ
2211 5472 2290 5542 τῷ
2322 5471 2436 5541 ναῷ
2460 5468 2809 5542 προσηνέχθη
2840 5470 2981 5523 κατὰ
3007 5469 3099 5522 τὶν
3125 5468 3307 5537 νόμον.
3340 5462 3497 5523 Αὐτὸς
3530 5456 3614 5527 γάρ

404 5593 528 5632 cum
564 5582 714 5632 esSet
756 5577 931 5631 factus
971 5574 1156 5640 homo,
1196 5572 1341 5627 sicut
1384 5570 1593 5640 reliqua
1626 5570 1810 5625 omnia
1858 5588 1963 5627 sus

2087 5583 2279 5639 φησιν,
2327 5585 2345 5619 ι
2393 5564 2511 5620 Οὐκ
2562 5560 2727 5636 ἦλθον
2784 5562 3094 5619 καταλῦσαι
3147 5560 3238 5614 τὸν
3290 5558 3464 5626 νόμον,
3504 5546 3613 5604 ἀλλὰ

404 5679 622 5742 ceperat
651 5673 799 5738 (nam
840 5668 1005 5724 etiam
1041 5667 1404 5723 circumcisus
1444 5674 1531 5720 est
1560 5672 1613 5718 et
1663 5662 1717 5721 in
1761 5666 1963 5735 templo

2088 5660 2401 5733 πληρῶσαι,
2437 5677 2456 5710 ι
2497 5658 2585 5713 ἵνα
2645 5657 2720 5728 μὴ
2790 5656 3036 5718 ἀντίθεος
3088 5653 3260 5725 δόξωο
3296 5647 3503 5718 εὒδηλον
3550 5641 3613 5693 ὅτι

2078 4182 2419 4255 ἀνθρώπινον
2450 4181 2614 4252 ἔχων,
2647 4179 2920 4269 ταῦταχτά
2968 4182 3173 4249 σημεῖα
3208 4184 3402 4232 ποιεῖν.
3454 4178 3507 4229 Εἰ
3530 4174 3613 4241 γὰρ

476 5845 680 5903 "Joan.
748 5865 800 5912 Χ,
832 5850 916 5903 18.
992 5850 1036 5881 ²⁶
1075 5849 1101 5903 ,Ι
1127 5869 1231 5905 tan.
1268 5866 1327 5913 ll.
1363 5848 1414 5902 4ο
1496 5846 1533 5876 ﬁ
1567 5846 1741 5901 G-‘lm-
1784 5864 1832 5914 τι
1891 5848 1958 5910 λ7

2072 5846 2099 5878 ’³
2121 5844 2257 5901 Luc.
2288 5860 2348 5911 ιι,
2368 5843 2449 5897 52,
