3790 6540
319 384 423 450 591

1572 385 1732 445 MAN
1743 386 1888 448 UEL

2009 388 2317 451 CALECB
3442 389 3531 451 592

322 507 654 567 decertans,
696 500 951 572 victoque
980 498 1321 565 adversario,
1375 499 1494 567 ipse
1548 513 1764 570 semper
1818 500 1888 555 in-

2002 496 2127 565 λονξ
2150 503 2207 558 ὲν
2238 501 2414 557 οὐδενὶ
2463 500 2520 556 δὲ
2573 499 2844 573 ἡττηθεὶς,
2891 496 3191 555 καὶπολλὰ
3242 498 3420 552 παθὼν
3448 501 3534 557 ὅσα

320 597 501 651 victus
533 608 914 664 perseverans,
944 594 1228 662 multaque
1258 606 1477 662 passus,
1520 607 1754 661 quorum
1792 608 1892 649 nos

319 701 544 741 eramus
577 684 675 750 rei,
738 692 797 738 ut
837 683 930 752 qui
983 683 1201 753 propria
1253 685 1533 740 voluntate
1566 698 1630 739 ac
1663 685 1896 745 consilio

320 786 628 844 peccantes,
662 776 827 831 alieni
889 791 919 830 a
956 774 1067 830 Deo
1118 775 1244 829 facti
1294 790 1563 841 eramus,
1614 786 1896 846 postremo

320 880 570 923 mortuus
599 876 763 937 atque
792 867 1039 938 sepultus
1060 907 1075 933 ,
1109 867 1257 924 illius
1304 869 1508 938 potitus
1541 878 1668 934 est,
1700 870 1790 940 qui
1825 870 1897 927 ob

320 970 631 1030 peccatum,
664 961 969 1014 humanum
1002 975 1175 1025 genus
1207 960 1438 1031 imperio
1462 952 1894 1029 mancipaverat,

317 1066 494 1123 eoque
521 1052 911 1115 condemnato,
953 1050 1023 1105 ab
1049 1050 1197 1104 illius
1230 1065 1333 1105 nos
1375 1050 1579 1105 exemit
1608 1052 1894 1117 servitute,

317 1159 425 1214 qua
456 1158 620 1199 cruce
650 1143 871 1198 functus
897 1152 980 1197 est
1005 1158 1071 1198 se
1123 1152 1319 1197 morte.
1352 1143 1411 1198 Si
1441 1143 1585 1197 enim
1629 1142 1699 1197 ob
1732 1143 1893 1211 primi

316 1236 447 1292 Atla.-
479 1234 722 1305 culpam,
757 1236 907 1290 velut
942 1234 1119 1289 labem
1154 1235 1445 1305 quamdam
1480 1234 1548 1289 ad
1581 1250 1679 1291 nos
1718 1248 1896 1298 usque

316 1326 595 1393 din‘usam,
634 1326 818 1380 divina
873 1326 1145 1379 sententia
1215 1327 1269 1378 in
1325 1337 1426 1380 nos
1486 1324 1649 1379 latam
1698 1325 1893 1379 mortis

320 1429 539 1488 μωιιαιη
566 1416 905 1491 incurrimus
924 1415 966 1445 “
995 1433 1010 1470 :
1042 1413 1321 1484 quomodo
1355 1428 1463 1469 non
1518 1416 1701 1484 potius
1723 1456 1737 1476 .
1770 1413 1894 1469 Filii

323 1507 416 1564 Dei
446 1515 619 1565 morte
643 1507 1109 1578 justilicabimur,
1142 1507 1262 1575 ejus
1308 1506 1519 1561 scilicet
1542 1506 1693 1575 ηουί
1750 1514 1897 1561 vete-

316 1616 431 1657 rem
458 1601 629 1656 Adam
661 1602 779 1655 sine
808 1607 1038 1669 peccato
1082 1601 1421 1669 assumpsit,
1458 1615 1522 1653 ac
1568 1613 1746 1653 novus
1777 1598 1895 1668 ipse

242 1748 247 1755 _
317 1696 490 1750 Adam
535 1693 752 1749 exsistit
810 1694 880 1745 ³⁸.
941 1692 1264 1761 Siquidem,
1318 1700 1375 1745 ut
1428 1693 1505 1743 ait
1554 1690 1891 1760 Apo~tolus:

323 1809 342 1841 ε
383 1788 800 1841 Damnationem
858 1783 1071 1854 peccati
1130 1782 1293 1838 solvit
1324 1784 1377 1836 in
1431 1797 1601 1837 carne
1638 1795 1738 1836 sua
1766 1781 1831 1845 ³⁸,
1868 1800 1887 1832 ε

1998 595 2148 665 ἡμᾶς
2171 594 2276 648 ἔδει
2307 595 2500 649 παθεῖν
2527 595 2603 659 ὡς
2626 594 2804 664 οἰκείᾳ
2839 590 3033 666 γνώμῃ
3075 591 3410 662 ἁμαρτόντας
3453 598 3537 647 καὶ

1997 686 2459 755 ἀλλοτριωθέντας
2487 686 2647 752 Θεοῦ,
2692 686 2850 747 τέλος
2898 683 3189 739 ἀποθανὼν
3218 684 3311 736 καὶ
3346 688 3538 753 ταοεὶς,

1998 777 2267 847 ὑπερέσχε
2299 777 2395 829 τοῦ
2424 777 2514 831 διά
2535 777 2634 846 τὴν
2668 775 2942 846 ἁμαρτίαν
2963 778 3063 844 τῆς
3090 774 3427 843 ἀνθρωπίνης
3449 778 3540 843 φύ-

1997 886 2136 932 σεως
2193 868 2717 935 κατεξουσιάσαντος
2745 884 2759 899 ·
2815 869 2907 920 καὶ
2958 865 3333 928 καταδικάσας
3377 868 3539 932 αὐτὸν,

1996 960 2376 1031 ἠλευθέρωσεν
2405 961 2552 1030 ἡμᾶς
2584 959 2688 1029 τῆς
2726 958 2969 1021 δουλείας
3001 957 3237 1021 ἐκείνου,
3262 958 3340 1025 τῷ
3369 957 3541 1009 ἑαυτοῦ

1996 1052 2217 1123 σταυρῷ
2271 1068 2329 1105 τε
2381 1051 2477 1105 καὶ
2507 1051 2586 1121 τῷ
2613 1050 2855 1119 θανάτῳ.
2890 1049 2955 1102 Ei
2982 1048 3093 1118 γάρ
3122 1048 3209 1101 διὰ
3247 1048 3346 1113 τήν
3384 1049 3545 1115 ἀμαρ·

1994 1144 2116 1197 τίαν
2143 1144 2237 1199 τοῦ
2269 1143 2487 1214 πρώτου
2522 1142 2717 1214 Ἀδὰμ,
2741 1142 2996 1211 καθάπερ
3017 1140 3139 1194 τινὰ
3167 1138 3345 1209 λύμην
3375 1139 3547 1209 μέχρις

1994 1235 2155 1306 ἡμῶν
2184 1236 2543 1301 διαδοθεωαν,
2573 1236 2932 1302 ὑπεπὼαμεν
2954 1233 3031 1303 τῷ
3059 1232 3276 1301 θανάτῳ
3308 1248 3549 1301 κατακρ-

1997 1330 2203 1396 θὲντες,
2236 1330 2356 1395 πῶς
2391 1332 2452 1385 οὐ
2491 1330 2694 1401 μᾶλλον
2723 1327 3205 1399 δικαιωθησόμεθα
3237 1328 3328 1380 διὰ
3354 1328 3443 1380 τοῦ
3467 1330 3549 1382 θα-

1994 1422 2158 1477 νάτου
2195 1422 2293 1477 τοῦ
2330 1423 2462 1477 Υίοῦ
2499 1424 2594 1478 τοῦ
2629 1424 2790 1491 Θεοῦ,
2823 1423 2920 1477 τοῦ
2970 1423 3063 1476 τδν
3118 1420 3354 1477 παλαιὸν
3395 1424 3550 1493 Ἀδὰμ

1994 1514 2399 1589 ἀναμαρτήτως
2452 1515 2813 1580 ἀναλαϐόντος
2848 1516 2945 1570 καὶ
2981 1516 3105 1571 νέου
3147 1515 3317 1583 Ἀδὰμ
3356 1533 3454 1586 χρη
3466 1534 3551 1581 ςλα-

1994 1608 2287 1674 τίσαντοςς
2335 1607 2639 1679 Ἐπείπερ,
2675 1607 2704 1661 δ
2753 1624 2888 1678 φησι
2921 1606 3157 1673 Παῦλος,
3208 1625 3228 1659 ε
3273 1606 3348 1659 Τὸ
3400 1609 3551 1660 κατά-

1995 1715 2175 1770 κριμα
2211 1700 2312 1769 τῆς
2366 1699 2641 1770 ἁμαρτίας
2677 1699 2867 1753 ἔλυσεν
2914 1700 2973 1751 ἑν
3020 1702 3087 1769 τῇ
3119 1700 3286 1769 σαρκὶ
3316 1697 3492 1760 αὐτοῦ,
3530 1716 3546 1748 ι

1995 1792 2090 1846 τοῦ
2122 1784 2356 1846 θανατου
2401 1790 2837 1855 θανατωθέντος.
2870 1791 2980 1845 Καὶ
3019 1792 3067 1842 εί
3097 1790 3185 1844 διὰ
3213 1788 3311 1841 τὸν
3346 1789 3555 1841 παλαιὸν

316 1883 644 1950 Ῐηίοτθιιδριο
680 1889 928 1948 Ρθεοθιο·
982 1877 1060 1931 Ac
1106 1876 1155 1929 εί
1215 1885 1435 1944 Ρῖοριυν
1462 1884 1700 1929 "mere!"
1736 1873 1889 1929 illum
1926 1864 1966 1915 Β
1995 1886 2205 1938 ἐκεῖνον
2240 1884 2424 1953 ἐχθροὶ
2453 1884 2548 1937 καὶ
2573 1883 2877 1937 ἀποστάται
2906 1880 3259 1951 γεγενήμεθα
3293 1878 3385 1931 τοῦ
3410 1878 3553 1943 Θεοῦ,

317 1974 524 2030 inimici
550 1982 603 2028 et
632 1988 662 2027 a
694 1971 803 2026 Deo
828 1970 1145 2024 desertores
1184 1968 1310 2020 laeti
1346 1982 1540 2021 sumus
1570 2008 1585 2032 ,
1617 1968 1893 2036 quomodo

316 2083 424 2122 non
480 2080 574 2135 per
627 2066 805 2134 ipsum
841 2063 1006 2116 etiam
1039 2059 1477 2125 admovebimnr,
1506 2060 1762 2129 interque
1791 2059 1885 2114 Dei

315 2158 658 2216 necessarios
682 2148 744 2210 εἷς
772 2156 984 2209 amicos
1010 2152 1434 2221 cooptabimur?

388 2250 643 2305 Diabolus
690 2262 928 2316 namque
967 2261 996 2299 a
1034 2244 1126 2299 Dei
1192 2245 1363 2315 gloria
1421 2243 1729 2314 prolapsus,
1785 2259 1892 2315 qua

316 2341 570 2415 superbia
605 2342 656 2395 in
682 2354 808 2395 eum
832 2339 1009 2392 elatus
1038 2334 1324 2400 est,animi
1357 2346 1588 2390 mortem
1617 2336 1845 2391 incurrit
1872 2351 1888 2394 ε

320 2438 654 2507 εἱιιιιὶιιειηκιι
724 2434 834 2488 Deo
901 2432 1175 2497 recedere,
1258 2429 1361 2483 hoc
1420 2429 1590 2483 animi
1660 2439 1892 2485 mortem

318 2531 608 2587 deﬁniunt.
640 2526 899 2597 Corporis
928 2539 1057 2579 vero
1111 2530 1368 2587 mortem,
1422 2521 1476 2575 in
1535 2536 1603 2576 eo
1655 2522 1890 2591 positam

266 2660 283 2673 .
318 2623 463 2694 quod
499 2621 717 2675 animus
747 2634 775 2673 a
807 2631 1038 2686 corpore
1064 2623 1371 2684 separetur,
1427 2628 1534 2669 non
1582 2614 1769 2679 subiit.
1826 2630 1893 2671 eo

319 2717 463 2787 quod
494 2728 691 2781 expers
716 2711 960 2780 corporis
989 2718 1126 2779 erat.
1161 2708 1280 2762 Non
1309 2707 1490 2762 ferens
1546 2716 1728 2763 autem
1775 2709 1893 2777 pri-

318 2824 414 2863 ore
443 2822 499 2861 se
528 2798 734 2861 honore
774 2802 1072 2865 excidisse,
1109 2800 1495 2868 hominemque
1528 2799 1619 2853 Dei
1652 2799 1884 2869 gloriam

319 2906 673 2955 cotisecutum
704 2910 847 2960 esse,
886 2893 1080 2947 invidit
1110 2890 1268 2946 nobis
1298 2890 1447 2961 quod
1503 2888 1615 2944 Deo
1668 2888 1891 2957 propiu-

319 2992 412 3061 qui
445 2989 573 3044 facti
615 3002 857 3049 eramus,
888 2985 1146 3052 velutque
1198 2982 1412 3051 objecta
1474 2994 1598 3034 esca
1649 2981 1890 3048 capiens,

321 3102 349 3138 a
394 3084 487 3138 Dei
551 3079 824 3137 mandatis
872 3077 1161 3142 abstraxit,
1219 3085 1383 3145 atque
1433 3073 1642 3143 peccati
1692 3088 1889 3128 noxam

1996 1980 2112 2039 πῶς
2153 1977 2214 2030 οὐ
2269 1977 2337 2031 δι’
2366 1977 2531 2031 αὑτὸν
2557 1977 2653 2030 καὶ
2688 1972 3193 2046 προσαχθησόμεθα
3225 1971 3328 2025 καὶ
3356 1970 3553 2024 οἰκειω-

1996 2069 2274 2141 θησόμεθα
2304 2070 2380 2141 τῷ
2405 2068 2525 2139 Θεῷ
2554 2084 2569 2133 ;

2066 2255 2175 2308 Καὶ
2234 2254 2342 2325 γάρ
2394 2255 2423 2307 ό
2456 2254 2557 2323 μὲν
2613 2251 2859 2315 διάϐολος
2913 2253 3013 2321 τῆς
3065 2248 3163 2303 τοῦ
3196 2247 3359 2302 Θεοῦ
3413 2248 3556 2319 δόξης

1994 2344 2370 2409 ὲκπεπτωκὼς
2399 2345 2486 2400 διά
2528 2344 2628 2416 τὴν
2681 2342 3061 2414 ὑπερηφανίαν
3111 2340 3308 2408 αὐτοῦ,
3346 2340 3557 2410 ψυχικόν

1995 2440 2257 2510 ὑπέμεινε
2301 2439 2529 2493 θάνατον
2558 2454 2571 2468 ·
2608 2437 2732 2489 ἐπεὶ
2769 2436 2831 2488 τὸ
2872 2434 3178 2504 ἀποστῆναι
3223 2432 3386 2494 Θεοῦ,
3419 2432 3557 2486 τοῦτο

1993 2530 2225 2602 ψυχικὸν
2254 2529 2530 2601 ὁρίζονται
2580 2527 2809 2584 θάνατον
2830 2543 2845 2557 ·
2881 2525 3192 2596 σωματικὸν
3227 2523 3289 2578 δὲ
3322 2523 3556 2587 θάνατον,

1995 2624 2054 2683 ὂς
2090 2624 2206 2673 ἐστι
2230 2619 2549 2690 τῆςψυχῆς
2578 2618 2687 2671 ἀπὸ
2731 2616 2829 2669 τοῦ
2858 2615 3112 2686 σώματος
3143 2611 3445 2685 χωρισμὸς,
3470 2614 3557 2665 οὐκ

1996 2712 2220 2774 ἔπαθεν,
2261 2710 2492 2779 ἐπείπερ
2519 2707 2808 2779 ἀσώματος
2836 2702 2927 2779 ἦν.
2968 2707 3041 2759 Οὐ
3069 2707 3256 2775 φέρων
3292 2704 3347 2756 δὲ
3378 2702 3557 2756 ἑαυτὸν

1993 2804 2130 2874 όρᾷν
2178 2803 2278 2873 τῆς
2337 2802 2610 2873 προτέρας
2664 2797 3063 2853 εκπεπτωκότα
3118 2796 3316 2865 τιμῆς,
3371 2795 3460 2848 τὸν
3506 2796 3557 2847 δὲ

1994 2893 2285 2962 ἄνθρωπον
2313 2891 2413 2961 τῆς
2448 2892 2543 2944 τοῦ
2572 2888 2707 2943 Θεοῦ
2742 2888 2901 2960 δόξης
2921 2889 3248 2959 ἠξιωμένον,
3277 2886 3559 2962 ἐφθόνησεν

1992 2988 2127 3057 ἡμῖν
2174 2986 2275 3054 τῆς
2313 2985 2464 3055 παρά
2496 2983 2573 3051 τῷ
2605 2984 2724 3053 Θεῷ
2759 2983 3142 3054 πλησιότητος,
3175 2981 3277 3035 καὶ
3314 2980 3561 3041 δελεάσας

1994 3080 2294 3148 ἀφείλκυσε
2340 3078 2448 3131 τῶν
2484 3076 2578 3129 τοῦ
2633 3074 2769 3129 Θεοῦ
2825 3075 3293 3146 προσταγμάτων,
3332 3074 3424 3127 καὶ
3471 3074 3559 3142 τήν

321 3175 543 3230 invexit.
577 3172 669 3227 Sic
721 3171 908 3240 itaque
944 3169 1216 3237 duplicem
1271 3165 1431 3221 nobis
1480 3176 1706 3220 mortem
1765 3180 1888 3219 cou-

1996 3170 2273 3242 ἁμαρτίαν
2335 3169 2675 3239 εἰσήνεγκεν.
2736 3166 2893 3220 Οὕτω
2926 3167 3106 3221 τοίνυν
3155 3164 3384 3220 διπλοῦν
3442 3167 3561 3234 ἡμῖν

320 3269 519 3334 scivit;
551 3266 778 3334 primam
812 3263 1055 3333 quidem,
1088 3260 1281 3323 animi,
1319 3267 1545 3328 tumque
1579 3258 1743 3313 etiam
1769 3272 1891 3312 cor-

319 3361 490 3432 p0ris,
526 3358 684 3427 cujus
732 3371 799 3411 ex
847 3355 1085 3427 pectatis
1136 3351 1341 3408 indicta
1393 3352 1551 3406 nobis
1598 3352 1894 3407 necessitas

318 3452 416 3505 luit
452 3467 467 3505 :
500 3467 518 3502 ι
554 3447 781 3503 Mortem
809 3445 981 3510 enim,
1017 3443 1220 3513 inquit,
1261 3443 1407 3497 Deus
1434 3457 1544 3497 non
1583 3442 1737 3507 fecit,
1793 3456 1897 3498 uec

314 3542 619 3598 delectatur
651 3538 705 3594 in
727 3535 1032 3609 perditione
1062 3532 1344 3589 hominum
1363 3532 1434 3586 ".
1455 3548 1475 3584 ι
1508 3529 1719 3585 Etenim
1748 3544 1895 3585 mors

316 3635 519 3705 peccati
551 3631 833 3686 damnatio
862 3638 948 3684 est
971 3627 1039 3681 ³⁸.
1097 3610 1311 3682 Idcirco
1343 3622 1513 3679 etiam
1574 3620 1751 3685 nobis,
1785 3620 1883 3690 qui

318 3726 552 3781 mortale
572 3737 771 3793 corpus
802 3719 984 3776 induti
1008 3733 1222 3783 sumus,
1266 3715 1493 3771 inducta
1552 3720 1658 3769 est.
1729 3710 1893 3767 Medii

314 3820 459 3874 enim
492 3816 735 3871 mortalis
762 3812 929 3868 sortis
963 3827 1027 3865 ac
1066 3808 1395 3864 immortalis
1419 3819 1451 3861 ε
1500 3804 1612 3861 Deo
1669 3804 1891 3860 formati

315 3912 613 3970 tuen-amns,
660 3915 717 3960 ut
750 3903 1019 3973 siquidem
1053 3900 1106 3954 in
1127 3900 1273 3955 bono
1304 3913 1368 3953 ac
1407 3896 1643 3953 honesto
1691 3894 1913 3968 perse?

316 4015 654 4062 veraremus,
719 3994 1184 4050 immortalitatem
1246 4004 1748 4061 consequeremur;
1804 3988 1889 4045 sin

314 4105 496 4149 autem
532 4091 731 4145 malum
765 4087 1139 4157 diligeremus,
1184 4094 1412 4138 mortem
1468 4081 1886 4138 sustineremus.

313 4188 416 4256 Qui
447 4170 587 4241 enim
626 4182 780 4237 liberi
805 4179 1018 4235 arbitrii
1054 4176 1261 4233 conditi
1289 4160 1484 4239 simus,
1524 4174 1732 4229 nullam
1786 4188 1887 4229 ex-

292 4280 489 4334 terius
529 4288 586 4330 ut
632 4276 717 4331 vel
774 4275 1030 4329 virtutem
1085 4271 1503 4341 amplectamur,
1559 4267 1642 4323 vel
1695 4266 1885 4321 vitium

1996 3264 2218 3334 ὲτιοίησε
2269 3262 2498 3314 θάνατον
2527 3276 2541 3291 ⁸
2590 3259 2807 3331 πρῶτον
2858 3259 2957 3329 μὲν
3009 3258 3100 3311 τὸν
3152 3254 3559 3330 ψυχικόνοεὴα

1995 3351 2111 3411 καὶ,
2137 3356 2231 3409 τὸν
2280 3354 2620 3424 σωματικὸν,
2650 3353 2742 3406 τὸν
2773 3353 2884 3415 τοῖς
2937 3351 3339 3420 ἁμαρτήμασιν
3372 3350 3561 3415 ἐπαγόο

1995 3465 2177 3517 μενον.
2208 3465 2227 3499 ε
2263 3445 2505 3501 Θάνατον
2534 3446 2666 3515 γὰρ,
2709 3466 2728 3495 ι
2763 3443 2954 3514 φησὶν,
2988 3461 3006 3494 ι
3034 3444 3063 3495 ό
3092 3441 3226 3504 Θεὸς
3252 3443 3357 3495 οὐκ
3384 3444 3561 3510 {mh}-

1993 3555 2109 3601 σεν,
2167 3537 2289 3592 οὐδὲ
2341 3538 2605 3609 τέρπεται
2653 3537 2743 3590 ἐπ’
2798 3534 3049 3605 ἀπωλείᾳ.
3103 3530 3353 3599 ζώντων.
3392 3552 3411 3584 ι
3458 3534 3559 3586 Καὶ

1994 3630 2190 3703 γάρ,ό
2237 3631 2468 3694 θάνατος
2500 3629 2779 3701 ἁμαρτίας
2811 3629 2933 3682 toﬁ
2984 3626 3285 3697 καταδίκη.
3336 3628 3427 3680 Διὸ
3475 3624 3582 3678 καὶΔ

1993 3724 2126 3796 ήμῖν
2177 3723 2374 3793 θνητὸν
2426 3724 2587 3794 σῶμα
2635 3722 3047 3793 περικειμένοις
3102 3720 3370 3789 ἐπήγετο.
3400 3718 3559 3773 Μέσοι

1992 3816 2101 3888 γάρ
2148 3815 2475 3887 θνητότητος
2510 3815 2607 3869 καὶ
2649 3813 2949 3876 ἀθανασίας
2984 3812 3364 3882 ὲπλάσθημεν,
3412 3812 3474 3864 ἵν’
3515 3812 3559 3862 εί

1992 3906 2092 3976 μιν
2137 3907 2198 3962 εν
2242 3905 2320 3977 τῷ
2364 3905 2517 3975 καλῷ
2562 3906 2932 3975 ὅιαμένοιμεν,
2964 3902 3271 3958 ἀθανασίαν
3313 3902 3559 3971 κληρονο-

1992 4000 2262 4070 μήσωμεν
2288 4014 2301 4028 ·
2338 4000 2388 4051 εί
2434 3998 2493 4053 δὲ
2524 3997 2589 4050 τὸ
2636 3995 2808 4050 κακὸν
2841 3995 3229 4065 ἀγαπήσομεν,
3276 3992 3371 4046 τὸν
3403 3992 3557 4045 θάνα-

1988 4106 2081 4144 τον
2122 4088 2505 4158 ὑπομένωμεν.
2539 4086 2889 4151 Αὑτεξούσιοι
2934 4088 3043 4155 γὰρ
3073 4084 3391 4153 γεγονότες,
3420 4082 3561 4158 οὐδε-

1992 4180 2123 4251 μίαν
2152 4156 2263 4234 ἀπδ
2291 4179 2400 4233 τῶν
2433 4177 2633 4244 ἔξωθεν
2661 4178 2692 4248 ἢ
2725 4177 2863 4248 πρὸς
2889 4175 3092 4247 ἀρετὴν
3120 4175 3153 4246 ή
3190 4176 3333 4243 πρὸς
3367 4156 3556 4228 κακίαν

1986 4271 2235 4341 ἀνάγκην
2290 4270 2505 4342 ἔχομεν.
2558 4268 2722 4323 Ὅθεν
2777 4270 2873 4323 καὶ
2915 4267 3139 4329 δικαίως
3199 4266 3345 4331 ἄξιοι
3397 4282 3552 4320 κατα-

311 4385 623 4442 sequamur,
660 4356 1355 4423 uecessitatem'habemus.
1395 4357 1548 4415 Unde
1584 4367 1639 4413 et
1694 4358 1887 4414 merito

1995 4363 2145 4435 δίκης
2181 4365 2273 4419 καὶ
2312 4364 2556 4418 ἐπαίνων
2583 4362 2771 4432 ἐσμὲν,
2806 4363 2902 4416 ἆτε
2934 4361 3032 4431 τήν
3067 4360 3247 4430 ἀρχὴν
3280 4359 3383 4429 τῆς
3414 4358 3557 4427 κινή-

312 4465 461 4534 digni
497 4460 846 4517 damnatione
874 4471 937 4512 ac
960 4454 1217 4509 laudibus
1268 4466 1501 4506 sumus:
1546 4451 1748 4522 quippe
1792 4450 1883 4521 qui

1995 4472 2130 4520 σεως
2178 4456 2392 4511 οἴκοθεν
2445 4455 2808 4524 κεκτημένοι,
2862 4454 2994 4507 ὅταν
3049 4468 3103 4505 τι
3161 4448 3555 4522 προαιρὼμεθα

312 4566 495 4609 motus
521 4550 879 4621 principium,
912 4562 1038 4601 cum
1072 4545 1276 4633 aliquid
1306 4558 1466 4615 agere
1528 4542 1882 4608 voluerimus,
1916 4543 1961 4601 D
1990 4550 2275 4619 πράττειν.

309 4662 373 4703 ει
406 4645 562 4699 nobis
618 4642 937 4695 habeamus.
2504 4676 2509 4681 ι

382 4740 474 4795 Dei
525 4738 707 4805 itaque
759 4732 928 4787 Filius
970 4728 1147 4784 iactus
1200 4728 1387 4790 homo,
1443 4725 1610 4780 animi
1664 4726 1883 4795 quidem

2069 4731 2128 4784 Ὀ
2173 4730 2355 4784 τοίνυν
2408 4728 2536 4791 Υἱδς
2581 4725 2849 4780 τοῦΘεοῦ
2906 4725 3200 4795 γενόμενος
3251 4724 3551 4801 ἄνθρωπος,

310 4844 541 4890 mortem
580 4843 687 4883 non
718 4824 998 4881 sustinuit.
1031 4821 1315 4888 Quomodo
1349 4819 1525 4886 enim,
1552 4817 1727 4887 quiex
1762 4817 1883 4872 Vir-

1995 4823 2217 4893 ψυχικὸν
2264 4823 2362 4893 μὲν
2394 4821 2495 4875 οὐκ
2542 4820 2837 4873 ἐπεπόνθει
2884 4818 3135 4873 θάνατον.
3187 4818 3313 4881 Πῶς
3342 4820 3471 4888 γὰρ,
3503 4818 3555 4877 ὃς

310 4928 435 5000 εἰπε
464 4934 624 4978 natus
652 4928 796 4975 esset
832 4915 927 4973 :et
954 4916 1009 4969 in
1037 4916 1198 4984 cujus
1233 4928 1328 4968 ore
1365 4929 1470 4966 non
1505 4921 1590 4966 est
1619 4912 1880 4967 inventus

1995 4922 2046 4970 ὲκ
2081 4913 2357 4986 Παρθένου
2407 4913 2753 4982 γεγέννηται,
2794 4910 2916 4965 οὐδὲ
2950 4910 3146 4980 εὑρέθη
3178 4910 3334 4971 δόλος
3384 4913 3440 4962 ὲν
3485 4910 3553 4975 τῷ

307 5002 467 5074 dolus
498 5014 585 5067 ιιι
658 5011 866 5067 Idcirco
898 5023 1001 5063 nec
1027 5004 1273 5076 corporis
1296 5006 1511 5076 quidem
1562 5005 1722 5060 morti
1783 5003 1882 5059 eb-

240 5110 255 5119 '
308 5108 505 5165 noxius
538 5114 678 5171 erat,
712 5117 820 5172 qua
859 5099 1069 5154 ratione
1093 5100 1160 5152 ab
1191 5098 1336 5151 omni
1369 5098 1665 5151 immunem
1725 5094 1880 5163 culpa

309 5200 478 5255 vitam
510 5196 843 5251 traduxerat.
872 5190 1108 5260 Operam
1140 5198 1323 5243 tamen
1394 5187 1715 5242 conferente
1762 5189 1882 5239 dia-

306 5292 433 5348 bolo
487 5306 583 5361 per
652 5287 892 5343 deicidas
943 5283 1162 5338 Judzeos
1226 5290 1419 5352 sponte
1469 5294 1588 5333 eam
1646 5280 1885 5348 suscepit

305 5395 527 5459 propter
575 5398 697 5437 nos.
735 5378 872 5434 Mori
926 5378 1071 5431 enim
1154 5383 1367 5443 poterat
1446 5370 1593 5439 quod
1644 5380 1878 5424 veterem

304 5481 570 5535 Adamnan
612 5475 875 5528 induerat.
914 5467 979 5522 Et
1009 5467 1137 5536 quia
1164 5474 1553 5518 utmoreretur
1612 5462 1663 5515 in
1711 5475 1877 5516 causa

306 5584 413 5626 non
444 5569 546 5623 fuit
573 5572 857 5637 peccatum
908 5561 1160 5631 originis,
1214 5570 1371 5608 suum
1428 5568 1618 5607 rursus
1682 5568 1880 5625 corpus

304 5664 525 5729 recepit.

366 5779 611 5905 123nm.
647 5795 702 5846 γ,
743 5779 822 5833 l5.
901 5776 985 5829 "l
1015 5776 1140 5828 Cor.
1186 5784 1271 5833 μ’,
1308 5769 1395 5824 45.

304 5867 363 5908 ιι.
386 5867 477 5905 ΖΟ.

1477 5769 1521 5801 ³⁸
1554 5768 1753 5825 Eehcs.
1812 5785 1868 5837 li,
1913 5768 1999 5824 ll.
2081 5769 2122 5799 ³⁷
2157 5770 2282 5839 εςνρ.
2315 5784 2351 5833 I,
2402 5768 2484 5820 l3.

1993 5010 2222 5075 στόματι
2279 5003 2486 5069 αὐτοῦς
2549 5004 2645 5055 Διὰ
2703 5000 2862 5054 τοῦτο
2914 5000 3033 5053 οὐδὲ
3092 5000 3183 5052 τὸν
3247 4999 3551 5069 σωματικὸν

1991 5100 2285 5169 ἀποθανεῖν
2354 5095 2576 5165 ὤφειλε,
2646 5095 2835 5149 καθότι
2896 5094 3282 5165 ἀναμάρτητος
3354 5092 3549 5144 διεϐίω.
3660 5165 3673 5180 .

1991 5189 2182 5258 Ὅμως
2234 5187 2324 5241 τοῦ
2382 5187 2628 5241 διαϐόλου
2666 5186 3102 5256 συνεργήσαντος
3151 5183 3238 5236 διὰ
3278 5183 3389 5235 τῶν
3442 5181 3551 5233 θεο-

1991 5282 2194 5334 κτόνων
2232 5278 2522 5342 Ἰουδαίων,
2568 5277 2708 5331 ἑκὼν
2751 5278 2913 5330 αὑτὸν
2951 5275 3246 5342 ὑπεδέξατο
3290 5274 3360 5326 δι’
3392 5274 3548 5342 ἡμᾶς.

2000 5371 2317 5425 ’Λποθανεῐν
2371 5370 2481 5438 γάρ
2520 5367 2779 5432 ἐδύνατο,
2810 5368 2902 5420 τὸν
2933 5366 3163 5418 παλαιὸν
3202 5364 3379 5432 ’Δδάμ
3415 5364 3552 5414 ἐνδυ·

1990 5466 2242 5533 σὶμενος.
2318 5462 2429 5515 Καὶ
2508 5461 2741 5529 ἐπείπερ
2810 5459 2910 5511 οὐκ
2984 5457 3224 5511 ἀπέθανε
3303 5456 3395 5508 διὰ
3461 5456 3549 5523 τὴν

1988 5555 2324 5627 προγονικὴν
2387 5554 2709 5624 ἁμαρτίαν;
2778 5552 2941 5605 πάλιν
3010 5551 3071 5603 τὸ
3135 5548 3332 5605 ἑαυτοῦ
3400 5546 3549 5617 σῶμα

1988 5649 2246 5702 ἀνείλετο.
2286 5642 2303 5649 ⁵

2597 5762 2680 5816 ³⁸1
2745 5762 2870 5818 Cor.
2906 5774 2994 5827 xv,
3031 5761 3118 5815 56.
3230 5758 3275 5839 _”
3331 5757 3349 5813 l
3410 5755 3542 5811 Petr.
