3892 6560
259 495 357 561 5θῖ

1249 497 1346 559 DE
1397 474 1816 560 l‘RlNClPllS
1860 497 2071 560 FIDE!
2104 498 2567 564 CATIIOLlCE.

1980 371 2037 381 -V-
2068 356 2123 376 -οα
2147 363 2158 372 -

3392 501 3500 565 ιρι

326 604 415 679 Tt?)
462 604 561 664 οὖν
586 609 801 665 θανάτω
850 616 943 664 τοῦ
998 611 1245 664 διαϐόλου
1281 611 1502 664 διπλοῦν
1554 611 1828 680 ἐπάθομεν

2012 613 2217 669 Diaboli
2244 616 2430 688 itaque
2457 623 2629 670 morte
2668 613 2937 683 duplicem
2962 611 3107 684 passi
3138 628 3322 668 sumus
3351 630 3496 670 mor-

260 701 486 753 hivatov
511 716 528 731 ο
566 699 642 769 τῷ
680 702 735 755 δὲ
768 700 922 768 ἁπλῷ
963 703 1058 753 καὶ
1092 703 1171 754 ἐνὶ
1209 703 1422 771 θανάτῳ
1454 700 1545 754 τοῦ
1585 702 1820 771 Χριστοῦ

256 794 329 861 τῷ
378 796 750 865 προαιρετικῷ
803 796 899 849 τοῦ
943 796 1174 850 Θανάτου
1207 798 1703 867 ἠλευθερώθημεν,
1731 798 1827 851 καὶ

257 889 681 960 ἐζωποιήθημεν
719 890 787 944 δι’
820 889 1010 945 αὑτοῦ.
1049 890 1182 952 Καὶ,
1226 890 1300 952 ῶς
1348 908 1516 960 φησιν
1572 892 1823 953 Ἡσαΐας.

260 1005 277 1032 ι
312 981 399 1050 Τῷ
448 982 683 1048 μῖλωπι
730 982 897 1035 αὐτοῦ
931 984 1092 1052 ήμεῖς
1145 984 1346 1045 πάντες
1395 982 1651 1052 ίὰθημεν.
1687 1001 1706 1035 ι
1764 982 1827 1034 Εἰ

255 1072 356 1140 γὰρ
394 1074 493 1124 καὶ¹
541 1071 880 1142 σωματικῶς
909 1070 1333 1141 ἀποθνήσκομεν
1378 1071 1469 1125 διὰ
1522 1071 1585 1124 τὸ
1635 1070 1829 1142 θνητὸν

256 1164 433 1232 σῶμα,
464 1164 606 1218 ἀλλὰ
632 1164 793 1219 πάλιν
829 1164 1123 1218 ἀναλαϐεῖν
1153 1164 1484 1235 πιστεύομεν
1506 1163 1573 1216 τὰ
1603 1162 1830 1234 σώματα

256 1255 413 1325 ἡμῶν
450 1257 512 1307 ἐν
559 1255 706 1328 δόξῃ,
742 1256 875 1310 ὅταν
928 1258 957 1309 ὁ
1011 1256 1247 1326 Χριστὸς
1302 1255 1593 1327 φανερωθῇ
1641 1256 1675 1326 ή
1718 1254 1832 1326 ζωὴ

258 1350 435 1418 ήμῶν,
472 1349 621 1403 κατὰ
669 1350 761 1403 τὸν
796 1348 1068 1419 μακάριον
1116 1349 1361 1402 Παῦλον*
1392 1350 1571 1402 καίτοι
1616 1348 1697 1411 εἰς
1742 1348 1833 1401 τὸν

259 1438 397 1491 κατὰ
427 1437 526 1491 τοῦ
562 1438 798 1492 θανάτου
821 1439 1012 1508 ἀγῶνα
1040 1439 1194 1494 οὐδὲν
1222 1440 1383 1510 ήμεϊς
1413 1439 1563 1510 αύτῷ
1594 1440 1832 1511 συνηρά-

262 1529 417 1598 μεθα.
453 1528 561 1583 Διά
590 1530 646 1583 δὲ
672 1529 734 1582 τὸ
771 1531 950 1585 κοινὸν
981 1530 1084 1600 τῆς
1123 1530 1471 1602 ἀνθρωπίνης
1499 1531 1737 1600 φύσεως,
1767 1532 1836 1603 ἢν

264 1624 481 1677 ἅπασαν
515 1623 897 1691 προσελάϐετο
940 1625 1000 1677 ἐν
1047 1624 1145 1695 μιᾷ
1206 1624 1528 1687 ὑποστάσει,
1567 1626 1665 1678 καὶ
1703 1624 1837 1679 διότι

263 1718 470 1787 Κύριον
502 1718 604 1771 καὶ
627 1717 898 1787 δεσπότην
914 1716 1084 1770 ἀὐτὸν
1109 1714 1462 1785 ἐπιϐοώμεθα
1492 1719 1587 1771 καὶ
1609 1716 1839 1787 Σωτῆρα

263 1809 741 1880 πανηγυρίζομεν,
788 1809 884 1863 καὶ
930 1811 1057 1873 τοὺς
1103 1807 1403 1871 ἐπινικίους
1446 1808 1644 1880 ᾄδομεν
1690 1809 1839 1879 αὑτῷ

262 1899 338 1964 είς
390 1900 495 1967 τὴν
549 1898 647 1953 τοῦ
703 1897 935 1952 θανάτου
979 1897 1157 1965 νίκην,
1207 1900 1498 1962 κοινωνοὺς
1540 1900 1637 1966 τῆς
1683 1898 1841 1967 νίκης

265 1966 499 2044 ποιεῖται
561 1992 657 2045 καὶ
706 1990 803 2061 τήν
852 1990 1173 2065 ἐλευθερίαν
1205 1990 1515 2059 χαρίζεται.
1574 1991 1682 2044 Τοῦ
1733 1966 1842 2061 γὰρ
1871 1966 1919 2027 Β

264 2083 393 2136 Θεοῦ
448 2083 552 2135 τοῦ
603 2083 835 2154 Πατρδς,
895 2084 991 2137 καὶ
1039 2082 1171 2135 1⁸ίοῦ
1222 2083 1320 2136 καὶ
1373 2082 1469 2136 τοῦ
1530 2083 1844 2154 Πνεύματος

267 2176 736 2239 καταδικάσαντος
753 2176 845 2230 τὸν
870 2174 1225 2240 διάϐολον,ὡς
1250 2175 1453 2238 ἀδίκως
1478 2174 1845 2244 ἐπενεγκόντι

267 2272 341 2340 τῷ
386 2272 773 2340 ἀναμαρτήτῳ
818 2270 909 2323 τὸν
959 2268 1214 2332 θάνατον,
1268 2269 1369 2323 οὐκ
1414 2268 1691 2340 ἐκρατήθη
1743 2270 1847 2323 ὑπὸ
1886 2340 1897 2345 ἡ

271 2366 359 2417 τοῦ
392 2364 641 2418 θανάτου
679 2365 712 2434 ή
743 2362 990 2434 αὐτοζωή
1016 2378 1031 2394 '
1062 2361 1180 2416 ἀλλ’
1219 2360 1294 2424 ὡς
1325 2359 1529 2431 Κύριος
1553 2362 1652 2432 τῆς
1690 2360 1849 2433 δόξης

271 2455 692 2530 ὑπερϐαλλούσῃ
747 2452 965 2524 ἐξουσίᾳ
1030 2452 1124 2505 τδν
1171 2451 1410 2521 ἄρχοντα
1477 2447 1570 2504 τοῦ
1626 2451 1850 2514 σκότους

272 2546 363 2599 καὶ
407 2544 509 2607 τὰς
563 2544 657 2597 ὑπ’
707 2541 857 2614 αὐτῷ
904 2542 1168 2612 δυνάμεις
1222 2541 1554 2612 κατήνεγκε,
1605 2544 1701 2596 καὶ
1753 2542 1852 2615 τὴν

277 2644 423 2712 ίσχῦν
463 2643 696 2695 ἐκείνων
723 2642 932 2697 διέλυσε
958 2657 973 2672 ο
1001 2640 1097 2694 καὶ
1124 2638 1264 2693 οὕτω
1287 2638 1386 2702 τὰς
1412 2637 1511 2708 μὲν
1536 2636 1716 2707 ψυχὰς
1744 2636 1854 2691 τῶν

280 2736 483 2803 ἁγίων,
549 2735 600 2789 οἳ
658 2736 752 2789 κςιιλ⁸
797 2735 959 2789 αὐτὸν
1015 2732 1362 2803 ἐξεδέχοντο,
1428 2730 1556 2793 τοὺς
1618 2730 1854 2799 δεσμοὺς

278 2828 578 2899 διαρρήξας
627 2827 884 2890 ἅπέλυσεζ
926 2828 1020 2880 καὶ
1076 2826 1196 2895 μεθ’
1233 2826 1428 2881 ἐαυτοῦ
1475 2825 1676 2889 ταύτας
1720 2826 1856 2897 ἀνή-

280 2937 465 2988 γαγεν,
495 2919 785 2992 ἐλευθερίᾳ
815 2920 1095 2988 τιμήσας*
1140 2918 1219 2973 ἔτι
1253 2920 1306 2974 δὲ
1340 2922 1561 2975 καὶτῶν
1586 2922 1665 2983 είς
1693 2920 1856 2973 αὑτὸν

280 3011 401 3079 ἄρτι
434 3011 567 3063 τότε
610 3009 1055 3063 πεπιστευκότων
1081 3025 1095 3039 ⁸
1130 3010 1426 3065 ἀνελάὅετο
1464 3010 1520 3063 δέ
1552 3010 1612 3064 τὸ
1660 3008 1856 3063 ἑαυτοῦ

285 3102 459 3171 σῶμα,
488 3103 592 3156 καὶ
620 3102 821 3172 ἀνέστη
863 3103 1162 3175 τριήμερος
1202 3103 1432 3174 νικητὴς
1473 3102 1564 3155 τοῦ
1602 3102 1857 3167 θανάτου,

285 3196 348 3248 τὰ
393 3196 573 3265 σκεύη
626 3194 720 3250 τοῦ
771 3197 1031 3268 ἄρχοντος
1087 3198 1412 3270 συντρίψας.
1464 3199 1559 3252 καὶ
1607 3196 1859 3267 καθάπερ

287 3286 636 3372 αἰχμάλωτον
658 3286 821 3340 αὑτὸν
853 3290 1221 3359 καταστήσας.
1886 3309 1933 3372 C

355 3370 486 3430 Εἶτα
550 3379 646 3430 καὶ
695 3377 867 3449 ἐφάνη
920 3381 1032 3442 τοϊς
1086 3382 1375 3449 μαθηταῖς,
1412 3381 1507 3433 καὶ
1554 3378 1721 3449 ἔφθανε
1769 3379 1861 3432 καὶ

291 3466 636 3541 ἐψηλαφήθη,
671 3470 758 3526 διά
795 3470 963 3543 μόνην
985 3470 1082 3541 τὴν
1120 3472 1217 3541 τῆς
1245 3473 1614 3537 ἀναστάσεως,
1635 3472 1708 3534 ὡς
1732 3471 1866 3541 ἔφη·

296 3577 409 3631 μεν,
447 3563 716 3617 πίστωσιν
736 3568 751 3593 ⁶
779 3565 874 3616 καὶ
914 3564 1071 3627 τέλος
1102 3564 1183 3627 είς
1216 3564 1307 3618 τὸν
1340 3566 1563 3635 οὺρινδν
1587 3564 1864 3635 ἀνελήφθη

296 3655 510 3710 πάντων
566 3653 852 3728 ὁρώντων,
911 3657 1008 3711 ἐπὶ
1032 3650 1293 3727 ”μηδενὸς
1351 3657 1544 3711 τούτου
1599 3657 1870 3728 πρότερον

297 3749 601 3815 γεγονότος.
646 3749 704 3803 '0
743 3749 850 3818 γὰρ
887 3750 1074 3814 Ίιλίας
1108 3751 1406 3819 ἁρπαγεὶς,
1437 3750 1539 3803 οὐκ
1583 3750 1667 3812 είς
1700 3749 1868 3817 οὐρα-

298 3841 401 3901 νὶν,
448 3840 569 3895 ἀλλ’
606 3860 623 3891 ι
662 3842 736 3904 ὡς
788 3844 869 3905 εἰς
925 3841 1154 3912 οὐρανὸν
1188 3860 1205 3893 ι
1244 3843 1565 3914 ἁρπαγήναι
1623 3841 1863 3909 λέγεται.

308 3951 325 3982 ι
364 3934 560 3995 Οὐδεὶς
595 3932 703 4003 γὰρ
738 3933 1084 4001 ἀναϐέϐηκεν
1116 3934 1197 3995 είς
1237 3934 1327 3985 τὸν
1360 3934 1610 4004 οὐρανὸν,
1656 3935 1704 3986 εί
1737 3933 1811 4004 μὴ
1840 3934 1869 3986 ὁ

303 4023 362 4075 ἐκ
389 4026 480 4078 τοῦ
520 4023 753 4093 οὐρανοῦ
809 4023 1074 4087 καταϐάς.
1111 4044 1129 4076 ι
1178 4025 1288 4078 Καὶ
1336 4026 1364 4078 ὁ
1411 4024 1512 4095 μὲν
1561 4024 1652 4078 ὑπ’
1684 4025 1867 4090 ἀλλον,

306 4116 332 4167 ὁ
374 4116 425 4170 δὲ
478 4117 719 4186 Χριστὸς
769 4116 936 4174 αὐτὸς
992 4116 1083 4186 ὑφ’
1114 4116 1308 4169 ἑαυτοῦ
1362 4119 1444 4178 είς
1489 4116 1582 4170 τὸν
1638 4116 1873 4189 οὐρανὸν

306 4209 622 4281 ἀνεφέρετο.
684 4209 1038 4278 Πρωτότοκος
1095 4203 1189 4262 οὖν
1238 4208 1302 4262 ἐκ
1354 4209 1465 4262 τῶν
1515 4210 1727 4279 νεκρῶν
1780 4211 1874 4263 καὶ

308 4301 525 4372 ἀπαρχὴ
558 4300 665 4353 τῶν
692 4301 1118 4371 κεκοιμημένων
1148 4301 1462 4370 γενόμενος,
1488 4300 1708 4363 ἐλπίδας
1740 4302 1879 4370 ἡμῖν,

311 4396 614 4466 παρέσχετο
658 4395 750 4448 τοῦ
800 4396 895 4449 καὶ
925 4396 1075 4465 ἡμᾶς
1112 4393 1203 4447 τὸν
1228 4394 1415 4462 ὅμοιον
1465 4393 1873 4464 ἀναστήσεσθαι

312 4488 525 4556 τρόπον,
562 4488 656 4541 καὶ
697 4487 847 4558 αὐτῷ
877 4485 1356 4555 παραστήσεσθαι,
1396 4484 1475 4556 τῷ
1503 4485 1737 4557 ἀρχηγῷ
1777 4486 1874 4556 τῆς

316 4581 583 4651 σωτηρίας
623 4580 802 4651 ἡμῶν,
830 4579 865 4650 ἦ
911 4576 1431 4648 δοξασθησομένους,
1466 4576 1499 4649 ἥ
1533 4577 1870 4647 κολασθησο⁶

1937 715 2040 759 tem
2076 721 2095 770 ;
2127 722 2341 777 unaque
2369 723 2431 762 ac
2456 706 2686 778 simplici
2715 706 2921 764 Christi
2988 713 3164 762 morte
3198 706 3272 762 illi
3305 715 3503 772 sponte

1936 807 2210 867 suscepta,
2240 815 2267 851 ιι
2302 808 2476 854 morte
2506 799 2718 856 liberati
2741 815 2926 856 sumus
2958 808 3008 856 et
3038 815 3134 871 per
3187 815 3307 854 eam
3367 801 3507 855 vivi-

1937 891 2103 947 ticali.
2180 891 2377 961 Atque,
2424 904 2480 948 ut
2513 893 2679 949 Isaias
2735 894 3022 965 loquitur:
3058 878 3059 883 “
3095 912 3113 945 ι
3148 892 3344 949 Livorc
3391 894 3508 964 ejus

1937 1003 2037 1043 nos
2059 1001 2249 1043 omnes
2274 989 2446 1041 sanati
2472 1002 2661 1042 sumus
2686 986 2750 1042 “.
2783 1005 2803 1039 ι
2843 985 3085 1041 Tametsi
3114 985 3256 1041 enim
3278 1000 3509 1055 corpore

1940 1079 2222 1145 morimur,
2256 1080 2399 1152 quod
2422 1080 2649 1135 mortale
2677 1095 2877 1150 corpus
2932 1079 3231 1137 habeamus
3260 1091 3282 1142 ,°
3333 1078 3507 1133 credi-

1942 1189 2060 1229 mus
2091 1184 2270 1230 tamen
2302 1187 2517 1229 rursum
2547 1189 2647 1229 nos
2677 1187 2903 1243 corpora
2955 1180 3140 1227 nostra
3189 1180 3510 1241 recepturos

1940 1268 1993 1321 in
2029 1268 2358 1332 claritate“,
2392 1283 2512 1323 cum
2536 1267 2787 1321 Christus
2814 1266 3129 1337 apparuerit
3161 1267 3273 1320 vita
3296 1274 3509 1325 nostra,

1942 1361 2017 1415 uti
2056 1356 2247 1415 auctor
2274 1369 2360 1416 est
2391 1360 2582 1415 beatus
2610 1358 2850 1425 Paulus;
2895 1361 3147 1430 quamvis
3198 1372 3515 1429 agonequo

1944 1461 2170 1507 mortem
2206 1452 2504 1523 superavit,
2536 1451 2674 1507 nihil
2705 1450 2803 1507 eia
2832 1451 2993 1506 nobis
3033 1466 3212 1521 operte
3249 1451 3513 1506 collatum

1943 1544 2034 1600 sit.
2093 1543 2175 1600 Ob
2196 1556 2405 1601 natura:
2436 1556 2615 1601 tamen
2667 1545 3141 1608 communitatem,
3174 1559 3336 1614 quam
3401 1560 3517 1597 um-

1946 1654 2066 1693 nem
2102 1637 2159 1693 in
2185 1654 2290 1693 una
2341 1652 2573 1708 persona
2621 1638 2852 1709 accepit,
2909 1645 2964 1693 et
3015 1639 3155 1706 quod
3228 1636 3517 1690 Dominum

1947 1729 2246 1799 herumque
2267 1743 2390 1784 eum
2422 1729 2739 1786 invocamus
2764 1738 2819 1785 et
2851 1728 3187 1784 Salvatorem
3212 1727 3519 1787 laudamus,

1948 1837 2013 1877 ac
2044 1822 2286 1878 victoriae
2320 1822 2395 1878 illi
2420 1824 2634 1879 cantica
2658 1823 2910 1878 canimus
2934 1837 3031 1892 pro
3055 1821 3248 1877 mortis
3294 1830 3520 1889 tropaeo.

1950 1914 2131 1970 socios
2164 1930 2264 1970 nos
2293 1915 2536 1970 victoriae
2557 1913 2689 1973 facit
2715 1930 2780 1969 ac
2817 1914 3124 1969 libertatem
3154 1913 3362 1967 tribuit.
3413 1911 3523 1967 Deo

1945 2009 2092 2064 enim
2120 2008 2280 2063 Patre
2306 2018 2361 2063 et
2398 2006 2531 2063 Filio
2562 2017 2619 2063 et
2671 2006 2879 2076 Spiritu
2942 2006 3339 2061 cnndemuaute
3395 2003 3520 2058 dia-

1946 2099 2152 2166 bolum,
2186 2100 2328 2168 quod
2363 2097 2564 2169 injuste
2586 2115 2709 2155 eum
2733 2110 2906 2156 morte
2959 2098 3207 2154 olfecerit
3253 2098 3345 2167 qui
3397 2099 3525 2153 nul-

1947 2190 2050 2246 lius
2088 2192 2299 2261 peccati
2335 2192 2450 2262 ipse
2482 2207 2610 2248 reus
2644 2202 2785 2259 erat,
2843 2191 3012 2248 teneri
3095 2207 3125 2245 a
3182 2200 3359 2247 morte
3405 2190 3523 2260 ipsa

1950 2297 2076 2337 vere
2111 2281 2223 2338 vita
2267 2298 2374 2338 non
2439 2284 2615 2353 potuit
2636 2281 2720 2350 ",-
2792 2281 2887 2337 sed
2951 2291 3207 2351 tauquam
3264 2280 3527 2337 Dominus

1948 2376 2136 2447 gloriae
2166 2375 2453 2431 excellenti
2506 2376 2748 2446 potentia
2808 2375 3159 2429 tenebrarum
3223 2371 3528 2441 principem

1953 2484 2059 2523 una
2102 2482 2223 2521 eum
2280 2466 2544 2538 subjectis
2585 2468 2637 2524 ei
2693 2466 3063 2537 potestatibus
3126 2461 3531 2535 proﬂigavit”,

1950 2574 2250 2631 eorumque
2304 2559 2472 2615 robur
2515 2559 2799 2628 dissolvit;
2831 2568 2995 2631 atque
3053 2558 3106 2613 in
3138 2573 3263 2613 eum
3303 2556 3523 2611 modum

1953 2659 2268 2707 sanctorum
2311 2651 2534 2721 quidem
2582 2650 2798 2707 animas
2835 2649 3019 2721 (cujus
3048 2664 3145 2720 spe
3185 2646 3533 2713 tenebantur)

1954 2742 2220 2814 disruptis
2267 2743 2506 2799 vinculis
2565 2741 2825 2817 absolvit,
2868 2741 3249 2813 libertatisque
3306 2753 3533 2794 munere

1956 2833 2207 2900 donatas,
2234 2850 2342 2889 una
2374 2848 2560 2891 secum
2613 2834 2870 2900 reduxit,
2903 2848 3199 2902 eorumque
3249 2839 3532 2901 praeterea,

1957 2925 2051 2996 qui
2086 2935 2215 2981 tunc
2243 2941 2435 2981 recens
2460 2926 2513 2980 in
2543 2941 2667 2981 eum
2711 2924 3085 2981 crediderunt.
3126 2922 3536 2991 Resumptoque

1960 3033 2060 3073 suo
2105 3032 2335 3087 corpore
2380 3017 2667 3073 triduanus
2703 3017 2897 3072 mortis
2936 3016 3109 3071 victor
3154 3014 3372 3079 revixit,
3404 3028 3537 3067 con-

1962 3109 2104 3164 tritis
2154 3110 2413 3178 principis
2446 3110 2613 3173 vasis,
2638 3124 2701 3166 ac
2742 3124 2842 3165 seu
2897 3108 3171 3193 captivum
3217 3106 3422 3163 carceri
3473 3120 3539 3160 ac

1964 3203 2199 3259 vinculis
2230 3202 2458 3260 addixit.

2040 3381 2246 3436 Deinde
2286 3380 2449 3436 etiam
2483 3394 2542 3435 se
2571 3378 2858 3450 discipulis
2898 3378 3255 3449 conspicuum
3290 3374 3416 3432 fecit
3438 3416 3453 3439 ,
3485 3381 3541 3428 et

1973 3474 2338 3540 manducavit,
2373 3489 2437 3531 ac
2481 3473 2686 3546 palpari
2721 3474 2912 3540 voluit,
2946 3476 3014 3528 ob
3051 3472 3208 3527 tidem
3257 3486 3543 3527 resurrec-

1970 3568 2137 3622 tionis
2168 3568 2341 3621 solum
2367 3564 2891 3627 astruendam“,uti
2917 3563 3193 3627 diximus;
3226 3577 3289 3617 ac
3325 3562 3541 3616 demum

1970 3658 2181 3714 cunctis
2231 3659 2543 3713 videntibus
2595 3658 2649 3712 in
2711 3657 2907 3713 coelum
2972 3655 3260 3718 ascendit,
3312 3667 3437 3708 cum
3486 3655 3541 3705 in

1973 3754 2120 3809 nullo
2144 3753 2223 3808 sic
2245 3739 2485 3823 unquam
2517 3751 2856 3823 contigisset.
2884 3747 3020 3803 Nam
3054 3747 3201 3803 Elius
3225 3757 3412 3818 raptus
3435 3757 3541 3808 est,

1972 3861 2079 3898 non
2130 3845 2181 3898 in
2235 3845 2457 3909 coelum,
2509 3828 2641 3907 sed,
2680 3861 2700 3895 ι
2759 3842 2917 3913 quasi
2954 3841 3011 3895 in
3057 3840 3254 3896 coelum
3295 3857 3314 3891 ι
3361 3846 3547 3907 raptus

1973 3936 2369 4007 perhibetur".
2397 3955 2415 3987 ι
2446 3932 2615 3990 Nemo
2646 3935 2791 3989 enim
2827 3932 3075 3990 ascendit
3099 3934 3153 3987 in
3185 3931 3405 3994 caelum,
3440 3930 3546 3983 nisi

1973 4028 2067 4097 qui
2115 4027 2393 4083 descendit
2431 4028 2499 4084 de
2536 4027 2764 4083 coelo“.
2806 4046 2824 4079 ι
2856 4024 2934 4082 Ac
2979 4026 3198 4097 quidem
3230 4025 3397 4085 Elias,
3441 4023 3550 4076 alio

1975 4122 2328 4189 sublevante,
2372 4122 2625 4178 Christus
2672 4136 2823 4188 vero,
2864 4120 2981 4191 ipse
3008 4135 3040 4175 a
3074 4135 3135 4174 se
3174 4119 3452 4174 ferebatur
3493 4117 3549 4170 in

1975 4216 2198 4271 coelum.
2231 4213 2335 4279 Qui
2388 4213 2553 4284 igitur
2611 4233 2631 4265 ι
2685 4211 3081 4282 primogenitus
3110 4226 3178 4268 ex
3220 4211 3451 4265 mortuis
3498 4222 3552 4263 οι

1975 4306 2229 4377 primitiae
2273 4304 2741 4371 dormientium",
2786 4324 2805 4356 ι
2842 4303 3018 4358 factus
3055 4304 3156 4369 sit,
3190 4316 3337 4372 spem
3390 4301 3551 4356 nobis

1976 4397 2228 4467 praebuit,
2258 4395 2374 4452 fore
2426 4406 2486 4450 ut
2527 4406 2581 4451 et
2613 4411 2715 4455 nos
2743 4396 2935 4450 eodem
2988 4395 3150 4450 modo
3178 4409 3548 4464 resurgamus,

1975 4488 2189 4559 ipsique
2216 4504 2398 4544 coram
2447 4488 2730 4551 sistamur,
2759 4487 2855 4558 qui
2889 4496 3077 4543 noster
3106 4496 3297 4542 auctor
3318 4486 3555 4542 exsistat

1978 4580 2171 4635 salutis
2192 4579 2260 4647 ⁸⁸,
2282 4588 2344 4635 ιιι
2391 4590 2483 4636 aut
2516 4579 2878 4634 immortalem
2930 4578 3181 4647 gloriam,
3224 4587 3318 4633 aut
3352 4578 3556 4648 suppli—

318 4645 500 4741 μένους
540 4645 785 4727 ἀθάνατα
812 4687 826 4702 ⁸
853 4645 965 4725 ⁷’ὅτε
1004 4645 1267 4741 δηλονότι,
1300 4645 1857 4740 καθὼς-πιστεύομεν⁴

1975 4674 2057 4729 cia
2084 4680 2596 4743 reportemus,tunc
2617 4671 3039 4737 nimirum,cum
3068 4670 3233 4742 (sicut
3256 4648 3555 4726 credimus)

315 4764 370 4819 τὺ
398 4766 653 4835 δεύτερον
680 4764 845 4819 πάλιν
868 4762 1151 4817 ἐλεύσεται
1194 4760 1380 4830 κρῖναι
1415 4758 1623 4826 ζῶντας
1661 4762 1753 4815 καὶ
1791 4777 1878 4814 νε-

321 4859 498 4924 κρούς.

392 4948 449 5002 '0
476 4948 831 5023 τοίνυικατά
878 4949 980 5018 τῆς
1028 4946 1381 5019 ἀνθρωπίνης
1414 4944 1628 5014 φύσεως
1659 4943 1883 5013 ἐπαιρό-

326 5024 498 5106 μενος,
530 5043 624 5095 καὶ
660 5041 760 5110 τὴν
802 5040 1128 5111 οἰκουμένην
1165 5039 1241 5102 ὡς
1283 5039 1504 5091 νοσσιὰν
1532 5035 1886 5105 καυχώμενος

324 5133 746 5203 καταλήψεσθαι,
774 5132 871 5187 νῦν
903 5132 995 5202 ὑφ’
1035 5129 1194 5202 ήμῶν
1223 5127 1552 5201 ἐμπαίζεται
1602 5131 1697 5183 καὶ
1726 5128 1889 5197 γελᾶ-

254 5226 265 5237 ’
326 5239 406 5275 ται
453 5226 562 5279 τῶν
613 5225 704 5279 τδν
758 5224 995 5296 Χριστὸν
1051 5222 1525 5294 προσκυνούντων,
1582 5222 1672 5273 τὸν
1724 5220 1920 5293 αὐτὸν⁸

329 5312 450 5383 ὁμοῦ
480 5316 613 5369 Θεὸν
652 5318 747 5369 καὶ
777 5314 1084 5387 ἄνθρωπον,
1116 5317 1210 5369 καὶ
1241 5312 1511 5386 βοώντων,
1544 5332 1562 5364 ι
1609 5312 1887 5382 Ἐπεφάνη

332 5407 361 5473 ἡ
406 5409 562 5480 χάρις
594 5409 688 5463 τοῦ
740 5409 880 5463 Θεοῦ
929 5411 960 5478 ἡ
1015 5412 1281 5480 σωτήριος
1332 5410 1500 5462 πᾶσιν
1552 5406 1882 5478 ἀνθρώποις,

334 5502 652 5555 παιδεύουσα
706 5504 876 5572 ἡμᾶς,
933 5502 1020 5555 ἷνα
1068 5502 1437 5571 ἀρνησάμενοι
1488 5500 1584 5571 τὴν
1630 5497 1886 5552 ἀσέϐειαν

337 5595 545 5659 καὶτὰς
593 5613 739 5666 κοσμ
765 5596 867 5658 κάς
897 5594 1213 5664 ἐπιθυμίας,
1259 5594 1552 5664 σωφρόνως
1592 5592 1689 5643 καὶ
1730 5592 1885 5641 εὖσε·

338 5684 434 5749 ϐὡς
475 5688 727 5757 ζήσωμεν
771 5689 828 5739 ἐν
879 5686 958 5755 τῷ
1008 5686 1161 5739 αἰῶνι
1212 5684 1408 5755 τοῦτῳ,
1455 5702 1471 5736 ι
1527 5682 1726 5737 Οὐκέτι
1783 5681 1888 5750 γὰρ

406 5888 445 5919 ⁸⁸
482 5889 581 5944 lsa.
618 5906 731 5953 Llll,
765 5890 817 5945 ὕ.

1978 4765 2220 4820 secundo
2251 4763 2447 4818 iterum
2480 4762 2660 4817 veniet
2690 4760 2844 4817 vivos
2872 4772 3033 4832 atque
3059 4772 3305 4819 mortuos
3342 4762 3558 4831 judica-

1983 4864 2160 4910 turus.

2056 4946 2109 5003 ls
2157 4947 2322 5019 igitur
2370 4947 2463 5016 qui
2513 4945 2777 5001 adversus
2825 4945 3126 5000 humanum
3167 4948 3341 5019 genus
3371 4942 3562 4999 eﬂ‘ere-

1993 5040 2173 5103 batur,
2234 5039 2434 5109 quippe
2492 5036 2585 5107 qui
2655 5036 2801 5093 velut
2856 5038 3045 5095 nidum
3066 5039 3132 5102 ⁸ο,
3188 5052 3248 5097 se
3292 5044 3560 5092 terrarum

1991 5129 2180 5185 orbem
2212 5126 2737 5198 eomprclicnsurum
2779 5129 3137 5200 gloriabatur,
3170 5142 3203 5181 a
3229 5126 3385 5181 nobis
3417 5141 3562 5178 unum

1990 5222 2191 5279 Christi
2228 5223 2320 5276 Dei
2342 5220 2506 5277 simul
2526 5220 2871 5293 hominisque
2896 5221 3195 5276 cultoribus
3217 5219 3462 5274 illuditur
3496 5232 3567 5273 ao

1992 5314 2290 5379 deridetur,
2332 5315 2530 5384 quippe
2552 5314 2644 5384 qui
2680 5314 3012 5369 clamemus:
3045 5331 3064 5365 ι
3097 5310 3359 5382 Apparuit
3391 5311 3561 5380 gratia

1996 5403 2088 5458 Dei
2121 5405 2379 5459 salutaris
2399 5406 2653 5459 omnibus
2684 5404 3014 5467 hominibus,
3049 5404 3306 5460 erudiens
3341 5418 3464 5472 nos,
3507 5414 3567 5459 ut

1997 5494 2328 5566 abnegantes
2357 5496 2685 5563 impietatem
2703 5505 2756 5551 et
2782 5496 3059 5551 saecularia
3078 5494 3365 5559 desideria,
3382 5496 3566 5550 sobrie

1995 5596 2049 5644 et
2066 5588 2153 5659 pie
2174 5588 2417 5645 vivamus
2440 5589 2494 5642 in
2522 5591 2623 5643 hoc
2640 5589 2837 5644 saeculo
2855 5588 2941 5643 δ”.
2958 5607 2975 5640 ι
3002 5588 3117 5643 Non
3133 5588 3272 5642 enim
3288 5588 3396 5656 jam
3415 5588 3569 5643 dein-

1997 5700 2123 5754 ceps
2211 5686 2367 5740 nobis
2421 5685 2771 5755 exprobrabit
2820 5700 2882 5740 ac
2945 5684 3371 5750 condemnabit,
3418 5686 3562 5755 quod

894 5889 935 5921 ’⁸⁸
968 5888 1180 5943 Coloss.
1219 5903 1299 5951 Ill,
1330 5892 1383 5945 ἃ.
1462 5892 1504 5922 ⁶¹
1560 5890 1677 5944 Act.
1703 5906 1760 5956 ιι,
1791 5890 1857 5942 24

1965 5889 2006 5922 ⁸³
2039 5888 2167 5944 Luc.
2196 5905 2269 5948 tu.
2299 5889 2388 5945 22.
2465 5886 2511 5958 δὲ
2535 5888 2652 5940 Act.
2686 5903 2723 5953 ι,
2749 5888 2803 5953 5,
2837 5888 2892 5951 4,
2923 5890 2977 5943 9.
3054 5888 3097 5920 ⁸⁸
3130 5886 3196 5940 ιν
3232 5885 3361 5958 Reg.
3387 5904 3446 5954 ιι,
3480 5888 3569 5945 it.

348 5954 555 6019 "Joau.
586 5979 666 6029 ιιι,
708 5962 793 6017 13.
870 5961 909 5992 ⁵⁷
938 5959 1147 6015 Coloss.
1186 5976 1223 6025 ι,
1259 5961 1318 6015 18
1351 5960 1509 6016 lCur.
1547 5977 1617 6025 ιιι,
1656 5954 1757 6014 ἓθζ
1826 5960 1857 5991 ⁸⁸

1968 5976 1982 6025 ;
2010 5961 2134 6013 Cor.
2176 5975 2226 6024 ν,
2262 5959 2344 6013 10.
2422 5959 2465 5991 ⁸³
2491 5957 2601 6016 lsa.
2633 5973 2683 6012 ι.
2710 5959 2795 6012 M.

2871 5961 2941 5992 ’θ’
2971 5958 3076 6015 Tit.
3114 5976 3170 6025 tt,
3205 5960 3288 6014 ll.
