3790 6558
346 466 456 529 595

1610 464 1660 523 Μ
1677 462 2008 523 ANUELIS
2043 463 2346 529 CALECrE

3470 471 3563 540 596

345 596 412 634 ne
465 594 609 633 unus
662 578 934 649 quispiam
976 578 1080 643 sit,
1118 579 1212 649 qui
1246 577 1364 647 ejus
1400 578 1606 649 peccati
1649 576 1903 647 signaculi

2022 581 2156 650 ἡμῖν
2182 580 2433 634 ὀνειδίσει
2461 597 2521 632 τε
2546 582 2639 635 καὶ
2666 584 3002 650 κατακρινεῖ,
3042 582 3116 647 ὡς
3142 583 3309 647 οὐδείς
3344 586 3450 639 ἐστι
3478 588 3564 656 τῆς

340 685 534 739 expers
558 670 666 733 sit,
701 668 774 723 ita
817 669 1101 732 nimirum,
1136 678 1195 724 ut
1224 685 1289 725 eo
1325 669 1399 724 illi
1441 670 1912 726 communicantes

341 777 405 817 ac
433 761 593 824 socii,
630 760 733 816 sub
768 768 1038 828 potestate
1071 774 1136 816 ac
1164 760 1551 817 communione
1597 759 1771 831 ipsius
1810 759 1912 815 «tiri

343 851 530 908 mundi
549 852 779 908 rectoris
806 868 871 907 ac
891 853 1094 921 peccati
1125 851 1366 910 auctoris
1392 853 1700 909 necessario
1718 854 1910 908 simus.

347 944 622 999 Habemus
654 943 799 999 enim
844 959 912 1000 ex
956 952 1145 1001 nostro
1176 958 1376 1014 genere
1421 930 1591 999 velut
1621 945 1908 999 donarium

340 1037 683 1106 hostiamque
728 1034 944 1101 offerre,
980 1052 1143 1109 quam
1202 1037 1412 1095 scilicet
1457 1037 1549 1094 Dei
1575 1035 1747 1093 Filius
1773 1037 1909 1093 citra

338 1143 556 1183 omnem
608 1129 819 1199 peccati
853 1129 1031 1186 labem
1081 1129 1379 1201 assumpsit
1410 1145 1627 1187 carnem
1652 1172 1667 1197 ,
1702 1131 1911 1200 perfec-

335 1229 449 1275 tum
476 1221 737 1277 nimirum
761 1221 1039 1278 hominem
1060 1262 1076 1287 ,
1098 1239 1210 1295 quo
1234 1238 1359 1279 cum
1384 1224 1549 1278 etiam
1582 1218 1910 1291 congressus

337 1312 536 1379 hostis,
568 1316 785 1385 penitus
818 1314 1142 1387 proﬂigatus
1170 1328 1253 1374 est
1283 1335 1299 1373 :
1340 1332 1361 1370 ι
1406 1316 1566 1373 Venit
1608 1316 1776 1378 enim,
1824 1317 1911 1369 in-

334 1404 475 1474 quit,
519 1407 775 1478 princeps
806 1408 992 1463 mundi
1036 1408 1220 1477 hujus,
1253 1416 1309 1463 et
1330 1409 1383 1463 in
1417 1423 1502 1463 me
1530 1423 1637 1463 non
1670 1407 1933 1462 inveniet‘

334 1494 630 1566 quidquam
653 1497 722 1552 ⁸⁶.
761 1517 780 1551 ι
830 1497 896 1554 Et
928 1515 944 1555 :
988 1519 1006 1551 ‹
1043 1497 1198 1555 Nunc
1250 1498 1501 1570 princeps
1531 1496 1717 1553 mundi
1747 1497 1910 1566 hujus

334 1587 581 1656 ejicietur
612 1588 843 1646 foras“.
872 1608 891 1643 ι

405 1765 460 1821 1η
495 1769 694 1823 ctelum
723 1785 823 1840 ego
857 1780 1123 1841 receptus,
1159 1771 1464 1842 sedensque
1509 1788 1538 1826 a
1572 1771 1778 1826 dextris
1813 1770 1906 1827 Dei

333 1876 397 1916 ac
423 1859 623 1928 Patris,
658 1877 818 1931 quem
858 1864 1015 1919 nobis
1044 1879 1141 1935 per
1176 1878 1236 1920 se
1264 1863 1379 1935 ipse
1407 1863 1803 1931 reconciliavit,
1836 1862 1907 1919 ob

335 1961 619 2020 peccatum
678 1948 748 2009 ab
802 1969 867 2011 eo
915 1956 1123 2012 aversis
1181 1971 1246 2012 ac
1288 1972 1411 2013 cum
1455 1956 1647 2013 mundi
1699 1965 1913 2013 rectore

334 2042 544 2099 imitere
584 2042 810 2100 sociatis
836 2044 1135 2101 etiamnum
1178 2040 1354 2102 Deum
1388 2061 1453 2103 ac
1500 2044 1713 2103 Patrem
1748 2046 1915 2101 inter-

334 2133 497 2203 pellat
549 2150 649 2205 pro
698 2136 880 2203 nobis,
903 2137 981 2192 uti
1028 2138 1105 2194 ait
1139 2138 1341 2205 Paulus
1360 2140 1430 2196 “.
1461 2140 1541 2196 Ac
1597 2140 1816 2211 quidem
1849 2155 1913 2197 ea

335 2226 544 2283 ratione
577 2241 683 2297 qua
729 2238 813 2285 est
859 2228 1043 2298 homo,
1105 2230 1396 2295 obsecrat;
1442 2241 1505 2288 ut
1552 2242 1737 2288 autem
1786 2247 1911 2288 cum

334 2314 494 2373 Patre
523 2327 578 2373 et
606 2316 812 2389 Spiritu
848 2335 990 2377 unus
1032 2321 1173 2377 Deus
1207 2329 1323 2388 est,
1355 2322 1654 2393 supplicum
1687 2323 1916 2393 suscipit

337 2418 481 2464 vota.
495 2409 687 2480 Magna
705 2412 890 2483 itaque
910 2413 1220 2471 hominibus
1242 2414 1433 2471 collata
1450 2415 1911 2487 dignitas,magna

336 2501 754 2573 iiducia,ingens
768 2506 959 2561 honos.
974 2505 1249 2562 Audenter
1265 2507 1410 2562 enim
1431 2507 1757 2572 dixerimus,
1775 2508 1913 2562 Deus

334 2592 649 2651 hominibus
702 2596 1015 2663 ministrat;
1075 2597 1239 2654 homo
1291 2599 1910 2670 omnium‘angelorum

335 2685 587 2756 religioso
620 2686 883 2745 famulatu
927 2689 1270 2748 adoratur‘et
1302 2692 1536 2759 colitur,
1561 2692 1830 2753 habemus
1855 2693 1911 2749 in

333 2779 489 2835 caelis
508 2779 730 2837 fratrem
755 2792 811 2837 et
833 2783 1093 2840 amicum.
1114 2783 1234 2854 ipse
1250 2784 1392 2840 enim
1418 2785 1627 2854 primus
1649 2787 1703 2841 in
1726 2785 1911 2843 multis

337 2871 598 2929 fratribus
637 2874 811 2930 voluit
869 2877 1154 2946 appellari.
1184 2877 1273 2931 Ait
1319 2876 1465 2932 enim
1501 2896 1513 2933 :
1550 2896 1569 2931 ι
1600 2877 1776 2933 Dicite
1802 2873 1912 2933 ira-

334 2965 507 3022 tribus
544 2967 677 3021 meis
693 2968 759 3022 ⁵³.
800 2986 819 3020 ι
850 2968 917 3024 Et
945 2986 957 3022 :
987 2988 1005 3021 ι
1035 2970 1149 3024 Non
1177 2971 1290 3038 jam
1333 2970 1543 3027 vocabo
1566 2985 1666 3026 vos
1697 2986 1907 3035 servos,

331 3057 425 3111 scd
471 3058 677 3115 amicos
698 3058 765 3117 ”.
814 3080 833 3112 ι
868 3058 944 3114 ita
979 3074 1111 3116 sane
1151 3068 1210 3114 ut
1248 3060 1405 3116 nobis
1450 3061 1730 3133 contingat
1760 3064 1906 3134 quod

334 3147 534 3204 Paulus
588 3149 707 3205 ait:
748 3167 769 3201 ι
814 3150 999 3207 Gratia
1052 3152 1249 3209 salvati
1306 3168 1519 3217 sumus,
1573 3164 1626 3211 et
1680 3170 1789 3210 non
1842 3171 1906 3209 ex

331 3240 591 3309 operibus
625 3240 838 3313 legis".
878 3260 897 3294 ι
933 3234 1073 3308 Quid
1121 3244 1267 3299 enim
1320 3242 1413 3300 tali
1459 3259 1702 3315 unquam
1734 3246 1903 3317 gratia
1934 3230 1977 3287 (ἶ

334 3332 509 3403 majus
538 3332 724 3400 fuerit,
741 3335 884 3404 quod
919 3334 1211 3406 DeigFilius
1238 3346 1459 3407 propter
1484 3351 1586 3393 nos
1612 3352 1737 3392 cum
1769 3337 1905 3391 nihil

332 3427 433 3495 ipsi
490 3440 973 3497 praerogassemus.
1004 3438 1200 3499 sponte
1257 3444 1357 3485 sua
1411 3429 1576 3485 homo
1628 3429 1833 3494 factus,
1876 3444 1904 3483 a

330 3519 639 3576 simulacris
680 3527 733 3577 et
770 3535 959 3577 errore
991 3532 1158 3593 atque
1186 3522 1322 3593 legis
1345 3522 1540 3578 umbra
1573 3537 1673 3580 nos
1705 3522 1908 3578 libera-

332 3610 490 3675 verit,
534 3626 833 3684 verumque
878 3627 980 3669 nos
1018 3628 1084 3670 ac
1128 3614 1339 3684 justum
1378 3613 1585 3671 cultum
1624 3614 1905 3679 docuerit;

333 3703 708 3774 mediatorque
756 3712 943 3761 noster
986 3720 1051 3761 ac
1107 3705 1355 3776 pontifex
1390 3704 1591 3772 factus,
1639 3705 1755 3776 ipse
1785 3722 1815 3760 a
1848 3719 1908 3759 se

331 3794 755 3866 chirographum
806 3796 1019 3867 peccati
1056 3797 1227 3853 nostri
1256 3796 1646 3867 disruperit”,
1686 3796 1906 3869 Deoque

331 3885 659 3954 admoverit,
711 3902 776 3944 ac
830 3904 956 3943 eum
1020 3888 1116 3945 illo
1170 3888 1622 3953 reconniliaverit,
1683 3889 1907 3960 suisque

335 3980 582 4036 ﬁdelibus
635 3981 1097 4036 necessitudinem
1152 3997 1362 4049 secum,
1397 3985 1698 4039 mercedem
1736 3982 1907 4039 dona-

334 4071 490 4135 verit,
524 4079 585 4125 ut
631 4070 942 4125 ﬁrmissima
970 4085 1066 4141 spe
1101 4070 1356 4126 saeculum
1386 4072 1490 4127 hoc
1537 4081 1902 4136 transeuntes,

331 4176 458 4215 cum
490 4161 962 4230 emigraverimus,
994 4177 1059 4217 ac
1082 4172 1204 4232 post
1233 4175 1412 4218 rerum
1444 4161 1816 4217 universitatis
1850 4162 1904 4215 in

332 4256 600 4326 integrum
634 4254 1031 4311 restitutionem
1069 4268 1192 4310 cum
1217 4269 1286 4311 eo
1318 4269 1624 4310 versemur.

402 4540 497 4597 Est
522 4542 706 4612 itaque
750 4543 807 4598 in
835 4545 1055 4600 dextera
1096 4543 1185 4599 Dei
1220 4554 1274 4598 et
1310 4541 1508 4608 Patris,
1548 4562 1571 4595 ε
1603 4542 1699 4613 qui
1736 4554 1816 4598 est
1851 4543 1902 4597 in
1935 4567 1982 4626 ο

331 4635 452 4691 siuu
479 4636 737 4702 Patris,"
762 4655 781 4689 ι
820 4636 1071 4706 quamvis
1095 4637 1236 4691 inter
1267 4650 1367 4689 nos
1393 4634 1469 4690 uti
1501 4635 1777 4705 pollicitus
1796 4644 1901 4700 est,

333 4745 505 4800 usque
534 4728 600 4784 ad
643 4730 1175 4805 consummationem
1221 4726 1557 4792 versetur",
1580 4728 1824 4798 regitque
1851 4740 1903 4784 et

328 4820 529 4878 conﬁat
566 4830 811 4877 nostram
844 4820 1038 4882 vitam.
1070 4833 1193 4890 qum
1225 4819 1279 4874 in
1316 4817 1641 4874 abscondito
1694 4819 1895 4875 intelli-

330 4916 573 4984 gitur";
620 4930 782 4985 quam
823 4922 875 4969 et
914 4913 1042 4967 inde
1073 4912 1186 4983 jam
1215 4926 1310 4982 per
1336 4919 1674 4975 sacramenta
1716 4912 1903 4981 auspi-

328 5021 554 5073 camur;
609 5005 1136 5061 consummationem
1191 5017 1321 5057 vero
1366 5002 1509 5058 illius
1553 5002 1607 5058 itt
1659 5002 1897 5058 futurum

328 5106 746 5166 exspectamus,
790 5095 836 5149 si
879 5095 1042 5150 modo
1094 5111 1202 5151 non
1256 5094 1619 5166 negligentem
1675 5109 1897 5163 operam

327 5186 591 5242 adhibere
636 5184 970 5248 videbimur,
1003 5193 1154 5249 tanta
1204 5185 1464 5242 nimirum
1518 5186 1795 5245 socordia.
1843 5195 1901 5237 ut

329 5281 541 5352 exigua:
593 5288 1067 5349 temporaneaaque
1113 5266 1407 5347 voluptatis
1463 5291 1651 5344 causa,
1692 5286 1901 5330 tantum

328 5388 531 5428 munus
578 5372 914 5442 prodamus,
963 5370 1057 5426 sed
1090 5369 1239 5425 omni
1287 5369 1592 5439 diligentia,
1626 5385 1722 5440 per
1758 5370 1903 5426 illius

331 5463 581 5517 mandata
622 5464 692 5518 ab
741 5478 916 5533 eoque
946 5462 1143 5517 tradita
1183 5468 1543 5529 sacramenta,
1585 5463 1637 5516 in
1669 5462 1896 5530 patriam

300 5562 566 5611 'nostram
602 5557 1015 5619 contendamus,
1048 5565 1212 5626 atque
1237 5555 1302 5610 ad
1333 5570 1450 5611 eam
1508 5572 1856 5610 recurramus
1878 5593 1898 5622 ,

327 5646 487 5715 eique
510 5655 567 5703 ut
593 5646 758 5718 capiti
784 5654 1042 5716 tanquam
1080 5646 1318 5700 membra
1349 5654 1650 5711 uectamur,
1674 5663 1735 5700 ac
1758 5646 1902 5700 sicut

400 5818 464 5879 ‘°"
497 5845 659 5903 Joatt.
702 5856 811 5912 xw,
846 5846 935 5898 30.
1013 5848 1056 5879 ⁵¹
1088 5846 1245 5902 Joau.
1292 5863 1388 5911 xu,
1424 5848 1515 5900 3|.

1624 5850 1669 5880 δ’
1707 5847 1861 5900 Ιὶοιιι.
1907 5863 2016 5908 νιιι,
2045 5848 2133 5901 3L

2015 673 2184 728 αὐτοῦ
2254 674 2549 743 σφραγῖδος
2615 674 2717 743 τῆς
2778 675 3055 745 ἁμαρτίας
3106 678 3389 747 ἀμέτοχος,
3435 678 3561 735 ὥστε

2014 767 2157 820 κατά
2185 765 2409 836 ταύτην,
2431 765 2582 835 αὐτῷ
2613 767 3028 829 κοινωνοῦντας,
3061 767 3167 820 ὑπὸ
3198 769 3296 838 την
3334 770 3563 834 ἐξουσίαν

2015 859 2110 911 καὶ
2159 858 2391 929 μετοχὴν
2418 857 2583 911 αὐτοῦ
2617 856 2711 911 τοῦ
2743 857 2921 912 δεινοῦ
2980 858 3420 929 κοσμοκράτορος
3472 865 3555 916 καὶ

2013 947 2257 1020 ἀρχηγοῦ
2279 951 2377 1016 τῆς
2411 949 2684 1020 ἁμαρτίας
2712 950 3119 1019 ἀναγκάζεσθαι
3144 949 3305 1008 εἶναι.
3346 950 3563 1023 Ἐχομεν

2012 1039 2119 1112 γάρ
2145 1041 2209 1094 ἐκ
2238 1040 2337 1113 τῆς
2368 1040 2649 1110 ἡμετέρας
2689 1039 2906 1109 φύσεως
2950 1043 3143 1113 ὥσπερ
3191 1042 3442 1111 ἀνάθημα
3480 1044 3562 1097 καὶ

2013 1131 2205 1186 Θυσίαν
2237 1131 2639 1202 προϐάλλεσθαι
2685 1132 2784 1207 τἠν
2843 1133 2949 1203 ὕπο
2998 1132 3092 1186 τοῦ
3126 1131 3257 1189 Υῑοῦ
3305 1134 3397 1187 τοῦ
3438 1134 3560 1188 Θεοῦ

2011 1224 2451 1296 προσληφθεῖσαν
2485 1226 2664 1295 σάρκα
2688 1223 3114 1295 ἀναμαρτήτως,
3142 1226 3234 1278 τὸν
3254 1225 3453 1278 τέλειον
3482 1225 3562 1279 ἀν-

2012 1315 2231 1388 θρωπον
2257 1332 2270 1345 ⁸
2308 1309 2351 1384 ᾦ
2388 1316 2484 1369 καὶ
2514 1315 2844 1385 προσϐαλὼν
2886 1317 2915 1370 ὁ
2965 1315 3180 1385 ἐχθρὸς.
3238 1318 3563 1386 κατακράτος

2010 1396 2243 1478 ἡττήθη.
2284 1424 2303 1459 ι
2344 1406 2609 1478 Ἔρχεται
2634 1406 2767 1478 γὰρ,
2806 1425 2827 1460 ι
2858 1414 3047 1477 φησιν,
3094 1424 3113 1457 ι
3164 1406 3195 1460 δ
3244 1407 3429 1475 ἄρχων
3482 1407 3565 1459 τοῦ

2010 1499 2216 1567 κόσμου
2244 1497 2459 1562 τούτου,
2487 1496 2583 1551 καὶ
2615 1498 2676 1551 ὲν
2709 1498 2834 1567 ἐμοὶ
2882 1498 3107 1568 εὑρήσει
3161 1496 3335 1550 οὐδέν.
3367 1513 3386 1548 ι
3447 1499 3565 1564 Καὶ,

2017 1607 2035 1640 ι
2065 1589 2184 1644 Νῦν
2226 1591 2253 1643 ὁ
2313 1591 2497 1667 ἅρχων
2548 1586 2643 1643 τοῦ
2692 1591 2900 1660 κόσμου
2942 1588 3133 1644 τούτου
3181 1574 3567 1662 ἐκϐληθήσεται

2010 1680 2136 1748 ἔξω.
2164 1699 2183 1735 ι

2092 1768 2451 1841 Ἀναληφθεὶς
2478 1767 2593 1835 οὖν,
2635 1770 2730 1822 καὶ
2762 1768 2996 1834 καθίσας
3026 1769 3086 1822 ἐν
3113 1767 3269 1839 δεξιᾷ
3314 1767 3409 1821 τοῦ
3438 1766 3563 1823 Θεοῦ

2012 1866 2108 1921 καὶ
2132 1863 2368 1935 Πατρδς,
2400 1863 2459 1917 δν
2490 1866 2621 1934 ἡμῖν
2652 1863 2723 1917 δι’
2758 1861 2956 1918 ἑαυτοῦ
3001 1861 3362 1931 κατήλλαξεν,
3410 1863 3569 1916 ἀπαλ-

2015 1957 2389 2030 λοτριωθείσιν
2416 1956 2627 2011 ἐκείνου
2666 1956 2755 2010 διὰ
2781 1954 2881 2026 τὴν
2904 1956 3207 2027 ἁμαρτίαν,
3229 1955 3329 2007 καὶ
3367 1953 3443 2025 τῷ
3492 1971 3571 2008 κο-

2016 2054 2354 2123 σμοκράτορι
2387 2048 2791 2119 προστεθεῐσιν,
2838 2043 2922 2100 ἔτι
2968 2046 3064 2099 καὶ
3119 2043 3215 2099 νῦν
3269 2044 3567 2112 ἐντυγχάνει

2015 2142 2157 2216 ὑπὲρ
2186 2141 2346 2214 ἡμῶν
2367 2140 2446 2210 τῷ
2469 2138 2588 2211 Θεῷ
2610 2139 2707 2194 καὶ
2741 2138 2937 2208 Πατρὶ,
2969 2137 3121 2192 καθά
3156 2153 3297 2207 φησι
3350 2135 3565 2199 Παῦλος.

2012 2234 2127 2290 Καὶ
2155 2233 2230 2297 ὡς
2262 2232 2363 2303 μὲν
2394 2231 2702 2303 ἄνθρωπος,
2725 2228 3037 2300 παρακαλεῖ
3059 2245 3073 2259 ’
3104 2230 3180 2293 ὡς
3218 2228 3279 2282 δὲ
3327 2227 3453 2291 Θεὸς
3500 2222 3569 2291 εἷς

2016 2324 2274 2398 μετάτοῦ
2299 2324 2511 2396 Harpe;
2559 2323 2781 2379 καὶτοῦ
2830 2321 3169 2393 Πνεύματος,
3234 2321 3337 2383 τάς
3379 2320 3569 2383 ἱκεσίας

2012 2418 2247 2489 δέχεται.
2278 2417 2436 2487 Μέγα
2456 2412 2547 2472 οὖν
2574 2416 2793 2487 ἀξίωμα
2825 2417 2936 2480 τοῖς
2981 2413 3298 2486 ἀνθρώποις
3350 2412 3567 2466 δέδωκε·

2016 2506 2261 2580 μεγάλην
2286 2505 2621 2579 παρρησίαν,
2657 2504 2903 2575 μεγάλην
2934 2502 3123 2572 τιμήν.
3154 2500 3272 2554 Καὶ
3306 2498 3414 2568 γάρ
3452 2497 3569 2568 Bap-

2014 2602 2255 2676 ρούντως
2294 2602 2363 2658 ἀν
2389 2601 2665 2671 εἴποιμεν,
2702 2599 2859 2652 Ἔστι
2891 2595 3025 2659 Θεὸς
3054 2592 3369 2664 ἀνθρώποις
3396 2591 3563 2644 διακο·

2010 2695 2181 2764 νήσας
2200 2709 2214 2724 ⁸
2250 2692 2399 2746 ἔστιν
2427 2690 2713 2760 ἄνθρωπος
2742 2687 2848 2742 ὑπὸ
2868 2688 3090 2744 πάντων
3110 2682 3569 2754 προσκυνούμενος

2011 2786 2119 2840 τῶν
2149 2784 2401 2854 ἀγγέλων
2430 2796 2444 2814 ⁸
2480 2782 2629 2836 ἔστιν
2654 2783 2787 2853 ἡμῖν
2818 2782 2877 2833 ὲν
2903 2780 3153 2850 οὐρανοῖς
3207 2777 3435 2847 ἀδελφὸς
3487 2776 3570 2830 καὶ

2011 2881 2186 2953 φίλος.
2218 2878 2392 2940 Αὐτὸς
2424 2876 2531 2947 γὰρ
2561 2876 2620 2930 ἐν
2647 2874 2865 2940 ἰιολλοίςΔ
2907 2874 3154 2945 ἀδελφοίς
3212 2871 3431 2943 πρῶτος
3480 2886 3568 2923 κα-

2009 2971 2220 3025 λεῖσθαι
2242 2966 2497 3041 ἠξίωσεν.
2541 2987 2559 3021 ι
2592 2966 2798 3023 Εἴπατε
2838 2968 2965 3038 γάρ,
2990 2984 3008 3018 ι
3046 2967 3198 3037 φησὶ,
3234 2983 3255 3017 ι
3295 2964 3430 3034 πρὸς
3460 2963 3570 3025 τοὺς

2010 3061 2273 3131 ἀδελφούς
2311 3078 2436 3133 μου.
2486 3078 2505 3113 ι
2538 3060 2673 3125 Καὶ,
2706 3076 2724 3110 ι
2747 3057 2959 3111 νυὺκέτι
2990 3058 3134 3128 ημᾶς
3158 3054 3316 3109 καλῶ
3346 3054 3567 3116 δούλους,

2008 3156 2146 3211 ἀλλά
2175 3154 2383 3225 φίλους.
2433 3172 2449 3206 ι
2497 3152 2653 3209 Ὠσθ⁸
2679 3154 2813 3224 ἡμῖν
2858 3153 2887 3206 ὃ
2926 3168 3059 3220 φησι
3087 3148 3305 3211 Παῦλος
3358 3148 3570 3217 συμϐαί-

2010 3265 2143 3302 νειν.
2177 3266 2195 3299 ι
2234 3246 2435 3317 Χάριτι
2463 3244 2772 3316 ἐσώθημεν,
2805 3243 2899 3298 καὶ
2924 3244 3026 3297 οὐκ
3069 3242 3127 3309 ἐξ
3148 3240 3563 3312 ἐργωνῃόμου.»

2008 3339 2074 3391 Τί
2108 3339 2219 3407 γὰρ
2244 3338 2309 3393 ἂν
2344 3336 2431 3405 εἴη
2462 3336 2562 3404 τῆς
2586 3335 2845 3405 τοιαύτης
2882 3334 3108 3405 χάριτος
3151 3330 3365 3403 μεῖζον,
3402 3330 3435 3401 ἢ
3486 3330 3567 3383 τὸν

2009 3431 2139 3485 Υίδν
2166 3430 2259 3484 τοῦ
2287 3429 2424 3483 Θεοῦ
2447 3429 2516 3485 δι’
2546 3429 2693 3501 ἡμᾶς
2719 3428 2886 3499 μηδὲν
2922 3426 3445 3498 προεισενεγκόντας
3483 3422 3565 3475 ἀν-

2009 3522 2226 3591 θρωπον
2244 3521 2528 3591 γεγονέναι
2553 3520 2882 3591 θελήσαντα,
2913 3519 3022 3572 τῶν
3045 3517 3285 3572 εἰδώλων
3341 3517 3435 3571 καὶ
3481 3514 3567 3584 τῆς

2010 3613 2220 3683 πλάνης
2243 3614 2338 3665 καὶ
2371 3613 2467 3682 τῆς
2499 3609 2594 3665 τοῦ
2626 3611 2795 3681 νόμου
2825 3610 2985 3673 σκιᾶς
3027 3610 3176 3679 ἡμᾶς
3229 3607 3527 3670 ἀπαλλάξαι
3554 3622 3566 3636 ·

2010 3707 2102 3759 καὶ
2128 3702 2238 3775 ’τὴν
2270 3700 2533 3774 ἀληθινὴν
2561 3705 2654 3757 καὶ
2676 3702 2894 3781 δικαίαν
2932 3700 3140 3766 διδάξαι
3190 3700 3466 3771 λατρείαν,
3490 3699 3570 3751 καὶ

2011 3801 2241 3871 μεσίτην
2274 3800 2368 3853 καὶ
2396 3796 2658 3869 ἀρχιερέα
2695 3792 2866 3868 ’ἡμῶν
2913 3795 3233 3867 γενόμενον,
3268 3795 3340 3848 δι’
3389 3789 3567 3846 ἑαυτοῦ

2008 3891 2068 3942 τὸ
2099 3889 2466 3960 χειρόγραφον
2506 3889 2605 3956 τῆς
2635 3887 2911 3958 ἁμαρτίας
2938 3886 3098 3957 ἡμῶν
3123 3884 3441 3958 διαρρῆξαι,
3487 3884 3571 3937 καὶ

2007 3982 2107 4053 τὴν
2135 3981 2272 4052 πρὸς
2301 3981 2396 4035 τὸν
2428 3980 2562 4035 Θεδν
2591 3980 2965 4051 προσαγωγὴν
2996 3996 3055 4032 τε
3101 3980 3194 4031 καὶ
3224 3974 3560 4046 καταλλαγὴν

2009 4073 2350 4146 ἐργάσασθαι
2376 4090 2391 4106 ’
2425 4075 2518 4128 καὶ
2545 4072 2740 4143 μισθὸν
2764 4071 3121 4143 δωρήσασθαι
3169 4071 3286 4134 τοῖς
3325 4067 3568 4135 πειθομέ-

2008 4184 2128 4230 νοις,
2177 4164 2446 4235 αὐτῷτὴν
2491 4164 2629 4235 πρὸς
2679 4162 2842 4217 αὐτὸν
2894 4162 3172 4216 οἱκείωσιν
3202 4177 3217 4193 ο
3265 4160 3407 4213 ὥστε
3443 4158 3569 4228 μετά

2010 4257 2379 4329 βεϐαιοτάτων
2411 4258 2645 4312 ἐλπίδων
2674 4257 2768 4312 τὸν
2798 4257 2969 4312 αίῶνα
3001 4253 3191 4308 τοῦτον
3244 4252 3570 4324 περαιουμέ-

2008 4368 2153 4415 νους,
2178 4350 2317 4417 μετά
2356 4349 2456 4419 τὴν
2486 4349 2746 4406 ἀνάλυσιν
2774 4349 2869 4402 καὶ
2892 4347 2989 4419 τὴν
3020 4346 3111 4401 τοῦ
3136 4348 3337 4411 παντὸς
3370 4349 3565 4400 cimex:-

2006 4442 2268 4495 τάστασιν
2295 4441 2448 4511 αὐτῷ
2483 4440 2807 4495 συνέσεσθαι
2840 4458 2857 4507 ;
3392 4504 3399 4508 ,

2083 4534 2239 4587 Ἐστι
2288 4533 2470 4586 τοίνυν
2518 4534 2576 4587 ὲν
2614 4532 2764 4601 δεξιᾷ
2801 4533 2895 4586 τοῦ
2941 4533 3076 4587 Θεοῦ
3126 4534 3221 4588 καὶ
3260 4531 3466 4600 Πατρὶς
3501 4550 3517 4580 ι
3543 4532 3567 4581 ὁ

2005 4625 2080 4677 ὣν
2112 4625 2191 4687 είς
2220 4624 2313 4677 τὸν
2344 4623 2546 4677 κόλπον
2574 4622 2679 4677 τοῦ
2707 4624 2940 4695 Πατρδς,
2977 4643 2999 4676 ι
3042 4625 3220 4678 καίτοι
3255 4622 3377 4693 μεθ’
3424 4621 3565 4690 ἡμῶν

2004 4716 2079 4769 ὢν
2128 4714 2203 4781 ὡς
2238 4715 2508 4787 ὑπέσχετο
2538 4716 2644 4781 ἕως
2676 4717 2776 4786 τῆς
2807 4714 3162 4787 συντελείαςζο
3195 4716 3292 4769 καὶ
3311 4712 3568 4781 οἰκονομεῖ

2004 4810 2101 4862 καὶ
2128 4807 2411 4880 συνίστησι
2442 4808 2543 4879 τὴν
2593 4808 2876 4880 ἡμετέραν
2913 4808 3058 4879 ζωὴν
3108 4807 3208 4879 τὴν
3247 4813 3306 4860 ὲν
3354 4802 3565 4877 κρυπτῷ

2003 4900 2322 4970 νοουμένην,
2352 4899 2475 4971 ητις
2497 4899 2596 4973 την
2636 4899 2810 4973 ἀρχὴν
2835 4900 3088 4954 ἐντεῦθεν
3110 4899 3199 4953 διά
3223 4898 3331 4952 τῶν
3382 4912 3567 4967 μυστη-

2005 4996 2136 5065 ρίων
2162 4995 2428 5066 λαμϐάνει
2459 5011 2474 5027 ⁸
2501 4994 2600 5067 τὴν
2621 4995 2902 5049 τελείωσιν
2932 4994 2988 5048 δὲ
3013 4996 3108 5048 ἐπὶ
3129 4992 3223 5048 τοῦ
3277 4986 3555 5063 μέλλδντος

2005 5088 2241 5162 δέχεται,
2280 5088 2346 5143 ἂν
2375 5089 2536 5152 μόνον
2567 5088 2644 5159 μὴ
2671 5087 2932 5158 φανῶμεν
2990 5086 3342 5157 ἀμελοῦντες,
3398 5084 3566 5138 τοσοῦ-

2005 5196 2117 5246 τον,
2140 5182 2279 5235 ὣστε
2303 5182 2509 5251 μικρᾶς
2539 5180 2736 5255 ἡδονῆς
2766 5180 2863 5234 καὶ
2884 5180 3224 5252 προσκαίρου
3251 5180 3417 5251 χάριν
3448 5194 3566 5247 προρ

2005 5273 2186 5328 δοῦναι
2228 5274 2327 5345 τὴν
2357 5275 2627 5344 τοσαύτην
2650 5273 2972 5346 εὐεργεσίαν
3002 5288 3020 5306 ο
3046 5274 3159 5328 ἀλλ’
3192 5270 3564 5342 ἐπιμελώμεθα

2006 5366 2095 5419 διὰ
2158 5365 2266 5420 τῶν
2322 5366 2555 5420 ἐντολῶν
2610 5367 2774 5421 αὐτοῦ
2836 5368 2933 5422 καὶ
2976 5367 3087 5421 τῶν
3131 5363 3564 5437 παραδεδομίνων

2008 5458 2142 5529 ἡμῖν
2170 5458 2261 5511 ὑπ’
2295 5456 2460 5512 αὐτοῦ
2496 5459 2809 5529 μυστηρίων
2857 5458 2993 5527 πρὸς
3014 5457 3114 5529 τὴν
3158 5457 3391 5528 πατρίδα
3420 5454 3563 5524 ἡμῶν

2007 5551 2354 5618 ὶπείγεσθαι,
2387 5553 2484 5605 καὶ
2504 5553 2585 5614 είς
2623 5551 2790 5605 αὐτὸν
2840 5552 3164 5623 ἀνατρέχειν
3191 5568 3207 5585 ο
3265 5553 3359 5605 καὶ
3408 5549 3562 5617 τούτῳ

2007 5643 2082 5707 ὡς
2110 5645 2318 5714 κεφαλῇ
2346 5643 2595 5714 καθάπερ
2641 5643 2778 5714 μέλη
2808 5644 3179 5697 συνάπτεσθαι
3203 5658 3219 5675 ·
3272 5644 3365 5695 καὶ
3392 5641 3562 5707 ὥσπερ

2249 5846 2294 5877 ⁸³
2323 5846 2445 5900 Act.
2484 5862 2597 5909 xxi,
2632 5846 2722 5900 9.5.
2836 5846 2882 5878 "‘
2902 5845 3058 5902 Joau.
3091 5862 3181 5913 xx,
3226 5846 3323 5911 17;
3369 5859 3450 5909 xv,
3484 5841 3555 5895 15.

330 5920 372 5951 ⁵⁸
398 5918 592 5976 Enbes.
630 5920 695 5975 ιι.’
718 5918 770 5971 8.
847 5916 892 5947 "
922 5918 1136 5974 Coloss.
1171 5934 1230 5981 ιι,
1264 5918 1355 5972 24.
1432 5918 1477 5948 ⁸⁷
1513 5918 1670 5973 Joan.
1702 5934 1737 5982 I,
1768 5919 1821 5974 8.
1898 5920 1903 5949 ¹

2012 5917 2172 5973 latth.
2233 5932 2418 5977 xxvnt.
2476 5916 2561 5970 20.
2641 5918 2687 5949 ’ν
2716 5915 2833 5973 Col.
2881 5934 2965 5979 lli,
3021 5920 3073 5974 5.
