3892 6538
167 438 251 499 605
378 498 385 505 _
1122 438 1220 499 DE
1261 437 1696 501 PBlNL‘lPllS
1734 442 1945 503 FlDEI
1986 446 2462 512 CATHOLICIE.

3159 521 3183 536 ,
3295 457 3408 524 606

163 549 536 617 ἀναόατττῖζειν.
576 552 689 607 Καὶ
711 552 902 625 ὥσπερ
937 553 986 606 οἱ
1020 553 1112 621 τῆς
1156 554 1394 624 φυσικῆς
1421 554 1514 610 καὶ
1539 573 1726 626 σωμα-

1848 561 2137 616 taturalem
2175 577 2240 619 ac
2269 564 2609 636 corporalem
2640 565 2803 622 vitam
2858 582 2955 638 per
3000 571 3407 640 generationem

160 648 290 715 τικῆς
313 644 448 715 ζωῆς
472 645 568 698 διὰ
617 648 926 716 γεννήσεως
959 646 1235 716 τυχόντες,
1295 647 1364 700 ἂν
1425 648 1714 717 ἐμπέσωσι

160 734 275 811 νόσῳ
298 739 397 791 τινὶ
434 737 924 808 ἑναντιουμένῃτῇ
961 738 1148 809 τελεία
1204 737 1380 812 ταύτῃ
1428 739 1567 812 ζωῇ,
1615 740 1718 794 ὀῦκ

163 830 570 900 ἀναγεννώμενοι
596 829 782 893 πάλιν,
812 830 932 885 ἀλλ’
966 831 1142 903 ἑτέρῳ
1158 832 1345 903 τρόπῳ
1376 832 1718 897 ἀλλοιώσεως
1774 836 1775 839 “

163 924 548 995 θεραπεύονται,
590 923 1068 994 ἀπαλλαττόμενοι
1099 924 1199 995 τῆς
1225 925 1383 979 νόσου
1420 942 1435 956 ο
1456 924 1600 979 οὕτω
1623 926 1720 981 καὶ

163 1020 271 1088 πρὸς
291 1017 348 1071 rb
377 1018 698 1087 βάπτισμα,
725 1018 1109 1090 πνευματικὴν
1135 1018 1304 1075 οὖσαν
1330 1020 1716 1090 ἀναγέννησιν,

160 1109 445 1179 ἀνακάμψαι
474 1111 541 1164 οὐ
569 1110 831 1165 δύνανται
865 1126 882 1143 ο
911 1111 961 1164 ἵν
1013 1112 1340 1182 ὲξαλείψωσι
1388 1112 1653 1183 δηλονότι,
1683 1112 1721 1169 ἃ

163 1206 275 1275 μετά
295 1205 355 1258 rb
387 1204 689 1276 βάπτισμα
721 1205 1056 1276 εἰργάσαντο
1087 1207 1485 1277 ἁμαρτήματα.
1519 1210 1618 1262 Διά
1663 1208 1720 1261 δὲ

160 1314 237 1366 της
268 1294 562 1366 μετανοίας
590 1294 755 1349 τοῦτο
775 1295 1008 1365 γίνεται.
1032 1296 1035 1297 ⁷
1062 1296 1162 1359 Τίς
1192 1295 1250 1349 δὲ
1300 1297 1331 1347 ὁ
1379 1298 1580 1368 τρόπος
1609 1296 1722 1367 ξτῆς

161 1388 441 1458 μετανοίας,
501 1386 610 1441 καὶ
654 1387 801 1441 πόσα
823 1387 995 1458 αὐτῆς
1023 1389 1133 1441 είσι
1164 1389 1331 1458 μέρη,
1388 1388 1482 1441 καὶ
1529 1387 1721 1451 ποίους

160 1480 284 1537 τινας
314 1474 455 1532 εῐναι
488 1477 580 1531 δεῖ
602 1477 733 1542 τοὺς
763 1480 844 1543 είς
871 1478 1035 1532 τοῦτο
1074 1479 1448 1549 τεταγμένους
1476 1494 1723 1549 πνευμα-

159 1572 317 1635 stituit;
348 1571 558 1640 ἄνδρας
598 1573 743 1641 (79)·
777 1570 874 1625 καὶ⁵
901 1572 1018 1636 παῖς
1036 1573 1163 1636 τοὺς
1198 1571 1598 1643 μετανοοῦντας
1630 1572 1724 1626 αὐ-

158 1665 247 1725 τοῖς
272 1662 690 1733 προσέρχεσθαι
723 1664 825 1730 δεῖ,
851 1663 947 1718 καὶ
976 1664 1084 1718 τίνι
1137 1664 1328 1735 τρόπῳ
1363 1664 1464 1736 τὴν
1516 1665 1726 1719 τούτων

160 1757 427 1826 (θεραπείαν
458 1758 715 1811 ἐπινοεῖν
750 1773 765 1788 ⁸
797 1758 894 1811 καὶ
918 1756 1039 1819 πῶς
1074 1756 1191 1811 ἔστι
1221 1758 1331 1810 τῶν
1390 1758 1728 1830 ἁμαρτημά-

160 1866 247 1902 των
294 1847 746 1919 ὲλευθεροῡσθαι,
792 1850 986 1920 ἑτέρας
1045 1850 1114 1903 ἂν
1176 1851 1262 1919 εἴη
1317 1851 1724 1921 πραγματείας

1824 655 1969 709 nacti
2007 664 2159 720 sunt,
2190 657 2240 712 si
2276 658 2332 713 in
2384 660 2641 715 morbum
2704 662 2947 733 aliquem
2999 662 3256 734 perfectae
3284 666 3412 723 huic

1802 748 1948 801 'vitre
1975 747 2358 806 adversantem
2391 753 2825 819 inciderint,non
2857 756 3004 826 quod
3046 756 3229 814 denuo
3251 775 3413 831 gene-

1824 849 2035 905 rentur,
2076 839 2170 895 sed
2203 842 2312 898 alio
2350 844 2749 902 immntationis
2806 847 2996 915 modo,
3043 851 3236 905 morbo
3272 852 3411 906 libe-

1826 943 2015 987 rantur
2042 940 2206 1004 atque
2231 945 2529 1005 sanantur;
2550 937 2630 993 sic
2658 939 2774 994 fieri
2807 941 3018 1011 nequit,
3049 950 3110 998 ut
3138 944 3407 1014 baptisma

1827 1024 1971 1096 (qua:
1992 1024 2252 1096 spiritalis
2278 1028 2557 1096 generatio
2577 1029 2682 1099 est)
2709 1039 3034 1100 reparatur;
3064 1033 3408 1090 utnimirum

1826 1127 2048 1187 peccata
2094 1126 2219 1188 post
2249 1117 2582 1188 baptismum
2611 1120 2909 1176 commissa
2957 1122 3050 1176 illo
3100 1123 3408 1191 deleantur,

1827 1211 1921 1265 sed
1955 1211 2005 1266 id
2031 1219 2323 1280 praestatur
2367 1228 2460 1282 per
2493 1213 2896 1277 paenitentiam.
2924 1214 3159 1281 Quinam
3186 1232 3315 1272 vero
3338 1217 3412 1273 sit

1828 1305 2161 1374 poenitentiae
2192 1306 2409 1371 modus,
2431 1317 2635 1378 quotve
2670 1308 2791 1378 ejus
2825 1318 3030 1381 partes,
3062 1310 3252 1380 quales
3278 1311 3407 1365 item

1828 1411 1948 1452 esse
2000 1404 2281 1467 oporteat,
2312 1398 2403 1468 qui
2451 1398 2578 1454 huic
2609 1400 2822 1455 muneri
2880 1398 3121 1470 praefecti
3167 1401 3283 1456 sint
3310 1400 3408 1455 viri

1829 1488 2124 1560 Spiritales,
2159 1502 2223 1546 ac
2252 1492 2530 1555 quomodo
2561 1491 2889 1562 poenitentes
2931 1493 2996 1548 ad
3031 1508 3126 1548 eos
3156 1493 3417 1549 accedere

1831 1580 2067 1636 debeant
2121 1600 2137 1637 :
2188 1598 2309 1653 quae
2344 1598 2537 1639 eorum
2592 1584 2787 1641 salutis
2827 1585 3192 1654 excogitanda
3241 1587 3415 1652 ratio;

1776 1697 1794 1709 ο
1832 1686 2010 1741 quove
2059 1673 2222 1728 modo
2256 1689 2287 1727 a
2328 1672 2567 1744 peccatis
2593 1675 2875 1747 contingat
2915 1676 3162 1755 liberari,
3188 1676 3419 1733 alterius

1833 1776 2012 1832 opera:
2046 1764 2151 1830 sit;
2186 1773 2551 1836 praeterquam
2588 1765 2737 1836 quod
2794 1768 3126 1837 spiritalium
3172 1769 3420 1824 virorum

1837 1870 1903 1910 ex
1943 1852 2091 1912 recta
2135 1858 2341 1913 ratione
2366 1859 2566 1914 horum
2604 1857 2894 1914 arbitrium
2927 1870 3014 1916 est
3043 1876 3109 1917 ac
3132 1860 3419 1932 dispensa-

162 1941 306 2004 ἂλλως
356 1956 418 1994 τε
467 1941 572 1996 καὶ
608 1942 1003 2011 πνευματικῶν
1032 1942 1247 2014 ἀνδρῶν
1279 1943 1341 1996 rb
1365 1942 1540 1997 ταῦτα
1582 1944 1726 1998 διαι-

1848 1948 1949 2013 .ἱο,
1978 1964 2100 2018 qua:
2135 1956 2188 2004 et
2248 1950 2572 2020 intelligent,
2606 1948 2701 2020 qui
2763 1950 3050 2007 doctorum
3102 1927 3421 2023 hoc-argn-

163 2032 242 2100 τᾷν
260 2030 393 2084 κατά
425 2030 597 2099 λόγον
645 2032 825 2102 ὀρθὸν,
889 2034 1030 2105 ὅπερ
1074 2034 1154 2097 είς
1216 2034 1524 2105 κατάληψιν
1573 2033 1729 2090 ἔσται

166 2124 252 2188 τοῖς
282 2123 492 2183 ἐπιοῦσι
522 2126 633 2187 τὰς
660 2123 771 2178 τῶν
798 2124 1140 2181 διδασκάλων
1168 2127 1409 2198 γραφάς.
1466 2139 1471 2142 ’

232 2214 374 2270 ἐπεὶ
418 2216 504 2283 δὲ,
538 2217 804 2288 καθάπερ
853 2218 1105 2288 εἴπομεν,
1138 2221 1202 2274 ὲκ
1252 2221 1351 2289 τῆς
1393 2221 1492 2290 τῆς
1536 2218 1722 2291 ψυχῆς

168 2310 451 2381 ἀρρωστίας
484 2308 656 2374 νόσος
692 2327 781 2374 τις
832 2312 930 2365 ἐπὶ
969 2310 1031 2365 rb
1078 2312 1239 2383 σῶμα
1286 2313 1582 2368 διαδίδοται
1640 2314 1729 2368 διὰ

168 2403 244 2473 τὴν
268 2402 393 2469 πρὸς
416 2402 639 2474 ἄλληλα
667 2404 855 2474 σχέσιν
880 2422 940 2457 τε
975 2406 1071 2459 καὶ
1096 2407 1471 2476 συμπάθειαν,
1498 2407 1592 2461 τοῦ
1626 2407 1732 2460 σώο

172 2512 309 2566 ματος
337 2496 482 2563 λέγω
515 2498 621 2551 καὶ
650 2499 750 2566 τῆς
792 2497 996 2570 ψυχῆς,
1046 2501 1169 2570 ἥτις
1202 2501 1267 2568 δὴ
1298 2500 1453 2563 νόσος
1482 2499 1550 2553 δι’
1580 2499 1733 2569 ὠφέι

170 2590 296 2643 λειαν
322 2590 565 2659 γίνεται·
592 2590 819 2656 κόλασις
847 2591 957 2665 γάρ
981 2592 1100 2647 ἐστι
1129 2593 1219 2647 διὰ
1247 2594 1345 2664 τὴν
1368 2594 1733 2665 ὀφειλομένην

173 2681 295 2754 αὑτῷ
319 2683 633 2755 τιμωρίαν,
687 2684 851 2756 μόνον
879 2686 929 2738 εί
978 2686 1077 2755 τὴν
1113 2685 1433 2757 ἀρρωστίαν
1474 2689 1679 2758 ταύτην
1706 2689 1735 2742 ό

174 2774 427 2846 ἄνθρωπος
482 2777 837 2847 εὐχαρίστως
872 2777 1122 2850 ὑπομένῃ
1149 2795 1166 2810 ο
1221 2778 1487 2844 πολλάκις
1519 2779 1577 2833 δὲ
1630 2780 1737 2834 ὑπὸ

158 2868 343 2940 ’ταύτης
372 2871 538 2923 νόσου
584 2870 943 2939 ὲμποδίζεται
983 2872 1011 2924 ὁ
1043 2869 1333 2940 ἄνθρωπος
1363 2873 1444 2936 εἰς
1474 2872 1535 2925 rb
1565 2873 1735 2944 ἐργά-

178 2959 344 3014 σασθαι
374 2960 439 3013 rb
464 2961 706 3030 ἀγαθὸν,
745 2961 842 3015 καὶ
869 2962 958 3015 διά
987 2960 1082 3015 τοῦ
1116 2960 1327 3030 ἀγαθοῦ
1361 2960 1525 3034 ἔργου
1554 2966 1739 3015 ἐπιτυ-

175 3052 268 3121 χεῖν
299 3052 394 3121 τῆς
424 3053 818 3123 πνευματικῆς
861 3052 1165 3122 σωτηρίας·
1196 3051 1402 3107 δίδοται
1442 3054 1503 3106 rb
1531 3055 1742 3126 μυστή-

178 3160 276 3211 ριον
297 3145 391 3216 τῆς
440 3144 770 3210 τελευταίας
800 3145 1061 3216 χρίσεως,
1092 3146 1267 3217 ἧγουν
1312 3145 1373 3200 rb
1415 3145 1693 3218 εὐχέλαιον
1718 3162 1734 3179 ο

176 3238 291 3308 ὅπερ
312 3237 407 3292 καὶ
445 3238 587 3294 αὐτὸ
612 3237 967 3309 πνευματικὴ
998 3237 1215 3301 ἰατρεία
1247 3238 1419 3304 ἐστὶν,
1452 3238 1540 3292 ῐνα
1568 3238 1742 3293 ἀπαλ-

179 3327 475 3399 λαττώμεθα
514 3329 622 3399 τῆς
654 3328 752 3384 τοῦ
801 3330 1055 3399 σώματος
1084 3330 1421 3401 ἀρρωστίας,
1461 3331 1588 3403 ἥτις
1638 3332 1736 3401 te.

179 3420 409 3491 τοδισμὸς
440 3426 660 3492 γίνεται
697 3421 836 3493 πρὸς
882 3423 951 3477 τά
983 3422 1338 3492 πνευματικά
1395 3422 1554 3497 ἔργα.
1601 3424 1740 3495 Περὶ

180 3508 242 3568 ὧν
262 3516 288 3569 ό
314 3515 454 3579 θεῖος
478 3515 785 3579 ἀπόστολος
810 3515 1041 3587 γράφει,
1073 3533 1093 3568 ι
1114 3516 1365 3569 Ἀσθενεϊ
1382 3532 1466 3579 τις
1498 3519 1555 3570 ὲν
1578 3518 1740 3587 ὑμῖν;

184 3608 633 3677 προσκαλεσάσθω
650 3608 781 3672 τοὺς
803 3608 1213 3679 πρεσδυτέρους
1246 3608 1349 3678 τῆς
1391 3608 1743 3678 Ἐκκλησίας,

190 3702 266 3753 καὶ
293 3700 645 3767 εὑξάσθωσαν
684 3701 772 3755 ἐπ’
804 3701 992 3767 αὐτὸν,
1022 3701 1338 3771 ἀλείφοντες
1373 3699 1539 3754 αὐτὸν
1580 3700 1746 3771 ὲλαίῳ

186 3793 235 3845 ὲν
270 3793 342 3865 τῷ
368 3795 604 3865 ὀνόματι
634 3793 731 3848 τοῦ
765 3792 976 3865 Κυρίου
1004 3809 1019 3825 ο
1057 3794 1152 3847 καὶ
1185 3793 1320 3864 εὐχὴ
1362 3792 1465 3864 τῆς
1511 3793 1748 3856 πίστεως

188 3885 326 3938 σώσει
371 3888 465 3941 τὸν
500 3886 809 3957 κάμνοντα,
850 3887 946 3940 καὶ⁸
983 3888 1171 3957 ἐγερεῖ
1222 3885 1386 3939 αὐτὸν
1435 3888 1462 3938 ὁ
1497 3884 1744 3956 Κύριοςο

187 3978 274 4031 κᾶν
298 3980 576 4050 ἁμαρτίας
680 3978 1028 4051 πεποιηκὼς,
1056 3978 1393 4050 ἀφεθήσεται
1423 3978 1594 4049 αὐτῷ.
1626 3997 1645 4031 ι
1686 3979 1750 4032 El

188 4066 235 4119 δὲ
262 4068 329 4140 μὴ
356 4069 789 4124 ἀπαλλάττοιντο
824 4068 915 4123 διὰ
958 4068 1155 4122 τούτου
1202 4068 1306 4138 τῆς
1359 4067 1449 4121 τοῦ
1498 4067 1752 4137 σώματος

189 4160 494 4229 ἀρρωστίας,
558 4162 661 4216 οὐκ
698 4160 977 4215 αἰτιᾶσθαι
1014 4160 1099 4214 δεῖ
1144 4159 1245 4231 τὴν
1295 4159 1391 4213 τοῦ
1444 4159 1751 4231 μυστηρίου

190 4249 355 4305 τούτου
379 4252 637 4326 δύναμιν.
682 4252 955 4315 Πολλάκις
982 4252 1093 4325 γὰρ
1124 4252 1222 4307 καὶ
1256 4251 1316 4305 rb
1349 4251 1753 4324 θεραπευθῆναι

196 4346 501 4413 σωματικῶς
556 4345 697 4417 πρὸς
750 4345 877 4410 τοὺς
929 4343 1100 4409 ἀξίως
1129 4343 1192 4397 rb
1249 4346 1551 4418 μυστήριον
1596 4344 1754 4397 τοῦτο

195 4433 554 4502 λαμϐάνοντας
578 4437 678 4491 οὐκ
720 4436 836 4490 ἐστι
864 4438 1139 4507 χρήσιμον
1182 4434 1321 4507 πρὸς
1360 4435 1460 4507 τὴν
1504 4436 1754 4507 πνευμα-

200 4528 341 4597 τικὴν
369 4531 668 4602 σωτηρίαν.
700 4529 864 4595 Ἴσως
894 4530 1003 4600 γάρ
1031 4527 1155 4582 οὐδὲ
1180 4529 1481 4599 χρήσονται
1509 4531 1576 4601 τῇ
1598 4529 1758 4600 ὑγεία

203 4620 316 4689 πρὸς
334 4622 392 4676 rb
421 4624 721 4695 συμφέρον.
748 4624 826 4677 Οὐ
861 4623 1050 4693 μέντοι
1072 4621 1369 4692 ἀνωφελῶς
1413 4622 1576 4677 πάλιν
1597 4622 1757 4676 τοῦτο

202 4711 569 4782 λαμδάνουσιν,
605 4717 656 4770 εἰ
690 4716 786 4771 καὶ
834 4717 909 4788 μὴ
944 4718 978 4785 ἡ
1011 4716 1305 4787 σωματικὴ
1333 4715 1602 4789 θεραπεία
1630 4718 1758 4770 ἀκο-

205 4802 452 4878 λουθήσει.
493 4808 710 4878 Ὠφελεῖ
748 4808 859 4879 γὰρ
890 4807 1012 4861 κατ’
1042 4808 1205 4861 ἄλλον
1251 4809 1473 4879 τρόπον.
1514 4808 1605 4870 El;
1658 4807 1759 4877 μὲν

210 4897 301 4966 γὰρ
341 4900 439 4957 τάε
486 4900 819 4971 ἀσωμάτους
858 4900 1075 4964 νόσους,
1110 4900 1317 4965 αἵτινές
1363 4901 1504 4955 εἰσιν
1537 4899 1760 4954 εὐκολία

214 4990 328 5058 πρὶς
372 4994 440 5048 τὸ
478 4996 670 5062 κακζν,
720 4994 952 5066 ἀμέλεια
988 4994 1126 5065 πρὸς
1166 4993 1228 5048 τὸ
1261 4993 1487 5063 ἀγαθὸν,
1522 4991 1614 5048 διὰ
1661 4993 1763 5063 τῆς

274 5151 312 5182 ιι
335 5154 450 5210 lac.
483 5155 644 5223 v,M.

279 5312 380 5381 (79)
434 5310 886 5383 Πνευματηιοὺς
914 5308 1164 5383 ἄνδρας.
1207 5309 1298 5383 Sic
1334 5309 1511 5365 Graeci
1542 5323 1642 5366 eos
1669 5322 1764 5365 vo-

223 5379 345 5446 rant,
366 5379 461 5453 qui
492 5379 605 5438 illis
639 5398 669 5438 a
698 5382 876 5438 sacris
902 5379 1342 5453 confessionibus
1376 5392 1525 5453 sunt,
1561 5388 1615 5435 et
1642 5394 1762 5453 poe-

226 5450 439 5524 nitentiis
464 5454 737 5524 praefecti;
785 5451 1031 5522 plerique
1064 5450 1173 5524 illis
1206 5452 1458 5505 monachi
1491 5451 1756 5524 sacerdo-

227 5521 291 5594 tio
329 5520 609 5594 fulgentes,
652 5520 799 5594 quos
830 5520 1218 5594 ἱερομονάχους
1247 5530 1472 5594 vocant.
1511 5520 1623 5576 Nec
1652 5520 1764 5575 fere

227 5591 360 5665 aliter
388 5588 548 5665 quam
583 5611 651 5649 ex
671 5588 960 5665 "canonum
986 5588 1171 5665 rigore
1200 5588 1452 5665 iudicant
1472 5607 1494 5665 _;
1524 5605 1761 5661 quorum

228 5661 437 5735 codicem
461 5666 516 5720 in
540 5672 797 5734 promptu
830 5661 1056 5728 habent,
1078 5661 1212 5735 dum
1250 5661 1633 5735 confessiones
1659 5675 1761 5714 au-

231 5733 385 5804 diunt,
411 5744 468 5790 ut
516 5731 582 5790 e'x
628 5731 737 5804 illo;
773 5748 986 5804 pcenas,
1033 5732 1104 5786 τὰ
1136 5731 1409 5804 ἐπιτίμια,
1439 5731 1761 5804 decernant.

236 5798 312 5857 Sic
335 5818 394 5858 ex
424 5804 532 5861 illis
559 5803 742 5861 audivi
772 5798 865 5874 qui
909 5798 1341 5874 Graacorumpsi
1387 5801 1765 5874 iamiliaritate

236 5882 344 5929 sunt
380 5876 518 5949 apud
548 5891 645 5934 eos
691 5870 847 5933 missi
892 5872 1199 5945 apostolici.
1231 5870 1409 5945 thue
1460 5881 1647 5930 sancta
1697 5872 1769 5927 sit

1547 6048 1573 6079 ο

1837 2050 2023 2096 mento
2060 2041 2262 2111 scripta
2302 2042 2555 2112 legerint.

1909 2221 2051 2290 Quia
2087 2239 2234 2289 vero,
2273 2232 2332 2279 ut
2409 2223 2751 2291 dicebamus,
2796 2241 2859 2279 ex
2896 2223 3065 2279 animi
3104 2225 3424 2295 aegritudine

1840 2317 2066 2371 morbus
2098 2314 2320 2386 quidam
2356 2315 2412 2371 in
2461 2331 2661 2387 corpus
2715 2316 3060 2380 diffunditur,
3108 2319 3177 2371 ob
3226 2334 3420 2373 eorum

1842 2409 2030 2479 (animi
2062 2409 2275 2466 scilicet
2323 2424 2388 2465 ac
2437 2408 2711 2480 corporis)
2748 2419 2997 2464 mutuam
3049 2410 3422 2466 habitudinem

1843 2517 1907 2557 ac
1940 2500 2441 2569 necessitudinem;
2498 2502 2593 2573 qui
2628 2503 2822 2573 utique
2876 2503 3103 2559 morbus
3152 2504 3270 2558 utili
3330 2502 3427 2559 Dei

1842 2593 2073 2649 consilio
2110 2592 2385 2664 provenit.
2418 2591 2633 2649 Etenim
2663 2595 2953 2662 castigatio
2983 2604 3087 2660 est,
3138 2596 3208 2649 ob
3260 2610 3381 2651 cam
3409 2635 3427 2662 ,

1844 2684 2000 2751 cujus
2030 2683 2193 2739 homo
2225 2699 2352 2739 reus
2385 2693 2489 2749 est,
2527 2699 2783 2754 poenam;
2819 2686 2864 2742 si
2900 2690 3061 2742 modo
3090 2686 3211 2757 ejus
3251 2686 3429 2743 morbi

1847 2776 1953 2831 vim
1988 2792 2113 2831 cum
2145 2777 2445 2847 gratiarum
2481 2777 2697 2834 actione
2742 2779 3089 2834 sustinuerit.
3120 2778 3273 2834 Haud
3307 2796 3431 2836 raro

1844 2878 2024 2925 tamen
2056 2883 2153 2939 per
2181 2883 2301 2924 eam
2334 2869 2717 2939 aegritudinem
2749 2870 3228 2947 impediturliomo
3259 2888 3323 2926 ne
3343 2873 3437 2927 bo-

1847 2977 1974 3017 num
2015 2972 2289 3032 operetur,
2321 2976 2383 3016 ac
2414 2977 2483 3017 ne
2507 2966 2813 3034 operando,
2845 2948 3150 3034 spiritalem
3195 2964 3429 3021 salutem

1847 3064 2217 3125 consequatur
2241 3072 2257 3120 ;
2284 3055 2493 3111 idcirco
2518 3067 2779 3112 extremae
2813 3058 3087 3113 unctionis
3115 3071 3429 3113 sacramen-

1854 3156 1967 3200 tum
2004 3146 2129 3216 (olei
2168 3146 2375 3200 scilicet
2402 3147 2616 3217 junctis
2644 3147 2898 3216 precibus
2931 3138 3201 3219 inunctio)
3243 3149 3431 3204 datur.

1849 3240 2053 3309 Estque
2086 3239 2349 3309 spiritalis
2380 3239 2495 3294 haec
2531 3239 2768 3307 curatio,
2804 3248 2919 3295 uta
2947 3241 3197 3309 corporis
3232 3241 3433 3296 morbo

1845 3333 2162 3398 liberemur,
2199 3331 2292 3402 qui
2325 3331 2719 3409 impedimento
2752 3339 2835 3387 est
2865 3347 2935 3386 ne
2970 3332 3238 3402 spiritalia
3262 3348 3429 3401 opera

1845 3436 2194 3498 praestemus.
2235 3422 2309 3478 De
2338 3424 2542 3494 quibus
2592 3422 2807 3478 divinus
2854 3422 3146 3493 Apostolus
3176 3423 3372 3480 scribit
3417 3443 3433 3479 :

1854 3539 1871 3572 ι
1918 3518 2230 3574 lnfirmatur
2282 3517 2405 3587 quis
2450 3518 2505 3571 in
2558 3516 2757 3572 vobis?
2809 3516 3035 3572 inducat
3093 3519 3441 3589 presbyteros

1850 3612 2130 3677 Ecclesia,
2178 3618 2231 3664 et
2262 3618 2420 3664 orent
2451 3624 2615 3679 super
2651 3624 2773 3664 eum
2797 3651 2812 3675 ,
2856 3618 3119 3679 tingentes
3158 3625 3282 3666 cum
3316 3611 3445 3669 oleo

1851 3706 1903 3761 in
1936 3704 2161 3760 nomine
2194 3700 2413 3757 Domini
2444 3717 2458 3755 :
2492 3709 2546 3756 et
2592 3701 2771 3756 oratio
2804 3699 2928 3757 fidei
2960 3701 3215 3785 .salvabit
3265 3716 3447 3771 aegro—

1850 3805 1991 3865 tum,
2009 3795 2251 3868 eteriget
2277 3810 2401 3849 eum
2430 3792 2727 3863 Dominus;
2752 3804 2804 3850 et
2831 3794 2880 3849 si
2907 3794 2960 3848 in
2986 3795 3225 3865 peccatis
3247 3795 3435 3859 fuerit,

1853 3887 2207 3943 remittentur
2245 3886 2293 3941 ei
2328 3885 2398 3941 ⁸⁸.
2435 3903 2453 3937 ι
2497 3884 2593 3939 Sin
2629 3894 2812 3941 autem
2851 3885 3016 3956 aliqui
3057 3885 3220 3959 liuius
3253 3888 3301 3941 vi
3350 3903 3436 3942 sa-

1852 3980 2113 4036 cramenti
2144 3996 2173 4035 a
2203 3980 2453 4050 corporis
2476 3978 2666 4034 morbo
2695 3980 2922 4035 minimc
2946 3980 3266 4048 liberantur,
3294 3981 3443 4038 haud

1856 4080 2037 4125 tamen
2081 4070 2132 4124 id
2174 4069 2252 4124 illi
2284 4069 2526 4124 dandum
2573 4069 2704 4124 vitio
2753 4071 2848 4124 sit.
2901 4071 3058 4141 Saepe
3091 4072 3235 4125 enim
3269 4072 3437 4127 etiam

1854 4175 2079 4229 corpore
2109 4159 2332 4224 sanari,
2369 4158 2452 4213 vel
2504 4159 2549 4214 si
2591 4159 2754 4227 digne
2801 4171 3211 4216 sacramentum
3269 4163 3440 4232 aliqui

1856 4253 2184 4324 suscipiant,
2237 4251 2307 4307 ad
2360 4251 2668 4323 spiritalem
2723 4253 2955 4308 salutem
3010 4268 3120 4308 non
3157 4255 3440 4311 conducit.

1857 4343 2018 4401 Forte
2045 4343 2193 4398 enim
2226 4357 2324 4398 nec
2368 4356 2465 4412 pro
2504 4357 2569 4396 eo
2602 4357 2666 4396 ac
2699 4342 2829 4397 utile
2878 4353 2985 4407 est,
3037 4344 3287 4415 corporis
3343 4346 3441 4401 illa

1860 4438 2095 4492 sanitate
2124 4441 2370 4489 utentur.
2399 4430 2518 4488 Non
2550 4440 2731 4489 tamen
2765 4433 2916 4489 inani
2950 4444 3152 4490 conatu
3179 4436 3452 4507 nulloque

1859 4528 2042 4585 fructu
2076 4535 2486 4611 sacramentum
2511 4528 2862 4599 suscipiunt;
2893 4529 3107 4584 tametsi
3140 4529 3451 4600 corporalis

1787 4650 1828 4711 α
1862 4622 2067 4679 sanitas
2098 4637 2202 4675 non
2233 4632 2519 4692 sequatur.
2550 4621 2714 4678 Juvat
2744 4621 2889 4678 enim
2934 4622 3243 4678 secundum
3275 4622 3452 4675 alium

1864 4712 2109 4767 modum.
2128 4711 2443 4782 lncorporei
2478 4729 2711 4785 namque
2738 4714 2913 4770 morbi
2936 4714 3208 4785 (pronitas
3236 4713 3455 4768 scilicet

1864 4805 1933 4861 ad
1960 4804 2187 4870 malum,
2221 4805 2460 4876 bonique
2505 4807 2803 4878 prmstandi
2837 4808 3144 4880 neglectus)
3176 4806 3451 4876 pmniten-

1869 4894 1958 4949 tia:
2005 4892 2385 4961 medicamine,
2421 4895 2499 4950 uti
2534 4895 2795 4975 diximus,
2834 4898 3075 4953 curanda
3111 4905 3262 4954 sunt.
3309 4896 3449 4962 Quia

1874 4998 2056 5044 tamen
2093 4986 2292 5054 homo,
2321 5002 2429 5059 qua
2462 4990 2546 5046 vel
2579 4990 2791 5046 laborat
2835 4991 3087 5061 segnitie,
3124 4990 3203 5045 vel
3250 4989 3459 5059 quibus

1862 5310 1980 5366 inec
2011 5309 2328 5379 disciplina,
2360 5309 2548 5379 plures
2575 5316 2759 5379 tamen
2809 5307 2863 5362 in
2898 5305 3454 5379 barathrumtrudia,

1860 5381 1995 5456 dum
2046 5375 2516 5456 malunt_v_ulnera
2550 5378 2775 5456 _cel_are,
2819 5392 2985 5456 quam
3043 5375 3339 5456 auste‘riori
3374 5377 3463 5431 illi

1860 5450 2167 5521 disciplina:
2199 5451 2516 5521 subiacere.
2538 5448 2868 5521 Latinorum
2908 5448 3070 5521 longe
3095 5448 3305 5507 mitior.
3334 5462 3453 5521 qua

1863 5519 1979 5576 fere
2007 5517 2189 5577 bmnia
2223 5517 2547 5577 confessarii
2579 5521 2811 5574 arbitrio
2856 5518 3295 5587 permittuntur;
3334 5517 3457 5587 ipso

1862 5600 2045 5646 tamen
2098 5608 2207 5647 non
2260 5594 2486 5646 omnino
2532 5592 2730 5651 libero,
2778 5590 2873 5644 sed
2925 5587 3202 5657 aequitatis
3241 5587 3459 5653 legibus

1870 5664 2128 5733 astricto,
2158 5679 2257 5733 pro
2283 5663 2494 5720 scilicet
2526 5661 2763 5733 ratione,
2808 5658 3093 5733 ipsiusque
3136 5658 3460 5733 paenitentis

1875 5727 2131 5788 facultate
2158 5727 2222 5789 ac
2259 5733 2420 5788 modo
2448 5751 2461 5788 :
2495 5748 2581 5797 ne,
2610 5730 2754 5799 quod
2786 5730 2980 5784 salutis
3014 5727 3452 5790 remctliutncst.

1876 5819 1986 5875 pra:
2019 5804 2257 5860 bumaua
2288 5804 2579 5874 lragilitate
2601 5803 2696 5856 flat
2727 5801 2899 5855 ruinae
2929 5801 3172 5856 occasio.
