3892 6608
388 448 495 514 607
1476 458 1483 465 ’
1632 441 1689 501 Μ
1705 438 1899 503 ιὶΝυΕ
1910 438 2028 501 LIS
2066 438 2394 507 CALECE.
3454 482 3468 495 .
3601 438 3703 507 608

376 564 577 621 ’δινευιί
640 562 809 618 variis
866 563 1015 620 curis
1079 562 1426 626 distrahitur,
1486 576 1623 631 quas
1676 561 1968 636 dicebam,

2094 560 2394 626 ιετανοίας,
2425 558 2502 623 ὡς
2547 560 2798 630 εἴπομεν,
2849 558 2929 613 δεῖ
2966 553 3331 631 θεραπεύειν
3359 572 3375 590 ·
3413 554 3542 611 ἐπεὶ
3593 559 3648 612 δὲ
3677 563 3702 613 ὁ

390 656 764 728 aegritudines,
796 655 851 709 in
884 655 1067 726 seipse
1116 656 1353 727 perfecte
1386 672 1493 711 non
1537 664 1734 721 sanat,
1772 653 1969 709 Sacra-

2094 650 2364 721 ίνθρωπος
2395 652 2428 722 ἢ
2467 651 2556 705 διὰ
2592 651 2870 723 ρᾳθυμίαν
2900 652 2933 721 ἢ
2966 650 3061 705 διὰ
3100 649 3243 712 τοὺς
3289 647 3583 712 ποικίλους
3612 648 3701 702 τοῦ

394 761 637 803 mentum
671 749 775 803 hoc
817 748 883 801 ad
937 748 1171 802 salutetn
1222 748 1430 802 homini
1472 745 1658 803 datum
1694 754 1810 811 est;
1866 758 1974 814 quo

2094 737 2197 791 ilco
2222 738 2642 809 περισπασμοὺς
2667 740 2727 792 ού
2758 738 2979 803 τελείως
3000 735 3338 810 θεραπεύει
3367 737 3474 801 τὰς
3519 755 3702 805 προει-

394 840 651 893 nimirum
694 840 811 909 ejus
843 838 1199 909 susceptione
1233 839 1285 893 id
1328 839 1553 909 impleat
1577 878 1591 902 ,
1622 838 1769 910 quod
1803 837 1868 892 ad
1908 836 1974 890 il-

2094 830 2322 899 ρημένας
2356 833 2414 884 ὲν
2465 830 2615 902 αὐτῷ
2642 832 2981 904 ἀρρωστίας,
3017 833 3125 885 ἐπὶ
3183 831 3455 902 σωτηρίᾳ
3502 829 3566 883 τδ
3602 849 3700 897 μυο

394 932 499 986 lius
533 932 835 986 curationis
862 971 877 996 ,
926 948 1093 1001 quam
1139 940 1360 1003 praestat
1412 932 1757 1001 ptenitentia,
1798 931 1976 1003 perfe-

2094 922 2303 991 ττήριον
2333 922 2492 977 τοῦτο
2523 924 2601 994 τῷ
2633 923 2907 997 ἀνθρώπῳ
2952 925 3205 987 δέδοται,
3252 920 3406 976 ὥστε
3458 922 3701 993 ἀναπληο

394 1023 628 1076 ctionem
667 1021 1101 1089 desiderabatur,
1137 1024 1366 1094 ejusque
1408 1023 1781 1080 damnationis
1824 1033 1976 1080 reatu

2094 1013 2311 1069 σοῦσθαι
2339 1015 2425 1069 διὰ
2456 1015 2648 1071 τούτου
2677 1016 2739 1070 τδ
2758 1018 2954 1080 ἀτελὲς
2979 1017 3087 1084 τῆς
3111 1014 3445 1084 θεραπείας
3465 1015 3697 1083 ἐκεένης.

394 1115 678 1177 liberetur,
713 1114 801 1168 cui
835 1114 1039 1169 ideirco
1078 1114 1352 1169 obnoxius
1392 1123 1473 1170 est
1495 1154 1510 1178 ,
1544 1115 1669 1184 quia
1704 1117 1978 1185 poeniten-

2094 1107 2113 1179 ἢ
2174 1107 2263 1161 διὰ
2311 1110 2600 1177 μετανοίας
2656 1109 2888 1177 ἐγίνετο,
2944 1110 3039 1162 καὶ
3106 1105 3567 1176 ὲλευθεροῦσθαι
3607 1108 3699 1175 τῆς

399 1206 484 1259 tiae
512 1221 779 1260 cannnem
824 1221 933 1259 non
966 1206 1213 1277 peregit;
1252 1215 1309 1260 ut
1358 1206 1569 1262 scilicet
1620 1208 1757 1261 nihil
1808 1208 1863 1262 in
1910 1222 1977 1263 eo

2094 1198 2381 1269 ιαταδίκης
2416 1200 2514 1270 τῆς
2541 1200 2904 1272 ὀφειλομένης
2928 1199 3110 1270 αὐτῷ,
3145 1198 3237 1251 ὅτι
3265 1197 3377 1249 οὐκ
3414 1196 3695 1248 ἐτελείωσε

2078 1289 2173 1343 τὸν
2200 1290 2300 1359 τῆς
2333 1290 2623 1357 μετανοίας
2654 1290 2876 1345 κανόνα·
2923 1290 3013 1344 ἵνα
3050 1288 3241 1359 μηδὲν
3281 1288 3344 1340 ἑν
3381 1285 3537 1354 αύτῷ
3569 1288 3696 1340 ἀπο-

2078 1380 2270 1454 λειφθῇ
2315 1382 2617 1454 δυνάμενον
2654 1385 2713 1438 ἑν
2734 1385 2800 1455 τῇ
2830 1382 3000 1460 ἐξόδῳ,
3022 1383 3138 1451 τῆς
3172 1378 3376 1451 ψυχῆς
3408 1379 3698 1449 ὲμποδίσαι

1998 1526 2009 1533 ,
2080 1474 2287 1546 ταύτην
2313 1474 2407 1528 τοῦ
2435 1476 2619 1547 τυχεῖν
2646 1475 2748 1545 τῆς
2780 1474 3096 1545 μελλούσης
3133 1472 3338 1544 δόξης.

472 1574 738 1626 Praeterea
766 1570 1033 1642 contingit
1051 1588 1152 1629 nec
1178 1573 1512 1640 meminisse,
1537 1589 1636 1630 nec
1666 1590 1793 1631 vero
1821 1590 1981 1632 nosse

2151 1568 2228 1621 Ού
2284 1566 2390 1638 μὴν
2436 1566 2571 1622 ἀλλά
2620 1568 2715 1623 καὶ
2754 1568 3047 1638 συμϐαίνει
3118 1566 3279 1637 μήτε
3330 1565 3698 1637 μνημονεύειν

399 1678 522 1733 quae
538 1664 663 1733 quis
695 1662 1174 1718 commisitomnia
1214 1673 1459 1735 peccata,
1491 1675 1541 1718 ut
1577 1680 1673 1735 per
1704 1666 1978 1737 pmniteno

2094 1661 2221 1731 μήτε
2246 1658 2541 1728 γινώσκειν
2563 1662 2742 1715 πάντα
2771 1661 2872 1714 ὅσα
2898 1658 3115 1731 ἔπραξέ
3152 1676 3251 1723 τις
3285 1659 3692 1729 ἁμαρτήματα,

401 1756 531 1809 tiam
567 1753 656 1809 illa
692 1754 876 1809 delere
911 1740 1106 1825 possit,
1150 1754 1292 1820 Quin
1322 1766 1377 1809 et
1404 1756 1722 1825 quotidiana
1759 1765 1982 1826 peccata

2094 1751 2226 1806 ὥστε
2269 1751 2529 1806 δύνασθαι
2562 1752 2653 1805 διὰ
2692 1752 2985 1822 μετανοίας
3034 1751 3231 1806 ταῦτα
3284 1750 3695 1818 ἐξαλείφεσθαι.

397 1300 673 1353 residuum
702 1299 792 1361 sit,
815 1313 922 1367 quo
947 1299 1167 1353 animus
1188 1299 1459 1356 excedens
1484 1299 1721 1355 futuram
1748 1301 1977 1371 gloriam

397 1393 657 1461 consequi
693 1391 1043 1461 impediatur.

403 1857 553 1908 sunt.
574 1846 694 1902 sine
723 1847 922 1917 quibus
939 1847 1054 1901 ﬁeri
1085 1862 1194 1902 non
1227 1856 1404 1918 potest
1436 1856 1494 1902 ut
1518 1848 1626 1903 vita
1660 1848 1779 1904 haec
1810 1860 1982 1905 trans-

403 1936 583 2006 igatur
618 1952 632 1988 :
679 1934 877 2005 quibus
915 1935 1172 1991 omnibus
1209 1936 1514 1990 necessario
1536 1952 1634 2007 per
1659 1935 1764 1992 hoc
1797 1950 1979 1992 sacra-

402 2037 639 2082 mentum
671 2027 1022 2082 emundatur.
1048 2027 1203 2083 Unde
1228 2038 1282 2082 et
1310 2029 1458 2083 addit
1489 2046 1503 2083 :
1538 2047 1556 2081 ι
1596 2031 1660 2085 Et
1693 2033 1738 2085 si
1775 2031 1828 2084 in
1856 2045 1981 2101 pec-

400 2121 542 2174 catis
589 2118 786 2184 fuerit,
840 2118 1186 2175 dimitteutur
1229 2120 1300 2176 ei.
1339 2138 1358 2174 ι
1395 2119 1551 2176 Unde
1586 2121 1757 2192 liquet
1791 2137 1981 2178 sacra-

402 2218 645 2265 mentum
681 2211 788 2267 boc
816 2221 1122 2266 extremum
1151 2227 1297 2281 esse,
1332 2213 1475 2269 velut
1518 2214 1740 2296 scilicet
1762 2215 1984 2286 spirita-

402 2292 680 2383 lisomnis
727 2308 1037 2363 sanationis
1088 2308 1463 2379 signaculum;
1500 2292 1739 2382 esseque,
1767 2310 1855 2366 bis
1887 2312 1981 2381 qui

402 2384 593 2454 morbo
622 2400 869 2455 laborant
895 2402 1298 2469 adhibendum;
1333 2417 1397 2457 ac
1427 2404 1701 2474 praecipue
1729 2403 1857 2470 illis,
1887 2400 1982 2474 qui

398 2507 523 2546 eum
550 2533 567 2559 ,
607 2492 766 2561 cujus
799 2493 878 2547 rei
914 2502 1070 2548 erant
1098 2534 1112 2557 ,
1146 2508 1411 2548 eanonem
1449 2509 1554 2549 non
1604 2494 1981 2561 expleverunt.

401 2583 646 2653 Esseque
689 2585 823 2639 adeo
861 2585 1059 2640 iterum
1090 2584 1197 2640 illis
1231 2585 1626 2649 adhibendum,
1661 2585 1707 2641 si
1741 2584 1795 2639 in
1827 2599 1979 2639 eam-

401 2674 523 2727 dem
558 2676 936 2730 necessitatem
971 2676 1311 2733 devenerint.
1347 2676 1492 2732 Nihil
1522 2679 1667 2732 enim
1701 2686 1870 2741 vetat,
1910 2682 1983 2734 ob

406 2764 1013 2820 naturainﬁrmitatem
1037 2807 1052 2825 .
1084 2766 1214 2834 quin
1253 2766 1415 2821 homo
1449 2769 1501 2821 in
1549 2767 1736 2822 eadem
1787 2767 1983 2823 delicta

406 2858 715 2923 relahatur;
769 2869 827 2913 ut
876 2868 929 2913 et
981 2859 1180 2928 saepius
1212 2859 1403 2915 eodem
1451 2860 1755 2916 curationis
1785 2875 1986 2931 genere

402 2950 642 3021 indigeat
680 2968 692 3003 :
734 2951 808 3005 uti
850 2951 1012 3006 etiam
1051 2951 1319 3022 contingit
1350 2952 1404 3005 in
1433 2950 1541 3005 vita
1573 2953 1840 3022 corporali
1870 2993 1886 3019 ,
1921 2953 1978 3008 in

401 3059 510 3112 qua
542 3043 741 3098 emdem
782 3043 1033 3097 accidunt
1061 3044 1432 3115 aegritudines,
1463 3044 1763 3117 eademque
1792 3062 1987 3104 rursus

401 3137 512 3192 illis
540 3138 795 3193 curandis
825 3136 1134 3193 adhibenda
1164 3136 1403 3193 remedia
1436 3146 1583 3193 sunt.

476 3403 717 3469 Rursus,
752 3407 879 3478 quia
927 3407 1227 3477 corporalis
1269 3406 1396 3463 vitae
1440 3417 1715 3480 auctores,
1756 3412 1989 3483 ejusque

402 3498 749 3553 ordiuatores
792 3514 888 3552 seu
928 3509 1189 3565 rectores,
1242 3499 1460 3556 duobus
1512 3502 1691 3557 modis
1737 3504 1990 3558 conside-

403 3598 623 3657 rantur;
660 3591 741 3643 vel
779 3592 987 3647 scilicet
1036 3592 1340 3647 secundum
1393 3602 1607 3649 natum
1661 3594 1988 3652 facundita-

403 3692 536 3746 tem,
569 3684 715 3753 quod
749 3693 960 3752 spectat
990 3684 1055 3739 ad
1100 3693 1395 3754 parentes;
1428 3697 1520 3740 aut
1555 3687 1858 3743 secundum
1893 3702 1990 3757 po-

403 3776 612 3831 liticutn
646 3777 897 3847 regimen
924 3794 989 3832 ac
1019 3778 1385 3848 principatum
1412 3817 1428 3844 ,
1469 3780 1535 3834 ad
1567 3782 1690 3835 vita:
1722 3781 1990 3851 tranquil-

404 3869 606 3923 litatem
639 3885 937 3939 pacemque
967 3871 1421 3935 conservandam,
1454 3872 1599 3940 quod
1637 3888 1829 3944 regum
1866 3890 1987 3928 mu-

404 3964 551 4016 neris
593 3974 678 4016 cst
707 3976 770 4015 ac
807 3957 1224 4033 magistratuum
1258 3980 1271 4016 :
1309 3963 1390 4018 sic
1421 3978 1641 4034 quoque
1676 3966 1729 4020 in
1761 3966 1989 4035 spiritali

402 4055 536 4115 vita,
575 4064 701 4108 sunt
755 4054 847 4123 qui
901 4053 1322 4109 subministrent
1347 4055 1434 4124 {ac
1473 4058 1791 4114 custodiant
1831 4060 1996 4129 spiri-

403 4147 565 4202 talem
599 4146 765 4201 vitam
794 4164 808 4214 ;
858 4147 1019 4217 idque
1060 4147 1134 4201 illi
1186 4148 1417 4217 spiritali
1447 4149 1715 4206 duntaxat
1750 4154 1994 4209 ministe-

406 4242 487 4296 rio
512 4249 796 4310 pnestant,
828 4242 973 4313 quod
1003 4250 1209 4312 spectat
1234 4241 1299 4296 ad
1325 4241 1533 4297 ordinis
1562 4254 1992 4311 sacramentum;

404 4342 640 4403 suntque
671 4333 918 4402 adeo‘qui
949 4342 1004 4388 ct
1037 4332 1338 4401 spiritalem
1371 4332 1535 4387 simul
1566 4343 1619 4388 et
1643 4336 1990 4403 corporalem

406 4424 570 4477 vitam
615 4422 943 4488 conferant,
995 4425 1135 4493 quod
1172 4424 1263 4477 illo
1301 4432 1645 4479 sacramento
1679 4434 1992 4493 pra-statur,

338 4568 351 4581 κν
404 4532 515 4584 quo
551 4517 631 4567 vir
664 4532 907 4585 uxorque
954 4517 1284 4570 conveniunt
1336 4526 1395 4570 ut
1444 4516 1647 4585 prolem
1706 4517 1983 4586 gignant,

407 4605 768 4674 religiosaque
799 4606 989 4673 pietate
1020 4621 1082 4658 ac
1116 4606 1207 4658 Dei
1236 4605 1380 4659 cultu
1425 4605 1728 4660 cnutriant.
1763 4607 1981 4678 Alioqui

406 4697 548 4749 enim
590 4698 775 4761 nequit
812 4696 925 4749 fieri
970 4706 1027 4749 ut
1076 4697 1375 4749 humanum
1410 4712 1606 4765 genus,
1642 4698 1768 4751 dum
1805 4714 1991 4756 rerum

408 4789 521 4842 haec
558 4790 890 4843 univers:tas
918 4788 982 4843 ad
1021 4800 1328 4844 extremum
1388 4789 1733 4857 itnmutetur,
1774 4806 1990 4861 perma-

409 4895 551 4936 neat.
592 4882 746 4949 Quod
781 4885 906 4937 item
953 4884 1151 4953 nuptize
1180 4883 1312 4938 nihil
1347 4885 1701 4956 turpitudinis
1730 4888 1986 4958 habeant;

406 4993 714 5046 qumquam
737 4977 881 5030 enim
906 4976 1188 5046 virginitas
1213 4976 1448 5031 nobilior
1471 4988 1574 5041 est,
1601 4979 1743 5034 haud
1762 4982 1989 5051 proinde

403 5068 768 5123 exsecrabiles
814 5067 1015 5137 nuptiae
1053 5066 1297 5136 nihilque
1342 5067 1695 5125 honorabiles
1728 5072 1795 5127 θ’.
1832 5071 1988 5129 Unde
2020 5102 2023 5103 ν

402 5170 459 5215 et
489 5159 743 5215 Christus
782 5174 879 5214 sua
903 5174 995 5213 eas
1018 5159 1303 5228 praesentia
1338 5160 1629 5215 honoravit
1664 5164 1715 5216 in
1739 5163 1888 5219 Cana
1915 5166 1982 5222 ⁷⁸.

405 5254 483 5309 Ex
515 5251 725 5307 ratione
767 5260 946 5305 tamen
971 5264 1093 5305 cum
1120 5249 1241 5305 aliis
1272 5250 1528 5305 utendum
1559 5268 1984 5325 sacramentum,

406 5358 522 5402 tum
558 5348 686 5403 isto.
716 5348 771 5403 Si
802 5347 950 5403 enim
989 5346 1072 5401 vel
1100 5345 1155 5400 in
1194 5346 1299 5403 hoc
1327 5347 1411 5402 vel
1447 5346 1501 5401 in
1532 5347 1765 5418 reliquis
1786 5389 1801 5411 .
1836 5351 1982 5422 quod

403 5442 475 5496 sit
503 5456 567 5496 ex
603 5440 813 5497 ratione
844 5438 1060 5494 deﬁciat
1086 5478 1102 5505 ,
1138 5437 1340 5493 nedum
1371 5437 1573 5493 nullam
1609 5438 1844 5497 aﬂcrunt
1875 5444 1984 5498 uti-

404 5530 637 5596 litatem,
670 5548 857 5587 verum
888 5532 1053 5587 etiam
1099 5532 1281 5587 alieno
1323 5547 1354 5586 a
1404 5531 1615 5589 ratione
1667 5550 1770 5592 usu
1815 5537 1984 5607 pluri-

405 5641 551 5680 mum
588 5627 745 5682 nobis
776 5627 1035 5682 damnum
1078 5636 1289 5682 creant.

478 5720 550 5775 De
583 5721 688 5776 illis
724 5723 906 5791 itaque
940 5723 1325 5789 sacramentis,
1359 5739 1477 5795 qua:
1507 5722 1663 5781 nobis
1695 5723 1819 5780 data
1856 5733 1984 5781 sunt

487 5900 736 5979 “Jlebr.
798 5919 918 5968 xm,
960 5904 1014 5959 4.
1091 5908 1133 5939 ⁷⁸
1180 5905 1337 5964 Joan.
1378 5924 1438 5968 II.
1480 5911 1527 5965 l-

2085 1844 2209 1897 Εἰσὶ
2246 1844 2305 1899 δὲ
2336 1844 2429 1897 καί
2461 1861 2585 1897 τινα
2635 1844 2986 1914 καθημερινὰ
3019 1842 3463 1914 ἁμαρτήματα,
3498 1834 3573 1895 ὧν
3602 1860 3698 1911 χω·
3790 1842 3799 1847 ’

2088 1934 2170 2005 ρὶς
2198 1934 2298 1988 οὐκ
2350 1932 2469 1987 ἔστι
2506 1933 2601 1986 τὸν
2631 1933 2747 2004 βίον
2774 1933 2969 1987 τοῦτον
3000 1932 3278 1987 διελθεῖν·
3309 1925 3393 1985 ὧν
3417 1932 3637 1985 πάντων
3670 1933 3696 1983 6

2081 2026 2372 2096 ἄνθρωπος
2422 2024 2739 2093 ἀναγκαίως
2793 2025 3130 2097 καθαίρεται
3185 2023 3285 2077 διὰ
3334 2022 3552 2083 ,τούτου
3608 2021 3694 2076 τοῦ

2088 2118 2417 2190 μυστηρίου.
2455 2118 2545 2171 At?)
2586 2117 2679 2171 καὶ
2711 2115 3067 2189 προστίθησι,
3124 2135 3147 2169 ι
3186 2115 3318 2170 Κᾶν
3350 2110 3692 2185 ἁμαρτίαςῇ

2083 2208 2422 2279 πεποιηκὼς,
2478 2208 2814 2280 ἀφεθήσεται
2870 2206 3046 2279 αὐτῷ.
3078 2226 3103 2261 ι
3169 2207 3352 2261 Ὅθεν
3411 2206 3573 2276 δῆλον
3618 2206 3690 2260 ὅτι

2082 2301 2390 2356 τελευταῖόν
2422 2303 2540 2356 ἔστι
2566 2300 2627 2354 τὸ
2655 2302 2957 2373 μυστήριον
2985 2300 3174 2367 τοῦτο,
3193 2299 3398 2370 ὥσπερ
3428 2300 3688 2369 ἑπισφρά-

2084 2408 2261 2469 γιησμα
2306 2392 2488 2462 πάσης
2525 2391 2625 2461 τῆς
2681 2390 3070 2462 πνευματικῆς
3128 2390 3431 2461 ίατρείας·
3493 2390 3587 2443 καὶ
3612 2391 3687 2442 ὅτι

2083 2486 2196 2549 τοῖς
2228 2483 2852 2556 ἀσθενοῦσιπροσάγειν
2894 2485 2995 2538 δεῖ·
3031 2488 3135 2539 καὶ
3189 2484 3409 2553 μᾶλλον
3440 2484 3683 2548 ἐκείνοις,

2085 2575 2135 2629 οἳ
2186 2574 2252 2629 δι’
2289 2575 2578 2629 ἀσθένειαν
2609 2575 2711 2629 οὐκ
2740 2572 3138 2644 ἐξεπλήρωσαν
3187 2574 3288 2627 τὸν
3340 2574 3688 2643 ὀφειλόμενον

2087 2666 2267 2731 αὐτοῖς
2305 2667 2508 2724 κανόνα
2531 2681 2547 2699 ·
2586 2667 2680 2720 καὶ
2703 2666 2787 2720 ὅτι
2814 2667 2929 2730 τοῖς
2958 2665 3149 2729 αὐτοῖς
3182 2667 3359 2721 πάλιν
3375 2667 3460 2720 δεῖ
3486 2666 3686 2737 προσά-

2086 2779 2241 2831 γειν,·
2265 2763 2314 2816 εί
2342 2760 2481 2831 πρὸς
2513 2760 2614 2833 τὴν
2653 2760 2851 2832 ὁμοίαν
2882 2760 3092 2815 ἔλθοιεν
3132 2762 3423 2832 ἀνάγκην.
3464 2761 3687 2814 Δύναται

2087 2854 2199 2924 γὰρ
2260 2855 2287 2907 ὁ
2339 2854 2633 2925 ἄνθρωπος
2688 2854 2806 2917 τοῖς
2862 2856 3051 2917 αὐτοῖς
3119 2854 3295 2908 πάλιν
3376 2853 3718 2923 ἀτοπήμασι⁸

2090 2946 2450 3019 περιπίπτειν
2497 2946 2587 3000 διὰ
2619 2945 2720 3016 τὴν
2751 2944 2852 3016 τῆς
2901 2944 3124 3014 φύσεως
3186 2945 3487 3000 ἀσθένειαν
3508 2962 3522 2975 ·
3552 2945 3683 2998 ὥστε

2090 3041 2187 3095 καὶ
2217 3038 2478 3101 πολλάκις
2517 3037 2595 3108 τῷ
2627 3036 2778 3107 αύτῷ
2822 3035 3015 3107 τρόπῳ
3055 3037 3161 3105 τῆς
3221 3035 3525 3107 θεραπείας
3555 3033 3680 3104 χρῆ-

2091 3130 2236 3185 σθαι·
2272 3131 2523 3201 καθάπερ
2582 3130 2679 3183 καὶ
2733 3128 2791 3181 ὲν
2824 3130 2888 3198 τῇ
2933 3130 3236 3199 σωματικῇ
3291 3127 3409 3197 ζωῇ
3450 3126 3518 3179 τὰ
3551 3124 3681 3179 αὐτὰ

2016 3231 2059 3288 (ι
2090 3222 2499 3294 ἀρρωστήματα
2556 3219 2866 3290 συμϐαίνει,
2919 3220 3015 3275 καὶ
3064 3220 3240 3276 πάλιν
3295 3220 3413 3283 τοῖς
3476 3217 3671 3289 όμοίοις

2090 3317 2489 3395 θεραπεύονται
2521 3315 2866 3385 φαρμᾶκοις.

2167 3416 2333 3470 Πάλιν
2360 3414 2485 3469 ἐπεὶ
2523 3415 2573 3468 oi
2607 3413 2840 3484 χορηγοὶ
2868 3414 2964 3467 καὶ
2994 3418 3257 3469 τακτικοὶ
3298 3413 3402 3483 τῆς
3448 3426 3673 3482 σωματι-

2094 3511 2196 3579 κῆς
2224 3508 2371 3583 ζωῆς
2392 3508 2557 3577 διχῶς
2585 3505 2944 3578 θεωροῦνται·
2973 3506 3290 3572 τουτέστιν,
3332 3506 3366 3576 ἢ
3414 3505 3553 3559 κατᾶ
3587 3502 3673 3570 τὴν

2092 3602 2189 3672 τῆς
2223 3600 2440 3671 φύσεως
2474 3600 2836 3671 γονιμότητα,
2891 3600 3030 3671 ὅπερ
3085 3600 3213 3654 ἐστὶ
3243 3599 3360 3653 τῶν
3386 3598 3604 3666 γονέων.
3641 3595 3668 3663 ῆ

2094 3693 2237 3747 κατὰ
2273 3693 2375 3763 τὴν
2408 3692 2696 3764 πολιτικὴν
2727 3694 2928 3763 ἀρχὴν,
2982 3693 3051 3747 δι’
3084 3687 3151 3765 ἦς
3185 3693 3250 3746 τὸ
3280 3690 3557 3763 εἰρηνικὸν
3584 3688 3671 3757 τῆς

2095 3788 2243 3856 ζωῆς
2279 3790 2652 3859 συντηρεῖται,
2684 3787 2821 3857 ὅπερ
2870 3788 2984 3851 τοῖς
3024 3786 3315 3857 βασιλεῦσι
3350 3784 3445 3838 καὶ
3476 3782 3662 3851 ἄρχου-

2096 3899 2181 3934 σιν
2212 3880 2429 3951 ἀνήκει·
2462 3877 2607 3933 οὕτω
2642 3878 2739 3933 καὶ
2778 3878 2837 3933 ἑν
2870 3880 2937 3950 τῇ
2974 3879 3336 3949 πνευματικῇ
3389 3869 3525 3945 ζωῇ,
3569 3871 3666 3924 εἰσὶ

2099 3972 2198 4044 μὲν
2228 3970 2462 4042 χορηγοὶ
2491 3972 2584 4025 καὶ
2611 3969 2935 4041 φυλακτικοὶ
2967 3969 3068 4038 τῆς
3099 3967 3490 4039 πνευματικῆς
3535 3960 3664 4028 ζωῆς

2097 4062 2240 4117 κατὰ
2287 4062 2385 4132 τὴν
2420 4062 2801 4132 πνευματικὴν
2830 4060 3110 4115 διακονίαν
3164 4061 3353 4131 μόνον.
3383 4058 3518 4124 ὅπερ
3560 4050 3660 4103 ἐστὶ

2095 4151 2189 4206 τοῦ
2227 4153 2533 4224 μυστηρίου
2573 4152 2683 4205 τῶν
2728 4150 2974 4216 τάξεων·
3017 4152 3114 4206 καὶ
3173 4150 3469 4220 θεωρεῖται
3523 4141 3660 4196 tofm

2098 4248 2157 4299 ὲν
2194 4247 2305 4309 τοῖς
2335 4245 2653 4317 ἀρχιερεῦσι
2686 4243 2782 4298 καὶ
2835 4246 2949 4307 τοῖς
3001 4243 3187 4307 ἄλλοις
3215 4242 3526 4308 οἰκονόμοις
3573 4234 3657 4302 τῆς

2098 4339 2479 4409 πνευματικῆς
2512 4337 2810 4398 πολιτείας·
2839 4337 2946 4391 είσὶ
2972 4336 3031 4390 δὲ
3077 4337 3173 4391 καὶ
3206 4336 3353 4390 κατὰ
3384 4334 3481 4403 τὴν
3506 4344 3655 4382 πνευο

2101 4429 2339 4503 ματικὴν
2365 4431 2515 4501 ζωὴν
2566 4429 2707 4501 ὁμοῦ
2742 4430 2838 4484 καὶ
2889 4431 3230 4501 σωματικήν·
3264 4428 3294 4483 ὃ
3346 4427 3551 4495 γίνεται
3580 4418 3653 4472 διὸ

2096 4523 2193 4578 τοῦ
2228 4523 2557 4595 μυστηρίου,
2612 4522 2740 4577 καθ’
2785 4522 2814 4576 δ
2862 4523 3225 4593 συνέρχονται
3254 4521 3284 4574 ὁ
3334 4519 3472 4587 ἀνὴρ
3516 4509 3651 4567 καὶή

2096 4615 2255 4686 γυνὴ,
2281 4613 2427 4668 ὥστε
2456 4613 2715 4684 γεννῆσαι
2742 4612 2935 4666 τέκνον
2964 4612 3060 4666 καὶ
3106 4609 3416 4681 ἀναθρέψαι
3465 4605 3539 4665 είς
3567 4600 3643 4667 rip

2093 4705 2186 4761 τοῦ
2212 4706 2346 4760 Θεοῦ
2370 4708 2647 4777 λατρείαν.
2685 4704 2894 4763 Ἀλλως
2942 4706 3051 4774 γὰρ
3083 4704 3185 4757 οὐκ
3239 4703 3356 4757 ἔστι
3395 4694 3648 4767 διαμένειν

2091 4799 2153 4852 τὸ
2181 4798 2524 4871 ἀνθρώπινον
2558 4800 2715 4866 γένος
2760 4800 2925 4869 μέχρι
2968 4798 3069 4864 τῆς
3099 4796 3195 4850 τοῦ
3231 4793 3431 4854 παντὸς
3478 4787 3564 4841 ἐπὶ
3595 4782 3644 4835 τὺ

2092 4892 2319 4962 ἔσχατον
2340 4889 2701 4954 ἀλλοιώσεως·
2725 4891 2820 4945 καὶ
2839 4892 2923 4944 ὅτι
2942 4890 3117 4959 γάμος
3140 4889 3240 4942 οὐκ
3261 4887 3407 4940 ἔστιν
3422 4875 3643 4947 αἰσχράν’

2090 4982 2152 5035 ού
2184 4982 2294 5053 γὰρ
2342 4982 2391 5034 εί
2447 4985 2481 5052 η
2511 4979 2783 5051 παρθενία
2835 4977 3190 5049 τιμιώτερον,
3245 4970 3524 5046 βδελυκτὸν
3561 4962 3636 5053 καὶ

2091 5074 2291 5144 ἄτιμον
2324 5074 2384 5127 τὸ
2416 5073 2510 5127 τοῦ
2533 5073 2740 5144 γάμου.
2767 5071 2859 5125 Διὸ
2894 5074 2989 5125 καὶ
3029 5070 3057 5122 ό
3097 5068 3330 5140 Χριστὸς
3360 5060 3513 5117 αὑτὸν
3544 5052 3637 5144 ὲτίέ

2094 5143 2266 5237 μησεν
2321 5167 2379 5220 ὲν
2412 5166 2569 5236 Κανᾷ
2614 5143 2681 5234 τῇ
2730 5163 2931 5217 ἑαυτοῦ
2973 5161 3271 5233 παρουσίᾳ.
3334 5156 3472 5223 Πλὴν
3512 5143 3632 5201 κατᾶ

2088 5258 2250 5328 λόγον
2278 5258 2361 5312 δεῖ
2388 5256 2484 5311 καὶ
2511 5258 2625 5319 τοῖς
2655 5255 2837 5318 ἄλλοις
2864 5256 2958 5309 καὶ
2989 5253 3165 5323 τούτῳ
3190 5249 3441 5326 χρῆσθαι.
3466 5243 3520 5337 l3!
3543 5237 3631 5337 τεξβ

2087 5350 2151 5405 τὸ
2190 5349 2335 5403 κατὰ
2363 5350 2521 5419 λόγον
2548 5348 2747 5403 ἄπεστι
2782 5345 2880 5402 καὶ
2911 5348 3004 5401 ὲπὶ
3052 5349 3246 5400 τούτου
3280 5340 3372 5396 καὶ
3411 5334 3497 5388 ἐπὶ
3540 5334 3627 5419 τῶν

2093 5440 2279 5515 ἄλλων⁸
2300 5415 2641 5512 μυστηρίων,
2671 5439 2733 5492 οὐ
2761 5438 2925 5509 μόνον
2950 5438 3102 5493 οὐδὲν
3126 5428 3491 5507 ὠφελούμεθα,
3514 5415 3625 5515 dli-il

2092 5534 2190 5588 καὶ
2223 5513 2576 5605 βλαπτόμεοα
2602 5532 2732 5601 παρ’
2761 5531 2942 5585 αὐτῶν
2967 5529 3057 5583 διὰ
3083 5529 3185 5601 τὴν
3230 5528 3418 5592 ἄλογον
3453 5513 3623 5586 χρῆσιν

2091 5631 2274 5704 ἡμῶν.

2134 5724 2139 5731 ’
2164 5723 2300 5794 Περὶ
2328 5722 2427 5793 μὲν
2458 5715 2552 5776 οὗν
2567 5721 2674 5776 τῶν
2706 5714 3154 5790 παραδεδομένων
3180 5716 3309 5787 ἡμῖν
3337 5706 3615 5780 pueras)le
