  <div class='ocr_page' id='page_1' title='image "/cluster/home/n/w/nwhite01/storage/ocr_20150623/152/hvd.32044019208404/314.png"; bbox 0 0 3790 6548; ppageno 0'>
   <div class='ocr_carea' id='block_1_1' title="bbox 111 380 2366 451">
    <p class='ocr_par' dir='ltr' id='par_1_1' title="bbox 111 380 2366 451">
     <span class='ocr_line' id='line_1_1' title="bbox 111 380 2366 451; baseline -0.002 -2"><span class='ocrx_word' id='word_1_1' title='bbox 111 392 191 451; x_wconf 80' lang='lat' dir='ltr'><strong>(i9</strong></span> <span class='ocrx_word' id='word_1_2' title='bbox 1055 383 1152 444; x_wconf 86' lang='lat' dir='ltr'><strong>DE</strong></span> <span class='ocrx_word' id='word_1_3' title='bbox 1194 380 1616 442; x_wconf 81' lang='lat' dir='ltr'><strong>PRINCIPIIS</strong></span> <span class='ocrx_word' id='word_1_4' title='bbox 1655 380 1866 441; x_wconf 76' lang='lat' dir='ltr'><strong>FIDEI</strong></span> <span class='ocrx_word' id='word_1_5' title='bbox 1907 382 2366 445; x_wconf 58' lang='lat' dir='ltr'><strong>CATHOLICi’E.</strong></span> 
     </span>
    </p>
   </div>
   <div class='ocr_carea' id='block_1_2' title="bbox 3191 391 3298 454">
    <p class='ocr_par' dir='ltr' id='par_1_2' title="bbox 3191 391 3298 454">
     <span class='ocr_line' id='line_1_2' title="bbox 3191 391 3298 454; baseline 0.009 -1"><span class='ocrx_word' id='word_1_6' title='bbox 3191 391 3298 454; x_wconf 85' lang='lat'><strong>6&#39;0</strong></span> 
     </span>
    </p>
   </div>
   <div class='ocr_carea' id='block_1_3' title="bbox 110 492 1599 570">
    <p class='ocr_par' dir='ltr' id='par_1_3' title="bbox 110 492 1599 568">
     <span class='ocr_line' id='line_1_3' title="bbox 110 492 1599 568; baseline -0.004 -15"><span class='ocrx_word' id='word_1_7' title='bbox 110 511 170 566; x_wconf 78' lang='grc' dir='ltr'>εὶς</span> <span class='ocrx_word' id='word_1_8' title='bbox 215 497 539 568; x_wconf 85' lang='grc' dir='ltr'>ἁναγέννησιν</span> <span class='ocrx_word' id='word_1_9' title='bbox 583 496 672 549; x_wconf 80' lang='grc' dir='ltr'><strong>καὶ</strong></span> <span class='ocrx_word' id='word_1_10' title='bbox 724 494 1022 567; x_wconf 76' lang='grc' dir='ltr'>Θεραπείαν</span> <span class='ocrx_word' id='word_1_11' title='bbox 1049 496 1149 565; x_wconf 84' lang='grc' dir='ltr'><strong>τῆς</strong></span> <span class='ocrx_word' id='word_1_12' title='bbox 1180 494 1455 567; x_wconf 79' lang='grc' dir='ltr'>ἡμετέρας</span> <span class='ocrx_word' id='word_1_13' title='bbox 1506 492 1599 564; x_wconf 82' lang='grc' dir='ltr'><strong>φύ·</strong></span> 
     </span>
    </p>
   </div>
   <div class='ocr_carea' id='block_1_4' title="bbox 1751 492 3297 570">
    <p class='ocr_par' dir='ltr' id='par_1_4' title="bbox 1751 493 3297 570">
     <span class='ocr_line' id='line_1_4' title="bbox 1751 493 3297 570; baseline 0.008 -22"><span class='ocrx_word' id='word_1_14' title='bbox 1751 493 1776 548; x_wconf 82' lang='grc' dir='ltr'>ι]</span> <span class='ocrx_word' id='word_1_15' title='bbox 1808 503 2014 551; x_wconf 81' lang='lat' dir='ltr'><strong>naturae</strong></span> <span class='ocrx_word' id='word_1_16' title='bbox 2044 504 2247 551; x_wconf 77' lang='lat' dir='ltr'><strong>nostra:</strong></span> <span class='ocrx_word' id='word_1_17' title='bbox 2282 496 2515 568; x_wconf 75' lang='lat' dir='ltr'><strong>spiritali</strong></span> <span class='ocrx_word' id='word_1_18' title='bbox 2559 498 2667 555; x_wconf 89' lang='lat' dir='ltr'><strong>vita</strong></span> <span class='ocrx_word' id='word_1_19' title='bbox 2718 500 3187 570; x_wconf 72' lang='lat' dir='ltr'><strong>regenerationem</strong></span> <span class='ocrx_word' id='word_1_20' title='bbox 3229 520 3297 560; x_wconf 81' lang='lat' dir='ltr'><strong>ac</strong></span> 
     </span>
    </p>
   </div>
   <div class='ocr_carea' id='block_1_5' title="bbox 108 588 1606 659">
    <p class='ocr_par' dir='ltr' id='par_1_5' title="bbox 108 588 1606 659">
     <span class='ocr_line' id='line_1_5' title="bbox 108 588 1606 659; baseline -0.007 -9"><span class='ocrx_word' id='word_1_21' title='bbox 108 612 209 656; x_wconf 79' lang='grc' dir='ltr'>σεως</span> <span class='ocrx_word' id='word_1_22' title='bbox 240 590 363 646; x_wconf 76' lang='grc' dir='ltr'>κατά</span> <span class='ocrx_word' id='word_1_23' title='bbox 392 589 486 659; x_wconf 76' lang='grc' dir='ltr'>τὴν</span> <span class='ocrx_word' id='word_1_24' title='bbox 509 589 882 659; x_wconf 80' lang='grc' dir='ltr'>πνευματικὴν</span> <span class='ocrx_word' id='word_1_25' title='bbox 909 589 1057 659; x_wconf 83' lang='grc' dir='ltr'>ζωὴν</span> <span class='ocrx_word' id='word_1_26' title='bbox 1097 588 1253 643; x_wconf 82' lang='grc' dir='ltr'>ταῦτ’</span> <span class='ocrx_word' id='word_1_27' title='bbox 1284 590 1343 642; x_wconf 85' lang='grc' dir='ltr'><strong>ἐν</strong></span> <span class='ocrx_word' id='word_1_28' title='bbox 1372 590 1606 659; x_wconf 83' lang='grc' dir='ltr'>ἐπιτομῇ</span> 
     </span>
    </p>
   </div>
   <div class='ocr_carea' id='block_1_6' title="bbox 101 679 1609 756">
    <p class='ocr_par' dir='ltr' id='par_1_6' title="bbox 101 679 1609 756">
     <span class='ocr_line' id='line_1_6' title="bbox 101 679 1609 756; baseline -0.005 -16"><span class='ocrx_word' id='word_1_29' title='bbox 101 685 357 756; x_wconf 66' lang='grc' dir='ltr'>διήλθομεν·</span> <span class='ocrx_word' id='word_1_30' title='bbox 387 680 451 734; x_wconf 83' lang='grc' dir='ltr'><strong>τά</strong></span> <span class='ocrx_word' id='word_1_31' title='bbox 476 679 529 733; x_wconf 79' lang='grc' dir='ltr'><strong>δὲ</strong></span> <span class='ocrx_word' id='word_1_32' title='bbox 560 679 834 748; x_wconf 79' lang='grc' dir='ltr'><strong>βαθύτερα</strong></span> <span class='ocrx_word' id='word_1_33' title='bbox 869 680 965 733; x_wconf 75' lang='grc' dir='ltr'>καὶ</span> <span class='ocrx_word' id='word_1_34' title='bbox 990 680 1297 753; x_wconf 80' lang='grc' dir='ltr'>λεπτότερα</span> <span class='ocrx_word' id='word_1_35' title='bbox 1333 682 1391 735; x_wconf 85' lang='grc' dir='ltr'><strong>ἐν</strong></span> <span class='ocrx_word' id='word_1_36' title='bbox 1424 681 1609 745; x_wconf 78' lang='grc' dir='ltr'>αὐτοῖς</span> 
     </span>
    </p>
   </div>
   <div class='ocr_carea' id='block_1_7' title="bbox 101 771 1607 843">
    <p class='ocr_par' dir='ltr' id='par_1_7' title="bbox 101 771 1607 843">
     <span class='ocr_line' id='line_1_7' title="bbox 101 771 1607 843; baseline -0.001 -12"><span class='ocrx_word' id='word_1_37' title='bbox 101 782 187 839; x_wconf 78' lang='grc' dir='ltr'>τοῖς</span> <span class='ocrx_word' id='word_1_38' title='bbox 209 776 292 842; x_wconf 77' lang='grc' dir='ltr'>τὴν</span> <span class='ocrx_word' id='word_1_39' title='bbox 316 773 457 827; x_wconf 76' lang='grc' dir='ltr'>θείαν</span> <span class='ocrx_word' id='word_1_40' title='bbox 485 771 729 842; x_wconf 80' lang='grc' dir='ltr'><strong>μετιοῦσι</strong></span> <span class='ocrx_word' id='word_1_41' title='bbox 755 771 1002 843; x_wconf 77' lang='grc' dir='ltr'>Γραφὴν,</span> <span class='ocrx_word' id='word_1_42' title='bbox 1042 773 1137 827; x_wconf 83' lang='grc' dir='ltr'><strong>καὶ</strong></span> <span class='ocrx_word' id='word_1_43' title='bbox 1185 776 1300 837; x_wconf 79' lang='grc' dir='ltr'>τοῖς</span> <span class='ocrx_word' id='word_1_44' title='bbox 1354 772 1607 829; x_wconf 80' lang='grc' dir='ltr'><strong>διδασκά-</strong></span> 
     </span>
    </p>
   </div>
   <div class='ocr_carea' id='block_1_8' title="bbox 100 854 1606 941">
    <p class='ocr_par' dir='ltr' id='par_1_8' title="bbox 100 854 1606 941">
     <span class='ocr_line' id='line_1_8' title="bbox 100 854 1606 941; baseline 0.002 -19"><span class='ocrx_word' id='word_1_45' title='bbox 100 854 193 932; x_wconf 76' lang='grc' dir='ltr'>λοιξ</span> <span class='ocrx_word' id='word_1_46' title='bbox 211 870 294 937; x_wconf 82' lang='grc' dir='ltr'>τῆς</span> <span class='ocrx_word' id='word_1_47' title='bbox 345 866 435 920; x_wconf 88' lang='grc' dir='ltr'><strong>τοῦ</strong></span> <span class='ocrx_word' id='word_1_48' title='bbox 488 863 619 920; x_wconf 86' lang='grc' dir='ltr'>Θεοῦ</span> <span class='ocrx_word' id='word_1_49' title='bbox 669 865 1002 937; x_wconf 76' lang='grc' dir='ltr'>Ἐκκλησιας</span> <span class='ocrx_word' id='word_1_50' title='bbox 1035 869 1364 941; x_wconf 80' lang='grc' dir='ltr'><strong>τρανότερον</strong></span> <span class='ocrx_word' id='word_1_51' title='bbox 1398 870 1606 927; x_wconf 81' lang='grc' dir='ltr'>ἀνακα-</span> 
     </span>
    </p>
   </div>
   <div class='ocr_carea' id='block_1_9' title="bbox 100 959 1543 1027">
    <p class='ocr_par' dir='ltr' id='par_1_9' title="bbox 100 959 1543 1027">
     <span class='ocr_line' id='line_1_9' title="bbox 100 959 1543 1027; baseline 0.004 -16"><span class='ocrx_word' id='word_1_52' title='bbox 100 959 392 1027; x_wconf 71' lang='grc' dir='ltr'>λυφθῄσεται.</span> <span class='ocrx_word' id='word_1_53' title='bbox 1538 1012 1543 1017; x_wconf 86' lang='grc'>.</span> 
     </span>
    </p>
   </div>
   <div class='ocr_carea' id='block_1_10' title="bbox 147 1046 1606 1121">
    <p class='ocr_par' dir='ltr' id='par_1_10' title="bbox 147 1046 1606 1121">
     <span class='ocr_line' id='line_1_10' title="bbox 147 1046 1606 1121; baseline 0.004 -19"><span class='ocrx_word' id='word_1_54' title='bbox 147 1046 406 1117; x_wconf 69' lang='grc' dir='ltr'>Παρέδοντο</span> <span class='ocrx_word' id='word_1_55' title='bbox 436 1046 490 1099; x_wconf 82' lang='grc' dir='ltr'><strong>δὲ</strong></span> <span class='ocrx_word' id='word_1_56' title='bbox 525 1046 617 1099; x_wconf 77' lang='grc' dir='ltr'><strong>καὶ</strong></span> <span class='ocrx_word' id='word_1_57' title='bbox 645 1046 749 1100; x_wconf 83' lang='grc' dir='ltr'><strong>ὑπὸ</strong></span> <span class='ocrx_word' id='word_1_58' title='bbox 776 1047 869 1101; x_wconf 85' lang='grc' dir='ltr'><strong>τοῦ</strong></span> <span class='ocrx_word' id='word_1_59' title='bbox 906 1046 1157 1103; x_wconf 82' lang='grc' dir='ltr'>διαϐόλου</span> <span class='ocrx_word' id='word_1_60' title='bbox 1184 1053 1461 1121; x_wconf 78' lang='grc' dir='ltr'>μυστήριά</span> <span class='ocrx_word' id='word_1_61' title='bbox 1485 1070 1606 1108; x_wconf 87' lang='grc' dir='ltr'>τινα</span> 
     </span>
    </p>
   </div>
   <div class='ocr_carea' id='block_1_11' title="bbox 97 1135 1603 1207">
    <p class='ocr_par' dir='ltr' id='par_1_11' title="bbox 97 1135 1603 1207">
     <span class='ocr_line' id='line_1_11' title="bbox 97 1135 1603 1207; baseline 0.005 -15"><span class='ocrx_word' id='word_1_62' title='bbox 97 1140 224 1207; x_wconf 74' lang='grc' dir='ltr'>ἐναγῆ</span> <span class='ocrx_word' id='word_1_63' title='bbox 266 1135 375 1190; x_wconf 84' lang='grc' dir='ltr'>κατ’</span> <span class='ocrx_word' id='word_1_64' title='bbox 408 1136 568 1191; x_wconf 78' lang='grc' dir='ltr'>αὐτὸν</span> <span class='ocrx_word' id='word_1_65' title='bbox 592 1139 707 1199; x_wconf 83' lang='grc' dir='ltr'>τοῖς</span> <span class='ocrx_word' id='word_1_66' title='bbox 755 1138 815 1191; x_wconf 81' lang='grc' dir='ltr'>τὸ</span> <span class='ocrx_word' id='word_1_67' title='bbox 847 1140 1019 1207; x_wconf 75' lang='grc' dir='ltr'>ὄνομα</span> <span class='ocrx_word' id='word_1_68' title='bbox 1058 1142 1150 1193; x_wconf 83' lang='grc' dir='ltr'><strong>τοῦ</strong></span> <span class='ocrx_word' id='word_1_69' title='bbox 1184 1143 1313 1197; x_wconf 74' lang='grc' dir='ltr'>Υιοῦ</span> <span class='ocrx_word' id='word_1_70' title='bbox 1343 1145 1437 1198; x_wconf 89' lang='grc' dir='ltr'><strong>τοῦ</strong></span> <span class='ocrx_word' id='word_1_71' title='bbox 1467 1145 1603 1199; x_wconf 81' lang='grc' dir='ltr'>θεοῦ</span> 
     </span>
    </p>
   </div>
   <div class='ocr_carea' id='block_1_12' title="bbox 96 1229 1607 1303">
    <p class='ocr_par' dir='ltr' id='par_1_12' title="bbox 96 1229 1607 1303">
     <span class='ocr_line' id='line_1_12' title="bbox 96 1229 1607 1303; baseline 0.003 -17"><span class='ocrx_word' id='word_1_72' title='bbox 96 1230 393 1301; x_wconf 73' lang='grc' dir='ltr'><strong>ἀρνουμένοις</strong></span> <span class='ocrx_word' id='word_1_73' title='bbox 424 1230 517 1282; x_wconf 83' lang='grc' dir='ltr'>καὶ</span> <span class='ocrx_word' id='word_1_74' title='bbox 542 1229 642 1300; x_wconf 75' lang='grc' dir='ltr'><strong>τὴν</strong></span> <span class='ocrx_word' id='word_1_75' title='bbox 670 1231 1092 1303; x_wconf 84' lang='grc' dir='ltr'>ἐνανθρώπησιν</span> <span class='ocrx_word' id='word_1_76' title='bbox 1125 1235 1317 1301; x_wconf 82' lang='grc' dir='ltr'>αὑτοῦ,</span> <span class='ocrx_word' id='word_1_77' title='bbox 1351 1240 1443 1291; x_wconf 75' lang='grc' dir='ltr'>καὶ</span> <span class='ocrx_word' id='word_1_78' title='bbox 1472 1239 1607 1291; x_wconf 81' lang='grc' dir='ltr'>ὐπο-</span> 
     </span>
    </p>
   </div>
   <div class='ocr_carea' id='block_1_13' title="bbox 95 1322 1601 1399">
    <p class='ocr_par' dir='ltr' id='par_1_13' title="bbox 95 1322 1601 1399">
     <span class='ocr_line' id='line_1_13' title="bbox 95 1322 1601 1399; baseline 0.003 -22"><span class='ocrx_word' id='word_1_79' title='bbox 95 1323 382 1392; x_wconf 60' lang='grc' dir='ltr'>τηιττομένοις</span> <span class='ocrx_word' id='word_1_80' title='bbox 415 1322 563 1391; x_wconf 82' lang='grc' dir='ltr'>αῦτῷ</span> <span class='ocrx_word' id='word_1_81' title='bbox 602 1322 680 1393; x_wconf 84' lang='grc' dir='ltr'>τῷ</span> <span class='ocrx_word' id='word_1_82' title='bbox 708 1323 963 1395; x_wconf 87' lang='grc' dir='ltr'>διαϐόλῳ,</span> <span class='ocrx_word' id='word_1_83' title='bbox 1016 1327 1049 1397; x_wconf 77' lang='grc' dir='ltr'><strong>ἢ</strong></span> <span class='ocrx_word' id='word_1_84' title='bbox 1102 1328 1197 1381; x_wconf 76' lang='grc' dir='ltr'>καὶ</span> <span class='ocrx_word' id='word_1_85' title='bbox 1231 1328 1335 1381; x_wconf 73' lang='grc' dir='ltr'>ὑπὸ</span> <span class='ocrx_word' id='word_1_86' title='bbox 1391 1328 1471 1399; x_wconf 81' lang='grc' dir='ltr'>τῷ</span> <span class='ocrx_word' id='word_1_87' title='bbox 1507 1330 1601 1383; x_wconf 91' lang='grc' dir='ltr'><strong>τοῦ</strong></span> 
     </span>
    </p>
   </div>
   <div class='ocr_carea' id='block_1_14' title="bbox 93 1417 1604 1493">
    <p class='ocr_par' dir='ltr' id='par_1_14' title="bbox 93 1417 1604 1493">
     <span class='ocr_line' id='line_1_14' title="bbox 93 1417 1604 1493; baseline 0.003 -22"><span class='ocrx_word' id='word_1_88' title='bbox 93 1417 195 1471; x_wconf 74' lang='grc' dir='ltr'>Θεοῦ</span> <span class='ocrx_word' id='word_1_89' title='bbox 216 1417 416 1486; x_wconf 68' lang='grc' dir='ltr'>ὀνόματι</span> <span class='ocrx_word' id='word_1_90' title='bbox 447 1417 539 1469; x_wconf 77' lang='grc' dir='ltr'><strong>ὑπ’</strong></span> <span class='ocrx_word' id='word_1_91' title='bbox 586 1417 798 1471; x_wconf 83' lang='grc' dir='ltr'>ἐκείνου</span> <span class='ocrx_word' id='word_1_92' title='bbox 838 1420 895 1471; x_wconf 77' lang='grc' dir='ltr'><strong>ἐν</strong></span> <span class='ocrx_word' id='word_1_93' title='bbox 936 1421 1221 1485; x_wconf 79' lang='grc' dir='ltr'>εὐσεϐείας</span> <span class='ocrx_word' id='word_1_94' title='bbox 1252 1423 1604 1493; x_wconf 70' lang='grc' dir='ltr'>προσχήματι</span> 
     </span>
    </p>
   </div>
   <div class='ocr_carea' id='block_1_15' title="bbox 90 1506 1604 1583">
    <p class='ocr_par' dir='ltr' id='par_1_15' title="bbox 90 1506 1604 1583">
     <span class='ocr_line' id='line_1_15' title="bbox 90 1506 1604 1583; baseline 0.005 -20"><span class='ocrx_word' id='word_1_95' title='bbox 90 1506 430 1577; x_wconf 74' lang='grc' dir='ltr'>ἀπατωμένοις.</span> <span class='ocrx_word' id='word_1_96' title='bbox 472 1508 585 1561; x_wconf 78' lang='grc' dir='ltr'>Καὶ</span> <span class='ocrx_word' id='word_1_97' title='bbox 633 1510 743 1580; x_wconf 73' lang='grc' dir='ltr'>γὰρ</span> <span class='ocrx_word' id='word_1_98' title='bbox 777 1512 873 1564; x_wconf 77' lang='grc' dir='ltr'><strong>καὶ</strong></span> <span class='ocrx_word' id='word_1_99' title='bbox 924 1512 1076 1583; x_wconf 69' lang='grc' dir='ltr'>παρὰ</span> <span class='ocrx_word' id='word_1_100' title='bbox 1104 1512 1317 1576; x_wconf 80' lang='grc' dir='ltr'>τούτοις</span> <span class='ocrx_word' id='word_1_101' title='bbox 1348 1514 1455 1567; x_wconf 76' lang='grc' dir='ltr'>εἰσὶ</span> <span class='ocrx_word' id='word_1_102' title='bbox 1509 1516 1604 1569; x_wconf 83' lang='grc' dir='ltr'><strong>καὶ</strong></span> 
     </span>
    </p>
   </div>
   <div class='ocr_carea' id='block_1_16' title="bbox 92 1598 1603 1673">
    <p class='ocr_par' dir='ltr' id='par_1_16' title="bbox 92 1598 1603 1673">
     <span class='ocr_line' id='line_1_16' title="bbox 92 1598 1603 1673; baseline 0.005 -21"><span class='ocrx_word' id='word_1_103' title='bbox 92 1603 281 1670; x_wconf 68' lang='grc' dir='ltr'>νηστεῖαι</span> <span class='ocrx_word' id='word_1_104' title='bbox 304 1600 388 1652; x_wconf 70' lang='grc' dir='ltr'><strong>καὶ</strong></span> <span class='ocrx_word' id='word_1_105' title='bbox 412 1598 626 1653; x_wconf 73' lang='grc' dir='ltr'>τελεταὶ</span> <span class='ocrx_word' id='word_1_106' title='bbox 659 1603 755 1655; x_wconf 80' lang='grc' dir='ltr'><strong>καὶ</strong></span> <span class='ocrx_word' id='word_1_107' title='bbox 794 1603 982 1673; x_wconf 79' lang='grc' dir='ltr'>ἑορταὶ</span> <span class='ocrx_word' id='word_1_108' title='bbox 1029 1604 1125 1658; x_wconf 80' lang='grc' dir='ltr'><strong>καὶ</strong></span> <span class='ocrx_word' id='word_1_109' title='bbox 1153 1605 1480 1670; x_wconf 82' lang='grc' dir='ltr'><strong>ἀπολούσεις</strong></span> <span class='ocrx_word' id='word_1_110' title='bbox 1510 1607 1603 1660; x_wconf 79' lang='grc' dir='ltr'>καὶ</span> 
     </span>
    </p>
   </div>
   <div class='ocr_carea' id='block_1_17' title="bbox 92 1691 1604 1769">
    <p class='ocr_par' dir='ltr' id='par_1_17' title="bbox 92 1691 1604 1769">
     <span class='ocr_line' id='line_1_17' title="bbox 92 1691 1604 1769; baseline 0.007 -25"><span class='ocrx_word' id='word_1_111' title='bbox 92 1695 224 1761; x_wconf 70' lang='grc' dir='ltr'>φῶτε,</span> <span class='ocrx_word' id='word_1_112' title='bbox 251 1694 320 1755; x_wconf 77' lang='grc' dir='ltr'>εἰς</span> <span class='ocrx_word' id='word_1_113' title='bbox 346 1691 571 1761; x_wconf 76' lang='grc' dir='ltr'>ἄγγελον</span> <span class='ocrx_word' id='word_1_114' title='bbox 615 1695 795 1763; x_wconf 69' lang='grc' dir='ltr'>φωτὸς</span> <span class='ocrx_word' id='word_1_115' title='bbox 831 1696 924 1749; x_wconf 89' lang='grc' dir='ltr'><strong>τοῦ</strong></span> <span class='ocrx_word' id='word_1_116' title='bbox 976 1697 1219 1769; x_wconf 91' lang='grc' dir='ltr'>πονηροῦ</span> <span class='ocrx_word' id='word_1_117' title='bbox 1266 1699 1456 1753; x_wconf 68' lang='grc' dir='ltr'>ἑαυτὸν</span> <span class='ocrx_word' id='word_1_118' title='bbox 1507 1716 1604 1769; x_wconf 84' lang='grc' dir='ltr'>με·</span> 
     </span>
    </p>
   </div>
   <div class='ocr_carea' id='block_1_18' title="bbox 88 1782 1603 1861">
    <p class='ocr_par' dir='ltr' id='par_1_18' title="bbox 88 1782 1603 1861">
     <span class='ocr_line' id='line_1_18' title="bbox 88 1782 1603 1861; baseline 0.005 -24"><span class='ocrx_word' id='word_1_119' title='bbox 88 1782 553 1853; x_wconf 68' lang='grc' dir='ltr'>ταηηματίζοντος·</span> <span class='ocrx_word' id='word_1_120' title='bbox 612 1786 792 1841; x_wconf 80' lang='grc' dir='ltr'>καίτοι</span> <span class='ocrx_word' id='word_1_121' title='bbox 846 1789 944 1842; x_wconf 80' lang='grc' dir='ltr'><strong>καὶ</strong></span> <span class='ocrx_word' id='word_1_122' title='bbox 1004 1791 1137 1859; x_wconf 78' lang='grc' dir='ltr'>ἡμῖν</span> <span class='ocrx_word' id='word_1_123' title='bbox 1174 1791 1280 1845; x_wconf 73' lang='grc' dir='ltr'>εἰσι</span> <span class='ocrx_word' id='word_1_124' title='bbox 1315 1791 1471 1861; x_wconf 78' lang='grc' dir='ltr'>φῶτα</span> <span class='ocrx_word' id='word_1_125' title='bbox 1506 1792 1603 1848; x_wconf 78' lang='grc' dir='ltr'>καὶ</span> 
     </span>
    </p>
   </div>
   <div class='ocr_carea' id='block_1_19' title="bbox 90 1876 1602 1956">
    <p class='ocr_par' dir='ltr' id='par_1_19' title="bbox 90 1876 1602 1956">
     <span class='ocr_line' id='line_1_19' title="bbox 90 1876 1602 1956; baseline 0.007 -27"><span class='ocrx_word' id='word_1_126' title='bbox 90 1876 337 1945; x_wconf 69' lang='grc' dir='ltr'>ἐλλάμψεις·</span> <span class='ocrx_word' id='word_1_127' title='bbox 367 1876 479 1929; x_wconf 80' lang='grc' dir='ltr'>ἀλλ’</span> <span class='ocrx_word' id='word_1_128' title='bbox 521 1877 588 1931; x_wconf 83' lang='grc' dir='ltr'><strong>οῦ</strong></span> <span class='ocrx_word' id='word_1_129' title='bbox 637 1878 884 1948; x_wconf 85' lang='grc' dir='ltr'>τοιαῦτα,</span> <span class='ocrx_word' id='word_1_130' title='bbox 915 1883 1077 1937; x_wconf 82' lang='grc' dir='ltr'>όποῖα</span> <span class='ocrx_word' id='word_1_131' title='bbox 1104 1882 1155 1936; x_wconf 75' lang='grc' dir='ltr'><strong>οἱ</strong></span> <span class='ocrx_word' id='word_1_132' title='bbox 1187 1884 1470 1956; x_wconf 82' lang='grc' dir='ltr'>μάρτυρες</span> <span class='ocrx_word' id='word_1_133' title='bbox 1500 1886 1602 1953; x_wconf 82' lang='grc' dir='ltr'>τῆς</span> 
     </span>
    </p>
   </div>
   <div class='ocr_carea' id='block_1_20' title="bbox 90 1966 1603 2045">
    <p class='ocr_par' dir='ltr' id='par_1_20' title="bbox 90 1966 1603 2045">
     <span class='ocr_line' id='line_1_20' title="bbox 90 1966 1603 2045; baseline 0.007 -24"><span class='ocrx_word' id='word_1_134' title='bbox 90 1966 290 2036; x_wconf 70' lang='grc' dir='ltr'>ἀληθείας</span> <span class='ocrx_word' id='word_1_135' title='bbox 332 1969 386 2021; x_wconf 84' lang='grc' dir='ltr'><strong>ἐν</strong></span> <span class='ocrx_word' id='word_1_136' title='bbox 427 1972 552 2033; x_wconf 79' lang='grc' dir='ltr'>ταῖς</span> <span class='ocrx_word' id='word_1_137' title='bbox 608 1973 882 2040; x_wconf 73' lang='grc' dir='ltr'><strong>φυλακαῖς</strong></span> <span class='ocrx_word' id='word_1_138' title='bbox 933 1972 1147 2043; x_wconf 84' lang='grc' dir='ltr'>ἐώρων,</span> <span class='ocrx_word' id='word_1_139' title='bbox 1183 1975 1325 2045; x_wconf 63' lang='grc' dir='ltr'>ᾇπερ</span> <span class='ocrx_word' id='word_1_140' title='bbox 1359 1976 1473 2030; x_wconf 75' lang='grc' dir='ltr'>ἐσθ’</span> <span class='ocrx_word' id='word_1_141' title='bbox 1514 1978 1603 2031; x_wconf 77' lang='grc' dir='ltr'><strong>ὅτι</strong></span> 
     </span>
    </p>
   </div>
   <div class='ocr_carea' id='block_1_21' title="bbox 91 2059 1604 2139">
    <p class='ocr_par' dir='ltr' id='par_1_21' title="bbox 91 2059 1604 2139">
     <span class='ocr_line' id='line_1_21' title="bbox 91 2059 1604 2139; baseline 0.007 -26"><span class='ocrx_word' id='word_1_142' title='bbox 91 2064 157 2113; x_wconf 71' lang='grc' dir='ltr'><strong>καὶ</strong></span> <span class='ocrx_word' id='word_1_143' title='bbox 199 2061 282 2112; x_wconf 72' lang='grc' dir='ltr'><strong>ὑπ’)</strong></span> <span class='ocrx_word' id='word_1_144' title='bbox 322 2059 423 2114; x_wconf 86' lang='grc' dir='ltr'><strong>τῶν</strong></span> <span class='ocrx_word' id='word_1_145' title='bbox 456 2062 726 2139; x_wconf 35' lang='grc' dir='ltr'>,ἀπίστων</span> <span class='ocrx_word' id='word_1_146' title='bbox 760 2064 1070 2137; x_wconf 64' lang='grc' dir='ltr'>ἐϐλέποντο,</span> <span class='ocrx_word' id='word_1_147' title='bbox 1110 2067 1191 2130; x_wconf 79' lang='grc' dir='ltr'><strong>εις</strong></span> <span class='ocrx_word' id='word_1_148' title='bbox 1224 2068 1449 2139; x_wconf 72' lang='grc' dir='ltr'>ἔλεγχον</span> <span class='ocrx_word' id='word_1_149' title='bbox 1502 2071 1604 2139; x_wconf 76' lang='grc' dir='ltr'><strong>μὲν</strong></span> 
     </span>
    </p>
   </div>
   <div class='ocr_carea' id='block_1_22' title="bbox 95 2132 1603 2228">
    <p class='ocr_par' dir='ltr' id='par_1_22' title="bbox 95 2132 1603 2228">
     <span class='ocr_line' id='line_1_22' title="bbox 95 2132 1603 2228; baseline 0.009 -27"><span class='ocrx_word' id='word_1_150' title='bbox 95 2150 223 2203; x_wconf 71' lang='grc' dir='ltr'>οὔτῶν</span> <span class='ocrx_word' id='word_1_151' title='bbox 252 2152 331 2203; x_wconf 70' lang='grc' dir='ltr'><strong>καὶ</strong></span> <span class='ocrx_word' id='word_1_152' title='bbox 373 2132 729 2223; x_wconf 69' lang='grc' dir='ltr'>κατάκρισιν,</span> <span class='ocrx_word' id='word_1_153' title='bbox 770 2132 869 2219; x_wconf 32' lang='grc' dir='ltr'><strong>ἐις</strong></span> <span class='ocrx_word' id='word_1_154' title='bbox 903 2150 1102 2226; x_wconf 78' lang='grc' dir='ltr'>θάρσος</span> <span class='ocrx_word' id='word_1_155' title='bbox 1136 2158 1193 2211; x_wconf 87' lang='grc' dir='ltr'><strong>δέ</strong></span> <span class='ocrx_word' id='word_1_156' title='bbox 1240 2132 1603 2228; x_wconf 39' lang='grc' dir='ltr'>τῆς-ἐκείνων</span> 
     </span>
    </p>
   </div>
   <div class='ocr_carea' id='block_1_23' title="bbox 98 2239 1603 2322">
    <p class='ocr_par' dir='ltr' id='par_1_23' title="bbox 98 2239 1603 2322">
     <span class='ocr_line' id='line_1_23' title="bbox 98 2239 1603 2322; baseline 0.009 -32"><span class='ocrx_word' id='word_1_157' title='bbox 98 2239 238 2308; x_wconf 61' lang='grc' dir='ltr'>ψυχῆς,</span> <span class='ocrx_word' id='word_1_158' title='bbox 277 2241 359 2292; x_wconf 84' lang='grc' dir='ltr'><strong>καὶ</strong></span> <span class='ocrx_word' id='word_1_159' title='bbox 390 2241 697 2312; x_wconf 78' lang='grc' dir='ltr'>ἀρραϐῶνα</span> <span class='ocrx_word' id='word_1_160' title='bbox 729 2246 825 2299; x_wconf 78' lang='grc' dir='ltr'><strong>καὶ</strong></span> <span class='ocrx_word' id='word_1_161' title='bbox 854 2244 1048 2299; x_wconf 78' lang='grc' dir='ltr'>ἐλπίδα</span> <span class='ocrx_word' id='word_1_162' title='bbox 1096 2248 1191 2303; x_wconf 76' lang='grc' dir='ltr'>καὶ</span> <span class='ocrx_word' id='word_1_163' title='bbox 1228 2248 1603 2322; x_wconf 58' lang='grc' dir='ltr'>πληροφορίαν</span> 
     </span>
    </p>
   </div>
   <div class='ocr_carea' id='block_1_24' title="bbox 99 2328 1602 2415">
    <p class='ocr_par' dir='ltr' id='par_1_24' title="bbox 99 2328 1602 2415">
     <span class='ocr_line' id='line_1_24' title="bbox 99 2328 1602 2415; baseline 0.012 -35"><span class='ocrx_word' id='word_1_164' title='bbox 99 2330 169 2400; x_wconf 82' lang='grc' dir='ltr'><strong>τῆς</strong></span> <span class='ocrx_word' id='word_1_165' title='bbox 200 2328 456 2399; x_wconf 77' lang='grc' dir='ltr'>μελλούσης</span> <span class='ocrx_word' id='word_1_166' title='bbox 511 2334 723 2399; x_wconf 78' lang='grc' dir='ltr'>αὐτοὺς</span> <span class='ocrx_word' id='word_1_167' title='bbox 783 2337 1104 2403; x_wconf 79' lang='grc' dir='ltr'>ἐκόέξεσθαι</span> <span class='ocrx_word' id='word_1_168' title='bbox 1169 2343 1602 2415; x_wconf 78' lang='grc' dir='ltr'>μακαριότητος,</span> 
     </span>
    </p>
   </div>
   <div class='ocr_carea' id='block_1_25' title="bbox 102 2423 1602 2506">
    <p class='ocr_par' dir='ltr' id='par_1_25' title="bbox 102 2423 1602 2506">
     <span class='ocr_line' id='line_1_25' title="bbox 102 2423 1602 2506; baseline 0.011 -32"><span class='ocrx_word' id='word_1_169' title='bbox 102 2423 165 2474; x_wconf 76' lang='grc' dir='ltr'><strong>καὶ</strong></span> <span class='ocrx_word' id='word_1_170' title='bbox 196 2423 255 2486; x_wconf 80' lang='grc' dir='ltr'>εἰς</span> <span class='ocrx_word' id='word_1_171' title='bbox 285 2424 496 2489; x_wconf 73' lang='grc' dir='ltr'><strong>ἔνδειξιν</strong></span> <span class='ocrx_word' id='word_1_172' title='bbox 544 2427 645 2479; x_wconf 84' lang='grc' dir='ltr'><strong>τοῦ</strong></span> <span class='ocrx_word' id='word_1_173' title='bbox 677 2428 761 2480; x_wconf 82' lang='grc' dir='ltr'>ὅτι</span> <span class='ocrx_word' id='word_1_174' title='bbox 819 2431 887 2495; x_wconf 77' lang='grc' dir='ltr'>τὰ</span> <span class='ocrx_word' id='word_1_175' title='bbox 938 2434 1091 2503; x_wconf 87' lang='grc' dir='ltr'><strong>παρά</strong></span> <span class='ocrx_word' id='word_1_176' title='bbox 1144 2434 1253 2488; x_wconf 86' lang='grc' dir='ltr'><strong>τῶν</strong></span> <span class='ocrx_word' id='word_1_177' title='bbox 1305 2436 1602 2506; x_wconf 89' lang='grc' dir='ltr'>μαρτύρων</span> 
     </span>
    </p>
   </div>
   <div class='ocr_carea' id='block_1_26' title="bbox 96 2513 1601 2595">
    <p class='ocr_par' dir='ltr' id='par_1_26' title="bbox 96 2513 1601 2595">
     <span class='ocr_line' id='line_1_26' title="bbox 96 2513 1601 2595; baseline 0.012 -32"><span class='ocrx_word' id='word_1_178' title='bbox 96 2513 187 2582; x_wconf 78' lang='grc' dir='ltr'>ἔργα</span> <span class='ocrx_word' id='word_1_179' title='bbox 224 2515 467 2586; x_wconf 78' lang='grc' dir='ltr'>ἀποδοχῆς</span> <span class='ocrx_word' id='word_1_180' title='bbox 505 2517 706 2589; x_wconf 74' lang='grc' dir='ltr'>ἔτυχον</span> <span class='ocrx_word' id='word_1_181' title='bbox 752 2521 907 2589; x_wconf 80' lang='grc' dir='ltr'><strong>παρά</strong></span> <span class='ocrx_word' id='word_1_182' title='bbox 944 2523 1022 2592; x_wconf 82' lang='grc' dir='ltr'>τῷ</span> <span class='ocrx_word' id='word_1_183' title='bbox 1071 2524 1211 2595; x_wconf 69' lang='grc' dir='ltr'><strong>βεῷ.</strong></span> <span class='ocrx_word' id='word_1_184' title='bbox 1278 2527 1493 2581; x_wconf 81' lang='grc' dir='ltr'>Ἐκεῖνα</span> <span class='ocrx_word' id='word_1_185' title='bbox 1542 2528 1601 2581; x_wconf 79' lang='grc' dir='ltr'>δὲ</span> 
     </span>
    </p>
   </div>
   <div class='ocr_carea' id='block_1_27' title="bbox 90 2603 1596 2689">
    <p class='ocr_par' dir='ltr' id='par_1_27' title="bbox 90 2603 1596 2689">
     <span class='ocr_line' id='line_1_27' title="bbox 90 2603 1596 2689; baseline 0.011 -35"><span class='ocrx_word' id='word_1_186' title='bbox 90 2603 260 2673; x_wconf 71' lang='grc' dir='ltr'>Θόρυὸον</span> <span class='ocrx_word' id='word_1_187' title='bbox 280 2607 363 2659; x_wconf 81' lang='grc' dir='ltr'><strong>καὶ</strong></span> <span class='ocrx_word' id='word_1_188' title='bbox 385 2624 449 2659; x_wconf 89' lang='grc' dir='ltr'><strong>τα</strong></span> <span class='ocrx_word' id='word_1_189' title='bbox 459 2608 647 2679; x_wconf 81' lang='grc' dir='ltr'>ραχὴν</span> <span class='ocrx_word' id='word_1_190' title='bbox 669 2609 767 2662; x_wconf 78' lang='grc' dir='ltr'><strong>καὶ</strong></span> <span class='ocrx_word' id='word_1_191' title='bbox 793 2612 998 2682; x_wconf 83' lang='grc' dir='ltr'>τρόμον</span> <span class='ocrx_word' id='word_1_192' title='bbox 1021 2615 1310 2683; x_wconf 74' lang='grc' dir='ltr'>ἐμποιοῦσι</span> <span class='ocrx_word' id='word_1_193' title='bbox 1339 2620 1405 2687; x_wconf 79' lang='grc' dir='ltr'>τῇ</span> <span class='ocrx_word' id='word_1_194' title='bbox 1428 2618 1596 2689; x_wconf 77' lang='grc' dir='ltr'><strong>ψυχῇ.</strong></span> 
     </span>
    </p>
   </div>
   <div class='ocr_carea' id='block_1_28' title="bbox 90 2698 1600 2780">
    <p class='ocr_par' dir='ltr' id='par_1_28' title="bbox 90 2698 1600 2780">
     <span class='ocr_line' id='line_1_28' title="bbox 90 2698 1600 2780; baseline 0.012 -32"><span class='ocrx_word' id='word_1_195' title='bbox 90 2698 205 2749; x_wconf 84' lang='grc' dir='ltr'>Ὀθεν</span> <span class='ocrx_word' id='word_1_196' title='bbox 231 2698 459 2752; x_wconf 83' lang='grc' dir='ltr'>τοσοῦτον</span> <span class='ocrx_word' id='word_1_197' title='bbox 519 2702 884 2773; x_wconf 83' lang='grc' dir='ltr'>διαφέρουσιν</span> <span class='ocrx_word' id='word_1_198' title='bbox 929 2706 1202 2777; x_wconf 75' lang='grc' dir='ltr'>ἀλλήλων,</span> <span class='ocrx_word' id='word_1_199' title='bbox 1260 2710 1436 2765; x_wconf 77' lang='grc' dir='ltr'>ὅτιτά</span> <span class='ocrx_word' id='word_1_200' title='bbox 1502 2712 1600 2780; x_wconf 71' lang='grc' dir='ltr'>μὲν</span> 
     </span>
    </p>
   </div>
   <div class='ocr_carea' id='block_1_29' title="bbox 84 2790 1602 2870">
    <p class='ocr_par' dir='ltr' id='par_1_29' title="bbox 84 2790 1602 2870">
     <span class='ocr_line' id='line_1_29' title="bbox 84 2790 1602 2870; baseline 0.011 -31"><span class='ocrx_word' id='word_1_201' title='bbox 84 2790 268 2859; x_wconf 75' lang='grc' dir='ltr'>ἡμέτερα</span> <span class='ocrx_word' id='word_1_202' title='bbox 308 2793 589 2863; x_wconf 84' lang='grc' dir='ltr'>μυστήρια</span> <span class='ocrx_word' id='word_1_203' title='bbox 618 2795 875 2866; x_wconf 70' lang='grc' dir='ltr'>ἀληθιναὶ</span> <span class='ocrx_word' id='word_1_204' title='bbox 902 2798 1014 2850; x_wconf 76' lang='grc' dir='ltr'>εισι</span> <span class='ocrx_word' id='word_1_205' title='bbox 1047 2800 1370 2870; x_wconf 81' lang='grc' dir='ltr'>καθάρσεις,</span> <span class='ocrx_word' id='word_1_206' title='bbox 1410 2803 1602 2857; x_wconf 83' lang='grc' dir='ltr'>ἀναϐι-</span> 
     </span>
    </p>
   </div>
   <div class='ocr_carea' id='block_1_30' title="bbox 88 2878 1599 2964">
    <p class='ocr_par' dir='ltr' id='par_1_30' title="bbox 88 2878 1599 2964">
     <span class='ocr_line' id='line_1_30' title="bbox 88 2878 1599 2964; baseline 0.012 -35"><span class='ocrx_word' id='word_1_207' title='bbox 88 2878 295 2941; x_wconf 76' lang='grc' dir='ltr'>6ἀζουσαι</span> <span class='ocrx_word' id='word_1_208' title='bbox 332 2882 475 2952; x_wconf 76' lang='grc' dir='ltr'>ἡμᾶς</span> <span class='ocrx_word' id='word_1_209' title='bbox 504 2883 652 2954; x_wconf 80' lang='grc' dir='ltr'>πρὸς</span> <span class='ocrx_word' id='word_1_210' title='bbox 676 2886 929 2956; x_wconf 81' lang='grc' dir='ltr'>οὐρανὸν,</span> <span class='ocrx_word' id='word_1_211' title='bbox 960 2890 1052 2942; x_wconf 76' lang='grc' dir='ltr'><strong>καὶ</strong></span> <span class='ocrx_word' id='word_1_212' title='bbox 1105 2892 1465 2960; x_wconf 80' lang='grc' dir='ltr'>προξενοῦσαι</span> <span class='ocrx_word' id='word_1_213' title='bbox 1499 2894 1599 2964; x_wconf 78' lang='grc' dir='ltr'>τὴν</span> 
     </span>
    </p>
   </div>
   <div class='ocr_carea' id='block_1_31' title="bbox 82 2969 1600 3055">
    <p class='ocr_par' dir='ltr' id='par_1_31' title="bbox 82 2969 1600 3055">
     <span class='ocr_line' id='line_1_31' title="bbox 82 2969 1600 3055; baseline 0.012 -33"><span class='ocrx_word' id='word_1_214' title='bbox 82 2969 148 3022; x_wconf 80' lang='grc' dir='ltr'><strong>τοῦ</strong></span> <span class='ocrx_word' id='word_1_215' title='bbox 171 2971 279 3025; x_wconf 89' lang='grc' dir='ltr'>Θεοῦ</span> <span class='ocrx_word' id='word_1_216' title='bbox 310 2973 616 3043; x_wconf 77' lang='grc' dir='ltr'>βασιλειαν,</span> <span class='ocrx_word' id='word_1_217' title='bbox 673 2978 771 3030; x_wconf 74' lang='grc' dir='ltr'><strong>καὶ</strong></span> <span class='ocrx_word' id='word_1_218' title='bbox 800 2978 1023 3034; x_wconf 80' lang='grc' dir='ltr'>ἐνοῦσαι</span> <span class='ocrx_word' id='word_1_219' title='bbox 1075 2981 1224 3052; x_wconf 84' lang='grc' dir='ltr'>αύτῷ</span> <span class='ocrx_word' id='word_1_220' title='bbox 1250 2982 1329 3053; x_wconf 82' lang='grc' dir='ltr'>τῷ</span> <span class='ocrx_word' id='word_1_221' title='bbox 1358 2983 1499 3055; x_wconf 82' lang='grc' dir='ltr'>Θεῷ,</span> <span class='ocrx_word' id='word_1_222' title='bbox 1530 2986 1600 3040; x_wconf 83' lang='grc' dir='ltr'>ἂν</span> 
     </span>
    </p>
   </div>
   <div class='ocr_carea' id='block_1_32' title="bbox 83 3064 1597 3147">
    <p class='ocr_par' dir='ltr' id='par_1_32' title="bbox 83 3064 1597 3147">
     <span class='ocr_line' id='line_1_32' title="bbox 83 3064 1597 3147; baseline 0.011 -34"><span class='ocrx_word' id='word_1_223' title='bbox 83 3064 203 3130; x_wconf 77' lang='grc' dir='ltr'>μόνον</span> <span class='ocrx_word' id='word_1_224' title='bbox 226 3064 309 3133; x_wconf 76' lang='grc' dir='ltr'><strong>τὴν</strong></span> <span class='ocrx_word' id='word_1_225' title='bbox 356 3068 746 3137; x_wconf 75' lang='grc' dir='ltr'>προσήκουσαν</span> <span class='ocrx_word' id='word_1_226' title='bbox 777 3069 1063 3124; x_wconf 81' lang='grc' dir='ltr'>εὐλάϐειαν</span> <span class='ocrx_word' id='word_1_227' title='bbox 1092 3076 1185 3125; x_wconf 74' lang='grc' dir='ltr'>καὶ</span> <span class='ocrx_word' id='word_1_228' title='bbox 1222 3074 1405 3129; x_wconf 77' lang='grc' dir='ltr'>πίστιν</span> <span class='ocrx_word' id='word_1_229' title='bbox 1458 3076 1597 3147; x_wconf 76' lang='grc' dir='ltr'>ἐχω-</span> 
     </span>
    </p>
   </div>
   <div class='ocr_carea' id='block_1_33' title="bbox 1712 586 3297 663">
    <p class='ocr_par' dir='ltr' id='par_1_33' title="bbox 1712 586 3297 663">
     <span class='ocr_line' id='line_1_33' title="bbox 1712 586 3297 663; baseline 0.008 -26"><span class='ocrx_word' id='word_1_230' title='bbox 1712 586 2077 651; x_wconf 86' lang='lat' dir='ltr'><strong>curationem,</strong></span> <span class='ocrx_word' id='word_1_231' title='bbox 2107 586 2221 643; x_wconf 82' lang='lat' dir='ltr'><strong>haec</strong></span> <span class='ocrx_word' id='word_1_232' title='bbox 2254 589 2359 645; x_wconf 85' lang='lat' dir='ltr'><strong>sub</strong></span> <span class='ocrx_word' id='word_1_233' title='bbox 2388 591 2707 660; x_wconf 84' lang='lat' dir='ltr'><strong>compendio</strong></span> <span class='ocrx_word' id='word_1_234' title='bbox 2732 593 3144 660; x_wconf 82' lang='lat' dir='ltr'><strong>percurrimus:</strong></span> <span class='ocrx_word' id='word_1_235' title='bbox 3172 611 3297 663; x_wconf 72' lang='lat' dir='ltr'><strong>qua:</strong></span> 
     </span>
    </p>
   </div>
   <div class='ocr_carea' id='block_1_34' title="bbox 1713 677 3293 756">
    <p class='ocr_par' dir='ltr' id='par_1_34' title="bbox 1713 677 3293 756">
     <span class='ocr_line' id='line_1_34' title="bbox 1713 677 3293 756; baseline 0.009 -28"><span class='ocrx_word' id='word_1_236' title='bbox 1713 690 1841 729; x_wconf 87' lang='lat' dir='ltr'><strong>vero</strong></span> <span class='ocrx_word' id='word_1_237' title='bbox 1881 677 1935 730; x_wconf 92' lang='lat' dir='ltr'><strong>in</strong></span> <span class='ocrx_word' id='word_1_238' title='bbox 1969 679 2050 732; x_wconf 87' lang='lat' dir='ltr'><strong>eis</strong></span> <span class='ocrx_word' id='word_1_239' title='bbox 2080 679 2278 736; x_wconf 75' lang='lat' dir='ltr'><strong>altiora</strong></span> <span class='ocrx_word' id='word_1_240' title='bbox 2315 689 2446 736; x_wconf 90' lang='lat' dir='ltr'><strong>sunt</strong></span> <span class='ocrx_word' id='word_1_241' title='bbox 2478 690 2534 735; x_wconf 91' lang='lat' dir='ltr'><strong>et</strong></span> <span class='ocrx_word' id='word_1_242' title='bbox 2567 682 2872 747; x_wconf 77' lang='lat' dir='ltr'><strong>subtiliora.</strong></span> <span class='ocrx_word' id='word_1_243' title='bbox 2906 684 2993 740; x_wconf 85' lang='lat' dir='ltr'><strong>bis</strong></span> <span class='ocrx_word' id='word_1_244' title='bbox 3022 685 3117 756; x_wconf 90' lang='lat' dir='ltr'><strong>qui</strong></span> <span class='ocrx_word' id='word_1_245' title='bbox 3150 687 3293 743; x_wconf 72' lang='lat' dir='ltr'><strong>divi-</strong></span> 
     </span>
    </p>
   </div>
   <div class='ocr_carea' id='block_1_35' title="bbox 1711 766 3292 842">
    <p class='ocr_par' dir='ltr' id='par_1_35' title="bbox 1711 766 3292 842">
     <span class='ocr_line' id='line_1_35' title="bbox 1711 766 3292 842; baseline 0.007 -21"><span class='ocrx_word' id='word_1_246' title='bbox 1711 782 1812 822; x_wconf 89' lang='lat' dir='ltr'><strong>nas</strong></span> <span class='ocrx_word' id='word_1_247' title='bbox 1844 766 2155 838; x_wconf 82' lang='lat' dir='ltr'><strong>Scripturas</strong></span> <span class='ocrx_word' id='word_1_248' title='bbox 2209 773 2422 842; x_wconf 88' lang='lat' dir='ltr'><strong>legent,</strong></span> <span class='ocrx_word' id='word_1_249' title='bbox 2454 782 2510 828; x_wconf 89' lang='lat' dir='ltr'><strong>et</strong></span> <span class='ocrx_word' id='word_1_250' title='bbox 2538 774 2605 827; x_wconf 87' lang='lat' dir='ltr'><strong>ab</strong></span> <span class='ocrx_word' id='word_1_251' title='bbox 2633 771 2893 831; x_wconf 67' lang='lat' dir='ltr'><strong>Ecclesiae</strong></span> <span class='ocrx_word' id='word_1_252' title='bbox 2924 776 3017 831; x_wconf 87' lang='lat' dir='ltr'><strong>Dei</strong></span> <span class='ocrx_word' id='word_1_253' title='bbox 3045 776 3292 835; x_wconf 79' lang='lat' dir='ltr'><strong>doctori-</strong></span> 
     </span>
    </p>
   </div>
   <div class='ocr_carea' id='block_1_36' title="bbox 1713 858 2565 920">
    <p class='ocr_par' dir='ltr' id='par_1_36' title="bbox 1713 858 2565 920">
     <span class='ocr_line' id='line_1_36' title="bbox 1713 858 2565 920; baseline 0.006 -7"><span class='ocrx_word' id='word_1_254' title='bbox 1713 858 1814 915; x_wconf 88' lang='lat' dir='ltr'><strong>bus</strong></span> <span class='ocrx_word' id='word_1_255' title='bbox 1854 860 2060 917; x_wconf 86' lang='lat' dir='ltr'><strong>clarius</strong></span> <span class='ocrx_word' id='word_1_256' title='bbox 2090 863 2379 920; x_wconf 82' lang='lat' dir='ltr'><strong>manifesta</strong></span> <span class='ocrx_word' id='word_1_257' title='bbox 2411 864 2565 920; x_wconf 78' lang='lat' dir='ltr'><strong>ﬂent.</strong></span> 
     </span>
    </p>
   </div>
   <div class='ocr_carea' id='block_1_37' title="bbox 1781 1036 3293 1116">
    <p class='ocr_par' dir='ltr' id='par_1_37' title="bbox 1781 1036 3293 1116">
     <span class='ocr_line' id='line_1_37' title="bbox 1781 1036 3293 1116; baseline 0.005 -26"><span class='ocrx_word' id='word_1_258' title='bbox 1781 1036 1923 1102; x_wconf 81' lang='lat' dir='ltr'><strong>Quin</strong></span> <span class='ocrx_word' id='word_1_259' title='bbox 1959 1037 2121 1093; x_wconf 80' lang='lat' dir='ltr'><strong>etiam</strong></span> <span class='ocrx_word' id='word_1_260' title='bbox 2164 1056 2193 1093; x_wconf 90' lang='lat' dir='ltr'><strong>a</strong></span> <span class='ocrx_word' id='word_1_261' title='bbox 2228 1040 2444 1095; x_wconf 76' lang='lat' dir='ltr'><strong>diabolo</strong></span> <span class='ocrx_word' id='word_1_262' title='bbox 2480 1041 2710 1097; x_wconf 86' lang='lat' dir='ltr'><strong>scelesta</strong></span> <span class='ocrx_word' id='word_1_263' title='bbox 2740 1044 3009 1112; x_wconf 70' lang='lat' dir='ltr'><strong>quaedam,</strong></span> <span class='ocrx_word' id='word_1_264' title='bbox 3044 1061 3143 1114; x_wconf 87' lang='lat' dir='ltr'><strong>pro</strong></span> <span class='ocrx_word' id='word_1_265' title='bbox 3173 1046 3293 1116; x_wconf 84' lang='lat' dir='ltr'><strong>ejus</strong></span> 
     </span>
    </p>
   </div>
   <div class='ocr_carea' id='block_1_38' title="bbox 1710 1130 3294 1207">
    <p class='ocr_par' dir='ltr' id='par_1_38' title="bbox 1710 1130 3294 1207">
     <span class='ocr_line' id='line_1_38' title="bbox 1710 1130 3294 1207; baseline 0.006 -26"><span class='ocrx_word' id='word_1_266' title='bbox 1710 1130 1949 1193; x_wconf 80' lang='lat' dir='ltr'><strong>ratione.</strong></span> <span class='ocrx_word' id='word_1_267' title='bbox 2005 1132 2200 1186; x_wconf 84' lang='lat' dir='ltr'><strong>tradita</strong></span> <span class='ocrx_word' id='word_1_268' title='bbox 2257 1144 2596 1189; x_wconf 86' lang='lat' dir='ltr'><strong>sacramenta</strong></span> <span class='ocrx_word' id='word_1_269' title='bbox 2634 1146 2760 1189; x_wconf 89' lang='lat' dir='ltr'><strong>sunt</strong></span> <span class='ocrx_word' id='word_1_270' title='bbox 2790 1151 2853 1189; x_wconf 90' lang='lat' dir='ltr'><strong>ac</strong></span> <span class='ocrx_word' id='word_1_271' title='bbox 2887 1138 3140 1207; x_wconf 85' lang='lat' dir='ltr'><strong>mysteria</strong></span> <span class='ocrx_word' id='word_1_272' title='bbox 3169 1179 3182 1201; x_wconf 88' lang='lat'><strong>,</strong></span> <span class='ocrx_word' id='word_1_273' title='bbox 3222 1139 3294 1191; x_wconf 82' lang='lat' dir='ltr'><strong>iis</strong></span> 
     </span>
    </p>
   </div>
   <div class='ocr_carea' id='block_1_39' title="bbox 1708 1221 3292 1295">
    <p class='ocr_par' dir='ltr' id='par_1_39' title="bbox 1708 1221 3292 1295">
     <span class='ocr_line' id='line_1_39' title="bbox 1708 1221 3292 1295; baseline 0.006 -26"><span class='ocrx_word' id='word_1_274' title='bbox 1708 1222 1801 1290; x_wconf 81' lang='lat' dir='ltr'><strong>qui</strong></span> <span class='ocrx_word' id='word_1_275' title='bbox 1843 1221 1964 1276; x_wconf 78' lang='lat' dir='ltr'><strong>Filii</strong></span> <span class='ocrx_word' id='word_1_276' title='bbox 1999 1222 2091 1277; x_wconf 80' lang='lat' dir='ltr'><strong>Dei</strong></span> <span class='ocrx_word' id='word_1_277' title='bbox 2141 1237 2340 1277; x_wconf 84' lang='lat' dir='ltr'><strong>nomen</strong></span> <span class='ocrx_word' id='word_1_278' title='bbox 2379 1226 2654 1295; x_wconf 82' lang='lat' dir='ltr'><strong>abuegant</strong></span> <span class='ocrx_word' id='word_1_279' title='bbox 2702 1241 2763 1279; x_wconf 91' lang='lat' dir='ltr'><strong>ac</strong></span> <span class='ocrx_word' id='word_1_280' title='bbox 2797 1229 2939 1295; x_wconf 87' lang='lat' dir='ltr'><strong>quod</strong></span> <span class='ocrx_word' id='word_1_281' title='bbox 2994 1227 3083 1281; x_wconf 90' lang='lat' dir='ltr'><strong>ille</strong></span> <span class='ocrx_word' id='word_1_282' title='bbox 3129 1229 3292 1282; x_wconf 81' lang='lat' dir='ltr'><strong>humu</strong></span> 
     </span>
    </p>
   </div>
   <div class='ocr_carea' id='block_1_40' title="bbox 1708 1313 3291 1389">
    <p class='ocr_par' dir='ltr' id='par_1_40' title="bbox 1708 1313 3291 1389">
     <span class='ocr_line' id='line_1_40' title="bbox 1708 1313 3291 1389; baseline 0.006 -24"><span class='ocrx_word' id='word_1_283' title='bbox 1708 1313 1886 1369; x_wconf 75' lang='lat' dir='ltr'><strong>factus</strong></span> <span class='ocrx_word' id='word_1_284' title='bbox 1912 1325 2013 1378; x_wconf 87' lang='lat' dir='ltr'><strong>est,</strong></span> <span class='ocrx_word' id='word_1_285' title='bbox 2049 1316 2261 1387; x_wconf 91' lang='lat' dir='ltr'><strong>ipsique</strong></span> <span class='ocrx_word' id='word_1_286' title='bbox 2299 1318 2520 1374; x_wconf 84' lang='lat' dir='ltr'><strong>diabolo</strong></span> <span class='ocrx_word' id='word_1_287' title='bbox 2550 1333 2670 1373; x_wconf 86' lang='lat' dir='ltr'><strong>sese</strong></span> <span class='ocrx_word' id='word_1_288' title='bbox 2701 1319 3035 1387; x_wconf 86' lang='lat' dir='ltr'><strong>mancipant,</strong></span> <span class='ocrx_word' id='word_1_289' title='bbox 3073 1328 3167 1373; x_wconf 90' lang='lat' dir='ltr'><strong>aut</strong></span> <span class='ocrx_word' id='word_1_290' title='bbox 3196 1322 3291 1389; x_wconf 88' lang='lat' dir='ltr'><strong>qui</strong></span> 
     </span>
    </p>
   </div>
   <div class='ocr_carea' id='block_1_41' title="bbox 1705 1407 3291 1482">
    <p class='ocr_par' dir='ltr' id='par_1_41' title="bbox 1705 1407 3291 1482">
     <span class='ocr_line' id='line_1_41' title="bbox 1705 1407 3291 1482; baseline 0.002 -17"><span class='ocrx_word' id='word_1_291' title='bbox 1705 1410 1870 1465; x_wconf 84' lang='lat' dir='ltr'><strong>etiam</strong></span> <span class='ocrx_word' id='word_1_292' title='bbox 1904 1411 2007 1465; x_wconf 85' lang='lat' dir='ltr'><strong>sub</strong></span> <span class='ocrx_word' id='word_1_293' title='bbox 2032 1411 2123 1465; x_wconf 89' lang='lat' dir='ltr'><strong>Dei</strong></span> <span class='ocrx_word' id='word_1_294' title='bbox 2156 1413 2377 1467; x_wconf 85' lang='lat' dir='ltr'><strong>nomine</strong></span> <span class='ocrx_word' id='word_1_295' title='bbox 2406 1413 2625 1482; x_wconf 86' lang='lat' dir='ltr'><strong>pietatis</strong></span> <span class='ocrx_word' id='word_1_296' title='bbox 2654 1407 2802 1467; x_wconf 69' lang='lat' dir='ltr'><strong>larva</strong></span> <span class='ocrx_word' id='word_1_297' title='bbox 2834 1414 2904 1467; x_wconf 90' lang='lat' dir='ltr'><strong>ab</strong></span> <span class='ocrx_word' id='word_1_298' title='bbox 2930 1430 2995 1469; x_wconf 92' lang='lat' dir='ltr'><strong>eo</strong></span> <span class='ocrx_word' id='word_1_299' title='bbox 3024 1416 3291 1469; x_wconf 88' lang='lat' dir='ltr'><strong>seducun-</strong></span> 
     </span>
    </p>
   </div>
   <div class='ocr_carea' id='block_1_42' title="bbox 1709 1501 3291 1575">
    <p class='ocr_par' dir='ltr' id='par_1_42' title="bbox 1709 1501 3291 1575">
     <span class='ocr_line' id='line_1_42' title="bbox 1709 1501 3291 1575; baseline 0.004 -20"><span class='ocrx_word' id='word_1_300' title='bbox 1709 1510 1815 1556; x_wconf 90' lang='lat' dir='ltr'><strong>tur.</strong></span> <span class='ocrx_word' id='word_1_301' title='bbox 1855 1501 1989 1556; x_wconf 85' lang='lat' dir='ltr'><strong>Nam</strong></span> <span class='ocrx_word' id='word_1_302' title='bbox 2024 1503 2165 1573; x_wconf 88' lang='lat' dir='ltr'><strong>apud</strong></span> <span class='ocrx_word' id='word_1_303' title='bbox 2200 1502 2299 1557; x_wconf 89' lang='lat' dir='ltr'><strong>bos</strong></span> <span class='ocrx_word' id='word_1_304' title='bbox 2349 1519 2567 1573; x_wconf 87' lang='lat' dir='ltr'><strong>quoque</strong></span> <span class='ocrx_word' id='word_1_305' title='bbox 2597 1504 2803 1575; x_wconf 84' lang='lat' dir='ltr'><strong>jejunia</strong></span> <span class='ocrx_word' id='word_1_306' title='bbox 2851 1516 2979 1563; x_wconf 89' lang='lat' dir='ltr'><strong>sunt</strong></span> <span class='ocrx_word' id='word_1_307' title='bbox 3026 1517 3080 1561; x_wconf 88' lang='lat' dir='ltr'><strong>et</strong></span> <span class='ocrx_word' id='word_1_308' title='bbox 3120 1512 3291 1562; x_wconf 63' lang='lat' dir='ltr'><strong>ete‘re-</strong></span> 
     </span>
    </p>
   </div>
   <div class='ocr_carea' id='block_1_43' title="bbox 1706 1596 3291 1669">
    <p class='ocr_par' dir='ltr' id='par_1_43' title="bbox 1706 1596 3291 1669">
     <span class='ocr_line' id='line_1_43' title="bbox 1706 1596 3291 1669; baseline 0.005 -22"><span class='ocrx_word' id='word_1_309' title='bbox 1706 1597 1907 1649; x_wconf 74' lang='lat' dir='ltr'><strong>monize</strong></span> <span class='ocrx_word' id='word_1_310' title='bbox 1934 1596 2313 1666; x_wconf 79' lang='lat' dir='ltr'><strong>festorumquc</strong></span> <span class='ocrx_word' id='word_1_311' title='bbox 2344 1596 2634 1664; x_wconf 79' lang='lat' dir='ltr'><strong>solemnia,</strong></span> <span class='ocrx_word' id='word_1_312' title='bbox 2663 1608 2718 1653; x_wconf 92' lang='lat' dir='ltr'><strong>et</strong></span> <span class='ocrx_word' id='word_1_313' title='bbox 2747 1600 3005 1654; x_wconf 80' lang='lat' dir='ltr'><strong>lustrales</strong></span> <span class='ocrx_word' id='word_1_314' title='bbox 3023 1600 3291 1669; x_wconf 63' lang='lat' dir='ltr'><strong>expiatio-</strong></span> 
     </span>
    </p>
   </div>
   <div class='ocr_carea' id='block_1_44' title="bbox 1707 1686 3287 1759">
    <p class='ocr_par' dir='ltr' id='par_1_44' title="bbox 1707 1686 3287 1759">
     <span class='ocr_line' id='line_1_44' title="bbox 1707 1686 3287 1759; baseline 0.001 -20"><span class='ocrx_word' id='word_1_315' title='bbox 1707 1700 1806 1740; x_wconf 88' lang='lat' dir='ltr'><strong>nes</strong></span> <span class='ocrx_word' id='word_1_316' title='bbox 1837 1694 1892 1739; x_wconf 92' lang='lat' dir='ltr'><strong>et</strong></span> <span class='ocrx_word' id='word_1_317' title='bbox 1923 1686 2157 1753; x_wconf 88' lang='lat' dir='ltr'><strong>lumina;</strong></span> <span class='ocrx_word' id='word_1_318' title='bbox 2189 1688 2319 1741; x_wconf 89' lang='lat' dir='ltr'><strong>dum</strong></span> <span class='ocrx_word' id='word_1_319' title='bbox 2377 1689 2666 1752; x_wconf 88' lang='lat' dir='ltr'><strong>nimirum,</strong></span> <span class='ocrx_word' id='word_1_320' title='bbox 2709 1705 2768 1745; x_wconf 86' lang='lat' dir='ltr'><strong>se</strong></span> <span class='ocrx_word' id='word_1_321' title='bbox 2822 1691 3190 1759; x_wconf 77' lang='lat' dir='ltr'><strong>nequissimus</strong></span> <span class='ocrx_word' id='word_1_322' title='bbox 3234 1692 3287 1743; x_wconf 91' lang='lat' dir='ltr'><strong>in</strong></span> 
     </span>
    </p>
   </div>
   <div class='ocr_carea' id='block_1_45' title="bbox 1705 1768 3292 1851">
    <p class='ocr_par' dir='ltr' id='par_1_45' title="bbox 1705 1768 3292 1851">
     <span class='ocr_line' id='line_1_45' title="bbox 1705 1768 3292 1851; baseline 0.005 -20"><span class='ocrx_word' id='word_1_323' title='bbox 1705 1778 1960 1849; x_wconf 78' lang='lat' dir='ltr'><strong>angelum</strong></span> <span class='ocrx_word' id='word_1_324' title='bbox 2015 1780 2151 1834; x_wconf 87' lang='lat' dir='ltr'><strong>lucis</strong></span> <span class='ocrx_word' id='word_1_325' title='bbox 2187 1783 2536 1850; x_wconf 74' lang='lat' dir='ltr'><strong>transﬁgurat</strong></span> <span class='ocrx_word' id='word_1_326' title='bbox 2570 1782 2639 1846; x_wconf 76' lang='grc' dir='ltr'>ἰ,</span> <span class='ocrx_word' id='word_1_327' title='bbox 2670 1797 2983 1851; x_wconf 84' lang='lat' dir='ltr'><strong>quanquam</strong></span> <span class='ocrx_word' id='word_1_328' title='bbox 3019 1768 3088 1839; x_wconf 88' lang='lat' dir='ltr'><strong>ne</strong></span> <span class='ocrx_word' id='word_1_329' title='bbox 3126 1785 3292 1839; x_wconf 83' lang='lat' dir='ltr'><strong>nobis</strong></span> 
     </span>
    </p>
   </div>
   <div class='ocr_carea' id='block_1_46' title="bbox 1705 1872 3289 1942">
    <p class='ocr_par' dir='ltr' id='par_1_46' title="bbox 1705 1872 3289 1942">
     <span class='ocr_line' id='line_1_46' title="bbox 1705 1872 3289 1942; baseline 0.003 -15"><span class='ocrx_word' id='word_1_330' title='bbox 1705 1873 1925 1941; x_wconf 86' lang='lat' dir='ltr'><strong>quidem</strong></span> <span class='ocrx_word' id='word_1_331' title='bbox 1967 1872 2168 1928; x_wconf 81' lang='lat' dir='ltr'><strong>desunt</strong></span> <span class='ocrx_word' id='word_1_332' title='bbox 2195 1872 2401 1928; x_wconf 92' lang='lat' dir='ltr'><strong>lumina</strong></span> <span class='ocrx_word' id='word_1_333' title='bbox 2448 1883 2503 1928; x_wconf 90' lang='lat' dir='ltr'><strong>et</strong></span> <span class='ocrx_word' id='word_1_334' title='bbox 2550 1874 2991 1942; x_wconf 88' lang='lat' dir='ltr'><strong>illustrationes;</strong></span> <span class='ocrx_word' id='word_1_335' title='bbox 3027 1877 3169 1931; x_wconf 85' lang='lat' dir='ltr'><strong>baud</strong></span> <span class='ocrx_word' id='word_1_336' title='bbox 3203 1888 3289 1931; x_wconf 68' lang='grc' dir='ltr'>ιο-</span> 
     </span>
    </p>
   </div>
   <div class='ocr_carea' id='block_1_47' title="bbox 1707 1964 3291 2041">
    <p class='ocr_par' dir='ltr' id='par_1_47' title="bbox 1707 1964 3291 2041">
     <span class='ocr_line' id='line_1_47' title="bbox 1707 1964 3291 2041; baseline 0.003 -22"><span class='ocrx_word' id='word_1_337' title='bbox 1707 1978 1832 2019; x_wconf 91' lang='lat' dir='ltr'><strong>men</strong></span> <span class='ocrx_word' id='word_1_338' title='bbox 1866 1964 2049 2035; x_wconf 87' lang='lat' dir='ltr'><strong>qualia</strong></span> <span class='ocrx_word' id='word_1_339' title='bbox 2083 1964 2330 2022; x_wconf 83' lang='lat' dir='ltr'><strong>veritatis</strong></span> <span class='ocrx_word' id='word_1_340' title='bbox 2364 1970 2531 2021; x_wconf 77' lang='lat' dir='ltr'><strong>testes</strong></span> <span class='ocrx_word' id='word_1_341' title='bbox 2566 1967 2764 2039; x_wconf 81' lang='lat' dir='ltr'><strong>(sancti</strong></span> <span class='ocrx_word' id='word_1_342' title='bbox 2794 1968 3051 2023; x_wconf 88' lang='lat' dir='ltr'><strong>nimirum</strong></span> <span class='ocrx_word' id='word_1_343' title='bbox 3087 1980 3291 2041; x_wconf 85' lang='lat' dir='ltr'><strong>marty-</strong></span> 
     </span>
    </p>
   </div>
   <div class='ocr_carea' id='block_1_48' title="bbox 1704 2057 3291 2134">
    <p class='ocr_par' dir='ltr' id='par_1_48' title="bbox 1704 2057 3291 2134">
     <span class='ocr_line' id='line_1_48' title="bbox 1704 2057 3291 2134; baseline 0.006 -23"><span class='ocrx_word' id='word_1_344' title='bbox 1704 2059 1817 2127; x_wconf 89' lang='lat' dir='ltr'><strong>res)</strong></span> <span class='ocrx_word' id='word_1_345' title='bbox 1850 2057 1904 2112; x_wconf 90' lang='lat' dir='ltr'><strong>in</strong></span> <span class='ocrx_word' id='word_1_346' title='bbox 1935 2058 2229 2127; x_wconf 73' lang='lat' dir='ltr'><strong>ergastulis</strong></span> <span class='ocrx_word' id='word_1_347' title='bbox 2260 2058 2545 2115; x_wconf 91' lang='lat' dir='ltr'><strong>constituti</strong></span> <span class='ocrx_word' id='word_1_348' title='bbox 2579 2061 2826 2117; x_wconf 75' lang='lat' dir='ltr'><strong>viderunt</strong></span> <span class='ocrx_word' id='word_1_349' title='bbox 2856 2078 2870 2127; x_wconf 88' lang='lat'><strong>;</strong></span> <span class='ocrx_word' id='word_1_350' title='bbox 2918 2076 3039 2131; x_wconf 70' lang='lat' dir='ltr'><strong>quas</strong></span> <span class='ocrx_word' id='word_1_351' title='bbox 3070 2072 3122 2117; x_wconf 91' lang='lat' dir='ltr'><strong>et</strong></span> <span class='ocrx_word' id='word_1_352' title='bbox 3156 2064 3291 2134; x_wconf 87' lang='lat' dir='ltr'><strong>ipsis</strong></span> 
     </span>
    </p>
   </div>
   <div class='ocr_carea' id='block_1_49' title="bbox 1703 2149 3287 2223">
    <p class='ocr_par' dir='ltr' id='par_1_49' title="bbox 1703 2149 3287 2223">
     <span class='ocr_line' id='line_1_49' title="bbox 1703 2149 3287 2223; baseline 0.005 -19"><span class='ocrx_word' id='word_1_353' title='bbox 1703 2149 2035 2220; x_wconf 85' lang='lat' dir='ltr'><strong>quandoque</strong></span> <span class='ocrx_word' id='word_1_354' title='bbox 2074 2150 2387 2207; x_wconf 70' lang='lat' dir='ltr'><strong>infidelibus</strong></span> <span class='ocrx_word' id='word_1_355' title='bbox 2438 2164 2730 2223; x_wconf 86' lang='lat' dir='ltr'><strong>conspecta</strong></span> <span class='ocrx_word' id='word_1_356' title='bbox 2769 2163 2930 2221; x_wconf 90' lang='lat' dir='ltr'><strong>sunt,</strong></span> <span class='ocrx_word' id='word_1_357' title='bbox 2982 2156 3050 2210; x_wconf 89' lang='lat' dir='ltr'><strong>ad</strong></span> <span class='ocrx_word' id='word_1_358' title='bbox 3097 2171 3287 2212; x_wconf 82' lang='lat' dir='ltr'><strong>eorum</strong></span> 
     </span>
    </p>
   </div>
   <div class='ocr_carea' id='block_1_50' title="bbox 1704 2241 3283 2315">
    <p class='ocr_par' dir='ltr' id='par_1_50' title="bbox 1704 2241 3283 2315">
     <span class='ocr_line' id='line_1_50' title="bbox 1704 2241 3283 2315; baseline 0.004 -18"><span class='ocrx_word' id='word_1_359' title='bbox 1704 2241 2091 2298; x_wconf 86' lang='lat' dir='ltr'><strong>revincendam</strong></span> <span class='ocrx_word' id='word_1_360' title='bbox 2172 2243 2535 2313; x_wconf 76' lang='lat' dir='ltr'><strong>pervicaciam</strong></span> <span class='ocrx_word' id='word_1_361' title='bbox 2604 2261 2669 2299; x_wconf 88' lang='lat' dir='ltr'><strong>ac</strong></span> <span class='ocrx_word' id='word_1_362' title='bbox 2730 2248 3283 2315; x_wconf 78' lang='lat' dir='ltr'><strong>condemnationem;</strong></span> 
     </span>
    </p>
   </div>
   <div class='ocr_carea' id='block_1_51' title="bbox 1704 2336 3285 2406">
    <p class='ocr_par' dir='ltr' id='par_1_51' title="bbox 1704 2336 3285 2406">
     <span class='ocr_line' id='line_1_51' title="bbox 1704 2336 3285 2406; baseline 0.003 -15"><span class='ocrx_word' id='word_1_363' title='bbox 1704 2344 2129 2404; x_wconf 86' lang='lat' dir='ltr'><strong>sanctorumque</strong></span> <span class='ocrx_word' id='word_1_364' title='bbox 2164 2336 2358 2390; x_wconf 82' lang='lat' dir='ltr'><strong>iidueia</strong></span> <span class='ocrx_word' id='word_1_365' title='bbox 2388 2336 2667 2406; x_wconf 87' lang='lat' dir='ltr'><strong>augendos</strong></span> <span class='ocrx_word' id='word_1_366' title='bbox 2718 2338 2964 2401; x_wconf 83' lang='lat' dir='ltr'><strong>animos,</strong></span> <span class='ocrx_word' id='word_1_367' title='bbox 3016 2340 3285 2395; x_wconf 84' lang='lat' dir='ltr'><strong>arrhabo-</strong></span> 
     </span>
    </p>
   </div>
   <div class='ocr_carea' id='block_1_52' title="bbox 1703 2428 3306 2501">
    <p class='ocr_par' dir='ltr' id='par_1_52' title="bbox 1703 2428 3306 2501">
     <span class='ocr_line' id='line_1_52' title="bbox 1703 2428 3306 2501; baseline 0.002 -19"><span class='ocrx_word' id='word_1_368' title='bbox 1703 2444 1937 2498; x_wconf 81' lang='lat' dir='ltr'><strong>nemque</strong></span> <span class='ocrx_word' id='word_1_369' title='bbox 1984 2444 2048 2483; x_wconf 89' lang='lat' dir='ltr'><strong>ac</strong></span> <span class='ocrx_word' id='word_1_370' title='bbox 2094 2444 2244 2497; x_wconf 87' lang='lat' dir='ltr'><strong>spem</strong></span> <span class='ocrx_word' id='word_1_371' title='bbox 2280 2438 2597 2498; x_wconf 88' lang='lat' dir='ltr'><strong>certamque</strong></span> <span class='ocrx_word' id='word_1_372' title='bbox 2632 2430 3099 2498; x_wconf 71' lang='lat' dir='ltr'><strong>exspectationem</strong></span> <span class='ocrx_word' id='word_1_373' title='bbox 3151 2428 3306 2501; x_wconf 68' lang='lat' dir='ltr'><strong>prte-&#39;</strong></span> 
     </span>
    </p>
   </div>
   <div class='ocr_carea' id='block_1_53' title="bbox 1703 2519 3289 2589">
    <p class='ocr_par' dir='ltr' id='par_1_53' title="bbox 1703 2519 3289 2589">
     <span class='ocr_line' id='line_1_53' title="bbox 1703 2519 3289 2589; baseline -0.001 -13"><span class='ocrx_word' id='word_1_374' title='bbox 1703 2519 1983 2581; x_wconf 85' lang='lat' dir='ltr'><strong>standam,</strong></span> <span class='ocrx_word' id='word_1_375' title='bbox 2023 2527 2331 2589; x_wconf 71' lang='lat' dir='ltr'><strong>exceptum</strong></span> <span class='ocrx_word' id='word_1_376' title='bbox 2374 2520 2502 2573; x_wconf 89' lang='lat' dir='ltr'><strong>illos</strong></span> <span class='ocrx_word' id='word_1_377' title='bbox 2535 2520 2850 2585; x_wconf 86' lang='lat' dir='ltr'><strong>beatitatis;</strong></span> <span class='ocrx_word' id='word_1_378' title='bbox 2881 2536 2944 2575; x_wconf 84' lang='lat' dir='ltr'><strong>ac</strong></span> <span class='ocrx_word' id='word_1_379' title='bbox 2975 2522 3191 2576; x_wconf 89' lang='lat' dir='ltr'><strong>demum</strong></span> <span class='ocrx_word' id='word_1_380' title='bbox 3227 2531 3289 2575; x_wconf 86' lang='lat' dir='ltr'><strong>ut</strong></span> 
     </span>
    </p>
   </div>
   <div class='ocr_carea' id='block_1_54' title="bbox 1704 2609 3290 2680">
    <p class='ocr_par' dir='ltr' id='par_1_54' title="bbox 1704 2609 3290 2680">
     <span class='ocr_line' id='line_1_54' title="bbox 1704 2609 3290 2680; baseline -0.002 -15"><span class='ocrx_word' id='word_1_381' title='bbox 1704 2610 1831 2665; x_wconf 87' lang='lat' dir='ltr'><strong>inde</strong></span> <span class='ocrx_word' id='word_1_382' title='bbox 1860 2609 2210 2671; x_wconf 77' lang='lat' dir='ltr'><strong>claresceret,</strong></span> <span class='ocrx_word' id='word_1_383' title='bbox 2248 2619 2547 2680; x_wconf 79' lang='lat' dir='ltr'><strong>martyrum</strong></span> <span class='ocrx_word' id='word_1_384' title='bbox 2577 2623 2741 2677; x_wconf 87' lang='lat' dir='ltr'><strong>opera</strong></span> <span class='ocrx_word' id='word_1_385' title='bbox 2773 2625 2837 2663; x_wconf 94' lang='lat' dir='ltr'><strong>ac</strong></span> <span class='ocrx_word' id='word_1_386' title='bbox 2864 2611 3148 2679; x_wconf 86' lang='lat' dir='ltr'><strong>passiones</strong></span> <span class='ocrx_word' id='word_1_387' title='bbox 3181 2610 3290 2663; x_wconf 80' lang='lat' dir='ltr'><strong>Deo</strong></span> 
     </span>
    </p>
   </div>
   <div class='ocr_carea' id='block_1_55' title="bbox 1700 2700 3286 2771">
    <p class='ocr_par' dir='ltr' id='par_1_55' title="bbox 1700 2700 3286 2771">
     <span class='ocr_line' id='line_1_55' title="bbox 1700 2700 3286 2771; baseline 0 -16"><span class='ocrx_word' id='word_1_388' title='bbox 1700 2712 1919 2771; x_wconf 89' lang='lat' dir='ltr'><strong>accepta</strong></span> <span class='ocrx_word' id='word_1_389' title='bbox 1956 2717 2097 2758; x_wconf 88' lang='lat' dir='ltr'><strong>esse.</strong></span> <span class='ocrx_word' id='word_1_390' title='bbox 2134 2700 2231 2755; x_wconf 86' lang='lat' dir='ltr'><strong>Illa</strong></span> <span class='ocrx_word' id='word_1_391' title='bbox 2262 2716 2388 2755; x_wconf 78' lang='lat' dir='ltr'><strong>vero</strong></span> <span class='ocrx_word' id='word_1_392' title='bbox 2438 2716 2502 2754; x_wconf 85' lang='lat' dir='ltr'><strong>ac</strong></span> <span class='ocrx_word' id='word_1_393' title='bbox 2554 2700 2825 2759; x_wconf 78' lang='lat' dir='ltr'><strong>diabolica</strong></span> <span class='ocrx_word' id='word_1_394' title='bbox 2874 2703 3115 2755; x_wconf 86' lang='lat' dir='ltr'><strong>animum</strong></span> <span class='ocrx_word' id='word_1_395' title='bbox 3168 2711 3286 2755; x_wconf 82' lang='lat' dir='ltr'><strong>tur—</strong></span> 
     </span>
    </p>
   </div>
   <div class='ocr_carea' id='block_1_56' title="bbox 1654 2791 3293 2862">
    <p class='ocr_par' dir='ltr' id='par_1_56' title="bbox 1654 2791 3293 2862">
     <span class='ocr_line' id='line_1_56' title="bbox 1654 2791 3293 2862; baseline -0.002 -13"><span class='ocrx_word' id='word_1_396' title='bbox 1654 2842 1661 2849; x_wconf 95' lang='lat'><strong>.</strong></span> <span class='ocrx_word' id='word_1_397' title='bbox 1699 2793 1857 2859; x_wconf 88' lang='lat' dir='ltr'><strong>bant,</strong></span> <span class='ocrx_word' id='word_1_398' title='bbox 1886 2803 2262 2862; x_wconf 83' lang='lat' dir='ltr'><strong>terroremque</strong></span> <span class='ocrx_word' id='word_1_399' title='bbox 2288 2808 2353 2846; x_wconf 92' lang='lat' dir='ltr'><strong>ac</strong></span> <span class='ocrx_word' id='word_1_400' title='bbox 2394 2793 2675 2847; x_wconf 84' lang='lat' dir='ltr'><strong>horrorem</strong></span> <span class='ocrx_word' id='word_1_401' title='bbox 2703 2791 2979 2861; x_wconf 79' lang='lat' dir='ltr'><strong>ingerunt.</strong></span> <span class='ocrx_word' id='word_1_402' title='bbox 3002 2794 3293 2862; x_wconf 84' lang='lat' dir='ltr'><strong>Tantoque</strong></span> 
     </span>
    </p>
   </div>
   <div class='ocr_carea' id='block_1_57' title="bbox 1702 2886 3288 2948">
    <p class='ocr_par' dir='ltr' id='par_1_57' title="bbox 1702 2886 3288 2948">
     <span class='ocr_line' id='line_1_57' title="bbox 1702 2886 3288 2948; baseline -0.001 -6"><span class='ocrx_word' id='word_1_403' title='bbox 1702 2888 1816 2943; x_wconf 70' lang='lat' dir='ltr'><strong>hinc</strong></span> <span class='ocrx_word' id='word_1_404' title='bbox 1855 2902 1885 2941; x_wconf 95' lang='lat' dir='ltr'><strong>a</strong></span> <span class='ocrx_word' id='word_1_405' title='bbox 1938 2902 1997 2943; x_wconf 89' lang='lat' dir='ltr'><strong>se</strong></span> <span class='ocrx_word' id='word_1_406' title='bbox 2048 2886 2280 2942; x_wconf 82' lang='lat' dir='ltr'><strong>invicem</strong></span> <span class='ocrx_word' id='word_1_407' title='bbox 2324 2886 2530 2942; x_wconf 89' lang='lat' dir='ltr'><strong>distant</strong></span> <span class='ocrx_word' id='word_1_408' title='bbox 2579 2886 2900 2942; x_wconf 88' lang='lat' dir='ltr'><strong>discrimine</strong></span> <span class='ocrx_word' id='word_1_409' title='bbox 2928 2925 2941 2948; x_wconf 94' lang='lat'><strong>,</strong></span> <span class='ocrx_word' id='word_1_410' title='bbox 2982 2896 3041 2940; x_wconf 90' lang='lat' dir='ltr'><strong>ut</strong></span> <span class='ocrx_word' id='word_1_411' title='bbox 3100 2898 3288 2940; x_wconf 79' lang='lat' dir='ltr'><strong>nostra</strong></span> 
     </span>
    </p>
   </div>
   <div class='ocr_carea' id='block_1_58' title="bbox 1702 2978 3289 3050">
    <p class='ocr_par' dir='ltr' id='par_1_58' title="bbox 1702 2978 3289 3050">
     <span class='ocr_line' id='line_1_58' title="bbox 1702 2978 3289 3050; baseline 0 -17"><span class='ocrx_word' id='word_1_412' title='bbox 1702 2980 1959 3050; x_wconf 83' lang='lat' dir='ltr'><strong>mysteria</strong></span> <span class='ocrx_word' id='word_1_413' title='bbox 1990 2996 2054 3035; x_wconf 89' lang='lat' dir='ltr'><strong>ac</strong></span> <span class='ocrx_word' id='word_1_414' title='bbox 2071 2992 2416 3036; x_wconf 88' lang='lat' dir='ltr'><strong>sacramenta</strong></span> <span class='ocrx_word' id='word_1_415' title='bbox 2474 2994 2617 3035; x_wconf 70' lang='lat' dir='ltr'><strong>verte</strong></span> <span class='ocrx_word' id='word_1_416' title='bbox 2639 2979 2750 3034; x_wconf 88' lang='lat' dir='ltr'><strong>sint</strong></span> <span class='ocrx_word' id='word_1_417' title='bbox 2777 2978 3126 3033; x_wconf 85' lang='lat' dir='ltr'><strong>lustrationes</strong></span> <span class='ocrx_word' id='word_1_418' title='bbox 3168 2995 3289 3048; x_wconf 71' lang='lat' dir='ltr'><strong>quae</strong></span> 
     </span>
    </p>
   </div>
   <div class='ocr_carea' id='block_1_59' title="bbox 1702 3068 3289 3139">
    <p class='ocr_par' dir='ltr' id='par_1_59' title="bbox 1702 3068 3289 3139">
     <span class='ocr_line' id='line_1_59' title="bbox 1702 3068 3289 3139; baseline 0.001 -18"><span class='ocrx_word' id='word_1_419' title='bbox 1702 3069 1753 3123; x_wconf 93' lang='lat' dir='ltr'><strong>in</strong></span> <span class='ocrx_word' id='word_1_420' title='bbox 1790 3071 1989 3125; x_wconf 69' lang='lat' dir='ltr'><strong>caelum</strong></span> <span class='ocrx_word' id='word_1_421' title='bbox 2018 3070 2341 3139; x_wconf 86' lang='lat' dir='ltr'><strong>provehant,</strong></span> <span class='ocrx_word' id='word_1_422' title='bbox 2378 3070 2583 3137; x_wconf 84' lang='lat' dir='ltr'><strong>Deique</strong></span> <span class='ocrx_word' id='word_1_423' title='bbox 2610 3083 2838 3139; x_wconf 88' lang='lat' dir='ltr'><strong>regnum</strong></span> <span class='ocrx_word' id='word_1_424' title='bbox 2870 3068 3195 3133; x_wconf 86' lang='lat' dir='ltr'><strong>concilient,</strong></span> <span class='ocrx_word' id='word_1_425' title='bbox 3222 3084 3289 3122; x_wconf 88' lang='lat' dir='ltr'><strong>ac</strong></span> 
     </span>
    </p>
   </div>
   <div class='ocr_carea' id='block_1_60' title="bbox 81 3155 1599 3237">
    <p class='ocr_par' dir='ltr' id='par_1_60' title="bbox 81 3155 1594 3237">
     <span class='ocr_line' id='line_1_60' title="bbox 81 3155 1594 3237; baseline 0.011 -32"><span class='ocrx_word' id='word_1_426' title='bbox 81 3171 152 3222; x_wconf 77' lang='grc' dir='ltr'><strong>μεν</strong></span> <span class='ocrx_word' id='word_1_427' title='bbox 182 3155 293 3225; x_wconf 79' lang='grc' dir='ltr'>πρὸς</span> <span class='ocrx_word' id='word_1_428' title='bbox 319 3158 411 3228; x_wconf 80' lang='grc' dir='ltr'><strong>τὴν</strong></span> <span class='ocrx_word' id='word_1_429' title='bbox 441 3160 851 3230; x_wconf 62' lang='grc' dir='ltr'>παραῶόείσαν</span> <span class='ocrx_word' id='word_1_430' title='bbox 881 3163 1015 3234; x_wconf 78' lang='grc' dir='ltr'>ημῖν</span> <span class='ocrx_word' id='word_1_431' title='bbox 1061 3164 1156 3217; x_wconf 85' lang='grc' dir='ltr'>ὑπ’</span> <span class='ocrx_word' id='word_1_432' title='bbox 1186 3166 1352 3219; x_wconf 78' lang='grc' dir='ltr'>αὑτοῦ</span> <span class='ocrx_word' id='word_1_433' title='bbox 1388 3167 1594 3237; x_wconf 76' lang='grc' dir='ltr'>πίστιν,</span> 
     </span>
    </p>
   </div>
   <div class='ocr_carea' id='block_1_61' title="bbox 1751 3155 3287 3237">
    <p class='ocr_par' dir='ltr' id='par_1_61' title="bbox 1751 3160 3287 3227">
     <span class='ocr_line' id='line_1_61' title="bbox 1751 3160 3287 3227; baseline -0.005 -9"><span class='ocrx_word' id='word_1_434' title='bbox 1751 3165 1803 3218; x_wconf 66' lang='grc' dir='ltr'>εἰ</span> <span class='ocrx_word' id='word_1_435' title='bbox 1848 3163 1960 3217; x_wconf 76' lang='lat' dir='ltr'><strong>Deo</strong></span> <span class='ocrx_word' id='word_1_436' title='bbox 2009 3164 2294 3227; x_wconf 88' lang='lat' dir='ltr'><strong>couniant,</strong></span> <span class='ocrx_word' id='word_1_437' title='bbox 2343 3163 2390 3217; x_wconf 89' lang='lat' dir='ltr'><strong>si</strong></span> <span class='ocrx_word' id='word_1_438' title='bbox 2435 3162 2597 3216; x_wconf 89' lang='lat' dir='ltr'><strong>modo</strong></span> <span class='ocrx_word' id='word_1_439' title='bbox 2650 3161 2822 3215; x_wconf 89' lang='lat' dir='ltr'><strong>solum</strong></span> <span class='ocrx_word' id='word_1_440' title='bbox 2859 3160 3287 3214; x_wconf 76' lang='lat' dir='ltr'><strong>convenientem</strong></span> 
     </span>
    </p>
   </div>
   <div class='ocr_carea' id='block_1_62' title="bbox 78 3245 1595 3332">
    <p class='ocr_par' dir='ltr' id='par_1_62' title="bbox 78 3245 1595 3332">
     <span class='ocr_line' id='line_1_62' title="bbox 78 3245 1595 3332; baseline 0.014 -38"><span class='ocrx_word' id='word_1_441' title='bbox 78 3245 147 3295; x_wconf 74' lang='lat' dir='ltr'><strong>iul</strong></span> <span class='ocrx_word' id='word_1_442' title='bbox 164 3246 488 3318; x_wconf 75' lang='grc' dir='ltr'>φυλάττωμεν</span> <span class='ocrx_word' id='word_1_443' title='bbox 516 3250 695 3319; x_wconf 69' lang='grc' dir='ltr'>αὐτὴν</span> <span class='ocrx_word' id='word_1_444' title='bbox 723 3250 893 3319; x_wconf 79' lang='grc' dir='ltr'>ὑγιῶς</span> <span class='ocrx_word' id='word_1_445' title='bbox 922 3254 1015 3306; x_wconf 82' lang='grc' dir='ltr'><strong>καὶ</strong></span> <span class='ocrx_word' id='word_1_446' title='bbox 1044 3254 1225 3323; x_wconf 79' lang='grc' dir='ltr'>λόγοις</span> <span class='ocrx_word' id='word_1_447' title='bbox 1271 3260 1365 3312; x_wconf 77' lang='grc' dir='ltr'><strong>καὶ</strong></span> <span class='ocrx_word' id='word_1_448' title='bbox 1391 3259 1595 3332; x_wconf 58' lang='grc' dir='ltr'>ἔργοις</span> 
     </span>
    </p>
   </div>
   <div class='ocr_carea' id='block_1_63' title="bbox 79 3336 1599 3424">
    <p class='ocr_par' dir='ltr' id='par_1_63' title="bbox 79 3336 1599 3424">
     <span class='ocr_line' id='line_1_63' title="bbox 79 3336 1599 3424; baseline 0.016 -39"><span class='ocrx_word' id='word_1_449' title='bbox 79 3336 178 3388; x_wconf 71' lang='grc' dir='ltr'>αἰδὲ</span> <span class='ocrx_word' id='word_1_450' title='bbox 199 3338 289 3391; x_wconf 82' lang='grc' dir='ltr'><strong>τῶν</strong></span> <span class='ocrx_word' id='word_1_451' title='bbox 318 3340 417 3405; x_wconf 79' lang='grc' dir='ltr'>ἐξω</span> <span class='ocrx_word' id='word_1_452' title='bbox 442 3342 776 3414; x_wconf 70' lang='grc' dir='ltr'>καθάρσεις,</span> <span class='ocrx_word' id='word_1_453' title='bbox 810 3340 920 3398; x_wconf 75' lang='grc' dir='ltr'>οἷαί</span> <span class='ocrx_word' id='word_1_454' title='bbox 953 3349 1059 3400; x_wconf 75' lang='grc' dir='ltr'>εισι</span> <span class='ocrx_word' id='word_1_455' title='bbox 1107 3351 1213 3403; x_wconf 81' lang='grc' dir='ltr'><strong>τῶν</strong></span> <span class='ocrx_word' id='word_1_456' title='bbox 1241 3353 1599 3424; x_wconf 83' lang='grc' dir='ltr'>ἀρνουμένων</span> 
     </span>
    </p>
   </div>
   <div class='ocr_carea' id='block_1_64' title="bbox 74 3427 1598 3515">
    <p class='ocr_par' dir='ltr' id='par_1_64' title="bbox 74 3427 1598 3515">
     <span class='ocr_line' id='line_1_64' title="bbox 74 3427 1598 3515; baseline 0.014 -39"><span class='ocrx_word' id='word_1_457' title='bbox 74 3427 138 3476; x_wconf 74' lang='grc' dir='ltr'><strong>τὸν</strong></span> <span class='ocrx_word' id='word_1_458' title='bbox 164 3427 269 3480; x_wconf 78' lang='grc' dir='ltr'><strong>Υἰδν</strong></span> <span class='ocrx_word' id='word_1_459' title='bbox 292 3433 377 3483; x_wconf 89' lang='grc' dir='ltr'><strong>τοῦ</strong></span> <span class='ocrx_word' id='word_1_460' title='bbox 406 3431 549 3484; x_wconf 82' lang='grc' dir='ltr'>Θεοῦ</span> <span class='ocrx_word' id='word_1_461' title='bbox 588 3434 682 3485; x_wconf 71' lang='grc' dir='ltr'>καὶ</span> <span class='ocrx_word' id='word_1_462' title='bbox 708 3438 807 3505; x_wconf 72' lang='grc' dir='ltr'>τὴν</span> <span class='ocrx_word' id='word_1_463' title='bbox 839 3435 1120 3507; x_wconf 84' lang='grc' dir='ltr'>σάρκωσιν</span> <span class='ocrx_word' id='word_1_464' title='bbox 1153 3442 1347 3507; x_wconf 81' lang='grc' dir='ltr'>αὐτοῦ,</span> <span class='ocrx_word' id='word_1_465' title='bbox 1377 3444 1513 3515; x_wconf 88' lang='grc' dir='ltr'>πρὸς</span> <span class='ocrx_word' id='word_1_466' title='bbox 1540 3445 1598 3498; x_wconf 81' lang='grc' dir='ltr'><strong>τὸ</strong></span> 
     </span>
    </p>
   </div>
   <div class='ocr_carea' id='block_1_65' title="bbox 76 3523 1598 3611">
    <p class='ocr_par' dir='ltr' id='par_1_65' title="bbox 76 3523 1598 3611">
     <span class='ocr_line' id='line_1_65' title="bbox 76 3523 1598 3611; baseline 0.013 -41"><span class='ocrx_word' id='word_1_467' title='bbox 76 3523 221 3585; x_wconf 75' lang='grc' dir='ltr'>σκότος</span> <span class='ocrx_word' id='word_1_468' title='bbox 262 3524 316 3579; x_wconf 75' lang='grc' dir='ltr'>τὸ</span> <span class='ocrx_word' id='word_1_469' title='bbox 365 3525 638 3596; x_wconf 77' lang='grc' dir='ltr'>ἐξώτερον</span> <span class='ocrx_word' id='word_1_470' title='bbox 668 3527 884 3598; x_wconf 74' lang='grc' dir='ltr'>ἄγουσι,</span> <span class='ocrx_word' id='word_1_471' title='bbox 922 3533 1015 3585; x_wconf 79' lang='grc' dir='ltr'><strong>καὶ</strong></span> <span class='ocrx_word' id='word_1_472' title='bbox 1048 3533 1144 3587; x_wconf 87' lang='grc' dir='ltr'><strong>τοῦ</strong></span> <span class='ocrx_word' id='word_1_473' title='bbox 1174 3535 1427 3590; x_wconf 87' lang='grc' dir='ltr'>διαϐόλου</span> <span class='ocrx_word' id='word_1_474' title='bbox 1464 3539 1598 3611; x_wconf 87' lang='grc' dir='ltr'>κλη-</span> 
     </span>
    </p>
   </div>
   <div class='ocr_carea' id='block_1_66' title="bbox 76 3616 1599 3699">
    <p class='ocr_par' dir='ltr' id='par_1_66' title="bbox 76 3616 1599 3699">
     <span class='ocr_line' id='line_1_66' title="bbox 76 3616 1599 3699; baseline 0.016 -36"><span class='ocrx_word' id='word_1_475' title='bbox 76 3616 287 3683; x_wconf 70' lang='grc' dir='ltr'>ρονόμους</span> <span class='ocrx_word' id='word_1_476' title='bbox 333 3620 711 3687; x_wconf 76' lang='grc' dir='ltr'>ἐργάζονταιο</span> <span class='ocrx_word' id='word_1_477' title='bbox 764 3625 1011 3689; x_wconf 74' lang='grc' dir='ltr'>ἐκείνους</span> <span class='ocrx_word' id='word_1_478' title='bbox 1070 3627 1337 3698; x_wconf 82' lang='grc' dir='ltr'>δηλονότι,</span> <span class='ocrx_word' id='word_1_479' title='bbox 1400 3632 1599 3699; x_wconf 81' lang='grc' dir='ltr'>οἵτινες</span> 
     </span>
    </p>
   </div>
   <div class='ocr_carea' id='block_1_67' title="bbox 72 3706 1600 3791">
    <p class='ocr_par' dir='ltr' id='par_1_67' title="bbox 72 3706 1600 3791">
     <span class='ocr_line' id='line_1_67' title="bbox 72 3706 1600 3791; baseline 0.016 -36"><span class='ocrx_word' id='word_1_480' title='bbox 72 3706 369 3779; x_wconf 65' lang='grc' dir='ltr'>ἀπατώμενοι</span> <span class='ocrx_word' id='word_1_481' title='bbox 397 3714 491 3765; x_wconf 81' lang='grc' dir='ltr'><strong>καὶ</strong></span> <span class='ocrx_word' id='word_1_482' title='bbox 522 3714 873 3785; x_wconf 82' lang='grc' dir='ltr'>πλανώμενοι</span> <span class='ocrx_word' id='word_1_483' title='bbox 906 3718 1036 3791; x_wconf 79' lang='grc' dir='ltr'>παρ’</span> <span class='ocrx_word' id='word_1_484' title='bbox 1066 3720 1232 3775; x_wconf 76' lang='grc' dir='ltr'>αὑτοῦ</span> <span class='ocrx_word' id='word_1_485' title='bbox 1286 3721 1337 3775; x_wconf 86' lang='grc' dir='ltr'>δι</span> <span class='ocrx_word' id='word_1_486' title='bbox 1383 3724 1600 3779; x_wconf 75' lang='grc' dir='ltr'>εἰδωλο-</span> 
     </span>
    </p>
   </div>
   <div class='ocr_carea' id='block_1_68' title="bbox 70 3793 1597 3884">
    <p class='ocr_par' dir='ltr' id='par_1_68' title="bbox 70 3793 1597 3884">
     <span class='ocr_line' id='line_1_68' title="bbox 70 3793 1597 3884; baseline 0.017 -41"><span class='ocrx_word' id='word_1_487' title='bbox 70 3793 275 3864; x_wconf 74' lang='grc' dir='ltr'>λατρείις</span> <span class='ocrx_word' id='word_1_488' title='bbox 300 3804 391 3853; x_wconf 70' lang='grc' dir='ltr'><strong>καὶ</strong></span> <span class='ocrx_word' id='word_1_489' title='bbox 417 3804 602 3857; x_wconf 78' lang='grc' dir='ltr'>ἄλλων</span> <span class='ocrx_word' id='word_1_490' title='bbox 634 3805 796 3859; x_wconf 83' lang='grc' dir='ltr'>τινῶν</span> <span class='ocrx_word' id='word_1_491' title='bbox 827 3809 1265 3882; x_wconf 82' lang='grc' dir='ltr'>πεπλανημένων</span> <span class='ocrx_word' id='word_1_492' title='bbox 1286 3812 1597 3884; x_wconf 78' lang='grc' dir='ltr'>δογμάτων,</span> 
     </span>
    </p>
   </div>
   <div class='ocr_carea' id='block_1_69' title="bbox 71 3890 1599 3978">
    <p class='ocr_par' dir='ltr' id='par_1_69' title="bbox 71 3890 1599 3978">
     <span class='ocr_line' id='line_1_69' title="bbox 71 3890 1599 3978; baseline 0.015 -39"><span class='ocrx_word' id='word_1_493' title='bbox 71 3891 137 3940; x_wconf 61' lang='grc' dir='ltr'>καὶ</span> <span class='ocrx_word' id='word_1_494' title='bbox 159 3890 231 3945; x_wconf 77' lang='grc' dir='ltr'><strong>διὰ</strong></span> <span class='ocrx_word' id='word_1_495' title='bbox 259 3893 361 3947; x_wconf 84' lang='grc' dir='ltr'>τῶν</span> <span class='ocrx_word' id='word_1_496' title='bbox 393 3898 667 3968; x_wconf 49' lang='lat' dir='ltr'><strong>pungeth</strong></span> <span class='ocrx_word' id='word_1_497' title='bbox 694 3899 861 3953; x_wconf 78' lang='grc' dir='ltr'>αὑτοῦ</span> <span class='ocrx_word' id='word_1_498' title='bbox 886 3901 1207 3975; x_wconf 73' lang='grc' dir='ltr'>καθάρσεων</span> <span class='ocrx_word' id='word_1_499' title='bbox 1238 3908 1599 3978; x_wconf 80' lang='grc' dir='ltr'>προσέχουσιν</span> 
     </span>
    </p>
   </div>
   <div class='ocr_carea' id='block_1_70' title="bbox 73 3981 1597 4068">
    <p class='ocr_par' dir='ltr' id='par_1_70' title="bbox 73 3981 1597 4068">
     <span class='ocr_line' id='line_1_70' title="bbox 73 3981 1597 4068; baseline 0.017 -40"><span class='ocrx_word' id='word_1_500' title='bbox 73 3981 274 4055; x_wconf 61' lang='grc' dir='ltr'><strong>αὑτῷ-ἢ</strong></span> <span class='ocrx_word' id='word_1_501' title='bbox 322 3991 436 4054; x_wconf 77' lang='grc' dir='ltr'>καὶ,</span> <span class='ocrx_word' id='word_1_502' title='bbox 486 3989 570 4052; x_wconf 83' lang='grc' dir='ltr'>ὡς</span> <span class='ocrx_word' id='word_1_503' title='bbox 619 3992 921 4060; x_wconf 77' lang='grc' dir='ltr'>νομίζουσι,</span> <span class='ocrx_word' id='word_1_504' title='bbox 962 3994 1054 4048; x_wconf 70' lang='grc' dir='ltr'>τὸν</span> <span class='ocrx_word' id='word_1_505' title='bbox 1084 3995 1217 4049; x_wconf 78' lang='grc' dir='ltr'>Θεὸν</span> <span class='ocrx_word' id='word_1_506' title='bbox 1261 3998 1597 4068; x_wconf 80' lang='grc' dir='ltr'>ἐπισφαλῶς,</span> 
     </span>
    </p>
   </div>
   <div class='ocr_carea' id='block_1_71' title="bbox 70 4075 1600 4159">
    <p class='ocr_par' dir='ltr' id='par_1_71' title="bbox 70 4075 1600 4159">
     <span class='ocr_line' id='line_1_71' title="bbox 70 4075 1600 4159; baseline 0.017 -36"><span class='ocrx_word' id='word_1_507' title='bbox 70 4075 247 4145; x_wconf 72' lang='grc' dir='ltr'>καὶούχ</span> <span class='ocrx_word' id='word_1_508' title='bbox 282 4077 352 4140; x_wconf 82' lang='grc' dir='ltr'>ὡς</span> <span class='ocrx_word' id='word_1_509' title='bbox 401 4080 503 4143; x_wconf 80' lang='grc' dir='ltr'>δεῖ,</span> <span class='ocrx_word' id='word_1_510' title='bbox 570 4085 989 4150; x_wconf 83' lang='grc' dir='ltr'>προσκυνοῦσιν.</span> <span class='ocrx_word' id='word_1_511' title='bbox 1028 4086 1167 4141; x_wconf 89' lang='grc' dir='ltr'>Ὀσα</span> <span class='ocrx_word' id='word_1_512' title='bbox 1224 4090 1322 4159; x_wconf 85' lang='grc' dir='ltr'>μὲν</span> <span class='ocrx_word' id='word_1_513' title='bbox 1369 4084 1463 4144; x_wconf 78' lang='grc' dir='ltr'><strong>οῦν</strong></span> <span class='ocrx_word' id='word_1_514' title='bbox 1492 4093 1600 4149; x_wconf 83' lang='grc' dir='ltr'>ἀπὸ</span> 
     </span>
    </p>
   </div>
   <div class='ocr_carea' id='block_1_72' title="bbox 71 4164 1598 4259">
    <p class='ocr_par' dir='ltr' id='par_1_72' title="bbox 71 4164 1598 4259">
     <span class='ocr_line' id='line_1_72' title="bbox 71 4164 1598 4259; baseline 0.019 -46"><span class='ocrx_word' id='word_1_515' title='bbox 71 4164 261 4259; x_wconf 61' lang='lat' dir='ltr'><strong>ninam;</strong></span> <span class='ocrx_word' id='word_1_516' title='bbox 307 4172 696 4241; x_wconf 75' lang='grc' dir='ltr'>ἀναμφιϐόλως</span> <span class='ocrx_word' id='word_1_517' title='bbox 746 4176 1122 4250; x_wconf 82' lang='grc' dir='ltr'>ὁμολογοῦμεν</span> <span class='ocrx_word' id='word_1_518' title='bbox 1153 4182 1285 4251; x_wconf 83' lang='grc' dir='ltr'>περὶ</span> <span class='ocrx_word' id='word_1_519' title='bbox 1312 4184 1411 4254; x_wconf 81' lang='grc' dir='ltr'>τῆς</span> <span class='ocrx_word' id='word_1_520' title='bbox 1461 4202 1598 4259; x_wconf 78' lang='lat' dir='ltr'><strong>cap-</strong></span> 
     </span>
    </p>
   </div>
   <div class='ocr_carea' id='block_1_73' title="bbox 67 4252 1600 4349">
    <p class='ocr_par' dir='ltr' id='par_1_73' title="bbox 67 4252 1600 4349">
     <span class='ocr_line' id='line_1_73' title="bbox 67 4252 1600 4349; baseline 0.019 -45"><span class='ocrx_word' id='word_1_521' title='bbox 67 4252 246 4319; x_wconf 83' lang='grc' dir='ltr'>κώσεως</span> <span class='ocrx_word' id='word_1_522' title='bbox 270 4259 358 4313; x_wconf 86' lang='grc' dir='ltr'><strong>τοῦ</strong></span> <span class='ocrx_word' id='word_1_523' title='bbox 402 4261 538 4315; x_wconf 86' lang='grc' dir='ltr'><strong>Υἱοῦ</strong></span> <span class='ocrx_word' id='word_1_524' title='bbox 589 4263 683 4317; x_wconf 89' lang='grc' dir='ltr'><strong>τοῦ</strong></span> <span class='ocrx_word' id='word_1_525' title='bbox 717 4266 877 4332; x_wconf 77' lang='grc' dir='ltr'>θεοῦ,</span> <span class='ocrx_word' id='word_1_526' title='bbox 933 4262 1088 4322; x_wconf 78' lang='grc' dir='ltr'>ταῦτ’</span> <span class='ocrx_word' id='word_1_527' title='bbox 1135 4272 1256 4326; x_wconf 82' lang='grc' dir='ltr'>ἐστὶ</span> <span class='ocrx_word' id='word_1_528' title='bbox 1312 4252 1382 4327; x_wconf 83' lang='grc' dir='ltr'><strong>τά</strong></span> <span class='ocrx_word' id='word_1_529' title='bbox 1433 4252 1600 4349; x_wconf 77' lang='grc' dir='ltr'>κεφα-</span> 
     </span>
    </p>
   </div>
   <div class='ocr_carea' id='block_1_74' title="bbox 65 4341 401 4423">
    <p class='ocr_par' dir='ltr' id='par_1_74' title="bbox 65 4341 401 4423">
     <span class='ocr_line' id='line_1_74' title="bbox 65 4341 401 4423; baseline 0.042 -31"><span class='ocrx_word' id='word_1_530' title='bbox 65 4341 401 4423; x_wconf 75' lang='grc' dir='ltr'>λαιωόέστερα.</span> 
     </span>
    </p>
   </div>
   <div class='ocr_carea' id='block_1_75' title="bbox 629 4450 995 4508">
    <p class='ocr_par' dir='ltr' id='par_1_75' title="bbox 629 4450 995 4508">
     <span class='ocr_line' id='line_1_75' title="bbox 629 4450 995 4508; baseline 0.016 -5"><span class='ocrx_word' id='word_1_531' title='bbox 629 4450 879 4507; x_wconf 76' lang='grc' dir='ltr'><strong>ΚΕΦΑΛ.</strong></span> <span class='ocrx_word' id='word_1_532' title='bbox 920 4451 995 4508; x_wconf 84' lang='grc' dir='ltr'><strong>Ζ’.</strong></span> 
     </span>
    </p>
   </div>
   <div class='ocr_carea' id='block_1_76' title="bbox 1704 3251 3288 3327">
    <p class='ocr_par' dir='ltr' id='par_1_76' title="bbox 1704 3251 3288 3327">
     <span class='ocr_line' id='line_1_76' title="bbox 1704 3251 3288 3327; baseline -0.004 -16"><span class='ocrx_word' id='word_1_533' title='bbox 1704 3258 1961 3327; x_wconf 86' lang='lat' dir='ltr'><strong>pietatem</strong></span> <span class='ocrx_word' id='word_1_534' title='bbox 1994 3256 2267 3325; x_wconf 78' lang='lat' dir='ltr'><strong>[idemque</strong></span> <span class='ocrx_word' id='word_1_535' title='bbox 2298 3269 2425 3325; x_wconf 84' lang='lat' dir='ltr'><strong>erga</strong></span> <span class='ocrx_word' id='word_1_536' title='bbox 2469 3255 2726 3309; x_wconf 87' lang='lat' dir='ltr'><strong>traditam</strong></span> <span class='ocrx_word' id='word_1_537' title='bbox 2766 3252 2929 3307; x_wconf 83' lang='lat' dir='ltr'><strong>nobis</strong></span> <span class='ocrx_word' id='word_1_538' title='bbox 2960 3253 3026 3305; x_wconf 90' lang='lat' dir='ltr'><strong>ab</strong></span> <span class='ocrx_word' id='word_1_539' title='bbox 3063 3251 3181 3320; x_wconf 88' lang='lat' dir='ltr'><strong>ipso</strong></span> <span class='ocrx_word' id='word_1_540' title='bbox 3226 3252 3288 3304; x_wconf 82' lang='lat' dir='ltr'><strong>li-</strong></span> 
     </span>
    </p>
   </div>
   <div class='ocr_carea' id='block_1_77' title="bbox 1701 3349 3291 3419">
    <p class='ocr_par' dir='ltr' id='par_1_77' title="bbox 1701 3349 3291 3419">
     <span class='ocr_line' id='line_1_77' title="bbox 1701 3349 3291 3419; baseline -0.003 -13"><span class='ocrx_word' id='word_1_541' title='bbox 1701 3353 1820 3406; x_wconf 86' lang='lat' dir='ltr'><strong>dem</strong></span> <span class='ocrx_word' id='word_1_542' title='bbox 1878 3353 2198 3414; x_wconf 87' lang='lat' dir='ltr'><strong>habeamus.</strong></span> <span class='ocrx_word' id='word_1_543' title='bbox 2246 3365 2548 3419; x_wconf 73' lang='lat' dir='ltr'><strong>sanamque</strong></span> <span class='ocrx_word' id='word_1_544' title='bbox 2594 3367 2715 3406; x_wconf 83' lang='lat' dir='ltr'><strong>eam</strong></span> <span class='ocrx_word' id='word_1_545' title='bbox 2749 3349 2933 3403; x_wconf 81' lang='lat' dir='ltr'><strong>verbis</strong></span> <span class='ocrx_word' id='word_1_546' title='bbox 2981 3350 3183 3418; x_wconf 84' lang='lat' dir='ltr'><strong>pariter</strong></span> <span class='ocrx_word' id='word_1_547' title='bbox 3235 3356 3291 3401; x_wconf 76' lang='lat' dir='ltr'><strong>ct</strong></span> 
     </span>
    </p>
   </div>
   <div class='ocr_carea' id='block_1_78' title="bbox 1701 3440 3286 3515">
    <p class='ocr_par' dir='ltr' id='par_1_78' title="bbox 1701 3440 3286 3515">
     <span class='ocr_line' id='line_1_78' title="bbox 1701 3440 3286 3515; baseline -0.004 -15"><span class='ocrx_word' id='word_1_548' title='bbox 1701 3444 1958 3515; x_wconf 84' lang='lat' dir='ltr'><strong>Operibus</strong></span> <span class='ocrx_word' id='word_1_549' title='bbox 1992 3444 2396 3499; x_wconf 82' lang='lat' dir='ltr'><strong>custodiamus.</strong></span> <span class='ocrx_word' id='word_1_550' title='bbox 2448 3443 2702 3511; x_wconf 73' lang='lat' dir='ltr'><strong>Profanaa</strong></span> <span class='ocrx_word' id='word_1_551' title='bbox 2747 3456 2875 3495; x_wconf 85' lang='lat' dir='ltr'><strong>vero</strong></span> <span class='ocrx_word' id='word_1_552' title='bbox 2923 3440 3286 3509; x_wconf 77' lang='lat' dir='ltr'><strong>expiationes,</strong></span> 
     </span>
    </p>
   </div>
   <div class='ocr_carea' id='block_1_79' title="bbox 1700 3532 3289 3607">
    <p class='ocr_par' dir='ltr' id='par_1_79' title="bbox 1700 3532 3289 3607">
     <span class='ocr_line' id='line_1_79' title="bbox 1700 3532 3289 3607; baseline -0.004 -16"><span class='ocrx_word' id='word_1_553' title='bbox 1700 3538 1888 3607; x_wconf 86' lang='lat' dir='ltr'><strong>quales</strong></span> <span class='ocrx_word' id='word_1_554' title='bbox 1914 3544 2042 3591; x_wconf 89' lang='lat' dir='ltr'><strong>sunt</strong></span> <span class='ocrx_word' id='word_1_555' title='bbox 2068 3550 2259 3590; x_wconf 88' lang='lat' dir='ltr'><strong>eorum</strong></span> <span class='ocrx_word' id='word_1_556' title='bbox 2285 3534 2377 3604; x_wconf 88' lang='lat' dir='ltr'><strong>qui</strong></span> <span class='ocrx_word' id='word_1_557' title='bbox 2413 3534 2504 3590; x_wconf 90' lang='lat' dir='ltr'><strong>Dei</strong></span> <span class='ocrx_word' id='word_1_558' title='bbox 2536 3533 2737 3589; x_wconf 84' lang='lat' dir='ltr'><strong>Filium</strong></span> <span class='ocrx_word' id='word_1_559' title='bbox 2774 3533 3004 3602; x_wconf 80' lang='lat' dir='ltr'><strong>ejusque</strong></span> <span class='ocrx_word' id='word_1_560' title='bbox 3035 3532 3289 3585; x_wconf 81' lang='lat' dir='ltr'><strong>incarna—</strong></span> 
     </span>
    </p>
   </div>
   <div class='ocr_carea' id='block_1_80' title="bbox 1702 3614 3292 3698">
    <p class='ocr_par' dir='ltr' id='par_1_80' title="bbox 1702 3614 3292 3698">
     <span class='ocr_line' id='line_1_80' title="bbox 1702 3614 3292 3698; baseline -0.007 -12"><span class='ocrx_word' id='word_1_561' title='bbox 1702 3632 1904 3686; x_wconf 89' lang='lat' dir='ltr'><strong>tionem</strong></span> <span class='ocrx_word' id='word_1_562' title='bbox 1937 3638 2164 3698; x_wconf 82' lang='lat' dir='ltr'><strong>negant,</strong></span> <span class='ocrx_word' id='word_1_563' title='bbox 2192 3626 2261 3681; x_wconf 87' lang='lat' dir='ltr'><strong>ad</strong></span> <span class='ocrx_word' id='word_1_564' title='bbox 2310 3626 2565 3682; x_wconf 86' lang='lat' dir='ltr'><strong>tenebras</strong></span> <span class='ocrx_word' id='word_1_565' title='bbox 2610 3614 2910 3697; x_wconf 67' lang='lat' dir='ltr'><strong>exteriores</strong></span> <span class='ocrx_word' id='word_1_566' title='bbox 2939 3624 3170 3688; x_wconf 88' lang='lat' dir='ltr'><strong>ducunt,</strong></span> <span class='ocrx_word' id='word_1_567' title='bbox 3224 3636 3292 3675; x_wconf 85' lang='lat' dir='ltr'><strong>ac</strong></span> 
     </span>
    </p>
   </div>
   <div class='ocr_carea' id='block_1_81' title="bbox 1701 3700 3283 3793">
    <p class='ocr_par' dir='ltr' id='par_1_81' title="bbox 1701 3700 3283 3793">
     <span class='ocr_line' id='line_1_81' title="bbox 1701 3700 3283 3793; baseline -0.006 -15"><span class='ocrx_word' id='word_1_568' title='bbox 1701 3700 1905 3778; x_wconf 82' lang='lat' dir='ltr'><strong>diaboli</strong></span> <span class='ocrx_word' id='word_1_569' title='bbox 1939 3721 2179 3777; x_wconf 63' lang='lat' dir='ltr'><strong>heredes</strong></span> <span class='ocrx_word' id='word_1_570' title='bbox 2208 3719 2486 3788; x_wconf 71' lang='lat' dir='ltr'><strong>elﬁcinnt;</strong></span> <span class='ocrx_word' id='word_1_571' title='bbox 2519 3720 2645 3776; x_wconf 90' lang='lat' dir='ltr'><strong>illos</strong></span> <span class='ocrx_word' id='word_1_572' title='bbox 2684 3719 2896 3776; x_wconf 88' lang='lat' dir='ltr'><strong>scilicet</strong></span> <span class='ocrx_word' id='word_1_573' title='bbox 2944 3717 3035 3786; x_wconf 89' lang='lat' dir='ltr'><strong>qui</strong></span> <span class='ocrx_word' id='word_1_574' title='bbox 3084 3718 3161 3793; x_wconf 79' lang='lat' dir='ltr'><strong>ab</strong></span> <span class='ocrx_word' id='word_1_575' title='bbox 3211 3729 3283 3769; x_wconf 88' lang='lat' dir='ltr'><strong>eo</strong></span> 
     </span>
    </p>
   </div>
   <div class='ocr_carea' id='block_1_82' title="bbox 1700 3808 3292 3884">
    <p class='ocr_par' dir='ltr' id='par_1_82' title="bbox 1700 3808 3292 3884">
     <span class='ocr_line' id='line_1_82' title="bbox 1700 3808 3292 3884; baseline -0.005 -15"><span class='ocrx_word' id='word_1_576' title='bbox 1700 3814 1910 3869; x_wconf 78' lang='lat' dir='ltr'><strong>seducti</strong></span> <span class='ocrx_word' id='word_1_577' title='bbox 1939 3830 2237 3884; x_wconf 79' lang='lat' dir='ltr'><strong>errareque</strong></span> <span class='ocrx_word' id='word_1_578' title='bbox 2280 3814 2455 3869; x_wconf 82' lang='lat' dir='ltr'><strong>abacti</strong></span> <span class='ocrx_word' id='word_1_579' title='bbox 2492 3829 2585 3882; x_wconf 86' lang='lat' dir='ltr'><strong>per</strong></span> <span class='ocrx_word' id='word_1_580' title='bbox 2616 3811 2985 3867; x_wconf 78' lang='lat' dir='ltr'><strong>idololatriam</strong></span> <span class='ocrx_word' id='word_1_581' title='bbox 3048 3821 3104 3864; x_wconf 75' lang='lat' dir='ltr'><strong>et</strong></span> <span class='ocrx_word' id='word_1_582' title='bbox 3150 3808 3292 3861; x_wconf 79' lang='lat' dir='ltr'><strong>alias</strong></span> 
     </span>
    </p>
   </div>
   <div class='ocr_carea' id='block_1_83' title="bbox 1705 3900 3295 3977">
    <p class='ocr_par' dir='ltr' id='par_1_83' title="bbox 1705 3900 3295 3977">
     <span class='ocr_line' id='line_1_83' title="bbox 1705 3900 3295 3977; baseline -0.006 -16"><span class='ocrx_word' id='word_1_583' title='bbox 1705 3910 1972 3977; x_wconf 86' lang='lat' dir='ltr'><strong>quasdam</strong></span> <span class='ocrx_word' id='word_1_584' title='bbox 2002 3907 2170 3963; x_wconf 81' lang='lat' dir='ltr'><strong>falsas</strong></span> <span class='ocrx_word' id='word_1_585' title='bbox 2199 3908 2496 3968; x_wconf 82' lang='lat' dir='ltr'><strong>doctrinas,</strong></span> <span class='ocrx_word' id='word_1_586' title='bbox 2526 3904 2756 3974; x_wconf 83' lang='lat' dir='ltr'><strong>ejusque</strong></span> <span class='ocrx_word' id='word_1_587' title='bbox 2796 3903 3164 3957; x_wconf 70' lang='lat' dir='ltr'><strong>exsecrandas</strong></span> <span class='ocrx_word' id='word_1_588' title='bbox 3205 3900 3295 3954; x_wconf 80' lang='grc' dir='ltr'>ιυ-</span> 
     </span>
    </p>
   </div>
   <div class='ocr_carea' id='block_1_84' title="bbox 1701 3994 3288 4061">
    <p class='ocr_par' dir='ltr' id='par_1_84' title="bbox 1701 3994 3288 4061">
     <span class='ocr_line' id='line_1_84' title="bbox 1701 3994 3288 4061; baseline -0.004 -8"><span class='ocrx_word' id='word_1_589' title='bbox 1701 4000 2018 4060; x_wconf 88' lang='lat' dir='ltr'><strong>strationes,</strong></span> <span class='ocrx_word' id='word_1_590' title='bbox 2074 4001 2312 4052; x_wconf 88' lang='lat' dir='ltr'><strong>animum</strong></span> <span class='ocrx_word' id='word_1_591' title='bbox 2350 3998 2398 4052; x_wconf 90' lang='lat' dir='ltr'><strong>ei</strong></span> <span class='ocrx_word' id='word_1_592' title='bbox 2451 3996 2780 4061; x_wconf 89' lang='lat' dir='ltr'><strong>attendunt;</strong></span> <span class='ocrx_word' id='word_1_593' title='bbox 2834 3994 2915 4051; x_wconf 86' lang='lat' dir='ltr'><strong>vel</strong></span> <span class='ocrx_word' id='word_1_594' title='bbox 2972 3994 3185 4060; x_wconf 85' lang='lat' dir='ltr'><strong>etiam,</strong></span> <span class='ocrx_word' id='word_1_595' title='bbox 3226 4003 3288 4048; x_wconf 90' lang='lat' dir='ltr'><strong>ut</strong></span> 
     </span>
    </p>
   </div>
   <div class='ocr_carea' id='block_1_85' title="bbox 1700 4086 3290 4159">
    <p class='ocr_par' dir='ltr' id='par_1_85' title="bbox 1700 4086 3290 4159">
     <span class='ocr_line' id='line_1_85' title="bbox 1700 4086 3290 4159; baseline -0.005 -14"><span class='ocrx_word' id='word_1_596' title='bbox 1700 4090 2017 4159; x_wconf 89' lang='lat' dir='ltr'><strong>opinantur,</strong></span> <span class='ocrx_word' id='word_1_597' title='bbox 2070 4088 2451 4159; x_wconf 89' lang='lat' dir='ltr'><strong>superstitiose</strong></span> <span class='ocrx_word' id='word_1_598' title='bbox 2500 4087 2771 4156; x_wconf 78' lang='lat' dir='ltr'><strong>falsoque,</strong></span> <span class='ocrx_word' id='word_1_599' title='bbox 2824 4100 2924 4139; x_wconf 91' lang='lat' dir='ltr'><strong>nec</strong></span> <span class='ocrx_word' id='word_1_600' title='bbox 2978 4096 3037 4138; x_wconf 90' lang='lat' dir='ltr'><strong>ut</strong></span> <span class='ocrx_word' id='word_1_601' title='bbox 3092 4086 3290 4147; x_wconf 86' lang='lat' dir='ltr'><strong>decet,</strong></span> 
     </span>
    </p>
   </div>
   <div class='ocr_carea' id='block_1_86' title="bbox 1704 4174 3288 4247">
    <p class='ocr_par' dir='ltr' id='par_1_86' title="bbox 1704 4174 3288 4247">
     <span class='ocr_line' id='line_1_86' title="bbox 1704 4174 3288 4247; baseline -0.006 -12"><span class='ocrx_word' id='word_1_602' title='bbox 1704 4181 1869 4235; x_wconf 91' lang='lat' dir='ltr'><strong>Deum</strong></span> <span class='ocrx_word' id='word_1_603' title='bbox 1901 4179 2150 4234; x_wconf 82' lang='lat' dir='ltr'><strong>adorant.</strong></span> <span class='ocrx_word' id='word_1_604' title='bbox 2196 4176 2329 4243; x_wconf 65' lang='lat' dir='ltr'><strong>Quae</strong></span> <span class='ocrx_word' id='word_1_605' title='bbox 2360 4190 2525 4247; x_wconf 89' lang='lat' dir='ltr'><strong>porro</strong></span> <span class='ocrx_word' id='word_1_606' title='bbox 2565 4192 2628 4231; x_wconf 81' lang='lat' dir='ltr'><strong>ex</strong></span> <span class='ocrx_word' id='word_1_607' title='bbox 2668 4175 2772 4230; x_wconf 82' lang='lat' dir='ltr'><strong>tide</strong></span> <span class='ocrx_word' id='word_1_608' title='bbox 2810 4176 2947 4229; x_wconf 82' lang='lat' dir='ltr'><strong>citra</strong></span> <span class='ocrx_word' id='word_1_609' title='bbox 2976 4174 3140 4230; x_wconf 84' lang='lat' dir='ltr'><strong>ullam</strong></span> <span class='ocrx_word' id='word_1_610' title='bbox 3179 4174 3288 4228; x_wconf 81' lang='lat' dir='ltr'><strong>du-</strong></span> 
     </span>
    </p>
   </div>
   <div class='ocr_carea' id='block_1_87' title="bbox 1701 4265 3291 4330">
    <p class='ocr_par' dir='ltr' id='par_1_87' title="bbox 1701 4265 3291 4330">
     <span class='ocr_line' id='line_1_87' title="bbox 1701 4265 3291 4330; baseline -0.004 -4"><span class='ocrx_word' id='word_1_611' title='bbox 1701 4269 2021 4326; x_wconf 83' lang='lat' dir='ltr'><strong>bitationem</strong></span> <span class='ocrx_word' id='word_1_612' title='bbox 2055 4271 2119 4326; x_wconf 91' lang='lat' dir='ltr'><strong>de</strong></span> <span class='ocrx_word' id='word_1_613' title='bbox 2145 4268 2264 4323; x_wconf 85' lang='lat' dir='ltr'><strong>Filii</strong></span> <span class='ocrx_word' id='word_1_614' title='bbox 2301 4268 2394 4323; x_wconf 91' lang='lat' dir='ltr'><strong>Dei</strong></span> <span class='ocrx_word' id='word_1_615' title='bbox 2436 4266 2818 4322; x_wconf 85' lang='lat' dir='ltr'><strong>incarnatione</strong></span> <span class='ocrx_word' id='word_1_616' title='bbox 2844 4265 3146 4330; x_wconf 84' lang='lat' dir='ltr'><strong>credimus.</strong></span> <span class='ocrx_word' id='word_1_617' title='bbox 3181 4265 3291 4319; x_wconf 80' lang='lat' dir='ltr'><strong>ista</strong></span> 
     </span>
    </p>
   </div>
   <div class='ocr_carea' id='block_1_88' title="bbox 1702 4358 2560 4431">
    <p class='ocr_par' dir='ltr' id='par_1_88' title="bbox 1702 4358 2560 4431">
     <span class='ocr_line' id='line_1_88' title="bbox 1702 4358 2560 4431; baseline -0.005 -15"><span class='ocrx_word' id='word_1_618' title='bbox 1702 4361 2147 4431; x_wconf 87' lang='lat' dir='ltr'><strong>compendiosius</strong></span> <span class='ocrx_word' id='word_1_619' title='bbox 2179 4358 2376 4416; x_wconf 89' lang='lat' dir='ltr'><strong>tradita</strong></span> <span class='ocrx_word' id='word_1_620' title='bbox 2408 4369 2560 4413; x_wconf 91' lang='lat' dir='ltr'><strong>sunt.</strong></span> 
     </span>
    </p>
   </div>
   <div class='ocr_carea' id='block_1_89' title="bbox 2304 4447 2687 4505">
    <p class='ocr_par' dir='ltr' id='par_1_89' title="bbox 2304 4447 2687 4505">
     <span class='ocr_line' id='line_1_89' title="bbox 2304 4447 2687 4505; baseline -0.005 0"><span class='ocrx_word' id='word_1_621' title='bbox 2304 4447 2533 4505; x_wconf 79' lang='lat' dir='ltr'><strong>CAPUT</strong></span> <span class='ocrx_word' id='word_1_622' title='bbox 2576 4447 2687 4503; x_wconf 80' lang='lat' dir='ltr'><strong>Vll.</strong></span> 
     </span>
    </p>
   </div>
   <div class='ocr_carea' id='block_1_90' title="bbox 69 4542 1599 4635">
    <p class='ocr_par' dir='ltr' id='par_1_90' title="bbox 69 4548 1599 4635">
     <span class='ocr_line' id='line_1_90' title="bbox 69 4548 1599 4635; baseline 0.016 -34"><span class='ocrx_word' id='word_1_623' title='bbox 69 4548 165 4603; x_wconf 84' lang='grc' dir='ltr'>Ἔτι</span> <span class='ocrx_word' id='word_1_624' title='bbox 192 4557 311 4622; x_wconf 74' lang='grc' dir='ltr'>περὶ</span> <span class='ocrx_word' id='word_1_625' title='bbox 342 4556 452 4627; x_wconf 82' lang='grc' dir='ltr'>τῆς</span> <span class='ocrx_word' id='word_1_626' title='bbox 492 4559 859 4629; x_wconf 81' lang='grc' dir='ltr'>σαρκώσεως</span> <span class='ocrx_word' id='word_1_627' title='bbox 902 4564 969 4618; x_wconf 84' lang='grc' dir='ltr'><strong><em>ἐκ</em></strong></span> <span class='ocrx_word' id='word_1_628' title='bbox 1024 4566 1251 4635; x_wconf 73' lang='grc' dir='ltr'>λόγων,</span> <span class='ocrx_word' id='word_1_629' title='bbox 1304 4568 1384 4633; x_wconf 85' lang='grc' dir='ltr'>ὡς</span> <span class='ocrx_word' id='word_1_630' title='bbox 1436 4570 1599 4627; x_wconf 76' lang='grc' dir='ltr'>ἐνδέ-</span> 
     </span>
    </p>
   </div>
   <div class='ocr_carea' id='block_1_91' title="bbox 1751 4542 3286 4635">
    <p class='ocr_par' dir='ltr' id='par_1_91' title="bbox 1755 4564 3286 4630">
     <span class='ocr_line' id='line_1_91' title="bbox 1755 4564 3286 4630; baseline -0.007 -6"><span class='ocrx_word' id='word_1_631' title='bbox 1755 4571 1890 4624; x_wconf 77' lang='lat' dir='ltr'><strong>dhuc</strong></span> <span class='ocrx_word' id='word_1_632' title='bbox 1911 4568 1976 4624; x_wconf 77' lang='lat' dir='ltr'><strong>de</strong></span> <span class='ocrx_word' id='word_1_633' title='bbox 2005 4566 2392 4630; x_wconf 76' lang='lat' dir='ltr'><strong>incarnatione,</strong></span> <span class='ocrx_word' id='word_1_634' title='bbox 2432 4579 2496 4619; x_wconf 81' lang='lat' dir='ltr'><strong>ea:</strong></span> <span class='ocrx_word' id='word_1_635' title='bbox 2520 4564 2786 4617; x_wconf 81' lang='lat' dir='ltr'><strong>rationum</strong></span> <span class='ocrx_word' id='word_1_636' title='bbox 2817 4570 3093 4616; x_wconf 72' lang='lat' dir='ltr'><strong>momentis</strong></span> <span class='ocrx_word' id='word_1_637' title='bbox 3126 4576 3286 4629; x_wconf 69' lang='lat' dir='ltr'><strong>quan-</strong></span> 
     </span>
    </p>
   </div>
   <div class='ocr_carea' id='block_1_92' title="bbox 712 4648 906 4700">
    <p class='ocr_par' dir='ltr' id='par_1_92' title="bbox 712 4648 906 4700">
     <span class='ocr_line' id='line_1_92' title="bbox 712 4648 906 4700; baseline 0 -15"><span class='ocrx_word' id='word_1_638' title='bbox 712 4648 906 4700; x_wconf 82' lang='grc' dir='ltr'>χεται.</span> 
     </span>
    </p>
   </div>
   <div class='ocr_carea' id='block_1_93' title="bbox 120 4713 1602 4799">
    <p class='ocr_par' dir='ltr' id='par_1_93' title="bbox 120 4713 1602 4799">
     <span class='ocr_line' id='line_1_93' title="bbox 120 4713 1602 4799; baseline 0.011 -32"><span class='ocrx_word' id='word_1_639' title='bbox 120 4713 217 4767; x_wconf 78' lang='grc' dir='ltr'><strong>ἰνα</strong></span> <span class='ocrx_word' id='word_1_640' title='bbox 242 4717 294 4770; x_wconf 78' lang='grc' dir='ltr'><strong>δὲ</strong></span> <span class='ocrx_word' id='word_1_641' title='bbox 327 4720 422 4773; x_wconf 79' lang='grc' dir='ltr'><strong>καὶ</strong></span> <span class='ocrx_word' id='word_1_642' title='bbox 451 4720 617 4790; x_wconf 84' lang='grc' dir='ltr'>λόγον</span> <span class='ocrx_word' id='word_1_643' title='bbox 663 4722 881 4795; x_wconf 72' lang='grc' dir='ltr'>ἔχωμεν</span> <span class='ocrx_word' id='word_1_644' title='bbox 918 4726 1320 4795; x_wconf 77' lang='grc' dir='ltr'>συμφωνοῦντα</span> <span class='ocrx_word' id='word_1_645' title='bbox 1362 4730 1493 4799; x_wconf 79' lang='grc' dir='ltr'>ἡμῖν</span> <span class='ocrx_word' id='word_1_646' title='bbox 1522 4733 1602 4797; x_wconf 76' lang='grc' dir='ltr'>εἰς</span> 
     </span>
    </p>
   </div>
   <div class='ocr_carea' id='block_1_94' title="bbox 66 4812 1601 4891">
    <p class='ocr_par' dir='ltr' id='par_1_94' title="bbox 66 4812 1601 4891">
     <span class='ocr_line' id='line_1_94' title="bbox 66 4812 1601 4891; baseline 0.014 -32"><span class='ocrx_word' id='word_1_647' title='bbox 66 4822 115 4858; x_wconf 79' lang='grc' dir='ltr'><strong>τι</strong></span> <span class='ocrx_word' id='word_1_648' title='bbox 138 4812 227 4865; x_wconf 72' lang='grc' dir='ltr'>ἀπὸ</span> <span class='ocrx_word' id='word_1_649' title='bbox 247 4816 341 4891; x_wconf 77' lang='grc' dir='ltr'>τῆς</span> <span class='ocrx_word' id='word_1_650' title='bbox 374 4819 638 4885; x_wconf 77' lang='grc' dir='ltr'>πίστεως,</span> <span class='ocrx_word' id='word_1_651' title='bbox 674 4823 767 4874; x_wconf 82' lang='grc' dir='ltr'><strong>καὶ</strong></span> <span class='ocrx_word' id='word_1_652' title='bbox 807 4824 894 4875; x_wconf 82' lang='grc' dir='ltr'>ἴνα</span> <span class='ocrx_word' id='word_1_653' title='bbox 925 4825 1055 4877; x_wconf 81' lang='grc' dir='ltr'>ὅταν</span> <span class='ocrx_word' id='word_1_654' title='bbox 1087 4842 1169 4887; x_wconf 87' lang='grc' dir='ltr'><strong>τις</strong></span> <span class='ocrx_word' id='word_1_655' title='bbox 1209 4826 1317 4877; x_wconf 84' lang='grc' dir='ltr'>τῶν</span> <span class='ocrx_word' id='word_1_656' title='bbox 1354 4827 1601 4881; x_wconf 83' lang='grc' dir='ltr'>ἀπίστων</span> 
     </span>
    </p>
   </div>
   <div class='ocr_carea' id='block_1_95' title="bbox 68 4900 1600 4983">
    <p class='ocr_par' dir='ltr' id='par_1_95' title="bbox 68 4900 1600 4983">
     <span class='ocr_line' id='line_1_95' title="bbox 68 4900 1600 4983; baseline 0.014 -34"><span class='ocrx_word' id='word_1_657' title='bbox 68 4900 257 4975; x_wconf 67' lang='grc' dir='ltr'><strong>ὀνειδίζῃ</strong></span> <span class='ocrx_word' id='word_1_658' title='bbox 306 4909 440 4977; x_wconf 74' lang='grc' dir='ltr'>ἡμῖν</span> <span class='ocrx_word' id='word_1_659' title='bbox 476 4910 605 4975; x_wconf 85' lang='grc' dir='ltr'><strong>Πῶς</strong></span> <span class='ocrx_word' id='word_1_660' title='bbox 646 4912 890 4983; x_wconf 81' lang='grc' dir='ltr'>λέγομεν</span> <span class='ocrx_word' id='word_1_661' title='bbox 926 4916 1005 4967; x_wconf 77' lang='grc' dir='ltr'>ὅτι</span> <span class='ocrx_word' id='word_1_662' title='bbox 1070 4915 1096 4967; x_wconf 88' lang='grc' dir='ltr'>ὁ</span> <span class='ocrx_word' id='word_1_663' title='bbox 1156 4915 1281 4978; x_wconf 83' lang='grc' dir='ltr'>Υἱὸς</span> <span class='ocrx_word' id='word_1_664' title='bbox 1326 4915 1418 4969; x_wconf 87' lang='grc' dir='ltr'><strong>τοῦ</strong></span> <span class='ocrx_word' id='word_1_665' title='bbox 1465 4916 1600 4970; x_wconf 88' lang='grc' dir='ltr'>Θεοῦ</span> 
     </span>
    </p>
   </div>
   <div class='ocr_carea' id='block_1_96' title="bbox 66 4993 1600 5077">
    <p class='ocr_par' dir='ltr' id='par_1_96' title="bbox 66 4993 1600 5077">
     <span class='ocr_line' id='line_1_96' title="bbox 66 4993 1600 5077; baseline 0.014 -35"><span class='ocrx_word' id='word_1_666' title='bbox 66 4993 306 5068; x_wconf 74' lang='grc' dir='ltr'>ἐςαρκώθη</span> <span class='ocrx_word' id='word_1_667' title='bbox 338 5003 433 5053; x_wconf 70' lang='grc' dir='ltr'><strong>καὶ</strong></span> <span class='ocrx_word' id='word_1_668' title='bbox 460 5002 722 5069; x_wconf 80' lang='grc' dir='ltr'>ἀπέθανε,</span> <span class='ocrx_word' id='word_1_669' title='bbox 762 5005 943 5072; x_wconf 86' lang='grc' dir='ltr'>λέγειν</span> <span class='ocrx_word' id='word_1_670' title='bbox 994 5006 1227 5077; x_wconf 76' lang='grc' dir='ltr'>ἔχωμεν,</span> <span class='ocrx_word' id='word_1_671' title='bbox 1269 5009 1393 5062; x_wconf 83' lang='grc' dir='ltr'>Ὅτι</span> <span class='ocrx_word' id='word_1_672' title='bbox 1449 5010 1600 5063; x_wconf 84' lang='grc' dir='ltr'>οὐδὲν</span> 
     </span>
    </p>
   </div>
   <div class='ocr_carea' id='block_1_97' title="bbox 66 5083 1602 5170">
    <p class='ocr_par' dir='ltr' id='par_1_97' title="bbox 66 5083 1602 5170">
     <span class='ocr_line' id='line_1_97' title="bbox 66 5083 1602 5170; baseline 0.012 -36"><span class='ocrx_word' id='word_1_673' title='bbox 66 5083 225 5139; x_wconf 74' lang='grc' dir='ltr'>ἄτοπον</span> <span class='ocrx_word' id='word_1_674' title='bbox 250 5090 554 5158; x_wconf 72' lang='grc' dir='ltr'>ἀκολουθεῖ,</span> <span class='ocrx_word' id='word_1_675' title='bbox 595 5095 730 5148; x_wconf 75' lang='grc' dir='ltr'><strong>ἀλλά</strong></span> <span class='ocrx_word' id='word_1_676' title='bbox 782 5098 876 5157; x_wconf 74' lang='grc' dir='ltr'>καὶ</span> <span class='ocrx_word' id='word_1_677' title='bbox 932 5098 1277 5153; x_wconf 80' lang='grc' dir='ltr'>δικαιότατον</span> <span class='ocrx_word' id='word_1_678' title='bbox 1314 5099 1409 5153; x_wconf 76' lang='grc' dir='ltr'><strong>καὶ</strong></span> <span class='ocrx_word' id='word_1_679' title='bbox 1464 5117 1602 5170; x_wconf 87' lang='grc' dir='ltr'>πρε-</span> 
     </span>
    </p>
   </div>
   <div class='ocr_carea' id='block_1_98' title="bbox 67 5180 1598 5263">
    <p class='ocr_par' dir='ltr' id='par_1_98' title="bbox 67 5180 1598 5263">
     <span class='ocr_line' id='line_1_98' title="bbox 67 5180 1598 5263; baseline 0.014 -39"><span class='ocrx_word' id='word_1_680' title='bbox 67 5180 385 5250; x_wconf 70' lang='grc' dir='ltr'>πωῐέστατον,</span> <span class='ocrx_word' id='word_1_681' title='bbox 424 5188 525 5239; x_wconf 82' lang='grc' dir='ltr'><strong>καὶ</strong></span> <span class='ocrx_word' id='word_1_682' title='bbox 560 5187 658 5239; x_wconf 76' lang='grc' dir='ltr'>οὐκ</span> <span class='ocrx_word' id='word_1_683' title='bbox 684 5189 856 5253; x_wconf 79' lang='grc' dir='ltr'>ἄλλως</span> <span class='ocrx_word' id='word_1_684' title='bbox 886 5191 993 5244; x_wconf 77' lang='grc' dir='ltr'>ἔδει</span> <span class='ocrx_word' id='word_1_685' title='bbox 1044 5192 1328 5261; x_wconf 77' lang='grc' dir='ltr'>γενέσθαι,</span> <span class='ocrx_word' id='word_1_686' title='bbox 1366 5192 1598 5263; x_wconf 85' lang='grc' dir='ltr'>λέγομεν</span> 
     </span>
    </p>
   </div>
   <div class='ocr_carea' id='block_1_99' title="bbox 66 5268 159 5336">
    <p class='ocr_par' dir='ltr' id='par_1_99' title="bbox 66 5268 159 5336">
     <span class='ocr_line' id='line_1_99' title="bbox 66 5268 159 5336; baseline 0.043 -19"><span class='ocrx_word' id='word_1_687' title='bbox 66 5268 159 5336; x_wconf 62' lang='grc' dir='ltr'>ἠδη.</span> 
     </span>
    </p>
   </div>
   <div class='ocr_carea' id='block_1_100' title="bbox 122 5354 1599 5446">
    <p class='ocr_par' dir='ltr' id='par_1_100' title="bbox 122 5354 1599 5446">
     <span class='ocr_line' id='line_1_100' title="bbox 122 5354 1599 5446; baseline 0.014 -35"><span class='ocrx_word' id='word_1_688' title='bbox 122 5363 335 5433; x_wconf 59' lang='lat' dir='ltr'><strong>mvepr</strong></span> <span class='ocrx_word' id='word_1_689' title='bbox 373 5369 535 5422; x_wconf 87' lang='grc' dir='ltr'>τοῦτο</span> <span class='ocrx_word' id='word_1_690' title='bbox 585 5374 750 5424; x_wconf 78' lang='grc' dir='ltr'>πᾶσιν</span> <span class='ocrx_word' id='word_1_691' title='bbox 797 5354 1126 5444; x_wconf 77' lang='grc' dir='ltr'>ἁνόρὼποις,</span> <span class='ocrx_word' id='word_1_692' title='bbox 1180 5376 1262 5429; x_wconf 83' lang='grc' dir='ltr'>ὅτι</span> <span class='ocrx_word' id='word_1_693' title='bbox 1307 5378 1373 5429; x_wconf 71' lang='grc' dir='ltr'><strong>τὰ</strong></span> <span class='ocrx_word' id='word_1_694' title='bbox 1406 5376 1599 5446; x_wconf 82' lang='grc' dir='ltr'>λογικά</span> 
     </span>
    </p>
   </div>
   <div class='ocr_carea' id='block_1_101' title="bbox 70 5450 1594 5536">
    <p class='ocr_par' dir='ltr' id='par_1_101' title="bbox 70 5450 1594 5536">
     <span class='ocr_line' id='line_1_101' title="bbox 70 5450 1594 5536; baseline 0.016 -38"><span class='ocrx_word' id='word_1_695' title='bbox 70 5450 229 5517; x_wconf 68' lang='grc' dir='ltr'>πάντα,</span> <span class='ocrx_word' id='word_1_696' title='bbox 255 5456 476 5523; x_wconf 77' lang='grc' dir='ltr'>ἄγγελοι</span> <span class='ocrx_word' id='word_1_697' title='bbox 510 5463 600 5512; x_wconf 72' lang='grc' dir='ltr'><strong>καὶ</strong></span> <span class='ocrx_word' id='word_1_698' title='bbox 628 5464 930 5531; x_wconf 80' lang='grc' dir='ltr'>ἄνθρωποι,</span> <span class='ocrx_word' id='word_1_699' title='bbox 964 5465 1052 5519; x_wconf 62' lang='grc' dir='ltr'>διὰ</span> <span class='ocrx_word' id='word_1_700' title='bbox 1079 5468 1235 5533; x_wconf 81' lang='grc' dir='ltr'>λόγου</span> <span class='ocrx_word' id='word_1_701' title='bbox 1266 5469 1551 5536; x_wconf 76' lang='grc' dir='ltr'>ἐνεργοῦσι</span> <span class='ocrx_word' id='word_1_702' title='bbox 1580 5486 1594 5501; x_wconf 84' lang='grc'><em>’</em></span> 
     </span>
    </p>
   </div>
   <div class='ocr_carea' id='block_1_102' title="bbox 66 5542 1597 5629">
    <p class='ocr_par' dir='ltr' id='par_1_102' title="bbox 66 5542 1597 5629">
     <span class='ocr_line' id='line_1_102' title="bbox 66 5542 1597 5629; baseline 0.015 -39"><span class='ocrx_word' id='word_1_703' title='bbox 66 5542 139 5592; x_wconf 80' lang='grc' dir='ltr'>καὶ</span> <span class='ocrx_word' id='word_1_704' title='bbox 171 5546 387 5610; x_wconf 75' lang='grc' dir='ltr'>μάλιστα</span> <span class='ocrx_word' id='word_1_705' title='bbox 436 5556 670 5623; x_wconf 73' lang='grc' dir='ltr'>φανερὸν</span> <span class='ocrx_word' id='word_1_706' title='bbox 713 5558 806 5609; x_wconf 84' lang='grc' dir='ltr'>ἐπὶ</span> <span class='ocrx_word' id='word_1_707' title='bbox 856 5559 965 5609; x_wconf 77' lang='grc' dir='ltr'>τῶν</span> <span class='ocrx_word' id='word_1_708' title='bbox 1012 5559 1310 5629; x_wconf 80' lang='grc' dir='ltr'>οἰκοδόμων</span> <span class='ocrx_word' id='word_1_709' title='bbox 1368 5563 1458 5611; x_wconf 70' lang='grc' dir='ltr'>καὶ</span> <span class='ocrx_word' id='word_1_710' title='bbox 1490 5561 1597 5613; x_wconf 62' lang='grc' dir='ltr'><strong>τῶν</strong></span> 
     </span>
    </p>
   </div>
   <div class='ocr_carea' id='block_1_103' title="bbox 66 5630 1595 5723">
    <p class='ocr_par' dir='ltr' id='par_1_103' title="bbox 66 5630 1595 5723">
     <span class='ocr_line' id='line_1_103' title="bbox 66 5630 1595 5723; baseline 0.014 -38"><span class='ocrx_word' id='word_1_711' title='bbox 66 5630 208 5687; x_wconf 67' lang='grc' dir='ltr'>ἄλλων</span> <span class='ocrx_word' id='word_1_712' title='bbox 228 5644 487 5710; x_wconf 81' lang='grc' dir='ltr'>τεχνιτῶν</span> <span class='ocrx_word' id='word_1_713' title='bbox 509 5647 744 5702; x_wconf 70' lang='grc' dir='ltr'>πάντων.</span> <span class='ocrx_word' id='word_1_714' title='bbox 764 5649 822 5702; x_wconf 88' lang='lat'><strong>&#39;0</strong></span> <span class='ocrx_word' id='word_1_715' title='bbox 851 5650 954 5719; x_wconf 82' lang='grc' dir='ltr'>γὰρ</span> <span class='ocrx_word' id='word_1_716' title='bbox 979 5651 1257 5719; x_wconf 64' lang='grc' dir='ltr'>οἰκοδόμος</span> <span class='ocrx_word' id='word_1_717' title='bbox 1286 5652 1595 5723; x_wconf 58' lang='grc' dir='ltr'>συλλαμϐά-</span> 
     </span>
    </p>
   </div>
   <div class='ocr_carea' id='block_1_104' title="bbox 123 5821 601 5889">
    <p class='ocr_par' dir='ltr' id='par_1_104' title="bbox 123 5821 601 5889">
     <span class='ocr_line' id='line_1_104' title="bbox 123 5821 601 5889; baseline 0.01 -9"><span class='ocrx_word' id='word_1_718' title='bbox 123 5821 159 5853; x_wconf 74' lang='lat'>&quot;</span> <span class='ocrx_word' id='word_1_719' title='bbox 184 5827 221 5881; x_wconf 90' lang='lat' dir='ltr'><strong>ll</strong></span> <span class='ocrx_word' id='word_1_720' title='bbox 246 5828 371 5884; x_wconf 66' lang='grc' dir='ltr'>ϐυτ.</span> <span class='ocrx_word' id='word_1_721' title='bbox 401 5839 481 5889; x_wconf 69' lang='lat' dir='ltr'><strong>X3.</strong></span> <span class='ocrx_word' id='word_1_722' title='bbox 516 5826 601 5881; x_wconf 76' lang='grc' dir='ltr'><strong>Η.</strong></span> 
     </span>
    </p>
   </div>
   <div class='ocr_carea' id='block_1_105' title="bbox 2162 4637 3151 4703">
    <p class='ocr_par' dir='ltr' id='par_1_105' title="bbox 2162 4637 3151 4703">
     <span class='ocr_line' id='line_1_105' title="bbox 2162 4637 3151 4703; baseline -0.008 -12"><span class='ocrx_word' id='word_1_723' title='bbox 2162 4670 2171 4675; x_wconf 82' lang='lat'><strong><em>-</em></strong></span> <span class='ocrx_word' id='word_1_724' title='bbox 2251 4647 2363 4691; x_wconf 80' lang='lat' dir='ltr'><strong>tum</strong></span> <span class='ocrx_word' id='word_1_725' title='bbox 2398 4653 2475 4689; x_wconf 66' lang='lat' dir='ltr'><strong>res</strong></span> <span class='ocrx_word' id='word_1_726' title='bbox 2508 4637 2732 4703; x_wconf 79' lang='lat' dir='ltr'><strong>patitur.</strong></span> <span class='ocrx_word' id='word_1_727' title='bbox 3146 4676 3151 4683; x_wconf 92' lang='lat'><em>.</em></span> 
     </span>
    </p>
   </div>
   <div class='ocr_carea' id='block_1_106' title="bbox 1769 4721 3289 4794">
    <p class='ocr_par' dir='ltr' id='par_1_106' title="bbox 1769 4721 3289 4794">
     <span class='ocr_line' id='line_1_106' title="bbox 1769 4721 3289 4794; baseline -0.007 -8"><span class='ocrx_word' id='word_1_728' title='bbox 1769 4731 1834 4786; x_wconf 91' lang='lat' dir='ltr'><strong>Ut</strong></span> <span class='ocrx_word' id='word_1_729' title='bbox 1865 4746 1991 4785; x_wconf 86' lang='lat' dir='ltr'><strong>vero</strong></span> <span class='ocrx_word' id='word_1_730' title='bbox 2023 4732 2187 4785; x_wconf 82' lang='lat' dir='ltr'><strong>etiam</strong></span> <span class='ocrx_word' id='word_1_731' title='bbox 2221 4728 2487 4782; x_wconf 91' lang='lat' dir='ltr'><strong>rationem</strong></span> <span class='ocrx_word' id='word_1_732' title='bbox 2525 4727 2576 4779; x_wconf 93' lang='lat' dir='ltr'><strong>in</strong></span> <span class='ocrx_word' id='word_1_733' title='bbox 2628 4726 2737 4780; x_wconf 88' lang='lat' dir='ltr'><strong>illis</strong></span> <span class='ocrx_word' id='word_1_734' title='bbox 2770 4738 2892 4794; x_wconf 67' lang='lat' dir='ltr'><strong>qua:</strong></span> <span class='ocrx_word' id='word_1_735' title='bbox 2931 4733 3058 4779; x_wconf 88' lang='lat' dir='ltr'><strong>sunt</strong></span> <span class='ocrx_word' id='word_1_736' title='bbox 3089 4723 3153 4775; x_wconf 91' lang='lat' dir='ltr'><strong>de</strong></span> <span class='ocrx_word' id='word_1_737' title='bbox 3183 4721 3289 4775; x_wconf 78' lang='lat' dir='ltr'><strong>t‘n’e</strong></span> 
     </span>
    </p>
   </div>
   <div class='ocr_carea' id='block_1_107' title="bbox 1700 4813 3289 4881">
    <p class='ocr_par' dir='ltr' id='par_1_107' title="bbox 1700 4813 3289 4881">
     <span class='ocr_line' id='line_1_107' title="bbox 1700 4813 3289 4881; baseline -0.007 -6"><span class='ocrx_word' id='word_1_738' title='bbox 1700 4823 1859 4878; x_wconf 83' lang='lat' dir='ltr'><strong>nobis</strong></span> <span class='ocrx_word' id='word_1_739' title='bbox 1890 4822 2319 4876; x_wconf 87' lang='lat' dir='ltr'><strong>consentientem</strong></span> <span class='ocrx_word' id='word_1_740' title='bbox 2360 4818 2679 4881; x_wconf 82' lang='lat' dir='ltr'><strong>habeamus,</strong></span> <span class='ocrx_word' id='word_1_741' title='bbox 2719 4826 2776 4871; x_wconf 90' lang='lat' dir='ltr'><strong>et</strong></span> <span class='ocrx_word' id='word_1_742' title='bbox 2824 4826 2878 4870; x_wconf 87' lang='grc' dir='ltr'><strong>ιιι</strong></span> <span class='ocrx_word' id='word_1_743' title='bbox 2934 4831 3056 4867; x_wconf 74' lang='lat' dir='ltr'><strong>cum</strong></span> <span class='ocrx_word' id='word_1_744' title='bbox 3097 4813 3289 4865; x_wconf 80' lang='lat' dir='ltr'><strong>inlide-</strong></span> 
     </span>
    </p>
   </div>
   <div class='ocr_carea' id='block_1_108' title="bbox 1701 4903 3281 4982">
    <p class='ocr_par' dir='ltr' id='par_1_108' title="bbox 1701 4903 3281 4982">
     <span class='ocr_line' id='line_1_108' title="bbox 1701 4903 3281 4982; baseline -0.01 -13"><span class='ocrx_word' id='word_1_745' title='bbox 1701 4916 1831 4969; x_wconf 89' lang='lat' dir='ltr'><strong>lium</strong></span> <span class='ocrx_word' id='word_1_746' title='bbox 1866 4913 2068 4982; x_wconf 87' lang='lat' dir='ltr'><strong>aliquis</strong></span> <span class='ocrx_word' id='word_1_747' title='bbox 2107 4908 2547 4979; x_wconf 79' lang='lat' dir='ltr'><strong>exprobravet-it,</strong></span> <span class='ocrx_word' id='word_1_748' title='bbox 2596 4907 2882 4974; x_wconf 87' lang='lat' dir='ltr'><strong>Quomodo</strong></span> <span class='ocrx_word' id='word_1_749' title='bbox 2933 4904 3025 4958; x_wconf 87' lang='lat' dir='ltr'><strong>Dei</strong></span> <span class='ocrx_word' id='word_1_750' title='bbox 3083 4903 3281 4956; x_wconf 80' lang='lat' dir='ltr'><strong>Filium</strong></span> 
     </span>
    </p>
   </div>
   <div class='ocr_carea' id='block_1_109' title="bbox 1702 5000 3287 5071">
    <p class='ocr_par' dir='ltr' id='par_1_109' title="bbox 1702 5000 3287 5071">
     <span class='ocr_line' id='line_1_109' title="bbox 1702 5000 3287 5071; baseline -0.01 -13"><span class='ocrx_word' id='word_1_751' title='bbox 1702 5008 2044 5060; x_wconf 86' lang='lat' dir='ltr'><strong>incarnatum</strong></span> <span class='ocrx_word' id='word_1_752' title='bbox 2078 5016 2241 5071; x_wconf 72' lang='lat' dir='ltr'><strong>atque</strong></span> <span class='ocrx_word' id='word_1_753' title='bbox 2278 5014 2550 5056; x_wconf 86' lang='lat' dir='ltr'><strong>mortuum</strong></span> <span class='ocrx_word' id='word_1_754' title='bbox 2581 5016 2702 5055; x_wconf 84' lang='lat' dir='ltr'><strong>esse</strong></span> <span class='ocrx_word' id='word_1_755' title='bbox 2738 5000 3024 5061; x_wconf 83' lang='lat' dir='ltr'><strong>dicamus;</strong></span> <span class='ocrx_word' id='word_1_756' title='bbox 3060 5010 3287 5063; x_wconf 80' lang='lat' dir='ltr'><strong>respou-</strong></span> 
     </span>
    </p>
   </div>
   <div class='ocr_carea' id='block_1_110' title="bbox 1702 5090 3367 5167">
    <p class='ocr_par' dir='ltr' id='par_1_110' title="bbox 1702 5090 3367 5167">
     <span class='ocr_line' id='line_1_110' title="bbox 1702 5090 3367 5167; baseline -0.01 -14"><span class='ocrx_word' id='word_1_757' title='bbox 1702 5107 1830 5153; x_wconf 83' lang='lat' dir='ltr'><strong>dere</strong></span> <span class='ocrx_word' id='word_1_758' title='bbox 1854 5098 2126 5167; x_wconf 62' lang='lat' dir='ltr'><strong>possimus</strong></span> <span class='ocrx_word' id='word_1_759' title='bbox 2162 5112 2174 5147; x_wconf 88' lang='lat'><strong>:</strong></span> <span class='ocrx_word' id='word_1_760' title='bbox 2203 5095 2410 5146; x_wconf 87' lang='lat' dir='ltr'><strong>nullum</strong></span> <span class='ocrx_word' id='word_1_761' title='bbox 2443 5095 2566 5145; x_wconf 66' lang='grc' dir='ltr'>ιιιίιι·</span> <span class='ocrx_word' id='word_1_762' title='bbox 2598 5092 2895 5147; x_wconf 79' lang='lat' dir='ltr'><strong>absurdum</strong></span> <span class='ocrx_word' id='word_1_763' title='bbox 2926 5093 3118 5158; x_wconf 77' lang='lat' dir='ltr'><strong>sequi;</strong></span> <span class='ocrx_word' id='word_1_764' title='bbox 3151 5090 3284 5155; x_wconf 72' lang='lat' dir='ltr'><strong>quin</strong></span> <span class='ocrx_word' id='word_1_765' title='bbox 3360 5108 3367 5117; x_wconf 90' lang='lat'><strong><em>-</em></strong></span> 
     </span>
    </p>
   </div>
   <div class='ocr_carea' id='block_1_111' title="bbox 1714 5184 3286 5257">
    <p class='ocr_par' dir='ltr' id='par_1_111' title="bbox 1714 5184 3286 5257">
     <span class='ocr_line' id='line_1_111' title="bbox 1714 5184 3286 5257; baseline -0.008 -14"><span class='ocrx_word' id='word_1_766' title='bbox 1714 5189 1854 5245; x_wconf 87' lang='lat' dir='ltr'><strong>istud</strong></span> <span class='ocrx_word' id='word_1_767' title='bbox 1892 5199 2005 5244; x_wconf 84' lang='lat' dir='ltr'><strong>tum</strong></span> <span class='ocrx_word' id='word_1_768' title='bbox 2049 5188 2416 5257; x_wconf 80' lang='lat' dir='ltr'><strong>justiSsimum</strong></span> <span class='ocrx_word' id='word_1_769' title='bbox 2449 5202 2570 5239; x_wconf 81' lang='lat' dir='ltr'><strong>esse</strong></span> <span class='ocrx_word' id='word_1_770' title='bbox 2621 5195 2733 5237; x_wconf 90' lang='lat' dir='ltr'><strong>tum</strong></span> <span class='ocrx_word' id='word_1_771' title='bbox 2786 5184 3235 5237; x_wconf 78' lang='lat' dir='ltr'><strong>decentissimum</strong></span> <span class='ocrx_word' id='word_1_772' title='bbox 3268 5219 3286 5241; x_wconf 90' lang='lat'><strong>,</strong></span> 
     </span>
    </p>
   </div>
   <div class='ocr_carea' id='block_1_112' title="bbox 1705 5280 3074 5354">
    <p class='ocr_par' dir='ltr' id='par_1_112' title="bbox 1705 5280 3074 5354">
     <span class='ocr_line' id='line_1_112' title="bbox 1705 5280 3074 5354; baseline -0.007 -14"><span class='ocrx_word' id='word_1_773' title='bbox 1705 5302 1803 5340; x_wconf 82' lang='lat' dir='ltr'><strong>nec</strong></span> <span class='ocrx_word' id='word_1_774' title='bbox 1836 5301 1945 5338; x_wconf 87' lang='lat' dir='ltr'><strong>rem</strong></span> <span class='ocrx_word' id='word_1_775' title='bbox 1976 5285 2128 5338; x_wconf 85' lang='lat' dir='ltr'><strong>aliter</strong></span> <span class='ocrx_word' id='word_1_776' title='bbox 2167 5284 2281 5354; x_wconf 83' lang='lat' dir='ltr'><strong>geri</strong></span> <span class='ocrx_word' id='word_1_777' title='bbox 2315 5283 2589 5346; x_wconf 82' lang='lat' dir='ltr'><strong>debuisse,</strong></span> <span class='ocrx_word' id='word_1_778' title='bbox 2626 5282 2786 5334; x_wconf 70' lang='lat' dir='ltr'><strong>etiam</strong></span> <span class='ocrx_word' id='word_1_779' title='bbox 2819 5280 3074 5333; x_wconf 59' lang='lat' dir='ltr'><strong>dit-intus.</strong></span> 
     </span>
    </p>
   </div>
   <div class='ocr_carea' id='block_1_113' title="bbox 1778 5371 3282 5433">
    <p class='ocr_par' dir='ltr' id='par_1_113' title="bbox 1778 5371 3282 5433">
     <span class='ocr_line' id='line_1_113' title="bbox 1778 5371 3282 5433; baseline -0.008 -2"><span class='ocrx_word' id='word_1_780' title='bbox 1778 5379 2005 5431; x_wconf 81' lang='lat' dir='ltr'><strong>Cunctis</strong></span> <span class='ocrx_word' id='word_1_781' title='bbox 2059 5376 2410 5429; x_wconf 82' lang='lat' dir='ltr'><strong>manifestum</strong></span> <span class='ocrx_word' id='word_1_782' title='bbox 2452 5378 2773 5429; x_wconf 76' lang='lat' dir='ltr'><strong>tnot&#39;ta&#39;ibus</strong></span> <span class='ocrx_word' id='word_1_783' title='bbox 2821 5383 2926 5433; x_wconf 72' lang='lat' dir='ltr'><strong>est.</strong></span> <span class='ocrx_word' id='word_1_784' title='bbox 2964 5371 3147 5424; x_wconf 85' lang='lat' dir='ltr'><strong>omnia</strong></span> <span class='ocrx_word' id='word_1_785' title='bbox 3192 5383 3282 5420; x_wconf 86' lang='lat' dir='ltr'><strong>ra-</strong></span> 
     </span>
    </p>
   </div>
   <div class='ocr_carea' id='block_1_114' title="bbox 1712 5464 3285 5540">
    <p class='ocr_par' dir='ltr' id='par_1_114' title="bbox 1712 5464 3285 5540">
     <span class='ocr_line' id='line_1_114' title="bbox 1712 5464 3285 5540; baseline -0.008 -15"><span class='ocrx_word' id='word_1_786' title='bbox 1712 5474 1859 5525; x_wconf 85' lang='lat' dir='ltr'><strong>tione</strong></span> <span class='ocrx_word' id='word_1_787' title='bbox 1901 5472 2124 5539; x_wconf 49' lang='lat' dir='ltr'><strong>pt’mllita</strong></span> <span class='ocrx_word' id='word_1_788' title='bbox 2169 5470 2415 5540; x_wconf 74' lang='lat' dir='ltr'><strong>(angelus</strong></span> <span class='ocrx_word' id='word_1_789' title='bbox 2449 5471 2660 5524; x_wconf 73' lang='lat' dir='ltr'><strong>scilicet</strong></span> <span class='ocrx_word' id='word_1_790' title='bbox 2688 5480 2848 5538; x_wconf 84' lang='lat' dir='ltr'><strong>atque</strong></span> <span class='ocrx_word' id='word_1_791' title='bbox 2880 5464 3149 5531; x_wconf 72' lang='lat' dir='ltr'><strong>homines)</strong></span> <span class='ocrx_word' id='word_1_792' title='bbox 3191 5475 3285 5531; x_wconf 75' lang='lat' dir='ltr'><strong>per</strong></span> 
     </span>
    </p>
   </div>
   <div class='ocr_carea' id='block_1_115' title="bbox 1712 5556 3285 5630">
    <p class='ocr_par' dir='ltr' id='par_1_115' title="bbox 1712 5556 3285 5630">
     <span class='ocr_line' id='line_1_115' title="bbox 1712 5556 3285 5630; baseline -0.003 -18"><span class='ocrx_word' id='word_1_793' title='bbox 1712 5564 1975 5615; x_wconf 83' lang='lat' dir='ltr'><strong>tationem</strong></span> <span class='ocrx_word' id='word_1_794' title='bbox 2016 5564 2271 5630; x_wconf 86' lang='lat' dir='ltr'><strong>operari;</strong></span> <span class='ocrx_word' id='word_1_795' title='bbox 2301 5577 2363 5615; x_wconf 84' lang='lat' dir='ltr'><strong>ac</strong></span> <span class='ocrx_word' id='word_1_796' title='bbox 2394 5562 2715 5626; x_wconf 75' lang='lat' dir='ltr'><strong>cumprimis</strong></span> <span class='ocrx_word' id='word_1_797' title='bbox 2746 5576 2830 5612; x_wconf 85' lang='lat' dir='ltr'><strong>res</strong></span> <span class='ocrx_word' id='word_1_798' title='bbox 2878 5558 2928 5610; x_wconf 87' lang='lat' dir='ltr'><strong>in</strong></span> <span class='ocrx_word' id='word_1_799' title='bbox 2967 5556 3074 5611; x_wconf 85' lang='lat' dir='ltr'><strong>illis</strong></span> <span class='ocrx_word' id='word_1_800' title='bbox 3107 5556 3285 5608; x_wconf 83' lang='lat' dir='ltr'><strong>mani-</strong></span> 
     </span>
    </p>
   </div>
   <div class='ocr_carea' id='block_1_116' title="bbox 1716 5650 3287 5724">
    <p class='ocr_par' dir='ltr' id='par_1_116' title="bbox 1716 5650 3287 5724">
     <span class='ocr_line' id='line_1_116' title="bbox 1716 5650 3287 5724; baseline -0.003 -18"><span class='ocrx_word' id='word_1_801' title='bbox 1716 5660 1844 5707; x_wconf 58' lang='lat' dir='ltr'><strong>li&#39;sta</strong></span> <span class='ocrx_word' id='word_1_802' title='bbox 1875 5668 1975 5714; x_wconf 73' lang='lat' dir='ltr'><strong>est,</strong></span> <span class='ocrx_word' id='word_1_803' title='bbox 2012 5655 2103 5724; x_wconf 81' lang='lat' dir='ltr'><strong>qui</strong></span> <span class='ocrx_word' id='word_1_804' title='bbox 2151 5656 2295 5708; x_wconf 46' lang='lat' dir='ltr'><strong>uales</strong></span> <span class='ocrx_word' id='word_1_805' title='bbox 2326 5655 2596 5707; x_wconf 58' lang='lat' dir='ltr'><strong>nidiﬁcant</strong></span> <span class='ocrx_word' id='word_1_806' title='bbox 2621 5693 2637 5718; x_wconf 95' lang='lat'><strong>,</strong></span> <span class='ocrx_word' id='word_1_807' title='bbox 2670 5668 2732 5705; x_wconf 83' lang='lat' dir='ltr'><strong>ac</strong></span> <span class='ocrx_word' id='word_1_808' title='bbox 2775 5650 2999 5720; x_wconf 79' lang='lat' dir='ltr'><strong>reliquis</strong></span> <span class='ocrx_word' id='word_1_809' title='bbox 3029 5650 3287 5703; x_wconf 83' lang='lat' dir='ltr'><strong>omnibus</strong></span> 
     </span>
    </p>
   </div>
  </div>
