3892 6544
503 381 603 452 6H

1773 373 2170 436 MANUELIS
2202 341 2507 463 C_ALEC/E
3391 460 3409 472 ο
3649 369 3739 433 (ita

501 520 829 577 artificibus.
856 520 1207 576 Arcltitcctus
1233 519 1381 575 enim
1402 515 1859 574 exslruendarum
1888 515 2086 569 aedium

2200 530 2274 567 νει
2297 514 2356 567 ὲν
2384 512 2461 582 τῷ
2485 507 2683 564 ἑαυτοῦ
2709 507 2784 580 νῷ
2802 508 2864 563 τδ
2892 504 3029 571 εἶδος
3053 506 3147 563 καὶ
3166 506 3268 578 τὴν
3288 505 3438 559 θέσιν
3462 504 3557 576 τῆς
3579 508 3733 576 culo-3.

500 611 736 667 formam
772 611 1049 682 situmque
1091 620 1275 665 mente
1325 624 1423 673 sua
1469 607 1747 679 concipit;
1799 606 1989 676 sicque
2023 621 2086 659 ac

504 705 667 757 talem
702 703 927 757 domum
962 702 1338 758 adificandam
1370 706 1554 755 animo
1582 700 1856 770 designat,
1886 699 2086 767 illaque

503 796 806 848 instructus
837 794 1048 847 ratione
1073 791 1330 849 aediﬁcat.
1367 792 1446 847 Ac
1474 805 1694 857 rursus,
1726 803 1788 843 ea
1819 802 1949 845 casu
1983 786 2086 840 ali-

501 900 612 955 quo
651 885 944 951 dissoluta,
983 900 1081 957 per
1119 885 1367 939 eamdem
1399 897 1506 953 qua
1539 882 1697 953 prius
1735 878 2091 944 considerat,

502 992 567 1032 ac
601 976 904 1031 secundum
925 976 1174 1032 eamdem
1202 975 1470 1030 rationem
1509 974 1821 1037 instaurat;
1852 973 1898 1028 si
1924 971 2088 1025 modo

504 1069 578 1122 ita
612 1070 799 1123 animo
840 1074 1192 1135 comparatus
1225 1072 1329 1131 est,
1367 1073 1429 1118 ut
1452 1064 1698 1120 eamdem
1734 1064 1785 1118 iu
1833 1064 2090 1119 omnibus

504 1176 629 1215 cum
656 1163 841 1230 priore
860 1158 1047 1227 illique
1070 1157 1304 1213 similem
1329 1156 1554 1212 domum
1584 1158 1710 1212 velit
1736 1155 2087 1211 reaediticare.

505 1252 633 1307 Rrec
667 1262 848 1307 autem
882 1252 1025 1305 ratio
1054 1267 1153 1307 seu
1204 1264 1389 1307 sermo
1445 1239 1679 1305 interior
1722 1248 1923 1304 dicitur
1955 1248 2091 1304 resi-

505 1342 753 1410 densque
792 1341 847 1397 in
899 1342 1121 1407 animo;
1172 1354 1234 1395 ac
1282 1354 1393 1409 pm
1440 1339 1689 1409 reliquis,
1720 1338 1797 1392 uti
1826 1337 2087 1404 diximus,

508 1432 598 1485 Dei
636 1431 919 1487 Sermonis
950 1417 1045 1487 seu
1077 1428 1243 1484 Verbi
1275 1429 1456 1501 imago
1483 1438 1589 1486 est.
1618 1427 1725 1483 Per
1755 1428 1901 1483 hunc
1930 1427 2079 1482 enim

507 1525 587 1579 sic
630 1524 683 1577 in
744 1524 927 1579 animo
982 1522 1310 1578 residentem
1353 1534 1661 1578 sermonem
1711 1534 1777 1575 ac
1827 1518 2090 1575 rationem

507 1617 802 1673 rationales
831 1617 1089 1681 dicimur,
1138 1615 1255 1671 sive
1290 1614 1619 1680 dormimus,
1653 1612 1768 1668 sive
1797 1621 2046 1668 tacemus
2076 1627 2092 1677 ;

2189 623 2290 674 σης
2308 606 2510 668 οἰκίας,
2530 605 2613 657 ὅτι
2638 602 2817 656 τοιάδε
2842 619 2926 664 τις
2948 602 3044 654 καὶ
3075 600 3259 655 τοιάδε
3284 599 3548 671 προσήκει
3565 600 3745 652 οἰκοδε-

2190 698 2459 769 μηθῆναι,
2477 697 2573 751 καὶ
2602 696 2671 751 δι’
2697 695 2909 749 ἐκείνου
2941 695 3036 748 τοῦ
3064 694 3230 762 λόγου
3259 692 3465 761 ταύτην
3483 674 3745 761 οἱιὶοδομεῖ,

2187 784 2250 844 οῦ
2281 790 2379 843 καὶ
2410 790 2678 860 πρότερον
2712 789 2807 841 καὶ
2838 787 2981 841 κατὰ
3009 786 3101 839 τὸν
3131 784 3301 839 αὑτὸν
3332 784 3510 852 λόγον,
3551 786 3596 837 εἰ
3627 786 3749 837 κατὰ

2191 884 2373 939 πάντα
2393 882 2493 955 τὴν
2523 881 2696 953 αὐτὴν
2717 882 2897 935 οἰκίαν
2923 881 2990 949 τῇ
3028 877 3277 950 προτέρᾳ
3310 874 3406 929 διαὶ
3434 874 3619 945 ὁμοίαν
3643 875 3751 947 βού-

2191 975 2346 1030 λεται
2375 973 2875 1043 άνοικοδομεῐνὲὈ
2905 971 2959 1023 δὲ
2988 969 3235 1032 τοιοῦτος
3272 968 3430 1033 λόγος
3456 965 3659 1035 λέγεται
3684 969 3732 1019 ὲν

2190 1064 2461 1127 διάθετος·
2489 1063 2546 1127 ὃς
2577 1064 2674 1117 καὶ
2701 1061 2903 1132 μᾶλλον
2925 1059 3036 1113 τῶν
3080 1059 3262 1113 ἄλλων
3292 1057 3459 1111 εἰκών
3491 1058 3647 1121 ἔστιν,
3688 1058 3750 1122 ὡς

2192 1158 2434 1226 εἴρηται,
2468 1155 2562 1208 τοῦ
2596 1155 2773 1220 Λόγου
2805 1152 2901 1206 τδῦ
2926 1152 3086 1206 Θεοῦ.
3121 1150 3286 1205 Κατὰ
3328 1148 3518 1204 τοῦτον
3556 1148 3653 1219 γὰρ
3676 1153 3750 1202 τθιν

2192 1248 2499 1303 ἐνδιάθετον
2526 1248 2688 1316 λόγον
2720 1246 2816 1302 καὶ
2844 1245 3056 1315 λογικοὶ⁸
3082 1242 3381 1314 λεγόμεθα,
3423 1243 3533 1295 εἴτε
3579 1243 3752 1312 κοιμώ-

2196 1341 2369 1411 μεθα,
2408 1340 2520 1393 εἴτε
2572 1337 2893 1408 σιωπῶμεν,
2949 1336 3009 1389 οὐ
3064 1338 3209 1388 κατὰ
3261 1333 3356 1387 τὸν
3406 1334 3749 1404 προφορικόνο

2191 1426 2351 1498 οὗτος
2390 1433 2501 1504 γὰρ
2529 1431 2631 1487 οὐκ
2656 1429 2743 1486 ἀεί
2773 1431 2916 1484 ἐστι.
2941 1428 3133 1496 Πολλῷ
3162 1425 3260 1483 οὖν
3286 1429 3315 1481 ό
3339 1427 3635 1491 ἐνδιάθετος
3657 1430 3753 1481 ἐστι

2191 1525 2287 1579 τοῦ
2320 1521 2664 1595 προφορικοῦ
2718 1521 3074 1593 τιμιώτερος,
3129 1520 3189 1584 δς
3236 1518 3327 1573 διὰ
3385 1520 3636 1591 ῥημάτων
3676 1524 3754 1573 καὶ

2192 1616 2478 1686 ὀνομάτων
2504 1613 2705 1681 ἔξωθεν
2734 1614 3093 1685 προφέρεται.
3125 1606 3303 1675 Οὗτος
3334 1612 3445 1682 γὰρ
3472 1609 3539 1665 δι’
3572 1613 3751 1665 ἐκεῖνον

508 1726 617 1764 non
654 1726 750 1780 per
783 1725 907 1766 eum
942 1710 1033 1779 qui
1087 1725 1184 1767 ore
1216 1708 1514 1779 profertur.
1567 1706 1668 1763 Hic
1714 1706 1859 1762 enim
1909 1720 2094 1761 sermo

2200 1709 2539 1774 συνίσταται,
2574 1708 2670 1761 καὶ
2695 1708 2901 1778 τρόπον
2930 1707 3053 1759 τινὰ
3085 1704 3442 1775 συμϐεϐηκός
3464 1706 3608 1757 ἐστιν
3636 1706 3753 1761 ἐκεί-

507 1818 614 1856 non
646 1817 861 1872 semper
887 1811 992 1858 est.
1027 1803 1219 1858 Sermo
1260 1801 1430 1871 igitur
1474 1800 1707 1855 interior
1735 1809 1791 1854 et
1818 1800 1872 1854 in
1908 1798 2094 1854 animo

2200 1818 2292 1871 νῳ.
2324 1799 2423 1853 Διὰ
2448 1798 2615 1853 τοῦτο
2638 1798 2700 1852 οὐ
2746 1797 3008 1852 τοσοῦτόν
3037 1798 3188 1851 ἐστιν
3227 1797 3433 1859 οέκεῖος
3461 1796 3489 1847 ό
3523 1812 3755 1866 προφορι·

506 1896 753 1950 residens
791 1894 949 1962 longe
993 1895 1233 1951 nobilior
1261 1909 1519 1952 sermone
1554 1894 1831 1964 prolatitio
1863 1902 1967 1960 est,
1996 1886 2094 1963 qui

2200 1868 2294 1955 κδς
2322 1891 2484 1959 λόγος
2508 1890 2587 1954 είς
2616 1890 2972 1961 παράδειγμα
3010 1890 3106 1943 καὶ
3154 1889 3345 1942 εἰκόνα
3373 1905 3404 1941 τ
3422 1886 3467 1940 .ῦ
3496 1889 3655 1956 Λόγου
3677 1888 3756 1942 τοῦ

511 1986 721 2042 scilicet
748 2002 845 2057 per
880 1986 1043 2041 verba
1085 1986 1333 2057 quaedam
1370 1997 1533 2057 atque
1571 1987 1792 2042 nomina
1848 1987 2091 2042 exterius

507 2079 803 2149 profertur.
833 2078 933 2133 llic
962 2080 1109 2134 enim
1142 2087 1364 2150 propter
1389 2080 1542 2134 illum
1568 2079 1842 2143 consistit,
1864 2093 1927 2134 ac
1955 2095 2091 2149 quo-

505 2169 799 2227 dammodo
825 2170 905 2225 illi
934 2171 1193 2226 accidens
1226 2169 1461 2226 exsistit.
1514 2166 1763 2241 Hincque
1797 2169 1931 2225 adeo
1987 2170 2045 2224 fit
2073 2208 2089 2233 ,

507 2274 567 2319 ut
606 2279 714 2318 non
747 2264 831 2319 sic
874 2275 1001 2331 apte
1035 2279 1099 2318 ac
1148 2264 1536 2319 convenienter
1570 2264 1876 2333 prolatitius
1909 2278 2092 2318 sermo

505 2357 562 2410 in
598 2355 909 2424 exemplum
936 2367 1253 2411 assumatur
1284 2370 1347 2410 ac
1377 2355 1735 2410 simulacrum
1768 2354 1938 2409 divini
1972 2351 2094 2409 Ser-

506 2448 686 2503 monis
725 2463 821 2503 seu
860 2446 1059 2514 Verbi;
1095 2448 1190 2502 sed
1220 2456 1275 2502 ut
1302 2448 1485 2515 potius
1515 2447 1610 2517 qui
1640 2447 1695 2500 in
1726 2447 1914 2501 animo
1947 2446 2090 2502 resi-

503 2542 618 2606 det,
643 2541 814 2608 utqui
855 2540 1092 2594 nobilior
1121 2538 1212 2594 sit.
1244 2538 1377 2593 Nam
1406 2539 1570 2594 etiam
1607 2538 1872 2595 debemus
1906 2540 2086 2595 divina

504 2641 901 2701 repraesentare
953 2647 1022 2686 ex
1056 2632 1147 2697 iis,
1174 2647 1407 2702 quorum
1455 2632 1628 2702 major
1657 2632 1973 2703 praestantia
1998 2634 2089 2689 sit.

506 2723 657 2778 Niltil
690 2739 858 2793 porro
888 2724 941 2778 in
979 2724 1178 2779 creatis
1214 2734 1391 2779 mente
1421 2733 1607 2779 nostra
1633 2764 1647 2788 ,
1678 2724 1734 2779 in
1769 2732 2095 2796 eaque‘ser-

509 2828 673 2868 mane
706 2829 769 2867 ac
801 2815 968 2868 verbo
999 2829 1092 2869 seu
1138 2813 1352 2868 ratione
1373 2854 1387 2876 .
1423 2816 1772 2881 przestantius
1806 2809 2049 2870 occurrit
2076 2831 2091 2881 ;

510 2907 657 2961 unde
689 2907 852 2960 etiam
887 2906 1054 2975 hujus
1089 2907 1303 2961 ratione
1339 2907 1502 2961 immo
1533 2907 1732 2963 dicitur
1759 2908 1939 2980 imago
1977 2908 2092 2965 Dei.

511 2998 903 3070 Verumtamen
939 2998 1026 3053 hic
1052 3012 1271 3068 quoque
1306 2999 1459 3053 valde
1503 3016 1532 3053 a
1588 3000 1678 3055 Dei
1736 3001 2000 3055 Sermone
2030 3016 2095 3056 ac

479 3090 696 3147 ~Verbo
724 3091 928 3147 deficit.
962 3091 1055 3146 Dei
1089 3094 1236 3145 enim
1272 3091 1468 3146 Sermo
1500 3093 1616 3160 ipse
1645 3108 1770 3148 vere
1818 3095 2093 3149 cxsistens

508 3201 573 3242 ac
622 3186 809 3241 eﬂicax
866 3194 985 3251 est;
1032 3185 1086 3240 in
1135 3186 1321 3240 animo
1352 3192 1535 3239 autem
1587 3187 1856 3250 residens,
1893 3190 2092 3244 mentis

509 3278 767 3332 accidens
816 3288 919 3334 est.
975 3278 1053 3332 Ex
1090 3277 1156 3333 iis
1188 3278 1334 3332 enim
1366 3294 1488 3348 quae
1521 3278 1697 3334 oculis
1733 3279 1984 3334 videntur
2019 3296 2085 3337 ac

508 3380 689 3424 mente
731 3370 1128 3440 intelliguntur,
1160 3384 1358 3426 sensus
1401 3385 1567 3441 opera
1617 3373 1782 3425 menti
1822 3371 2087 3441 advenit;

509 3460 755 3527 quandiu
809 3461 1020 3515 scilicet
1062 3472 1315 3515 versatur
1350 3462 1404 3514 in
1452 3474 1685 3529 corpore
1735 3461 1924 3531 illique
1963 3478 2092 3518 cun-

507 3551 699 3618 jnncta
736 3562 841 3607 est.
879 3552 1089 3607 ldcirco
1113 3553 1278 3606 etiam
1312 3550 1667 3621 imperfectus
1695 3563 1802 3615 est,
1837 3554 1931 3623 qui
1965 3570 2095 3624 pau-

2198 1984 2336 2038 Θεοῦ
2375 1983 2781 2054 λαμϐάνεσθαι,
2836 1983 2975 2037 ἀλλὰ
3023 1982 3231 2053 μᾶλλον
3278 1982 3310 2034 ό
3355 1981 3651 2044 ἐνδιάθετος
3695 1981 3753 2044 ὼς

2198 2060 2554 2147 τιμιώτεροςο
2583 2075 2707 2128 ἐπεὶ
2736 2076 2834 2129 καὶ
2873 2074 2983 2131 ἀπὸ
3013 2074 3125 2127 τῶν
3176 2073 3528 2144 τιμιωτέρων
3568 2072 3751 2143 ὀφείλοο

2203 2186 2306 2240 μεν
2332 2169 2401 2222 τὰ
2425 2168 2549 2221 θεία
2600 2167 2913 2233 εἰκονίζειν.
2972 2166 3324 2237 Τιμιώτερον
3360 2164 3415 2218 δὲ
3447 2164 3540 2217 τοῦ
3565 2165 3619 2216 ὲν
3645 2165 3753 2235 ἡμῖν

2200 2261 2294 2315 νοῦ
2327 2262 2424 2315 καὶ
2453 2262 2614 2330 λόγου
2649 2260 2749 2315 οῦκ
2780 2260 2929 2315 ἐστιν
2959 2260 3017 2314 ὲν
3046 2261 3161 2322 τοῖς
3186 2260 3507 2329 κτίσμασινο
3535 2256 3648 2312 ὅθεν
3676 2259 3753 2311 καὶ

2199 2355 2344 2406 κατὰ
2389 2352 2552 2405 τοῦτο
2599 2351 2827 2421 λέγεται
2861 2351 2889 2402 ό
2927 2351 3223 2423 ἄνθρωπος
3275 2348 3444 2403 εἰκὼν
3490 2348 3579 2402 τοῦ
3619 2346 3750 2402 Θεοῦ.

2201 2447 2313 2500 Kal.
2336 2446 2446 2516 γὰρ
2475 2446 2599 2500 κατ’
2632 2445 2822 2499 εἰκόνα
2856 2444 3129 2515 δπλάσθη.
3163 2443 3313 2512 Πλὴν
3345 2443 3441 2497 καὶ
3462 2436 3603 2503 οὗτος
3633 2444 3751 2497 πάνυ

2202 2538 2459 2593 λείπεται
2482 2537 2578 2591 τοῦ
2613 2537 2788 2605 Λόγου
2815 2536 2909 2591 τοῦ
2939 2536 3097 2590 Θεοῦ.
3140 2537 3202 2591 '0
3232 2538 3334 2608 μὲν
3358 2537 3466 2609 γὰρ
3492 2537 3754 2590 ὲνυπόστα-

2199 2647 2291 2694 τος
2348 2630 2445 2683 καὶ
2479 2628 2735 2697 ἐνεργής*
2772 2628 2800 2680 ό
2858 2626 2914 2681 δὲ
2946 2625 3260 2691 ἐνδιάθετος
3303 2625 3637 2697 συμϐεϐηκός
3655 2626 3751 2680 ἐστι

2200 2719 2279 2790 τῷ
2322 2718 2417 2790 νῷ.
2465 2719 2601 2772 Ἀπὸ
2626 2721 2737 2787 γὰρ
2762 2717 2870 2770 τῶν
2897 2718 3197 2787 δρωμένων
3234 2718 3329 2770 καὶ
3357 2716 3651 2788 νοουμένων
3676 2717 3751 2771 διὰ

2198 2814 2299 2881 τῆς
2324 2810 2636 2881 αἰσθήσεως
2683 2808 2999 2877 ἐπιγίνεται
3028 2809 3108 2880 τῷ
3137 2809 3238 2880 νῷ,
3286 2809 3481 2878 ἐφόσον
3519 2809 3644 2878 μετὰ
3669 2807 3752 2860 σὼ-

2205 2904 2377 2974 ματός
2411 2904 2551 2957 ἐστι.
2594 2901 2687 2955 Διὸ
2735 2902 2833 2955 καὶ
2870 2903 3071 2972 ἀτελής
3119 2904 3241 2956 ἐστι
3291 2904 3414 2956 κατ’
3446 2902 3614 2969 ὀλίγον
3643 2918 3753 2969 συμ-

2204 3000 2543 3069 πλεκόμενος
2579 3001 2674 3052 καὶ
2731 2999 2981 3069 ὕστερος.
3042 2999 3188 3051 Αὐτὸ
3241 2992 3362 3068 γὰρ’
3401 2997 3463 3050 τὸ
3492 2997 3751 3065 δυνάμενον

2203 3096 2341 3146 νοεῖν
2373 3093 2467 3145 καὶ
2497 3093 2525 3145 ό
2560 3093 2725 3155 τόπος
2778 3093 2886 3145 τῶν
2916 3091 3125 3161 νοητῶν
3155 3091 3318 3145 εἰδῶν
3373 3092 3520 3145 ἐστιν
3563 3091 3588 3143 ό
3629 3087 3749 3149 νοῦς,

2201 3185 2259 3248 ὃς
2292 3187 2441 3239 ἐστιν
2489 3183 2668 3238 οὐσία.
2703 3185 2784 3237 Τὰ
2806 3184 2862 3238 δὲ
2887 3184 2964 3255 τῷ
2996 3185 3074 3257 νῷ
3100 3184 3168 3238 δι’
3196 3183 3410 3239 ἑαυτῶν
3434 3181 3751 3251 ἐπιγινόμενα

2206 3277 2314 3331 ἀπὸ
2336 3277 2446 3333 τῶν
2469 3276 2673 3344 ἔξωθεν
2691 3276 2920 3349 ὕστερον
2947 3276 3327 3350 συνεργούσης
3357 3276 3456 3345 τῆς
3480 3275 3751 3342 αἰσθήσεως

2205 3372 2345 3441 μετὰ
2384 3371 2487 3441 τὴν
2508 3371 2791 3425 τελείωσιν
2832 3368 2929 3424 τοῦ
2958 3370 3263 3441 ὀργανικοῦ
3302 3369 3569 3440 σώματος,
3616 3363 3753 3419 ταῦτα

2204 3463 2381 3516 πάντα
2412 3465 2523 3518 εἰσὶ
2565 3462 2975 3532 συμϐεϐηκότα.
3023 3463 3117 3516 Διὸ
3146 3467 3249 3516 καὶ
3281 3468 3371 3516 τὸν
3412 3459 3573 3515 πολλὰ
3605 3459 3749 3513 ίδόντσ

2208 3556 2506 3627 πολυμαθῆ
2531 3557 2791 3628 λέγομεν.

511 3647 659 3701 latim
688 3654 1031 3710 conteratur,
1056 3652 1293 3713 ortuque
1319 3644 1589 3712 posterior
1613 3645 1705 3699 sit.
1754 3644 1934 3711 Ipsum
1959 3646 2103 3701 enim
2146 3662 2312 3718 penes
2351 3650 2494 3719 quod
2532 3649 2871 3722 intelligendi
2935 3648 3203 3715 facultas,
3264 3662 3328 3703 ac
3366 3648 3524 3704 locus
3580 3645 3751 3718 specie-

512 3752 633 3793 tum
656 3752 775 3806 quae
800 3738 854 3792 in
886 3737 1215 3791 intellectum
1240 3736 1466 3802 cadunt,
1494 3752 1652 3793 mens
1678 3745 1932 3811 est,.qn:e
1991 3741 2299 3797 substantia
2334 3750 2439 3801 est.
2478 3744 2606 3804 Qua:
2666 3754 2848 3799 autem
2890 3753 3078 3815 postea
3116 3742 3288 3797 menti
3316 3757 3412 3796 sua
3474 3742 3522 3796 vi
3561 3742 3621 3796 ab
3677 3749 3752 3794 er

511 3828 807 3884 terioribus
846 3840 1043 3881 sensus
1069 3841 1254 3895 opera.
1288 3839 1519 3895 corpore
1563 3826 1677 3895 jam
1729 3828 1951 3897 organis
1981 3830 2247 3902 perfecto,
2311 3833 2643 3902 adveniunt,
2674 3847 2868 3893 cuncta
2896 3838 3009 3892 haec
3075 3836 3382 3893 accidentia
3437 3846 3577 3893 sunt.
3629 3834 3751 3892 Unde

500 3920 674 3987 etiam
710 3933 831 3972 enm
854 3916 947 3985 qui
981 3915 1152 3969 multa
1185 3914 1355 3980 novit,
1385 3916 1551 3971 multa
1578 3917 1798 3973 doctum
1832 3920 2085 3985 dicimus,
2110 3940 2225 4007 .seu
2262 3927 2356 3999 qui
2383 3929 2555 3985 multa
2590 3929 2866 3986 didicerit.

591 4013 728 4078 Quia
779 4010 948 4081 igitur
1000 4008 1163 4065 etiam
1218 4008 1360 4065 Deus
1415 4011 1705 4067 rationalis
1755 4022 1873 4080 (seu
1931 4016 2108 4085 magis

517 4106 788 4161 Sermone
825 4100 1112 4173 Vat-lioque
1144 4102 1427 4174 praeditus)
1481 4112 1607 4159 est:
1650 4120 1714 4161 ac
1752 4105 1844 4176 qui
1885 4107 2109 4162 diffitea-

514 4208 604 4253 tur
630 4197 813 4252 nullus
844 4198 961 4264 est;
995 4209 1096 4250 nec
1124 4196 1245 4265 ejus
1276 4194 1469 4251 Sermo
1499 4211 1562 4252 ac
1589 4196 1825 4253 Verbum
1853 4200 2108 4257 accidens

514 4299 598 4345 est
633 4287 954 4358 (absurdum
990 4288 1193 4358 quippe
1224 4299 1282 4342 ut
1314 4289 1483 4343 ullum
1525 4292 1580 4343 in
1610 4290 1720 4345 Deo
1749 4291 1966 4347 dicatur
2012 4288 2105 4347 ac-

515 4381 752 4455 ridens),
781 4382 877 4437 sed
914 4396 1041 4435 vere
1070 4380 1345 4435 exsistens
1369 4389 1423 4436 et
1471 4381 1659 4436 vivens
1686 4381 2103 4453 perfectumque

509 4483 635 4539 est;
668 4473 876 4527 idcirco
905 4472 1142 4527 dicimus
1173 4469 1341 4525 Deum
1393 4486 1487 4540 per
1511 4473 1748 4551 Verbum
1777 4486 1938 4530 suum
1968 4493 2102 4531 cun-

2290 4021 2447 4077 'Eml
2476 4024 2661 4077 τοίνυν
2709 4024 2806 4078 καὶ
2858 4026 2887 4077 ό
2934 4024 3068 4087 Θεός
3120 4026 3239 4077 ἔστι
3286 4024 3526 4092 λογικὸς,
3567 4024 3594 4078 δ
3631 4022 3748 4093 παρὰ

2199 4114 2424 4170 πάντων
2477 4114 2859 4187 όμολογεῖται’
2896 4116 2925 4170 ό
2982 4117 3039 4171 δὲ
3070 4117 3248 4187 Λόγος
3294 4117 3462 4173 αὑτοῦ
3509 4117 3600 4171 οὐκ
3658 4116 3747 4168 ἔστι

2204 4206 2557 4280 συμῦεὸηκός
2598 4209 2682 4279 (τὸ
2709 4210 2818 4281 γὰρ
2868 4212 2925 4264 ὲν
2968 4210 3045 4282 τῷ
3075 4211 3195 4283 Θεῷ
3226 4211 3568 4283 συμϐεϐηκὸς
3600 4209 3749 4276 λέγειν

2201 4298 2454 4371 ἄτοπον)ο
2482 4300 2600 4353 ἀλλ’
2619 4303 2769 4355 ἐστιν
2788 4301 3156 4367 ὲνυπόστατος
3187 4305 3281 4358 καὶ
3307 4304 3416 4370 ζῶν
3440 4304 3533 4358 καὶ
3553 4288 3745 4363 τέλειδς·

2201 4390 2293 4444 διὰ
2321 4393 2479 4446 τοῦτο
2509 4393 2742 4464 λέγομεν
2775 4394 2859 4447 ὅτι
2891 4396 2919 4449 ό
2964 4394 3098 4460 Θεὸς
3120 4396 3213 4453 διὰ
3245 4396 3341 4451 τοῦ
3391 4396 3573 4451 ἑαυτοῦ
3602 4396 3744 4461 Λόγου

2202 4484 2272 4536 τὰ
2292 4485 2469 4539 πάντα
2493 4485 2772 4556 ἐποίησεν.
2805 4487 2866 4539 Εἰ
2890 4486 3020 4556 γοῦν
3041 4488 3111 4540 δι’
3142 4476 3312 4543 αὐτοῦ
3339 4489 3550 4557 ἐγένετο
3577 4487 3744 4546 πάντα,

510 4576 601 4618 cta
628 4564 967 4619 condidisse.
1002 4563 1138 4617 Cum
1163 4576 1294 4633 ergo
1325 4578 1421 4632 per
1456 4564 1635 4633 ipsum
1670 4564 1810 4621 facta
1842 4567 1953 4622 sint
1976 4583 2094 4622 om-

2207 4578 2304 4631 καὶ
2357 4581 2385 4630 ὁ
2431 4552 2722 4651 ἄνθρωπος
2772 4579 2842 4634 δι’
2872 4552 3040 4635 αὑτοῦ
3077 4581 3328 4654 ἐπλάσθη
3349 4552 3466 4648 ,δι’
3498 4580 3645 4634 αὑτοῦ
3674 4579 3745 4628 καὶ

515 4661 629 4724 nia,
658 4671 721 4713 ac
748 4673 840 4729 per
868 4657 998 4712 illud
1034 4657 1196 4711 homo
1224 4656 1397 4712 factus
1424 4656 1587 4713 fuerit
1620 4669 1785 4730 atque
1812 4662 2098 4730 formatus,

514 4762 611 4816 per
644 4750 823 4817 ipsum
862 4746 1242 4811 nihilominus,
1282 4750 1409 4802 eum
1442 4749 1534 4819 qui
1569 4753 1841 4807 contritus
1880 4753 2098 4819 fuerat,

513 4856 671 4893 ‹·υιιν‹
692 4838 854 4895 nieus
882 4838 984 4892 fttit
1012 4841 1250 4909 reparari
1282 4859 1293 4894 :
1321 4844 1415 4910 per
1438 4843 1584 4898 httnc
1612 4845 1825 4899 scilicet
1853 4850 2098 4903 modum.

512 4934 655 4999 Quia
688 4933 833 4987 enim
870 4934 1167 4988 humanum
1206 4950 1377 5006 genus
1408 4950 1473 4990 ex
1508 4936 1616 4993 illis
1647 4947 1756 5003 est,
1780 4954 1902 5010 qua:
1930 4956 1961 4996 a
1990 4940 2101 4998 Deo

517 5027 729 5081 ratione
762 5026 970 5081 utentia
1009 5028 1228 5082 condita
1270 5036 1431 5095 sunt;
1476 5031 1641 5086 homo
1685 5043 1962 5103 quatenus
2012 5050 2101 5090 ra-

454 5116 467 5131 ⁹
516 5121 668 5172 tione
702 5119 968 5189 liberique
1004 5119 1217 5187 arbitrii
1256 5121 1517 5177 facultate
1553 5126 1835 5194 praaditus,
1872 5126 2101 5198 reliquis

515 5210 837 5266 inanimatis
867 5222 919 5266 et
949 5212 1204 5268 animatis
1235 5213 1523 5284 brutisque
1555 5216 1929 5273 animantibus
1964 5233 2102 5287 pra:-

510 5303 700 5367 cellit;
748 5304 887 5373 quod
945 5304 1069 5357 item
1132 5304 1235 5359 alia
1288 5314 1510 5374 propter
1552 5307 1829 5365 hominem
1883 5310 2101 5366 condita

514 5404 671 5458 sunt,
703 5404 762 5448 ut
805 5410 900 5464 per
933 5397 1200 5450 rationem
1239 5406 1293 5451 et
1333 5398 1622 5453 scientiam
1669 5401 1778 5455 illis
1811 5400 1997 5470 praesit
2028 5401 2097 5454 ".

516 5488 688 5541 Bruta
719 5503 956 5557 namque
1002 5490 1301 5545 animantia
1338 5492 1487 5548 nullo
1536 5495 1768 5549 consilio
1803 5494 1986 5548 omnia
2018 5492 2098 5548 fa-

512 5583 667 5636 ciunt
694 5584 759 5637 ad
788 5599 911 5652 quae
946 5593 1256 5650 moventur,
1295 5588 1529 5642 naturali
1560 5588 1609 5642 vi
1642 5589 1695 5642 in
1730 5588 1818 5642 illa
1850 5588 2098 5655 incitata;

517 5675 665 5729 haud
705 5691 863 5730 secus
898 5692 961 5730 ac
988 5688 1132 5733 terra
1163 5690 1216 5734 et
1245 5683 1476 5736 arbores
1509 5684 1629 5735 sine
1663 5681 1873 5735 ratione
1916 5689 1975 5735 et
2006 5694 2102 5733 vo-

516 5765 724 5821 luntate
771 5784 835 5821 ac
869 5771 1099 5825 consilio
1132 5770 1486 5827 ft'ttctificaut.
1523 5772 1735 5827 ldcirco
1767 5772 2101 5828 conveniens

510 5870 652 5927 erat,
689 5876 807 5916 eam
842 5864 1047 5919 homini
1098 5881 1284 5921 curam
1320 5866 1568 5921 adhiberi
1598 5909 1611 5931 ,
1669 5881 1774 5935 qua
1814 5881 2099 5938 reparare-

2206 4668 2566 4740 συντριϐέντα
2601 4672 2765 4725 πάλιν
2828 4673 3072 4744 ἔπρεπεν
3118 4675 3284 4730 αὐτὸν
3316 4670 3739 4737 άνακαινισθῆναι-

2210 4762 2461 4833 Ἔπρεπε
2485 4763 2542 4816 δὲ
2573 4765 2716 4819 κατὰ
2749 4765 2931 4822 τοῦτο.
2981 4767 3139 4822 Ἐπεὶ
3185 4769 3295 4840 γὰρ
3346 4769 3413 4823 τὰ
3440 4764 3618 4835 λογικά
3652 4761 3742 4815 κτί-

2205 4870 2392 4924 σματα
2420 4855 2766 4927 οίᾶνθρωποι
2795 4860 3120 4929 τιμιώτερόν
3151 4862 3266 4915 ἐστι
3298 4861 3407 4915 τῶν
3441 4854 3602 4913 ἄλλων
3632 4850 3742 4920 άᾷύ·
3824 4916 3836 4929 δ

2203 4962 2315 5015 κων
2349 4947 2446 5001 καὶ
2480 4948 2744 5018 ἐμψύχων
2778 4952 2872 5004 καὶ
2899 4951 3110 5021 ἀλόγων
3141 4952 3317 5019 ζώων,
3364 4942 3740 5006 καθότινὲστὶνό

2204 5038 2499 5110 ἄνθρωπος
2530 5041 2751 5110 λογικὸν
2775 5044 2872 5096 καὶ
2901 5043 3278 5114 αὐτεξούσιον,
3317 5046 3408 5100 καὶ
3434 5045 3512 5097 ὅτι
3544 5042 3604 5094 τὰ
3630 5036 3738 5090 ἄλλα

2205 5131 2293 5184 διὰ
2344 5134 2436 5186 τὸν
2472 5134 2761 5205 ἄνθρωπον
2809 5137 3077 5204 ἐγένοντο,
3135 5138 3221 5193 ἴνα
3278 5140 3417 5209 ἄρχῃ
3473 5134 3632 5192 αὐτῶν
3669 5128 3738 5181 διὰ

2204 5224 2366 5294 λόγου
2398 5226 2496 5280 καὶ
2520 5228 2799 5295 γνώσεως
2831 5228 2900 5281 τὰ
2926 5229 3035 5300 γὰρ
3070 5230 3240 5301 ἄλογα
3291 5230 3402 5297 ζῶα
3434 5230 3547 5299 δίχα
3577 5220 3737 5296 βουλῆς

2206 5317 2418 5370 ποιοῦσι
2446 5318 2556 5370 πᾶν
2591 5320 2671 5381 είς
2700 5319 2839 5396 ὅπερ
2876 5318 2942 5374 ἂν
2973 5322 3258 5392 κινηθῶσι,
3283 5325 3348 5392 τῇ
3385 5321 3574 5393 φυσικῇ
3601 5310 3733 5367 δυνά·
3808 5352 3811 5353 ν

2210 5424 2298 5474 μει
2357 5408 2495 5478 πρὸς
2555 5408 2727 5461 ταῦτα
2789 5412 3106 5481 κινούμενα,
3168 5412 3287 5465 καθ’
3319 5413 3375 5467 ὃν
3407 5412 3593 5481 τρόπον
3621 5405 3647 5472 ἡ
3676 5398 3733 5467 ’ίῆ

2208 5500 2301 5551 καὶ
2330 5500 2398 5551 τὰ
2447 5499 2642 5569 δένδρα
2692 5501 2907 5569 ἀλόγως
2941 5504 3034 5557 καὶ
3085 5504 3462 5574 ἀπροαιρέτως
3508 5500 3593 5552 καὶ
3632 5492 3729 5559 δέκα

2207 5587 2403 5659 βουλῆς
2441 5590 2877 5661 καρποφοροῦσιο
2919 5593 3007 5646 διὰ
3057 5594 3218 5647 τοῦτο
3265 5592 3496 5663 ἔπρεπεν
3546 5588 3619 5643 ἵνα
3655 5580 3728 5634 καὶ

2204 5682 2305 5751 τὴν
2336 5682 2659 5753 ἐπιμέλειαν
2688 5687 2713 5735 ὁ
2744 5684 3029 5754 ἄνθρωπος
3056 5685 3193 5758 εῦρῃ
3236 5688 3314 5748 είς
3361 5685 3418 5737 τὸ
3458 5674 3728 5745 ἐπανορθω-

2206 5771 2389 5842 θῆναι,
2423 5774 2517 5827 καὶ
2578 5775 2780 5844 μᾶλλον
2813 5775 2846 5845 ἢ
2881 5777 3039 5847 εἴπερ
3065 5777 3194 5848 ἄλλο
3243 5794 3294 5832 τι
3342 5774 3448 5829 τῶν
3477 5766 3725 5842 ὁρωμένων

2209 5867 2526 5937 κτισμάτων
2563 5864 2843 5919 συνέϐαινε
2882 5871 3213 5922 καταπεσεῖν
3248 5867 3339 5922 καὶ
3372 5858 3688 5933 συντριϐῆναι
3710 5864 3721 5880 ’
