3892 6546
222 361 316 451 a3

1200 358 1773 438 DKﬁPRlNCIPIIS
1804 378 2016 439 nam
2051 355 2526 450 CATHOLIC/li.

3343 401 3451 466 614

224 480 432 549 ἐπείπερ
460 479 490 533 6
519 480 807 553 ἄνθρωπος
839 483 939 555 τῆς
969 484 1236 557 ἀληθινῆς
1264 487 1385 542 ὀδοῦ
1421 490 1518 544 καὶ
1557 491 1758 554 εὐθείας

1881 498 2004 566 ιιιτζ;
2034 498 2232 567 potiori
2265 504 2530 560 nimirum
2565 505 2798 573 ratione,
2829 523 2995 580 quam
3027 511 3073 568 si
3102 512 3272 569 ullum
3303 517 3449 573 aliud

220 570 469 642 ἐξετράπη
530 574 627 627 καὶ
675 574 953 647 ἐπλανήθη
988 581 1081 631 καὶ
1111 581 1440 636 ἐκπέπτωκε
1474 583 1575 653 τῆς
1623 585 1777 656 παρὰ

220 665 297 719 τοῦ
330 664 461 731 Θεοῦ
505 666 758 738 δοθείσης
788 669 938 742 αὐτῷ
983 671 1173 743 τιμῆς.
1220 673 1535 747 Ἐπλανήθη
1584 678 1642 731 δέ
1683 681 1777 733 καὶ

1880 600 2189 651 c‘reatorum
2224 598 2523 677 visibilium
2550 600 2745 657 collabi
2773 603 3091 676 contigisset
3112 621 3177 661 ac
3202 612 3449 677 conteri;

1880 685 2025 753 quod
2062 688 2151 744 ille
2195 704 2225 746 a
2255 676 2383 748 vera
2414 701 2674 765 rectaque
2702 694 2788 751 via
2824 695 3117 754 deﬂexerat
3147 710 3198 754 et
3230 715 3453 757 exerra-

216 759 439 824 ἐξέπεσε,
474 759 615 814 διότι
656 763 758 816 οὐκ
788 764 1133 819 ἐπολιτεύετο
1165 766 1355 839 ὥσπερ
1396 768 1585 835 ἔταξεν
1614 771 1758 825 αὐτὸι

1881 785 2057 840 verat,
2093 788 2258 851 atque
2286 783 2355 838 ab
2399 785 2610 840 honore
2646 784 2747 841 sibi
2776 786 3038 846 divinitus
3066 805 3331 848 concesso
3360 809 3454 850 ex-

214 848 373 911 ὁθεὺς
398 848 458 913 ἐξ
493 850 695 922 ἀρχῆςο
729 851 844 906 ἀλλ’
880 854 963 908 ὃτι
992 853 1095 924 τὴν
1142 856 1341 917 ἐαυτοῦ
1374 856 1617 929 θέλησιν,
1655 858 1758 930 ἧτκ

1880 868 2112 927 ciderat.
2155 848 2453 931 Exerrarat
2484 893 2613 933 vero
2639 886 2694 933 et
2721 880 3027 948 exciderat,
3059 886 3204 954 quod
3239 901 3344 940 non
3378 889 3453 942 ita

211 940 390 1009 ὤφειλε
414 940 604 1010 ζητεῖν
637 944 705 997 τὰ
731 944 986 1015 οὐράνια,
1022 947 1341 1020 διέστρεφεν
1374 951 1402 1004 6
1442 951 1734 1023 ἄνθρωπος
1757 970 1773 985 ’

211 1036 291 1087 καὶ
316 1036 435 1089 ἀντὶ
458 1036 559 1090 τοῦ
594 1037 821 1111 ἀγαπᾷν
868 1041 965 1095 καὶ
997 1042 1173 1097 θέλειν
1220 1044 1396 1100 ταῦτα
1441 1049 1536 1103 καὶ
1567 1047 1772 1120 ζητεῖν,

211 1126 486 1194 ᾑρετίσατο
521 1131 589 1183 τὰ
619 1132 784 1202 γήῖνα
818 1136 912 1187 καὶ
944 1138 1236 1206 σωματικά
1258 1154 1274 1172 ο
1303 1140 1402 1204 τὰς
1441 1141 1654 1212 ὀρέξεις
1677 1143 1775 1198 καὶ

208 1218 490 1289 ἐπιθυμίας
528 1224 626 1277 καὶ
659 1224 855 1295 ἡδονὰς
884 1228 985 1291 τὰς
1017 1228 1271 1298 ἀλόγους.
1306 1230 1560 1302 Ὠρμησε
1592 1233 1650 1288 δὲ
1680 1236 1775 1289 ἐπὶ

209 1311 369 1380 τοῦτο,
400 1312 599 1388 ἐπειδὴ
628 1318 663 1405 έ
688 1317 976 1390 ἄνθρωπος
1003 1321 1353 1389 αὐτεξούσιος
1384 1319 1652 1398 ἐπλάσθη,
1678 1329 1772 1381 καὶ

207 1405 295 1473 τῆς
325 1406 528 1478 ἀρετῆς
584 1407 686 1463 οὐκ
737 1411 1036 1484 εἰσήγαγεν
1082 1416 1110 1469 6
1151 1414 1286 1477 Θεὸς
1327 1416 1576 1490 ἀνάγκην
1607 1420 1664 1473 ἐν
1692 1419 1771 1493 τῷ

208 1494 485 1567 ἀνθρώπῳ,
549 1500 618 1554 ἶν’
648 1500 746 1575 ἔχῃ
804 1503 1072 1573 στέφανον
1129 1508 1225 1560 καὶ
1261 1508 1428 1581 τιμὴν
1473 1510 1571 1564 καὶ
1620 1511 1772 1577 ἄξιον

206 1586 287 1641 τὸν
314 1589 530 1657 μισθὸν,
563 1592 640 1657 ὡς
667 1594 885 1650 οἴκοθεν
909 1597 970 1651 τὸ
1000 1598 1205 1667 ἀγαθὸν
1235 1584 1695 1674 προαιρούμενος.

1877 963 2047 1019 vitam
2095 966 2436 1036 instituerat,
2471 981 2530 1026 ut
2562 986 2591 1025 a
2642 972 2909 1046 principio
2946 976 3022 1031 illi
3072 975 3215 1034 Deus
3249 982 3455 1035 consti-

1883 1060 2104 1123 tuerat;
2144 1058 2239 1114 sed
2285 1060 2429 1128 quod
2458 1052 2790 1118 voluntatem
2834 1081 2988 1122 suam
3016 1106 3030 1130 ,
3064 1083 3181 1138 quae
3209 1072 3452 1143 caelestia

1877 1158 2123 1214 quaerere
2168 1148 2456 1217 debuerat,
2493 1164 2872 1222 perverterat;
2906 1173 3141 1230 cumque
3177 1162 3293 1219 haec
3332 1163 3455 1219 dili-

1876 1252 2004 1306 gere
2042 1255 2106 1296 ac
2142 1243 2278 1298 velle
2306 1254 2358 1299 et
2388 1261 2633 1316 quaerere
2672 1258 2971 1318 oporteret,
3013 1259 3229 1309 terrena
3261 1266 3313 1310 et
3335 1271 3454 1310 cor-

1877 1331 2084 1398 poralia
2118 1334 2450 1404 praetulerat,
2484 1338 2804 1409 cupiditates
2837 1338 3079 1401 sectatus
3105 1354 3159 1400 et
3184 1347 3450 1403 desideria

1878 1436 1942 1477 ac
1978 1423 2234 1482 libidines
2282 1443 2313 1483 a
2354 1430 2566 1487 ratione
2597 1431 2756 1504 longe
2796 1435 3177 1495 abhorrentes.
3233 1440 3288 1495 ld
3325 1454 3453 1496 vero

1879 1515 2044 1573 homo
2084 1534 2377 1589 aggressus
2408 1532 2532 1592 est,
2564 1527 2710 1596 quod
2749 1525 3014 1586 facultate
3051 1532 3262 1587 arbitrii
3290 1550 3455 1589 orna-

1879 1618 1968 1664 tus
2000 1610 2270 1671 formatus
2299 1614 2498 1686 fuerat,
2533 1634 2633 1675 nec
2659 1620 2710 1675 ei
2741 1622 2885 1679 Deus
2915 1624 3133 1683 virtutis
3153 1628 3454 1682 necessita-

205 1692 296 1740 tem
325 1685 622 1755 indiderat,
672 1700 731 1746 ut
761 1707 1022 1750 coronam
1050 1704 1104 1752 et
1137 1696 1402 1753 honorem
1432 1699 1767 1775 dignamque
1803 1707 2111 1765 mercedem
2154 1722 2600 1785 consequeretur,
2636 1727 2693 1773 ut
2726 1719 2822 1789 qui
2882 1719 3003 1791 ipse
3043 1736 3073 1775 a
3122 1736 3182 1777 se
3250 1722 3454 1777 bonum

201 1782 424 1852 eligeret.

263 1874 409 1930 Κατὰ
440 1876 549 1948 τὴν
598 1878 819 1953 θέλησιν
845 1881 940 1937 οῦν
979 1884 1149 1939 αὑτοῦ
1180 1887 1211 1941 6
1246 1887 1539 1961 ἄνθρωπος
1587 1891 1758 1946 ἐπλα-

1934 1891 2045 1947 Sua
2078 1892 2261 1964 itaque
2295 1893 2573 1953 voluntate
2598 1894 2787 1954 bomo‘
2815 1912 3114 1968 erraverat,
3146 1904 3450 1960 secundum

204 1968 343 2037 νήθη,
376 1969 503 2022 καθ’
536 1970 621 2044 δή
672 1973 951 2046 τελειότης
975 1978 1072 2032 τοῦ
1128 1979 1422 2052 ἀνθρώπου
1458 1984 1775 2057 θεωρεῖται,

204 2059 287 2112 καὶ
308 2059 582 2132 ὠλίσθησε
608 2064 704 2118 καὶ
729 2066 954 2133 ἐξέπεσε
987 2069 1087 2139 τῆς
1103 2071 1264 2145 δόξης
1286 2076 1379 2130 τοῦ
1401 2075 1560 2139 Θεοῦ.
1584 2079 1773 2150 δηλον-

202 2151 271 2202 ὀτι
324 2151 411 2205 διὰ
469 2156 578 2225 τὴν
638 2154 1088 2233 διεστραμμένην
1147 2163 1372 2236 θέλησιν
1427 2168 1630 2223 αὐτοῦ·
1693 2158 1793 2223 διδη

203 2242 281 2293 καὶ
307 2244 680 2317 κατεδικάσθη
723 2246 817 2300 τὸν
844 2248 1097 2321 θάνατον,
1137 2255 1219 2310 ὅτι
1267 2257 1467 2331 θνητὴν
1519 2256 1634 2333 εἷχε
1665 2262 1771 2332 φύ-

207 2351 298 2400 σιν,
317 2334 633 2409 δυναμένην
664 2339 1059 2413 ἀποθνήσκειν.
1096 2346 1278 2422 Ὅπερ
1317 2350 1406 2407 διὰ
1459 2352 1771 2426 φιλανθρω-

206 2426 322 2480 πίαν
368 2430 598 2497 ἐγένετο
625 2431 718 2485 τοῦ
742 2431 904 2500 Θεοῦ,
938 2438 1029 2494 ῖνα
1061 2439 1139 2511 μὴ
1187 2441 1459 2499 ἀθάνατον
1496 2440 1531 2518 ᾗ
1564 2447 1626 2501 τὸ
1666 2466 1771 2503 κα-

209 2518 309 2610 κδν,
351 2521 494 2610 αλλὰ
526 2524 771 2594 παύηται
798 2527 900 2598 τῆς
922 2530 1226 2603 ἁμαρτίας,
1271 2540 1626 2610 μεμνημένος
1671 2539 1767 2595 τοῦ

208 2606 418 2677 θανάτου
436 2614 537 2667 καὶ
562 2613 898 2685 φοϐούμενος
926 2621 1113 2679 αὐτόν.
1164 2606 1286 2680 Καὶ-
1307 2606 1421 2699 γαρ
1442 2606 1560 2683 -.διὰ
1610 2629 1769 2685 τοῦτό

204 2704 479 2779 τὴνψυχὴν
530 2708 608 2781 τῷ
640 2709 821 2781 θνητῷ
850 2713 1068 2786 σώματι
1089 2718 1441 2786 συνέπλεξεν,
1491 2721 1582 2789 ἶν’,
1634 2724 1766 2779 ὅταν

206 2802 487 2874 προαιρεθῇ
522 2804 592 2858 τὰ
624 2804 807 2874 φαῦλα
858 2808 948 2861 διὰ
976 2807 1079 2881 τὴν
1110 2812 1595 2885 αὐτεξουσιότητα,
1655 2836 1765 2872 πα-

207 2891 442 2962 ραχρῆμα
484 2894 930 2967 καταδικάζηται
965 2899 1335 2969 ἀποθνήσκων
1375 2904 1470 2959 διὰ
1497 2904 1599 2975 τὴν
1630 2904 1762 2978 θνη-

202 2986 380 3059 τότητα
423 2990 524 3044 τοῦ
569 2989 825 3062 σώματος
846 3010 861 3026 °
905 2995 1048 3068 ὅπερ
1075 2996 1275 3067 ἔμελλε
1304 2999 1525 3064 πάντως
1559 3000 1763 3057 eodm.

204 3095 279 3133 τον
300 3076 453 3149 εἶναι,
490 3084 544 3138 εἰ
577 3088 881 3160 προῃρεῖτο
907 3088 976 3142 τὰ
1007 3089 1215 3158 ἀγαθὰ,
1268 3093 1365 3145 καὶ
1395 3091 1539 3161 ειπερ
1570 3093 1599 3146 6
1626 3093 1762 3158 Θεὸς

203 3168 451 3246 EGO-51550.
513 3175 695 3238 Μὲσος
754 3176 864 3248 γὰρ
934 3178 1263 3250 θνητότητος
1314 3185 1412 3238 καὶ
1456 3183 1758 3249 ἀθανασίας

204 3261 449 3338 ἐπλάσθη.
497 3268 557 3321 Ὀ
585 3268 644 3321 δὲ
677 3270 858 3326 Σατὰν
881 3272 942 3325 οὐ
985 3273 1356 3347 κατεδικάσθη
1390 3276 1756 3346 ἀποθνήσκειν

204 3354 429 3412 ἐκπεσὼν
462 3361 556 3414 τοῦ
586 3362 747 3427 Θεοῦ,
769 3365 853 3423 ὅτι
902 3364 1106 3439 θνητὴν
1131 3368 1316 3438 φύσιν,
1357 3367 1548 3441 ὥσπερ
1569 3371 1777 3442 ἡμεῖς,

202 3448 285 3500 οὐκ
310 3446 446 3522 εἶχε,
477 3454 784 3526 δυναμένην
809 3460 1208 3530 ἀποθνήσκειν.
1235 3461 1336 3517 Διὰ
1379 3460 1559 3516 ταῦτα
1589 3463 1684 3517 καὶ
1729 3467 1758 3517 6

205 3538 285 3605 μὲν
323 3542 613 3613 ἄνθρωπος
646 3552 902 3618 μετανοεῖ
954 3552 1307 3623 μεμνημένος
1353 3553 1447 3607 τοῦ
1499 3554 1753 3624 θανάτου,

203 3633 280 3684 καὶ
310 3636 464 3690 τοῦτο
488 3642 666 3693 ποιεῖν
693 3641 923 3697 δύναται
955 3645 1152 3714 ἐφόσον
1182 3645 1249 3717 ζῇ
1304 3647 1444 3717 μετὰ
1493 3647 1588 3701 τοῦ
1648 3648 1755 3703 σώ-

203 3740 349 3792 ματος
394 3730 489 3784 τοῦ
514 3733 857 3803 μεταδλητοῦ
891 3737 1085 3790 τούτου
1118 3754 1133 3769 ο
1170 3740 1311 3808 μετὰ
1340 3738 1397 3793 δὲ
1452 3739 1546 3794 τὸν
1592 3740 1757 3795 θάνα-

200 3833 277 3870 τον
301 3820 355 3875 οὐ
382 3822 695 3894 δυνήσεται,
724 3826 842 3881 ἀλλ’
876 3828 1146 3899 ἄτρεπτος
1197 3829 1495 3886 διατελέσει
1523 3832 1754 3887 διαπανι-

201 3910 295 3977 τὸς,
322 3918 417 3986 τὴν
448 3917 725 3989 λαχοῦσαν
754 3920 941 3993 χώραν
984 3922 1136 3993 αὑτῷ
1167 3923 1415 3995 κατέχων
1445 3939 1463 3958 ⁸
1491 3927 1518 3979 6
1550 3926 1608 3980 δὲ
1637 3925 1754 3981 δαί-

205 4021 303 4073 μων
330 4010 388 4062 οὐ
418 4014 676 4077 μετανοεῖ
702 4013 789 4068 διὰ
818 4014 879 4066 τὸ
909 4014 1009 4082 τῆς
1042 4013 1243 4071 ἐαυτοῦ
1295 4017 1515 4088 φύσεως
1541 4019 1752 4090 ἀμετά-

203 4097 394 4171 ϐλητον.
448 4106 515 4160 Ὃ
571 4107 682 4180 γὰρ
765 4106 999 4174 θάνατος
1062 4111 1122 4164 ἐν
1185 4110 1518 4183 ἀνθρώποις,
1595 4115 1753 4171 τοῦτο

202 4189 448 4259 ἔκπτωσις
481 4198 539 4250 ἐν
569 4197 849 4267 ἀγγέλοις.
1590 4200 1591 4203 ¹

268 4376 409 4431 Ἐπεὶ
440 4376 536 4434 σῦν
575 4382 929 4451 ὁμολογεῖται
959 4386 1041 4439 ὁτι
1082 4387 1237 4458 παρὰ
1255 4389 1351 4443 τοῦ
1408 4391 1547 4448 Θεοῦ
1606 4395 1751 4451 κατὰ

201 4465 275 4518 τὸν
304 4472 573 4541 πρέποντα
614 4473 899 4543 κρίνονται
928 4476 1113 4547 λόγον,
1141 4480 1353 4551 ἔπρεπε
1373 4484 1436 4536 τὸ
1471 4483 1749 4556 ἀνθρώπι-

201 4572 273 4608 νον
300 4560 786 4634 ἐπανορθώσασθαι
821 4567 1040 4638 νόσημα
1065 4569 1157 4623 διὰ
1200 4569 1295 4623 τοῦ
1324 4570 1523 4625 ἐαυτοῦ
1545 4574 1745 4651 ᾼόγου,

201 4648 257 4699 δι’
282 4646 335 4705 οὗ
366 4656 456 4708 καὶ
482 4655 724 4727 ἐξαρχῆς
749 4658 782 4727 ἠ
805 4657 919 4713 τῶν
949 4660 1257 4732 ἀνθρώπων
1286 4662 1535 4735 ἐπλάσθη
1552 4646 1747 4736 ¹φύσις.

213 4740 342 4798 Ἐπεὶ
371 4748 425 4801 δέ
448 4747 510 4802 τὸ
541 4751 759 4821 νόσημα
788 4751 899 4804 τῶν
948 4751 1259 4823 ἀνθρώπων
1287 4754 1320 4825 ἡ
1348 4754 1595 4828 ἁμαρτία
1657 4753 1747 4827 ἦν,

205 4834 317 4906 ὅπερ
351 4841 653 4912 ἐνήργησεν
703 4845 736 4913 ἡ
770 4845 917 4915 κακὴ
956 4842 1197 4915 θέλησις,
1254 4845 1496 4923 ἔπρεπεν
1537 4848 1623 4903 ἵνα
1654 4850 1751 4904 καὶ

204 4927 610 5002 ἡέπανόρθωσις
645 4934 824 4988 οἰκεία
886 4937 985 4990 καὶ
1035 4937 1355 5009 ἁρμόζουσα
1506 4943 1644 5011 πρὸς
1686 4944 1748 4996 τὸ

205 5020 391 5092 νόσημα
415 5041 429 5057 ’
484 5024 677 5098 ὥσπερ
729 5030 827 5083 καῖ⁵
858 5029 907 5081 οἱ
948 5030 1128 5100 ἰατροὶ
1159 5030 1258 5094 τὰς
1296 5030 1593 5103 θεραπείας
1614 5035 1746 5089 ἀνα‹

202 5108 365 5179 λόγους
401 5117 616 5171 ποιοῦσι
657 5119 796 5189 πρὸς
820 5120 880 5172 τὸ
900 5120 1117 5190 νόσημα
1140 5123 1234 5175 καὶ
1265 5122 1357 5178 τὸν
1381 5123 1738 5191 ἀσθενοῦντα.

205 5201 293 5257 Καὶ
316 5209 416 5279 γάρ
439 5228 591 5279 φασι,
639 5230 657 5263 ι
703 5211 784 5264 Τὰ
823 5212 1045 5266 ἐναντία
1069 5213 1179 5267 τῶν
1209 5214 1469 5270 ἐναντίων
1510 5216 1741 5287 ἰάματα.

204 5294 333 5350 οὓτω
362 5301 402 5354 δ’
428 5303 493 5355 ἂν
518 5297 587 5374 ἦν
614 5305 796 5360 οἰκεία
834 5306 930 5359 καὶ
993 5306 1313 5377 ἁρμόζουσα
1367 5309 1400 5379 η
1449 5309 1744 5379 θεραπεία,

206 5386 314 5456 εἴγε
338 5394 362 5445 6
388 5394 483 5463 μὲν
513 5396 800 5466 ἄνθρωπος
851 5398 990 5453 καθὸ
1040 5400 1391 5467 αὑτεξούσιος
1423 5402 1605 5471 οἰκείᾳ
1656 5393 1749 5453 θε-

190 5470 330 5548 λήσει
354 5489 645 5559 προῃρεῖτο
674 5492 735 5542 τὸ
785 5490 997 5558 ἀγαθόν
1033 5507 1048 5522 °
1089 5493 1212 5545 ἐπεὶ
1251 5493 1345 5546 καὶ
1374 5494 1550 5565 οίκειᾳ
1580 5470 1745 5565 θὲλή⁴

205 5584 271 5623 σει
298 5578 565 5649 προῃρὲθη
590 5580 651 5631 τὸ
692 5580 865 5634 κακόν
888 5598 901 5612 ·
934 5583 967 5653 ἡ
1005 5575 1315 5653 δὲ’θέλησις
1366 5586 1557 5652 αὐτοῦ’
1594 5586 1650 5638 εἴ
1682 5604 1741 5655 γε

202 5668 544 5722 καττυωθοῦτο
578 5674 673 5725 καὶ
710 5673 1077 5730 κατευθύνετο
1134 5676 1272 5749 πρὸς
1329 5676 1427 5746 τὴν
1477 5678 1594 5731 ὁδὸν
1647 5678 1741 5731 τοῦ

260 5845 296 5877 ⁷⁸
326 5847 455 5905 Gen.
504 5865 541 5918 ι,
578 5851 668 5904 26.

1877 2000 2041 2055 quam
2092 1986 2330 2045 hominis
2362 1988 2627 2059 perfectio
2654 1993 3055 2061 consideratur,
3092 2005 3257 2068 atque
3288 2014 3317 2053 a
3354 1997 3452 2054 Dei

1874 2074 2049 2146 gloria
2076 2076 2395 2146 exciderat;
2427 2078 2498 2135 ob
2530 2095 2846 2151 perversam
2878 2085 3135 2143 nimirum
3161 2103 3315 2144 suam
3352 2104 3450 2145 vo-

1872 2165 2167 2222 luntatem.
2193 2166 2564 2235 Quamobrem
2598 2173 2763 2230 etiam
2793 2178 2984 2233 mortis
3015 2177 3309 2236 damnatus
3339 2190 3447 2247 est,

1869 2255 2017 2325 quod
2050 2259 2268 2313 mortali
2301 2269 2500 2316 natura
2533 2263 2794 2332 praeditus
2822 2275 2961 2331 erat,
2996 2265 3269 2336 ejusmodi
3297 2271 3447 2326 scili-

1869 2358 1958 2404 cet
2004 2363 2126 2420 qua:
2169 2351 2313 2405 mori
2354 2362 2562 2422 posset.
2618 2354 2773 2422 Quod
2820 2357 2998 2427 ipsum
3040 2362 3297 2435 \impensa
3328 2360 3447 2418 ‘Dci

1868 2441 2214 2509 humanitate
2245 2458 2308 2500 ac
2331 2446 2617 2503 clementia
2644 2446 2848 2505 factum
2883 2460 2990 2517 est,
3015 2468 3084 2508 ne
3109 2454 3308 2509 malum
3344 2455 3447 2509 im-

1868 2531 2102 2586 mortale
2149 2531 2313 2601 foret,
2362 2536 2458 2591 sed
2504 2539 2771 2607 peccandi
2812 2538 2973 2596 finem
3025 2543 3185 2599 homo
3215 2544 3441 2611 faceret,

1865 2636 2030 2691 quem
2082 2625 2276 2682 mortis
2323 2631 2588 2685 memoria
2648 2632 2881 2705 ejusque
2932 2646 3111 2692 metus
3164 2638 3218 2693 in
3264 2638 3445 2693 ofﬁcio

1864 2714 2192 2771 c0nlineret.
2234 2716 2370 2773 Nam
2402 2727 2459 2775 et
2496 2719 2622 2777 ideo
2644 2726 2862 2780 mortali
2888 2728 3105 2798 corp0ri
3134 2729 3441 2798 conjnnxe-

1862 2814 1950 2860 rat
1998 2807 2265 2877 animam,
2300 2818 2381 2876 ut,
2433 2812 2481 2868 si
2535 2829 2643 2884 qua
2696 2818 2958 2887 praeditus
3007 2828 3127 2875 erat
3182 2821 3439 2880 facultate

1864 2896 2101 2963 arbitrii,
2156 2900 2296 2954 mala
2348 2901 2593 2974 eligeret,
2644 2906 2932 2964 confestim
2982 2911 3174 2966 mortis
3219 2906 3427 2967 senten-

1861 2989 2016 3055 tiam,
2047 3005 2277 3061 corpore
2330 2996 2572 3063 mortali,
2630 2997 2963 3069 incurreret,
3017 3003 3159 3072 quod
3212 3008 3435 3060 omnino

1860 3077 2170 3135 immortale
2222 3078 2469 3138 futurum
2515 3093 2652 3152 erat,
2699 3089 2745 3144 si
2782 3088 2950 3157 bona,
2978 3100 3029 3145 et
3071 3107 3193 3160 quae
3232 3108 3297 3147 ex
3344 3093 3438 3148 Dei

1860 3179 2045 3225 essent
2070 3171 2354 3227 voluntate
2375 3184 2721 3245 prmoptaret.
2746 3176 2955 3235 Medius
2979 3180 3124 3235 enim
3150 3185 3435 3237 mortalem

1861 3262 2005 3318 inter
2031 3272 2086 3319 et
2118 3264 2479 3321 immortalem
2509 3278 2709 3323 sortem
2754 3271 3007 3328 conditus
3042 3271 3240 3329 fuerat.
3267 3273 3435 3330 Satan

1860 3372 2014 3421 vero,
2068 3374 2191 3414 cum
2220 3374 2287 3415 ex
2335 3358 2448 3417 Deo
2489 3362 2772 3428 exciderit,
2817 3366 2961 3420 haud
3014 3374 3193 3437 tamen
3236 3371 3432 3425 mortis

1856 3449 2150 3506 damnatus
2202 3461 2326 3519 est,
2376 3452 2523 3524 quod
2569 3457 2786 3511 mortali
2839 3468 3069 3524 natura,
3109 3458 3252 3515 sicut
3299 3477 3426 3526 nos,

1858 3545 2123 3613 praeditus
2150 3559 2261 3601 non
2296 3554 2437 3613 erat,
2465 3563 2574 3619 qua
2606 3548 2817 3605 scilicet
2860 3551 2995 3605 mori
3029 3562 3234 3622 posset.
3267 3551 3434 3609 Hinc-

1856 3652 1964 3707 que
1998 3637 2135 3693 adeo
2165 3648 2270 3703 est,
2316 3649 2376 3696 ut
2408 3642 2594 3709 homo,
2644 3642 2834 3698 mortis
2869 3657 3101 3711 memor,
3134 3646 3432 3715 poeniteat;
3518 3686 3523 3689 ι

1856 3728 2088 3801 ejusque
2117 3732 2197 3789 rei
2249 3732 2329 3790 illi
2360 3733 2596 3792 facultas
2639 3746 2744 3803 est,
2793 3738 3040 3808 quandiu
3074 3749 3327 3795 versatur
3373 3740 3429 3793 in

1855 3823 2106 3880 mutabili
2135 3825 2240 3882 hoc
2274 3840 2506 3898 corpore
2534 3845 2549 3884 :
2598 3837 2723 3898 post
2751 3838 2983 3885 mortem
3018 3845 3170 3897 vero,
3203 3832 3435 3886 minime

1853 3913 2037 3970 futura
2078 3926 2184 3982 est,
2218 3917 2315 3973 sed
2365 3933 2583 3990 semper
2614 3919 2972 3977 immutabilis
3007 3921 3133 3985 erit,
3165 3936 3288 3977 eum
3333 3923 3428 3993 qui

1854 4005 1933 4060 illi
1985 4006 2243 4075 obtigerit
2298 4008 2479 4064 locum
2532 4011 2800 4067 retinens.
2848 4011 3067 4068 Daemon
3100 4029 3231 4069 vero
3278 4015 3429 4069 nulla

1852 4096 2177 4170 ptenitentia
2208 4098 2451 4165 ducitur,
2481 4116 2587 4171 qua
2633 4103 2898 4173 praaditus
2924 4114 3120 4162 natura
3163 4106 3429 4165 immobili

1852 4199 1957 4247 est.
1990 4189 2148 4257 Quod
2194 4192 2343 4249 enim
2389 4208 2539 4249 mors
2573 4192 2893 4251 hominibus
2924 4204 3030 4260 est,
3064 4195 3116 4251 id
3155 4210 3315 4253 casus
3344 4210 3431 4254 est

1854 4284 2086 4355 angebs.

1924 4378 2064 4447 Quia
2109 4377 2276 4450 igitur
2318 4378 2661 4451 exploratum
2691 4389 2795 4447 est,
2826 4382 3177 4439 convenienti
3210 4399 3305 4440 eos
3340 4399 3428 4439 ra-

1853 4472 2002 4530 tione
2049 4488 2079 4528 a
2129 4472 2238 4528 Deo
2282 4473 2519 4544 judicari
2559 4491 2574 4529 :
2615 4473 2841 4530 decebat
2892 4490 2989 4546 per
3035 4475 3156 4546 ejus
3192 4474 3429 4531 Verbum

1852 4564 2075 4620 humani
2111 4567 2327 4635 generis
2354 4566 2553 4636 depelli
2600 4568 2854 4622 morbum
2890 4576 3056 4638 atque
3094 4570 3299 4633 sanari,
3328 4584 3425 4639 per

1855 4658 1999 4727 quod
2046 4658 2212 4713 etiam
2263 4673 2291 4712 a
2347 4659 2620 4729 principio
2672 4662 2911 4714 humana
2954 4672 3149 4715 natura
3193 4662 3427 4717 formata

1849 4750 2051 4806 fuerat.
2085 4749 2220 4817 Quia
2257 4765 2389 4804 vero
2422 4752 2646 4807 morbus
2681 4751 2769 4806 ille
2796 4761 3079 4821 peccatum
3103 4762 3239 4819 erat,
3268 4754 3430 4824 cujus

1851 4843 2066 4900 auctori
2120 4843 2262 4897 mala
2315 4842 2569 4898 voluntas
2622 4844 2930 4909 exstiterat,
2985 4845 3215 4901 decebat
3259 4856 3319 4901 ut
3370 4856 3428 4902 et

1849 4935 2066 4991 curatio
2106 4934 2328 5005 propria
2360 4945 2508 4990 esset
2536 4948 2602 4990 ac
2643 4949 2744 5006 pro
2788 4938 2968 4993 morbi
3018 4938 3233 4996 ratione
3259 4953 3433 5010 appo-

1848 5027 1973 5082 sita.
2007 5026 2092 5083 Uti
2125 5027 2289 5083 etiam
2337 5027 2558 5091 medici,
2594 5043 2693 5097 pro
2718 5029 2897 5085 morbi
2923 5038 3085 5101 atque
3112 5032 3302 5102 aegroti
3334 5048 3426 5086 ra-

1849 5121 1998 5174 tione
2032 5119 2209 5174 solent
2251 5119 2511 5176 adbibere
2554 5122 2818 5190 remedia,
2851 5137 3082 5191 quorum
3112 5124 3242 5179 illud
3273 5138 3428 5179 corn-

1848 5226 2012 5267 mune
2061 5211 2280 5265 effatum
2329 5228 2343 5265 :
2381 5228 2400 5263 ι
2441 5211 2731 5268 Contraria
2779 5218 3181 5271 contrariorum
3252 5217 3427 5271 medi-

1843 5311 2115 5359 camenta.
2153 5321 2172 5356 ι
2213 5302 2303 5359 Sic
2338 5318 2468 5360 vero
2516 5319 2741 5377 proprta
2774 5318 3011 5377 aptaque
3046 5310 3231 5362 futura
3262 5324 3422 5361 cura-

1846 5397 1921 5450 tio
1947 5403 2085 5459 erat,
2109 5394 2153 5450 si
2188 5394 2375 5458 homo,
2408 5409 2517 5464 qua
2548 5395 2763 5449 ratione
2808 5394 2963 5450 liberi
2989 5394 3199 5449 arbitrii
3242 5393 3419 5448 facul-

1848 5498 1959 5544 tate
1992 5487 2257 5558 praeditus
2284 5497 2389 5552 est,
2419 5487 2639 5556 propria
2664 5487 3168 5546 voluntatebonutn
3196 5487 3420 5555 eligeret

1854 5568 2085 5651 (quippei
2110 5580 2203 5651 qui
2249 5579 2366 5648 ipse
2416 5581 2634 5651 propria
2665 5580 2855 5635 eadem
2900 5579 3174 5634 voluntate
3219 5581 3424 5636 malum

1851 5673 2109 5746 elegerat)
2138 5672 2364 5745 ejusque
2397 5674 2511 5744 ipsa
2543 5673 2795 5728 voluntas
2840 5672 3135 5745 (siquidem
3166 5673 3255 5729 illa
3295 5689 3423 5745 pro-
