3790 6532
374 366 475 429 615

1657 353 2058 416 MANUELIS
2095 351 2412 413 CALECM‘
2507 343 2519 356 ’

3528 349 3617 414 (Ξίθ

377 488 716 550 speraretur,
773 487 1035 544 recteque
1089 473 1144 529 in
1197 469 1413 528 honesti
1476 468 1563 525 via
1619 467 1962 540 procederet)

2077 467 2259 533 καλοῦ,
2291 466 2388 520 καὶ
2419 463 2490 518 τά
2509 465 2743 536 οὑρανια
2793 463 2892 518 καὶ
2914 461 3034 515 θεῖα
3095 458 3308 530 ἠγάπα,
3364 459 3624 531 μισήσασα

363 569 616 626 coelestia
643 569 937 637 divinaque
975 565 1245 635 diligeret,
1292 563 1420 620 odio
1453 562 1660 618 habens
1689 574 1754 615 ac
1788 559 1961 630 proji-

378 662 552 728 ciens,
593 674 716 730 qua:
758 667 888 713 ante
929 657 1071 712 mala
1107 657 1376 711 voluerat.
1412 653 1568 710 Sicut
1600 653 1747 709 enim
1773 652 1963 707 volun-

374 753 504 807 tatis
538 750 814 821 perversio
839 759 944 814 est,
979 749 1162 804 odisse
1196 748 1338 803 bona
1375 763 1389 800 :
1426 746 1505 800 sic
1535 745 1655 815 ejus
1689 744 1961 801 rectitudo

373 853 477 904 est,
510 841 702 896 eadem
735 842 988 912 diligere.
1018 839 1143 894 Haec
1169 839 1314 894 enim
1364 837 1529 892 homo
1562 838 1608 892 si
1649 847 1956 907 prastaret.

375 933 596 988 omnino
634 933 855 1002 propria
890 937 1076 986 essent
1112 937 1369 1000 aptaque,
1403 943 1468 984 ac
1500 928 1582 984 sic
1615 928 1963 984 emendatio-

375 1039 501 1078 nem
537 1023 779 1078 nancisci
814 1032 1018 1093 posset.

442 1111 707 1184 Angelum
758 1127 922 1182 porro
967 1111 1020 1166 id
1061 1119 1326 1181 praestare
1369 1125 1478 1165 non
1525 1109 1773 1174 decebat,
1810 1107 1958 1178 quod

373 1204 653 1273 proprium
685 1203 912 1258 minime
951 1201 1196 1256 futurum
1230 1211 1368 1255 erat.
1393 1199 1501 1256 Nec
1533 1203 1677 1256 enim
1711 1217 1806 1272 per
1833 1216 1958 1255 eum

373 1295 538 1348 homo
581 1294 761 1349 fuerat
799 1293 1077 1354 conditus.
1119 1303 1178 1347 ut
1202 1309 1297 1361 per
1321 1307 1444 1348 eum
1485 1293 1761 1348 contritus
1800 1309 1959 1362 repa-

380 1395 597 1438 rari-tur
646 1403 660 1440 :
714 1400 814 1440 nec
872 1387 965 1454 qui
1033 1393 1380 1454 peccaverat,
1430 1385 1771 1440 curationem
1837 1394 1958 1440 erat

375 1478 731 1545 qumsiturtts,
765 1477 858 1532 sed
896 1491 992 1547 pro
1025 1478 1134 1530 alio
1170 1476 1347 1542 alius;
1389 1477 1533 1544 quod
1578 1492 1685 1530 non
1711 1477 1846 1531 satis
1891 1478 1957 1532 ad

375 1568 598 1638 iustitia:
637 1576 753 1621 erat
789 1581 1038 1622 normam
1082 1575 1356 1622 exactum.
1399 1565 1468 1619 At
1502 1579 1680 1634 neque
1720 1573 1780 1624 ut
1809 1567 1963 1636 quis-

377 1674 541 1727 quam
597 1658 882 1712 hominum
917 1671 1030 1712 rem
1063 1666 1350 1727 prastaret
1378 1655 1492 1711 ﬁeri
1541 1664 1776 1726 poterat,
1812 1659 1958 1728 quod

374 1763 568 1803 omnes
603 1759 826 1820 peccato
860 1748 1068 1804 obnixii
1105 1757 1309 1803 essent.
1361 1746 1575 1802 Etenim
1625 1749 1804 1818 ipsum
1857 1751 1960 1806 hoc

2067 563 2162 616 καὶ
2201 560 2559 633 ἀπορρίψασα
2590 559 2661 612 τά
2691 556 2895 627 φαῦλα,
2929 557 3072 623 άπερ
3092 553 3325 624 ἠθέλησε
3357 554 3624 625 πρότερον,

2064 656 2281 724 Ὥσπερ
2317 653 2429 724 γάρ
2465 653 2497 722 ἡ
2528 650 2831 723 διαστροφὴ
2863 648 2964 719 τῆς
2993 647 3264 716 θελήσεώς
3295 647 3417 700 ἐστι
3448 647 3505 698 τὸ
3545 666 3626 716 μι-

2071 750 2185 802 σεῖν
2211 748 2279 800 τά
2305 746 2476 810 καλὰ,
2502 743 2672 811 οὑτως
2714 745 2746 814 ἡ
2781 741 3010 813 ὀρθότης
3043 741 3212 808 αὐτῆς
3266 737 3330 792 τὸ
3383 738 3452 792 τά
3499 741 3627 794 καλὰ

2063 841 2307 911 ἀγαπᾷν.
2344 837 2532 892 Ταῦτα
2561 837 2670 907 γὰρ
2707 836 2866 905 εἴπερ
2896 837 2925 888 ὁ
2971 833 3260 903 ἄνθρωπος
3287 831 3483 895 ἐποίει,
3511 834 3627 886 πάν-

2061 949 2170 995 τως
2208 926 2351 1000 ἦσαν
2383 930 2560 982 οἰκεῖα
2585 928 2682 982 καὶ
2715 927 3044 997 ἁρμόζοντα,
3077 925 3173 979 καὶ
3222 923 3400 984 οὕτως
3421 922 3624 979 ἐδύνατο

2061 1022 2160 1093 τὴν
2190 1022 2572 1092 ἐπανόρθωσιν
2601 1021 2807 1090 εὑρεῖν.

2137 1114 2405 1182 ’Ἄγγελον
2442 1113 2541 1183 μὲν
2574 1108 2668 1166 οὖν
2694 1111 2854 1166 τοῦτο
2907 1111 3132 1181 ποιῆσαι
3163 1111 3267 1164 οὑκ
3322 1109 3453 1172 ἔδει,
3514 1111 3629 1163 διότι

2061 1200 2328 1255 ἀνοίκειον
2351 1196 2438 1272 ἦν.
2486 1199 2626 1255 Οὑτε
2659 1200 2769 1270 γὰρ
2793 1201 2858 1253 δι’
2907 1199 3078 1253 αὑτοῦ
3114 1200 3336 1266 ἐγένετο
3368 1201 3396 1252 ὁ
3430 1199 3628 1269 ἄνθρωο

2063 1309 2186 1356 πος,
2231 1293 2318 1346 ἵνα
2375 1293 2471 1346 καὶ
2514 1292 2584 1345 δι’
2636 1293 2803 1346 αὑτοῦ
2880 1289 3629 1390 συντριϐεὶς,ἐνετεανορθιινθῇ⁹

2059 1383 2184 1438 οὑτε
2240 1383 2298 1448 ὃς
2353 1384 2572 1455 ἥμαρτε
2622 1383 2722 1454 τὴν
2774 1382 3071 1453 θεραπείαν
3120 1380 3315 1451 ἐιῖελλε
3366 1380 3631 1450 ζητήσειν,

2061 1475 2199 1531 ἀλλὰ
2225 1476 2387 1540 ἄλλος
2421 1477 2544 1530 ἀντὶ
2572 1476 2737 1529 ἄλλου
2761 1492 2776 1509 ο
2804 1475 2946 1546 ὅπερ
2976 1475 3078 1528 οὑκ
3108 1471 3178 1547 ἦν
3217 1475 3455 1529 δίκαιον.
3487 1475 3632 1528 Ἀλλὰ

2069 1569 2181 1642 μὴν
2211 1569 2334 1624 οὑδέ
2360 1586 2482 1622 τινα
2512 1569 2802 1638 ἄνθρωπον
2833 1567 3060 1623 δυνατὸν
3085 1562 3154 1638 ἦν
3199 1567 3363 1620 τοῦτο
3401 1567 3630 1637 ἐργάσα-

2064 1661 2215 1725 σθαι,
2248 1660 2384 1715 διότι
2444 1661 2646 1725 πάντες
2700 1662 2874 1732 ἔνοχοι
2923 1657 3063 1732 ἦσαν
3092 1664 3158 1731 τῇ
3213 1660 3485 1731 ἁμαρτία.
3541 1663 3634 1714 Καὶ

2061 1751 2172 1822 γὰρ
2205 1751 2336 1804 αὐτὸ
2373 1752 2591 1821 πρῶτον
2617 1751 2679 1804 τὸ
2711 1751 2770 1816 ἐξ
2819 1751 3012 1822 ἀνδρὸς
3059 1751 3148 1804 διὰ
3180 1749 3446 1818 γυναικὸς
3511 1755 3633 1819 μετὰ

373 1844 634 1913 primum,
664 1844 808 1913 quod
851 1859 915 1899 ex
945 1844 1064 1898 viro
1092 1858 1190 1913 per
1239 1843 1522 1899 mulierem
1555 1860 1680 1899 cum
1731 1844 1957 1900 libidine

2077 1841 2268 1905 πάθους
2292 1841 2590 1910 γεννᾶσθαι
2627 1842 2692 1896 ἐκ
2753 1843 2854 1912 τῆς
2907 1841 3332 1914 προπατορικῆς
3370 1842 3633 1912 ἁμαρτίας

374 1945 694 2000 nascantur,
721 1950 786 1990 ex
819 1935 1122 2005 primorum
1147 1942 1437 2006 parentum
1465 1945 1690 2006 peccato
1718 1937 1953 1992 deScen-

370 2025 486 2091 dit;
540 2035 619 2090 ut,
663 2024 745 2079 vel
790 2024 836 2079 sl
887 2026 994 2080 alia
1036 2026 1217 2080 omnia
1265 2026 1551 2093 deessent,
1603 2027 1708 2082 hoc
1761 2027 1953 2082 saltem

373 2130 566 2172 omnes
597 2125 821 2186 peccato
867 2116 1236 2187 subiacerent.
1286 2116 1499 2174 Idcirco
1547 2118 1710 2174 etiam
1744 2120 1954 2174 daemon

372 2205 680 2260 animarum
737 2214 1054 2263 sanctorum
1116 2217 1343 2281 compos
1379 2218 1532 2275 erat,
1595 2206 1741 2281 quod
1776 2211 1959 2268 nullus

372 2296 658 2350 hominum
703 2311 733 2351 a
773 2307 1001 2366 peccato
1048 2299 1274 2354 omnino
1312 2300 1446 2354 liber
1475 2301 1810 2368 exsistebat;
1848 2318 1960 2373 prae

371 2387 493 2456 ejus
532 2386 793 2442 nimirum
828 2388 1124 2443 insatiabili
1159 2388 1460 2460 cupiditate
1505 2391 1822 2462 injustaque
1865 2407 1954 2446 ra-

375 2478 608 2548 pacitate
638 2494 702 2533 ac
735 2481 944 2549 peccati
984 2481 1366 2547 similitudin‘e,
1417 2499 1524 2553 qua
1578 2483 1655 2539 illi
1686 2499 1810 2540 cum
1859 2484 1960 2540 ho-

377 2571 619 2627 minibus
655 2572 801 2642 (aliis
828 2573 972 2641 plus,
999 2574 1122 2630 aliis
1150 2577 1356 2648 minus)
1382 2577 1772 2633 commercium
1801 2585 1918 2632 erat
1943 2597 1956 2632 :

377 2676 554 2731 eoque
583 2665 911 2720 commercio
952 2669 1102 2738 regni
1133 2669 1218 2723 sui
1268 2668 1482 2738 signum
1517 2683 1582 2723 ac
1615 2669 1959 2738 signaculum

376 2754 610 2824 (peccati
651 2756 880 2829 scilicet)
930 2751 984 2812 iu
1032 2760 1110 2814 eis
1144 2759 1401 2824 habebat,
1458 2768 1598 2815 utet
1641 2758 1786 2829 juris
1817 2777 1966 2833 quae-

375 2847 500 2898 dam
537 2845 651 2900 hazc
684 2848 896 2916 species
927 2858 1091 2904 esset.
1129 2848 1181 2903 Id
1228 2865 1356 2904 vero
1386 2849 1549 2904 etiam
1597 2853 1778 2908 avaris
1818 2851 1961 2922 inju-

349 2939 591 3007 istisque
655 2942 968 3009 raptoribus
1023 2941 1313 3010 inolitum;
1374 2958 1589 3014 semper
1642 2944 1960 3002 occasiones

381 3039 657 3098 quwrunt,
680 3039 752 3084 ut
781 3046 904 3101 qua:
946 3032 1220 3088 minorum
1268 3045 1398 3090 sunt
1441 3050 1505 3090 ac
1531 3035 1862 3100 vicinorum,
1895 3039 1964 3092 ab

381 3121 460 3172 eis
488 3121 699 3187 avulsa,
747 3122 972 3179 ditionis
1014 3139 1128 3180 sua:
1162 3125 1413 3196 jurisque
1441 3126 1698 3183 ciliciant.
1728 3128 1963 3185 Necesse

381 3211 599 3264 demum
630 3221 745 3266 erat
771 3214 1060 3282 quemdam
1093 3216 1356 3271 exsistere
1393 3219 1668 3272 hominem
1702 3218 1769 3274 ab
1809 3221 1960 3275 omni

381 3316 606 3368 prorsus
643 3316 868 3371 peccato
910 3304 1233 3369 immunem,
1270 3315 1330 3360 ut
1361 3321 1471 3360 non
1503 3321 1631 3362 suos
1663 3307 1780 3378 ipse
1813 3309 1965 3364 defe-

379 3403 500 3446 ctus
526 3393 898 3448 emendandos
930 3391 1178 3461 haberet,
1221 3396 1314 3452 sed
1343 3397 1572 3454 aliorum
1601 3398 1654 3453 in
1687 3415 1748 3456 se
1778 3416 1966 3456 susce-

379 3490 489 3557 ptis
518 3487 780 3557 peccatis,
815 3496 917 3558 pro
955 3488 1038 3546 eis
1088 3489 1230 3559 apud
1263 3488 1450 3546 Deum'
1475 3492 1842 3563 satisfaceret,
1875 3495 1963 3550 cui

381 3582 636 3636 homines
683 3581 892 3638 inimici
928 3581 1218 3653 hostesque
1248 3595 1446 3654 erant;
1482 3587 1628 3657 quod
1674 3586 1816 3644 mala
1852 3597 1964 3644 tum

379 3688 490 3744 quo
517 3673 834 3743 diligebant,
870 3683 982 3730 tum
1017 3683 1070 3730 et
1099 3675 1358 3744 agebant.

456 3764 526 3819 Ut
572 3769 756 3835 itaque
803 3765 856 3820 id
891 3767 1142 3822 homines
1193 3777 1542 3838 prazstarent,
1594 3779 1672 3825 uti
1703 3772 1906 3828 dictum
1937 3789 1966 3828 a

382 3857 542 3911 nubis
568 3867 672 3918 est,
701 3857 816 3912 fieri
849 3874 954 3912 non
979 3867 1220 3931 poterat,
1245 3861 1388 3939 quod
1421 3863 1655 3932 quisque
1680 3864 1966 3939 hominum

382 3958 609 4017 peccato
643 3950 916 4006 obnoxius
947 3960 1091 4005 esset
1120 3969 1135 4009 :
1181 3937 1389 4008 ideirco
1423 3968 1694 4024 propensa
1735 3955 1830 4012 Dei
1872 3937 1968 4013 Fi-

385 4040 491 4094 lius
530 4041 828 4107 voluntate,
881 4058 980 4114 per
1026 4059 1188 4114 quem
1221 4045 1406 4100 omnia
1449 4046 1684 4104 condita
1729 4047 1969 4116 fuerant,

385 4140 629 4186 nostram
664 4145 918 4189 naturam
953 4135 1022 4190 ab
1063 4137 1213 4191 omni
1259 4137 1560 4196 immunem
1605 4149 1836 4211 peccato
1882 4156 1970 4196 as-

386 4225 658 4294 sumpsit.‘
693 4224 849 4282 Unde
895 4227 1058 4281 etiam
1115 4229 1264 4284 nasci
1311 4244 1379 4286 ex
1419 4228 1644 4303 Virgine
1689 4228 1879 4297 voluit,
1912 4243 1973 4287 ut

387 4318 614 4370 omnino
647 4315 784 4371 liber
818 4327 964 4373 esset
1007 4332 1037 4373 ι
1088 4329 1316 4389 peccato
1363 4321 1618 4393 originis,
1666 4321 1856 4392 sicque
1893 4323 1971 4378 vi-

386 4417 497 4460 tam
538 4406 848 4474 inStituere,
877 4416 936 4463 ut
966 4407 1176 4466 nullum
1209 4411 1262 4465 in
1292 4427 1356 4466 co
1389 4421 1671 4482 peccatum
1707 4423 1968 4482 exstaret,

1990 3177 2037 3240 ο

2058 1932 2362 2002 κατάγεται
2385 1949 2400 1965 ο
2434 1931 2579 1987 ὥστε
2610 1935 2660 1986 εί
2706 1932 2783 2005 μὴ
2812 1932 2955 1988 κατά
2990 1949 3046 1985 τι
3075 1932 3228 1998 ἄλλο,
3289 1932 3437 1987 κατὰ
3488 1931 3632 1984 τοῦτο

2057 2023 2190 2093 γοῦν
2217 2025 2449 2088 ἕκαστος
2476 2023 2725 2095 ἁμαρτίᾳ
2787 2024 3096 2078 ὑπόκειται.
3135 2023 3238 2078 Διὰ
3294 2022 3463 2076 τοῦτο
3516 2025 3630 2091 γοῦν

2059 2114 2157 2168 καὶ
2182 2113 2459 2186 ἐγκρατὴς
2486 2109 2554 2186 ἦν
2579 2116 2607 2168 ὁ
2629 2113 2841 2184 δαίμων
2894 2113 3005 2168 τῶν
3045 2113 3237 2184 ψυχῶν
3273 2113 3384 2168 τῶν
3448 2114 3628 2181 άγέων,

2059 2207 2140 2260 ὅτι
2188 2201 2367 2270 οὐδεὶς
2402 2205 2709 2278 ἀνθρώπων
2737 2206 3168 2276 ἀπηλλαγμένος
3199 2201 3269 2278 ἦν
3295 2208 3632 2263 παντάπασιν

2020 2309 2024 2318 ·
2061 2297 2342 2368 ἁμαρτίας
2374 2293 2461 2350 διὰ
2490 2298 2589 2368 τὴν
2622 2297 2932 2368 ἀπληστίαν
2956 2295 3125 2351 αὑτοῦ
3157 2297 3255 2352 καὶ
3299 2297 3400 2369 τὴν
3428 2297 3634 2351 πλεονε-

2064 2381 2212 2453 ξίαν,
2243 2387 2338 2440 καὶ
2366 2387 2460 2441 διά
2488 2386 2588 2458 τὴν
2611 2388 2914 2458 ὁμοιότητα
2945 2389 3047 2457 τῆς
3077 2388 3382 2457 ἁμαρτίας,
3438 2389 3558 2441 καθ’
3579 2391 3634 2458 ἢν

2061 2480 2173 2539 τοῖς
2222 2474 2530 2548 ἀνθρώποις
2580 2475 2879 2542 ἐκοινώνει,
2911 2481 3023 2541 τοῖς
3071 2478 3170 2550 μὲν
3217 2478 3404 2532 πλεῖον
3444 2480 3551 2543 τοῖς
3587 2479 3636 2534 δέ

2062 2569 2283 2624 ἔλαττον
2297 2614 2311 2637 ,
2339 2572 2434 2626 καὶ
2455 2573 2594 2626 καθὸ
2627 2575 2807 2636 αὑτοῖς
2827 2574 3102 2628 ἐκοινώνει
3127 2577 3350 2643 σημεῖον
3368 2575 3464 2626 καὶ
3483 2591 3640 2642 agapet-

2063 2663 2189 2732 γῖδα
2217 2666 2276 2718 ἐν
2325 2665 2510 2729 αὑτοῖς
2583 2662 2695 2736 εἶχε
2741 2667 2844 2736 τῆς
2894 2667 3088 2722 ἑαυτοῦ
3154 2666 3460 2738 βασιλείας,
3494 2684 3635 2722 τουτο

2065 2758 2213 2812 ἐστιν
2235 2758 2512 2830 ἁμαρτίας
2539 2775 2553 2790 ο
2574 2757 2716 2813 ὥστε
2751 2761 2845 2812 καὶ
2874 2759 3172 2831 δικαίωμα.
3198 2758 3370 2812 Τοῦτο
3396 2759 3454 2812 δὲ
3481 2761 3572 2813 καὶ
3595 2761 3637 2814 ol

2073 2850 2398 2904 πλεονέκται
2431 2849 2699 2919 ποιοῦσιν,
2737 2851 2996 2922 ἀφορμὰς
3054 2852 3408 2923 εὑρίσκοντες
3446 2853 3535 2906 ἀεὶ
3576 2855 3636 2907 τὰ

2064 2942 2172 2994 τῶν
2204 2943 2510 2998 ἐλαττόνων
2568 2945 2665 2997 καὶ
2713 2943 3136 3008 γειτνιαζόντων
3179 2949 3511 3019 παρασπᾷν,
3559 2948 3638 3001 καὶ

2065 3033 2241 3088 ταῦτα
2303 3034 2515 3090 ἑαυτῶν
2572 3033 2939 3106 κληρονομίαν
2995 3038 3191 3091 ποιεῖν.
3259 3038 3411 3090 Ἔδει
3469 3037 3638 3093 λοιπὸν

2068 3127 2355 3198 ἄνθρωπον
2382 3128 2503 3181 τινὰ
2524 3128 2779 3196 γενέσθαι
2831 3129 3224 3200 ἀναμάρτητον
3271 3121 3478 3201 πάντη,
3510 3132 3636 3184 ὥστε

2075 3219 2149 3291 μὴ
2181 3221 2328 3291 ἔχειν
2364 3211 2566 3292 χρείαν,
2587 3223 2654 3275 τά
2675 3220 2870 3274 ἐαυτοῦ
2901 3220 3241 3292 ἐπανορθοῦν
3266 3221 3636 3292 ἐλαττώματα,

2071 3311 2208 3366 ἀλλὰ
2237 3312 2304 3366 τά
2323 3313 2431 3366 τῶν
2465 3313 2644 3368 ἄλλων
2675 3313 3071 3382 ἀναδεξάμενον
3090 3314 3496 3385 ἁμαρτήματα.
3516 3314 3638 3382 ὑπὲρ

2071 3404 2295 3460 ἐκείνων
2331 3404 2467 3478 πρὸς
2499 3407 2591 3459 τὸν
2619 3406 2756 3461 Θεὸν
2787 3408 3262 3480 ἀπολογήσασθαι.
3297 3403 3343 3477 ᾧ
3405 3403 3547 3478 ἦσαν
3596 3409 3638 3458 oi

2069 3495 2349 3569 ἄνθρωποι
2386 3497 2638 3568 πολέμιοι
2665 3499 2761 3552 καὶ
2787 3497 2995 3570 ἐχθροὶ,
3028 3499 3096 3554 τά
3159 3497 3347 3568 φαῦλα
3394 3499 3491 3553 καὶ
3521 3499 3639 3566 άγαο

2073 3587 2288 3651 πῶντες
2313 3589 2410 3642 καὶ
2431 3589 2790 3662 πράττοντες.

2144 3770 2305 3844 Παρά
2341 3773 2440 3844 μὲν
2466 3773 2559 3828 οὖν
2589 3775 2697 3828 τῶν
2723 3774 3052 3847 ἀνθρώπιον,
3076 3777 3153 3839 ὡς
3190 3777 3424 3855 ἔφημεν,
3455 3775 3634 3829 acau-

2071 3881 2163 3918 τον
2206 3860 2274 3936 ἦν
2309 3866 2470 3920 τοῦτο
2489 3867 2774 3934 γενέσθαι,
2808 3868 2900 3922 διά
2959 3871 3022 3922 τὸ
3066 3869 3302 3923 ἕκαστον
3357 3869 3640 3939 ἁμαρτίαις

2073 3954 2380 4012 ὑπεύθυνον
2414 3955 2577 4012 εἶναι.
2612 3961 2712 4012 Διά
2735 3958 2898 4014 τοῦτο
2929 3961 2956 4014 ὸ
2987 3961 3116 4026 Υἱὸς
3161 3961 3256 4015 τοῦ
3295 3960 3455 4021 Θεοῦ.
3492 3963 3557 4016 δι’
3584 3956 3636 4016 οὗ

2071 4049 2141 4104 τά
2173 4051 2350 4104 πάντα
2410 4053 2650 4121 ἐγένετο,
2693 4052 2957 4123 εὖδόκησε
3014 4053 3112 4126 τὴν
3170 4055 3451 4127 ἡμετέραν
3496 4055 3641 4124 φύσιν

2075 4141 2486 4214 ἀναμαρτήτως
2517 4143 2832 4201 ἀναλαϐεῖν.
2882 4146 3046 4200 Ὀθεν
3101 4147 3199 4200 καὶ
3247 4147 3313 4202 ἐκ
3377 4148 3640 4218 Παρθένον

2075 4233 2297 4306 ἐτέχθη,
2345 4234 2432 4288 ἵνα
2465 4236 2643 4309 πάντη
2683 4237 2971 4308 ἐλεύθερος
3019 4233 3051 4311 ᾗ
3105 4239 3207 4310 τῆς
3245 4241 3639 4310 προπατορικῆς

2076 4326 2392 4398 ἁμαρτίαςο
2443 4329 2540 4382 καὶ
2599 4327 2742 4382 οὑτω
2790 4329 3098 4398 διαϐιῶναι,
3171 4331 3316 4386 ὥστε
3384 4332 3637 4403 μηδεμίαν

2079 4419 2364 4488 ἁμαρτίαν
2389 4421 2444 4474 ἐν
2470 4421 2620 4491 αὑτῷ
2650 4421 2946 4494 εὑρεθῆναι
2975 4437 2990 4452 ⁶
3025 4423 3164 4478 ἀλλὰ
3189 4427 3373 4480 πᾶσαν
3427 4427 3630 4496 ἀρετὴν,

387 4500 479 4552 sed
531 4501 712 4552 omnis
769 4500 946 4556 virtus
998 4502 1261 4568 eluceret,
1320 4502 1522 4574 quibus
1575 4511 1630 4559 et
1680 4503 1869 4560 docuit
1919 4516 1963 4561 ct

2078 4509 2148 4562 δι’
2202 4505 2276 4564 ὧν
2319 4511 2526 4578 ἐδίδαξε
2557 4515 2651 4568 καὶ
2675 4513 2882 4588 ἔπραξε
2905 4519 3015 4583 τοῖς
3040 4515 3350 4588 ἀνθρώποις
3381 4518 3632 4589 προθέντα

385 4589 535 4658 egit;
589 4589 680 4658 qui
741 4603 937 4658 nempe
992 4607 1184 4646 norma
1238 4593 1496 4647 erunibus
1546 4593 1860 4664 propositus
1907 4607 1970 4649 ac

387 4680 692 4749 exemplum
741 4681 806 4734 ad
855 4681 1087 4737 salutem
1127 4692 1291 4750 esset,
1348 4683 1680 4754 modumque
1714 4701 1778 4740 ac
1822 4685 1964 4742 viam

388 4774 644 4828 curanda:
711 4775 935 4829 humani
1004 4776 1220 4842 generis
1295 4775 1679 4846 wgritudinis,
1748 4777 1967 4834 virtutis

392 4863 538 4919 cultu
574 4877 844 4938 rectaeque
880 4868 932 4922 iu
965 4872 1046 4922 eis
1077 4869 1400 4934 voluntatis,
1448 4871 1708 4926 mortales
1761 4870 1970 4941 praedo-

389 4967 555 5012 t-eret.
595 4961 804 5014 Etenim
845 4977 944 5015 suo
973 4961 1087 5030 ipse
1109 4963 1356 5031 exempl.)
1381 4964 1586 5026 docuit,
1626 4964 1716 5032 qui
1752 4965 1842 5020 liat
1887 4971 1966 5025 ut,

386 5069 495 5121 quo
533 5055 866 5114 Iullmnmtls,
903 5056 1150 5108 morbum
1191 5055 1570 5109 euteudetnus.

382 5198 387 5202 _
463 5147 700 5197 Primum
745 5148 888 5197 enim
922 5149 1171 5215 apparuit
1217 5162 1309 5213 per
1357 5147 1456 5201 ho‘c
1493 5147 1807 5218 mysterium
1859 5150 2000 5211 dis:

391 5240 750 5305 pensattouis,
786 5255 810 5294 s
846 5241 893 5294 ic
955 5255 1052 5294 nos
1085 5243 1248 5294 Deum
1285 5241 1560 5304 dilexisse,
1595 5249 1654 5295 ut
1697 5253 1748 5295 et
1778 5240 1971 5296 Filium

391 5323 551 5381 suum
587 5329 862 5385 hominem
905 5331 1020 5386 fieri
1055 5333 1311 5398 voluerit,
1343 5332 1580 5402 hincque
1611 5334 1746 5387 adeo
1777 5343 1834 5387 ut
1871 5351 1968 5389 nos

394 5421 569 5487 ipsum
599 5422 889 5494 diligamus
922 5425 1138 5494 egregie
1173 5426 1368 5489 suasit,
1415 5425 1509 5493 qui
1552 5440 1746 5495 nempe
1792 5429 1970 5482 excel-

394 5513 593 5568 l«-ntem
641 5516 760 5584 ejus
803 5532 930 5587 erga
990 5532 1092 5571 nos
1143 5517 1488 5571 dilectionem
1541 5518 1911 5588 intelligamus
1959 5539 1972 5574 :

395 5605 560 5674 inque
610 5607 754 5663 hunc
802 5611 1025 5664 modum
1081 5611 1234 5664 illius
1292 5609 1500 5664 auxilio
1558 5618 1723 5679 atque
1770 5615 1966 5682 gratia,

394 5710 613 5754 esti-usa
646 5702 804 5758 nobis
833 5713 1141 5773 prementes
1171 5703 1400 5774 vestigia
1444 5704 1735 5775 ipsumque
1764 5707 1964 5769 Secuti,

391 5797 686 5857 auepturos
754 5811 852 5851 nos
911 5797 1301 5853 beatitudinem
1362 5813 1645 5868 speramus
1711 5800 1803 5870 (in
1871 5801 1963 5853 Dei

2082 4605 2252 4658 τύπον
2297 4606 2394 4660 καὶ
2426 4607 2794 4678 ὑπογραμμὸν
2818 4609 2952 4663 πᾶσι
2984 4611 3273 4678 γεγονέναι
3299 4613 3438 4682 πρὸς
3474 4627 3633 4678 σωτη-

2087 4697 2234 4768 ρίαν,
2272 4699 2368 4751 καὶ
2395 4699 2487 4752 τὸν
2507 4699 2709 4771 τρόπον
2732 4701 2826 4754 καὶ
2852 4701 2951 4772 τὴν
2975 4703 3093 4756 ὁδὸν
3125 4705 3222 4773 τῆς
3250 4703 3538 4774 θεραπείας
3554 4701 3634 4755 τοῦ

2083 4789 2428 4858 ἀνθρωπίνου
2457 4795 2758 4862 νοσήματος
2795 4794 2882 4847 διὰ
2905 4797 3002 4860 τῆς
3027 4795 3225 4865 ἀρετὴ,
3249 4797 3342 4850 καί
3374 4796 3464 4865 τῆς
3485 4795 3634 4864 όρθῖὶς

2081 4881 2138 4930 ἐν
2171 4881 2355 4942 αὐτοῖς
2383 4879 2658 4952 θελήσεως
2694 4884 3031 4954 προδιδάξαι.
3085 4885 3185 4938 Καὶ
3227 4890 3334 4957 γάρ
3367 4885 3525 4948 ἔδειξε
3578 4883 3636 4935 δ;’

2083 4971 2304 5038 ἑαυτοῦ,
2347 4975 2452 5026 τίνι
2507 4978 2694 5046 τρόπῳ
2749 4976 3096 5048 δυνησόμεθα
3148 4979 3208 5031 τὸ
3246 4980 3456 5049 νόσημα
3495 4978 3634 5046 ἡμῶν

2085 5065 2598 5135 ἐπανορθώσασθαι.

2157 5158 2382 5225 Πρῶτον
2414 5161 2520 5229 γὰρ
2563 5161 2738 5230 ἐφάνη
2795 5161 2885 5214 διὰ
2963 5161 3058 5214 τοῦ
3112 5163 3416 5232 μυστηρίου
3462 5162 3634 5221 τούτου

2085 5249 2183 5319 τῆς
2203 5252 2514 5319 οἰκονομίας
2548 5254 2629 5306 ὅτι
2655 5257 2681 5306 ὁ
2717 5254 2852 5318 Θεὸς
2887 5256 3141 5310 τοσοῦτον
3181 5259 3631 5327 ἠγάπησενὴμᾶς,

2083 5341 2165 5390 ὅτι
2205 5340 2299 5391 καὶ
2357 5340 2644 5410 ἄνθρωπον
2697 5344 2959 5412 γενέσθαι
3013 5346 3247 5416 ἠθέλησε
3313 5349 3402 5401 τὸν
3454 5347 3630 5399 ἐαυῖοῦ

2087 5431 2237 5496 Υὲὸν,
2275 5438 2366 5484 καὲ
2396 5433 2481 5486 διὰ
2504 5435 2694 5488 τούτου
2745 5438 3072 5491 κατέπεισεν
3102 5441 3249 5511 ἡμᾶς
3309 5441 3518 5512 ἀγαπᾷν
3545 5441 3632 5491 αὖ·

2088 5524 2201 5588 τὸν,
2259 5524 2577 5588 ἐννοοῦντας
2642 5528 2741 5597 τὴν
2794 5529 3248 5599 ὑπερϐάλλουσαν
3305 5529 3460 5586 αὐτοῦ
3519 5515 3633 5597 «ait

2087 5616 2236 5686 ἡμᾶς
2264 5615 2507 5686 ἀγάπην.
2540 5620 2649 5672 Καὶ
2689 5617 2833 5674 οὕτω
2859 5625 2923 5692 τῇ
2955 5624 3122 5677 αὑτοῦ
3153 5625 3379 5698 βοηθείᾳ
3405 5626 3489 5678 καὶ
3542 5625 3628 5695 χά·

2088 5726 2197 5780 pm.
2231 5712 2342 5770 τοῖς
2367 5710 2732 5781 ὑποδειχθεϊσι
2761 5716 2984 5784 τρόποις
3020 5717 3306 5787 ἑπόμενοι,
3356 5719 3625 5785 ἐλπίζομεν

2085 5803 2272 5873 τυχεῖν
2305 5801 2402 5869 τῆς
2440 5806 2868 5884 μακαριότητος.
2901 5810 3022 5879 ἥτις
3077 5811 3135 5862 ἐν
3171 5816 3235 5882 τῇ
3293 5810 3417 5866 Θεοῦ
3445 5809 3625 5878 θεωρία
