3892 6588
188 461 271 525 ιη
924 412 931 421 ί
1074 456 1177 518 DE
1222 456 1643 519 PRINCIPIIS
1686 434 1899 519 FlDEl
1930 462 2408 533 CATIIULlC/E.
2902 436 2909 439 ”
3274 462 3379 526 618

191 576 471 629 συνίστατσιο
495 572 568 632 εἰς
600 571 668 641 ἦν
726 568 888 633 αὐτὸς
910 570 1085 639 ,ἡμᾶς
1142 570 1384 627 εἵλκυσε.
1430 573 1543 643 Τὴν
1592 572 1703 641 γὰρ

1838 573 2017 629 cilicct
2052 576 2260 633 visione
2307 576 2563 649 positam)
2600 576 2664 633 ad
2699 590 2862 647 quam
2908 576 3024 646 ipse
3054 590 3154 632 nos
3189 578 3375 632 traxit.

184 669 420 724 ἀσθένειαν
470 664 662 721 ἑαυτοῦ
693 663 986 732 γινώσκων
1040 666 1067 717 ὁ
1121 663 1428 734 ἄνθρωπος,
1476 665 1577 719 οὐκ
1632 665 1697 718 ἂν

1897 680 1979 720 mo
2026 667 2171 721 enim
2218 682 2331 723 sua:
2375 669 2635 724 conscius
2682 668 3043 732 inﬁrmitatis,
3091 684 3375 739 nunquam
3431 658 3434 662 Α

185 762 358 829 ἐνόμισε
382 757 509 827 πρὸς
534 757 740 827 ταύτην
767 754 1067 826 δυνηθῆναι
1098 755 1412 826 ἀφίξεσθαι,
1433 756 1481 809 εἰ
1509 757 1583 828 μὴ
1601 758 1700 830 τὴν

1839 770 1862 810 e
1893 756 1959 810 ad
1995 773 2112 813 eam
2142 774 2431 815 evasurum
2463 762 2821 826 existimaret,
2851 761 2958 818 nisi
2987 768 3192 816 tantam
3227 763 3279 816 iu
3316 776 3376 817 se

184 854 304 921 παρὰ
345 850 474 905 Θεοῦ
519 852 607 912 είς
648 848 838 903 ἑαυτὸν
895 849 1125 901 ἔϐλεπεν
1183 848 1353 902 οὖσαν
1405 848 1696 919 τοσαύτην,

1836 848 1898 902 lei
1943 849 2315 919 dignationem
2350 853 2582 917 videret,
2627 862 2685 909 ut
2732 864 2784 908 ct
2820 855 2959 909 Deus
2997 855 3160 907 homo
3200 854 3373 920 ﬂeret,

182 942 291 994 ὥστε
314 938 396 992 τὸν
416 940 544 991 Θεὸν
595 939 885 1009 ἄνθρωπον
917 938 1196 1007 γενέσθαι,
1243 940 1339 991 καὶ
1382 939 1431 991 εί
1462 938 1537 1009 μὴ
1564 938 1700 1007 πρὸς

1837 956 1866 993 c
1900 940 2004 995 nisi
2039 941 2104 995 ad
2156 956 2216 996 se
2261 940 2405 997 Deus
2438 957 2541 997 nos
2590 944 2867 998 invitaret.
2922 943 3034 998 Nisi
3065 943 3207 997 enim
3258 945 3374 998 fieri

186 1034 340 1087 ἑαυτὸν
368 1031 395 1081 ὀ
424 1031 555 1093 Θεὸς
583 1032 731 1101 ἡμᾶς
765 1030 1150 1101 προύκαλεῖτο.
1193 1032 1258 1084 El
1290 1032 1400 1102 γὰρ
1433 1030 1508 1101 μὴ
1542 1032 1702 1087 δυνα-

1834 1041 2006 1096 esset,
2050 1040 2106 1087 ut
2138 1046 2237 1102 pro
2267 1041 2468 1109 nostrae
2512 1033 2786 1089 facultatis
2820 1036 3042 1089 modulo
3086 1035 3150 1089 ad
3200 1035 3371 1088 Deum

183 1126 247 1176 τὸν
265 1118 323 1193 ἦν
341 1124 470 1194 πρὸς
499 1124 592 1175 τὸν
618 1124 754 1176 Θεὸν
775 1124 924 1192 ἡμᾶς
956 1122 1098 1176 κατὰ
1120 1122 1180 1176 τὸ
1233 1123 1519 1195 ἐγχωροῦν
1569 1125 1700 1178 ἀνα-

1835 1122 1905 1191 psi
1966 1124 2323 1190 eniteremur,
2368 1141 2646 1195 nunquam
2705 1126 2798 1182 ille
2854 1128 2920 1181 ad
2986 1127 3372 1198 impossibilia,

179 1215 426 1281 πίνεσθαι,
458 1217 560 1269 οὐκ
585 1215 651 1269 ἂν
680 1215 739 1268 τὸ
761 1215 1026 1269 ἀδύνατον
1058 1217 1136 1280 είς
1170 1217 1237 1269 τὰ
1268 1215 1510 1271 ἀδύνατα
1530 1216 1701 1289 προὺ-

1373 1232 1510 1271 νατα
1530 1216 1701 1289 προὺ-
1802 1214 1948 1283 quod
1978 1214 2323 1284 impossibile
2356 1226 2528 1282 esset,
2568 1229 2910 1287 provocaret.

180 1307 370 1360 καλεῖτο.

228 1399 365 1451 Ὥστε
389 1398 447 1450 τὸ
467 1414 517 1450 τι
527 1397 801 1466 μιιᾶατον
832 1397 928 1452 τοῦ
947 1399 1085 1453 Θεοῦ
1124 1400 1330 1465 κτίσμα
1358 1402 1385 1455 ὁ
1414 1401 1699 1473 ἅνθρωπος

1873 1389 2081 1459 Itaque,
2121 1392 2213 1460 qui
2256 1392 2400 1448 inter
2432 1392 2524 1450 Dei
2574 1395 2827 1465 figmenta
2861 1396 3157 1468 principem
3193 1399 3372 1453 locum

173 1490 348 1556 ἐπέγνω
367 1490 453 1542 τὸν
481 1489 664 1560 ἀληθῆ
695 1490 832 1544 Θεὸν
869 1491 959 1543 διὰ
990 1491 1085 1544 τοῦ
1121 1492 1214 1545 τὸν
1236 1491 1374 1544 Θεὸν
1408 1491 1700 1564 ἄνθρωπον

1836 1486 1971 1539 anet,
2003 1479 2186 1546 homo,
2219 1482 2342 1537 inde
2372 1498 2561 1538 verum
2589 1488 2809 1555 agnovit
2834 1487 3026 1563 Deum,
3054 1491 3198 1559 quod
3232 1490 3373 1546 Deus

168 1581 409 1649 γενέσθαι,
442 1582 540 1634 καὶ
574 1583 675 1651 τῆς
718 1584 828 1635 τῶν
848 1583 1125 1654 δαιμόνων
1174 1583 1385 1655 ἀπέστη
1440 1584 1698 1653 λατρείας

1835 1583 1978 1625 ιοωο
2010 1571 2185 1629 factus
2213 1584 2335 1642 est;
2368 1578 2782 1648 abscedenstpte
2812 1597 2839 1634 a
2885 1583 3191 1643 daemonum
3224 1586 3372 1639 cultu

172 1674 245 1725 ul
272 1674 485 1737 πλάνης,
504 1674 607 1726 καὶ
638 1672 735 1742 τῆς
766 1675 963 1735 ἰάσεως
990 1674 1200 1745 ἔτυχεν.
1222 1675 1300 1728 0")
1329 1675 1438 1746 γὰρ
1461 1670 1530 1747 ἦν
1551 1676 1699 1740 εἰκὸς

1840 1674 1868 1714 c
1905 1675 2117 1723 errore,
2158 1666 2448 1720 sanitatem
2494 1668 2749 1738 indeptus
2788 1681 2890 1725 est.
2932 1672 3050 1726 Non
3082 1674 3226 1727 enim
3280 1690 3377 1743 par

172 1764 1101 1834 τὸνΘεὸν,ἀγαθὸνῦντα,τὸὲαυτοῦ
1126 1765 1355 1837 πλάσμα
1377 1768 1698 1822 καταλιπεῖν
1800 1758 1919 1806 θνθί
1987 1762 2047 1807 ιιι
2116 1753 2280 1839 DNS:
2328 1758 2422 1826 (ιυὶ
2474 1760 2648 1816 δοηηε
2686 1762 2777 1825 ⁸ης
2840 1763 3156 1832 ﬁgmentum
3213 1783 3375 1822 suum

172 1852 451 1924 ἀεοήθητον.

1793 1845 1949 1898 omni
1983 1846 2305 1902 destitutum
2334 1864 2435 1918 ope
2467 1852 2822 1923 relinqueret.

228 1945 431 2000 Ἔπειτα
452 1945 582 2001 ἐπεὶ
634 1949 898 2018 ἐλέγομεν
922 1951 983 2001 τὸ
1016 1948 1361 2019 ἀνθρώπινον
1394 1950 1701 2020 ἁμάρτημα
1728 1960 1765 2021 Ε

1877 1934 2108 2001 Deinde,
2156 1940 2282 2007 quia
2328 1941 2647 1997 dicebamus
2699 1954 2984 2014 peccatum
3031 1947 3276 2006 hominis
3322 1950 3376 2005 in

172 2040 479 2095 συνίστασθαι
512 2041 584 2094 ἐκ
615 2039 709 2093 τοῦ
764 2040 833 2094 τὰ
883 2040 1067 2109 φαῦλα
1131 2041 1427 2110 ἐπιθυμεῖν
1493 2042 1590 2094 καὶ
1633 2043 1700 2095 τὰ

1845 2041 1910 2083 0c
1945 2029 2183 2098 positum
2208 2044 2352 2097 esse,
2385 2035 2531 2103 quod
2567 2036 2709 2089 mala
2740 2038 3095 2105 concupiscat
3126 2040 3378 2111 bonaque

175 2136 415 2200 σωματικὰ
469 2132 682 2201 ἀγαθὰ,
730 2132 800 2185 τὰ
849 2133 904 2184 δὲ
942 2132 1140 2186 αίώνια
1192 2132 1374 2199 ἀγαθὰ
1414 2134 1697 2203 οὐδαμῶςο

1838 2125 2153 2193 orporalia,
2211 2142 2557 2198 nequaquam
2622 2147 2752 2188 vero
2803 2133 2944 2187 bona
2996 2137 3373 2205 sempiterna;

174 2225 263 2286 πῶς
306 2219 369 2294 ἦν
408 2223 643 2278 δυνατὸν
706 2222 866 2277 τοῦτο
942 2222 1379 2294 θεραπευθῆναι,
1434 2224 1529 2278 καὶ
1565 2223 1702 2294 πρὸς

1835 2227 2044 2281 ‘_uonam
2073 2217 2234 2281 modo
2264 2218 2381 2273 fieri
2412 2221 2606 2289 possit,
2645 2231 2705 2277 ut
2738 2224 2865 2278 huic
2898 2225 3040 2281 malo
3072 2227 3372 2283 remedium

175 2316 276 2369 Θεὸν
308 2316 629 2384 ἀναχθῆναι,
662 2314 729 2369 δι’
755 2308 830 2368 ὧν
872 2315 1077 2385 ἔπραξε
1101 2316 1197 2369 καὶ
1245 2316 1490 2376 πέπονθε
1524 2318 1699 2373 καθα-

1842 2300 2128 2358 dhibeatur
2155 2314 2208 2358 et
2238 2306 2404 2361 homo
2430 2308 2496 2363 ad
2536 2310 2701 2363 Deum
2731 2325 3004 2383 assurgat,
3034 2315 3234 2385 quibus
3267 2318 3379 2387 egit

178 2410 259 2477 ρῶς
278 2409 453 2472 ἔδειξε.
494 2408 605 2463 Καὶ
634 2408 740 2476 γὰρ
763 2408 1004 2477 πένητας
1031 2408 1223 2477 γονέας
1266 2408 1572 2471 προείλετο.
1603 2411 1702 2479 τὴν

1845 2401 1970 2461 tque
1998 2409 2194 2462 passus
2222 2406 2307 2452 est
2341 2399 2548 2468 liquido
2583 2403 2845 2457 ostendit.
2881 2406 3092 2460 Etenim
3121 2418 3377 2477 parentes

172 2500 213 2552 δὲ
230 2504 407 2572 ἀρετην
432 2482 711 2562 τελείους,
742 2500 829 2552 ἵνα
860 2499 1049 2570 μηδεὶς
1073 2500 1411 2570 ὲγκαυχᾶται
1435 2504 1499 2571 τῇ
1541 2503 1699 2556 ἀσθεο

1835 2498 2074 2555 ποιιρθνοε
2112 2488 2297 2557 elegit,
2331 2494 2423 2559 qui
2459 2499 2640 2547 tamen
2666 2495 2866 2549 virtute
2889 2498 3113 2566 perfecti
3147 2510 3372 2567 essent;

168 2592 262 2662 νεία
280 2592 366 2659 τῆς
398 2588 630 2662 σαρκός,
660 2590 881 2661 Πτωχὸν
913 2586 1026 2661 εἶχε
1059 2589 1196 2661 βίον,
1226 2592 1312 2644 ἵνα
1340 2591 1467 2655 τοὺς
1494 2592 1703 2664 ἀνθρώ-

1848 2591 1878 2630 e
1899 2576 2024 2646 quis
2057 2577 2317 2647 glorietur
2340 2582 2429 2650 qui
2454 2584 2636 2640 carnis
2664 2585 2977 2643 inﬁrmitate
3000 2591 3377 2651 circumdatus

173 2697 276 2742 πους
303 2680 478 2752 διδάξῃ
513 2682 816 2751 χρημάτων
851 2684 1237 2752 καταφρονεῖν.
1298 2683 1703 2755 Ἐστερημὲνος

1839 2665 1901 2720 it.
1956 2666 2099 2723 Pene
2154 2672 2390 2727 mendici
2425 2674 2588 2728 vitam
2638 2677 2780 2746 egit,
2833 2691 2893 2733 ut
2948 2688 3376 2743 contemnendas

171 2772 430 2840 ἀξιώματος
451 2772 664 2836 διεϐίω,
697 2774 785 2827 ἵνα
815 2772 1003 2845 παύσῃ
1062 2775 1189 2838 τοὺς
1228 2773 1553 2845 ἀνθρώπους
1602 2775 1704 2846 τῆς

1844 2761 2067 2816 ecunias
2118 2762 2368 2821 homines
2407 2767 2648 2826 doceret.
2700 2769 2855 2826 Nulla
2905 2774 3166 2844 dignitate
3218 2795 3381 2834 mun-

169 2864 364 2917 ἀτάκτου
389 2864 522 2935 περὶ
553 2863 651 2927 τὰς
699 2864 867 2935 τιμὰς
911 2865 1231 2935 ἐπιθυμίας.
1264 2865 1455 2934 Πόνον,
1523 2867 1701 2938 λιμὸν,

1843 2865 1952 2904 ano
1992 2852 2139 2907 cultu
2189 2856 2442 2912 sublimis
2468 2859 2630 2913 vitam
2668 2864 2928 2929 traduxit,
2969 2875 3025 2920 ιιι
3075 2869 3141 2923 ab
3172 2870 3378 2927 inordi—

170 2953 313 3021 δίψαν,
335 2956 605 3025 μάστιγας
628 2955 902 3026 ὑπέμενεν
933 2957 990 3009 ἐν
1015 2956 1093 3026 τῷ
1120 2956 1358 3028 σώματι,
1396 2957 1482 3011 ἵνα
1519 2959 1704 3030 διδάξῃ

1846 2953 1933 2999 ata
1997 2946 2267 3003 honorum
2325 2952 2623 3021 cupiditate
2672 2954 2955 3011 hominum
3012 2975 3379 3030 compesceret

174 3045 268 3105 τοὺς
289 3045 601 3115 ἀνθρώπους
662 3045 739 3116 μὴ
990 3047 1085 3100 καὶ
1141 3051 1322 3118 τρυφῇ
1376 3050 1472 3102 καὶ
1520 3049 1706 3103 ἀνέσει

1846 3042 2046 3097 nimus.
2097 3041 2527 3108 Lassitudinem,
2581 3045 2802 3113 fantem,
2841 3047 3013 3117 sitim,
3053 3054 3275 3109 verbera
3324 3057 3378 3111 in

175 3138 501 3206 προσέχοντας
546 3138 882 3204 ἀφίστασθαι
913 3138 1011 3191 τοῦ
1067 3141 1168 3209 τῆς
1218 3144 1422 3213 ἀρετῆς
1472 3141 1701 3210 ἀγαθοῦ.

1841 3146 2036 3198 orpore
2085 3134 2372 3197 sustinuit,
2411 3145 2470 3189 ut
2525 3138 2744 3192 doceret
2797 3140 3047 3197 homines
3092 3145 3377 3213 voluptati,

174 3228 307 3291 Τέλος
339 3231 569 3284 θάνατον
593 3231 912 3301 ὑπέμεινεν,
946 3230 1033 3284 ἵνα
1062 3230 1255 3301 μηδεὶς
1277 3233 1365 3285 διὰ
1395 3232 1488 3285 τὸν
1540 3234 1705 3303 φόϐον

1848 3224 2046 3290 rliciis,
2086 3226 2319 3281 molliori
2365 3228 2490 3281 vitae
2534 3230 2780 3284 animum
2831 3232 3166 3297 addicentcs,
3201 3252 3230 3290 a
3271 3239 3380 3292 vir-

172 3317 245 3371 τοῦ
267 3319 483 3376 θανάτου
515 3323 618 3392 τὴν
650 3322 907 3393 ἀλήθειαν
932 3323 1407 3395 ὲγκαταλιμπάνῃ.
1444 3324 1548 3379 Τὸν
1573 3328 1703 3379 ἐπο-

1905 3320 1947 3373 is
1983 3318 2127 3375 bono
2158 3333 2263 3373 non
2306 3320 2618 3375 abscedere.
2662 3320 2946 3378 Postremo
2989 3336 3215 3381 mortem
3260 3330 3383 3398 pér—
3440 3326 3442 3329 ’

175 3412 397 3467 νείδιστον
434 3415 523 3469 διὰ
556 3415 795 3485 σταυροῦ
827 3416 1110 3485 προείλετο
1132 3415 1379 3481 θάνατον,
1409 3417 1496 3469 ἵνα
1515 3417 1704 3487 μηδεὶς

1840 3408 1953 3472 ulit,
2003 3416 2062 3463 ut
2113 3423 2274 3465 nemo
2322 3410 2512 3466 mortis
2557 3419 2700 3467 metu
2755 3413 3048 3469 deterritus
3096 3417 3377 3474 veritatem

171 3504 284 3575 ὑπὲρ
307 3509 399 3576 τῆς
447 3508 820 3577 ἀληθείαςτδν
849 3509 1209 3564 ἐπονείδιστον
1232 3509 1568 3581 impium“,
1611 3511 1707 3566 θα-
1806 3498 2044 3555 deserat.
2113 3499 2595 3556 Probrosissimam
2647 3506 2826 3560 erucis
2858 3536 2867 3545 η-
2898 3509 3167 3578 supplicio
3215 3512 3379 3581 elegit
3460 3556 3461 3559 η

170 3613 317 3652 νστον.
350 3599 508 3651 Ὥστε
555 3600 800 3669 προσῆκε
836 3601 927 3654 τὸν
944 3600 1077 3654 Θεὸν
1106 3602 1396 3671 ἄνθρωπον
1422 3602 1702 3670 γενέσθαι,

1838 3602 2060 3658 mortem,
2103 3605 2162 3649 ut
2208 3608 2369 3649 nemo
2403 3611 2502 3665 pro
2530 3597 2759 3653 veritate
2792 3599 3116 3665 probrosam
3145 3616 3375 3659 mortem

172 3688 242 3740 ἵνα
266 3689 334 3759 τῷ
382 3691 502 3745 καθ’
567 3692 731 3744 αὐτὸν
783 3692 1143 3761 ὑποδείγματι
1203 3694 1331 3756 τοὺς
1378 3693 1644 3764 ἀνθρώποί

1845 3684 2069 3754 efugiat.
2118 3685 2306 3756 Itaque
2355 3688 2686 3743 conveniens
2736 3698 2877 3757 erat,
2929 3700 2986 3744 ut
3036 3693 3181 3749 Deus
3218 3696 3380 3752 lzomo

170 3780 246 3831 ἐπὶ
273 3784 364 3851 τὴν
393 3782 596 3853 ἀρετὴν
644 3784 1067 3853 προκαλέσηται,
1110 3785 1253 3837 καθά
1280 3801 1445 3854 φησιν
1469 3787 1495 3837 ὁ
1520 3785 1706 3855 μακά-

1849 3788 1977 3841 eret,
2014 3791 2123 3847 quo
2169 3778 2428 3833 nimirum
2479 3782 2728 3851 exemplo
2756 3796 2856 3837 suo
2888 3784 3137 3841 homines
3171 3788 3237 3841 ad
3270 3789 3382 3843 vir~

170 3887 265 3939 ριος
294 3873 509 3943 Πέτρος,
543 3892 561 3924 ι
598 3874 829 3943 Χριστὸς
872 3873 1314 3945 πέποεδθενηύπὲρ
1363 3876 1544 3946 ἡμῶν,
1572 3878 1706 3947 ἡμῖν

1847 3877 1981 3922 item
2034 3880 2376 3936 provocaret,
2425 3870 2501 3924 uti
2532 3872 2606 3926 ait
2649 3873 2843 3929 beatus
2890 3874 3083 3930 Petrus
3119 3894 3132 3931 :
3170 3896 3189 3930 ι
3225 3879 3384 3935 Chri-

170 3965 639 4035 ἐγκαταλιμπάνων
667 3968 1058 4036 ὑπογραμμὸν,
1087 3966 1177 4021 ἵνα
1204 3969 1317 4031 τοῖς
1375 3969 1580 4038 ἴχνεσιν
1609 3969 1707 4021 αὑ-

1846 3965 1927 4012 tus
1956 3972 2150 4027 passus
2177 3970 2260 4015 est
2294 3977 2391 4030 pro
2435 3964 2611 4028 nobis,
2653 3966 2812 4021 nobis
2849 3968 3167 4039 relinquens
3197 3987 3383 4028 exem-

172 4055 245 4108 τοῦ
276 4059 824 4129 ὲπακολουθήσωμεν.
869 4079 887 4110 ι

1810 4049 1982 4119 plum,
2014 4060 2072 4105 ut
2104 4066 2397 4122 sequamur
2424 4056 2646 4125 vestigia
2682 4059 2800 4125 ejus
2824 4060 2889 4113 ⁷³.
2928 4079 2947 4112 ι

235 4148 457 4204 Ἐπεὶδὲ
486 4152 546 4203 οὐ
589 4152 751 4222 μόνον
804 4152 873 4206 τὰ
934 4151 1035 4221 τῆς
1095 4152 1298 4222 ἀρετῆς
1351 4151 1487 4222 ἔργα
1549 4151 1709 4225 ικανά

1882 4138 2021 4205 Quia
2066 4155 2193 4196 vero
2227 4157 2334 4197 non
2383 4144 2498 4199 sola
2536 4146 2753 4202 virtutis
2792 4163 2951 4218 opera
2996 4151 3293 4221 sufficiunt,
3324 4168 3382 4211 ut

169 4239 257 4291 εἰσι
286 4240 409 4311 πρὸς
434 4244 496 4295 τὸ
526 4245 715 4313 τυχεῖν
746 4244 845 4315 τῆς
878 4244 1103 4298 αἰωνίου
1124 4243 1546 4314 μακαριότητος,
1569 4243 1706 4296 ἀλλὰ

1841 4243 2070 4291 :ternam
2101 4236 2229 4305 quis
2269 4237 2666 4293 beatitudinem
2712 4252 3103 4311 consequatur,
3137 4247 3232 4300 sed
3286 4264 3378 4303 ne-

169 4334 247 4383 ut
272 4336 303 4403 ἡ
325 4336 521 4401 γνῶσις
546 4337 644 4406 τῆς
677 4337 807 4406 περὶ
842 4336 974 4391 Θεὸν
1009 4336 1270 4406 ἀληθείας
1292 4351 1309 4369 ⁶
1372 4337 1473 4390 οὐκ
1529 4332 1599 4407 ἦν
1649 4336 1706 4389 δὲ

1845 4330 2047 4385 essaria
2077 4343 2297 4399 quoque
2327 4330 2570 4385 veritatis
2600 4330 2667 4403 de
2699 4329 2809 4387 Deo
2847 4335 3088 4395 cognitio
3116 4346 3199 4392 est
3232 4354 3247 4391 :
3284 4355 3382 4394 nec

166 4422 366 4479 δυνατὸν
399 4429 501 4497 τὴν
530 4431 660 4499 περὶ
696 4427 828 4481 Θεὸν
880 4429 1145 4501 ἀλήθειαν
1210 4430 1501 4500 ἄνθρωπον
1552 4427 1703 4482 διδά-

1847 4435 1942 4475 ero
1977 4420 2097 4475 fieri
2140 4426 2355 4490 poterat
2380 4431 2438 4476 ut
2482 4422 2645 4483 homo
2675 4424 2957 4480 veritatem
2999 4426 3225 4492 docens,
3262 4445 3384 4500 quae

170 4532 339 4572 σκοντα
361 4522 755 4591 πιστευθῆνσιο
810 4520 926 4574 εστι
964 4521 1075 4589 γὰρ
1117 4523 1215 4576 καὶ
1268 4512 1556 4589 ἀτὶατῆσαι
1611 4518 1707 4574 καὶ

1847 4528 1879 4568 e
1924 4510 2036 4566 Deo
2071 4524 2174 4577 est,
2207 4523 2411 4568 certam
2446 4515 2672 4569 omnino
2701 4515 2858 4571 fidem
2907 4518 3165 4584 haberet;
3218 4522 3384 4577 homo

167 4606 485 4680 ἀπατηθῆναι
504 4614 595 4664 τὸν
625 4611 912 4682 ἄνθρωπον
932 4628 948 4642 ⁸
976 4613 1085 4667 ἔδει
1117 4613 1211 4666 καὶ
1236 4612 1380 4666 κατά
1416 4613 1575 4667 τοῦτο
1613 4613 1704 4665 τὸν

1849 4606 1956 4660 nim
2000 4614 2055 4659 et
2100 4605 2275 4674 decipi
2311 4616 2361 4659 et
2402 4605 2654 4675 decipere
2703 4618 2903 4676 potest,
2938 4624 3001 4664 ea
3032 4625 3251 4682 quoque
3298 4630 3386 4669 ra-

169 4698 283 4750 Θεὸν
304 4700 585 4771 ἄνθρωπον
610 4703 908 4772 γενόμενον
936 4704 1037 4774 τὴν
1054 4705 1232 4775 ἀληθῆ
1256 4709 1441 4757 πίστιν
1470 4704 1702 4770 διδάξαι»

1845 4699 1959 4753 ioue
1993 4698 2241 4761 decebat,
2290 4707 2347 4751 ut
2398 4698 2539 4754 Deus
2572 4699 2753 4755 factus
2787 4700 2952 4755 homo
2993 4716 3179 4757 veram
3224 4704 3382 4760 fidem

172 4788 246 4841 ἵνα
275 4793 433 4862 μηδὲν
454 4796 754 4866 ἀμφίϐολον
784 4797 903 4868 ἔχῃ,
935 4796 1010 4861 ὡς
1042 4795 1150 4849 ἀπὸ
1202 4795 1341 4849 Θεοῦ
1375 4797 1471 4849 καὶ¹
1497 4795 1709 4866 ἀνθρώ-

1848 4797 2049 4855 oceret,
2081 4804 2193 4860 quo
2228 4790 2319 4845 illa
2367 4790 2503 4846 nihil
2547 4792 2886 4863 ambiguum,
2931 4795 3075 4849 velut
3108 4810 3137 4849 a
3178 4794 3290 4852 Deo
3331 4811 3385 4852 ct

92 4898 99 4909 ε
174 4895 261 4933 που
286 4885 668 4954 παραδοθεῖσα.
703 4888 827 4940 Ὀτι
855 4886 914 4941 δὲ
948 4888 1082 4951 Θεὸς
1105 4882 1196 4958 ἦν,
1241 4887 1445 4953 ἐδίδαξε
1486 4888 1575 4941 διὰ
1599 4904 1629 4939 τ

1849 4885 2035 4941 omine
2063 4885 2290 4949 tradita,
2322 4879 2569 4940 haberet.
2610 4887 2743 4942 Esse
2772 4896 2954 4943 autem
3002 4903 3062 4944 se
3093 4889 3259 4945 Deum
3290 4892 3386 4946 do-

174 4968 469 5041 θαυμάτων,
506 4978 542 5031 ἃ.
576 4978 829 5049 οὐδαμῶς
853 4978 1175 5051 ἀνθρωπίνῃ
1201 4978 1429 5049 δυνάμει
1484 4976 1710 5032 δύναται

1846 4977 1926 5031 uit
1965 4992 2064 5046 per
2097 4978 2385 5041 miracula,
2420 4992 2542 5047 qua:
2572 4979 2718 5032 nulla
2750 4979 2989 5034 humana
3022 4980 3219 5035 virtute
3252 4997 3380 5051 pos-

172 5064 500 5132 ἐργάσασθαι.
529 5071 672 5125 Ἀλλ’
698 5071 886 5143 ἐπειδὴ
938 5072 1066 5136 τοὺς
1117 5072 1219 5141 μὲν
1247 5073 1370 5126 τότε
1433 5070 1709 5142 παρόντας

1849 5079 1939 5122 unt
1977 5069 2247 5138 praestari.
2298 5066 2433 5134 Quia
2471 5078 2651 5122 tamen
2689 5079 2958 5142 parxerat,
2991 5084 3087 5125 eos
3131 5072 3222 5141 qui
3256 5081 3386 5127 tunc

174 5157 252 5207 καὶ
272 5159 501 5227 ὁρῶντας
538 5164 688 5226 me;
708 5160 778 5233 ἦν
830 5165 953 5218 τότε
1001 5163 1305 5229 πιστεύειν,
1370 5166 1420 5217 ot
1461 5164 1518 5216 δὲ
1575 5164 1711 5233 μετὰ

1845 5170 2112 5217 ηεεθιιιοε
2141 5170 2301 5215 erant
2329 5175 2391 5215 ac
2414 5159 2690 5228 videbant,
2726 5170 2859 5218 tunc
2890 5162 3237 5227 credituros;
3284 5180 3382 5235 po-

175 5244 323 5301 ταῦτα
382 5250 785 5323 προύϐἁλλοντο
834 5255 900 5308 ἂν
953 5256 1249 5326 πλάσματα
1307 5256 1479 5313 ταῦτα
1530 5252 1669 5309 εἶναι
1698 5270 1712 5285 ·

1844 5261 1991 5306 teros
2021 5265 2172 5313 vero,
2225 5249 2478 5321 [igtuenta
2530 5250 2647 5305 haec
2695 5266 2839 5315 esse,
2885 5255 3003 5307 fore
3041 5254 3379 5321 obiecturos;

176 5336 254 5386 καὶ
296 5339 429 5407 πρὸς
458 5342 614 5397 τοῦτο
640 5344 920 5415 ἐπενοήθη
956 5346 1252 5417 θεραπεία.
1300 5346 1362 5401 Εἰ
1411 5346 1521 5416 γὰρ
1550 5348 1578 5398 ὁ
1612 5345 1713 5415 τὴν

1843 5343 1940 5397 ηυίο
1986 5358 2205 5413 quoque
2260 5342 2567 5413 excogitata
2602 5343 2782 5398 cautio
2812 5355 2914 5398 est.
2952 5343 3086 5399 Nam
3134 5344 3180 5399 si
3213 5344 3258 5400 is
3290 5350 3380 5416 qui

175 5427 335 5484 ¹πίστιν
365 5435 564 5509 ταύτην
587 5438 805 5503 διδάξας
857 5439 1038 5492 καὶτὰ
1066 5439 1323 5509 θαύματα
1369 5438 1711 5509 ἐργάσασθαι

1855 5450 1958 5509 anc
1999 5436 2183 5489 docuit
2217 5433 2411 5494 ﬁdem,
2434 5442 2489 5488 et
2526 5434 2619 5504 qui
2655 5434 2919 5489 miracula
2951 5435 3148 5491 fecisse
3190 5451 3384 5491 narra-

175 5515 437 5589 λεγόμενος
467 5530 720 5593 πλούσιος
772 5526 864 5603 ἦν,
916 5533 1009 5584 καὶ
1080 5533 1258 5602 ἀρχὴν
1310 5532 1555 5601 μεγάλην
1613 5532 1709 5584 καὶ

1848 5543 1929 5589 ur,
1958 5519 2369 5591 dives'fuisset,
2417 5526 2717 5596 ingensque
2752 5516 3052 5595 imperium
3097 5541 3160 5581 ac
3199 5529 3385 5598 copias

177 5615 529 5686 στρατεύματα
557 5619 724 5691 εἶχεν,
756 5625 935 5688 ἔδοξεν
963 5623 1031 5677 ἂν
1067 5625 1209 5677 τισὶν
1271 5625 1356 5676 ὅτι
1410 5626 1444 5694 ὴ
1496 5623 1707 5677 ἐκείνου

1847 5621 2064 5685 ιιιὺει-οι,
2113 5621 2301 5675 venire
2346 5620 2403 5673 in
2451 5629 2686 5675 mentem
2743 5619 2905 5674 alicui
2956 5629 3187 5690 poterat,
3239 5620 3384 5677 illius

176 5698 462 5762 διδασκαλία
510 5716 605 5769 καὶ
649 5716 719 5769 τὰ
772 5715 1027 5786 θαύματα
1091 5717 1388 5787 πλάσματά
1444 5718 1569 5780 εἰσι,
1616 5716 1709 5768 καὶ

1849 5713 2125 5769 loctrinam
2163 5728 2228 5768 ac
2268 5712 2530 5769 miracula
2562 5711 2817 5782 ﬁgmenta
2849 5727 2994 5780 esse,
3041 5713 3386 5786 humanaque

243 5879 328 5935 "I
360 5882 497 5942 Petr.
539 5901 602 5949 tt,
639 5888 732 5941 2ft.

478 5978 739 6039 I’ATROL.
781 5977 897 6053 Gtt.
946 5975 1110 6039 CLll.
2916 5983 2993 6044 20
3066 6032 3071 6035 ν
