3790 6568
100 471 174 535 [ς]
974 449 1072 509 DE
1111 442 1542 509 PRINCIPIIS
1583 442 1790 504 FIDEI
1834 442 2308 504 CATHOLICE.

3167 428 3278 494 622

93 591 235 649 λόγον.
266 576 317 629 Ei
348 574 444 642 γὰρ
465 560 1343 636 ἁλλοτρόπωςὴλευΘερούμεθα,ἢ
1376 557 1591 628 ὁρισμῷ

1765 557 1791 610 :i
1841 557 2062 613 decreto
2101 565 2155 610 et
2193 553 2458 625 potentia,
2509 551 2625 607 sive
2654 565 2752 620 per
2801 545 3080 618 angelum,
3135 548 3280 602 haud
3356 622 3362 632 .

93 675 164 730 τοῦ
185 669 297 725 Θεοῦ
321 667 405 720 καὶ
427 662 660 730 δυνάμει.
698 659 732 729 ἢ
763 656 832 710 δι’
880 657 1140 724 ἀγγέλου,
1197 655 1298 706 οὐκ
1333 653 1400 706 ἂν
1455 654 1593 722 ἡκο-

90 766 232 818 λούθει
253 761 304 812 τὺ
337 757 464 829 μετὰ
486 752 855 818 δικαιοσύνης.
891 749 1058 803 Ἀλλὰ
1081 747 1212 819 ’μὴν
1237 750 1266 801 ὁ
1325 745 1458 809 Θεὸς
1513 745 1592 799 δε-

93 855 212 916 καιὸς
231 853 385 904 ἐστιν.
422 846 506 907 Ὠς
531 838 622 897 οῦν
653 845 680 896 ὁ
711 841 872 909 λόγος
927 840 1026 909 τῆς
1076 837 1428 908 δικαιοσύνης
1455 836 1596 907 ἀπή.

91 965 166 1004 rei.
194 943 342 1003 οὕτως
371 939 599 1007 ἐγένετο.
636 935 823 1004 Ὶκανὴ
863 935 921 988 δὲ
959 934 1135 1002 ἐφάνη
1157 933 1252 986 καὶ
1282 933 1315 1000 ἡ
1349 930 1595 994 διάλυσις

93 1035 160 1088 τοῦ
179 1029 483 1097 πταίσματος
537 1025 632 1079 τοῦ
675 1025 1025 1096 ἀνθρωπίνου
1093 1023 1249 1094 παρὰ
1297 1026 1394 1078 τοῦ
1461 1023 1594 1076 Υἱοῦ

94 1125 157 1178 τοῦ
176 1120 290 1175 Θεοῦ
321 1119 603 1187 γενομένη,
627 1116 688 1179 ὃς
715 1115 1168 1187 προσλαϐόμενος
1215 1118 1422 1186 σάρκα,
1455 1119 1594 1170 πάν-

92 1235 169 1278 τως
186 1216 381 1280 ἄπειρον
412 1211 509 1278 τὴν
541 1209 700 1275 ἀξίαν
729 1204 865 1280 εἶχε,
910 1211 1010 1261 καὶ
1049 1209 1124 1271 ὡς
1176 1209 1310 1271 Θεὸς
1375 1211 1470 1264 καὶ
1520 1210 1598 1272 ὡς

90 1309 313 1376 ἄνθρωπος
339 1301 742 1372 ἀναμάρτητος.
799 1301 964 1353 Ὅσον
1003 1300 1099 1354 οὖν
1136 1303 1168 1371 ἡ
1219 1300 1358 1366 ἀξία
1399 1301 1594 1355 τούτου

91 1396 310 1464 ὑπερεῖχε,
338 1391 589 1445 τοσοῦτον
631 1391 877 1462 ἠδυνήθη
935 1392 1138 1463 ῥᾳδίως
1189 1395 1286 1446 καὶ
1343 1394 1442 1462 τὴν
1489 1395 1599 1448 τῶν

88 1487 329 1556 ἀνθρώπων
370 1485 505 1556 πρὸς
532 1485 628 1537 τὸν
657 1484 792 1538 Θεὸν
821 1485 1026 1554 ἔχθραν
1070 1484 1450 1540 διαλύσασθαι.
1489 1487 1599 1540 Καὶ

88 1583 168 1649 γὰρ
193 1580 330 1648 ἴσμεν
371 1579 452 1630 ὅτι
498 1579 528 1630 ὁ
565 1577 793 1647 μείζονα
819 1577 960 1648 ἔχων
1017 1578 1200 1644 ἀξίαν,
1242 1571 1411 1646 οἷονῆ
1448 1577 1600 1647 βασι-

86 1670 218 1739 λεὺςῆ
239 1658 404 1730 ἄλλος’
431 1685 514 1729 τις
580 1668 890 1739 ὑπερέχων,
928 1669 1270 1741 παρακαλῶν
1318 1668 1459 1739 ὑπὲρ
1487 1668 1601 1722 δια-

85 1760 242 1818 λύσεως
267 1757 397 1819 τινὸς
437 1757 807 1828 ἀδικήματος,
880 1759 1084 1825 μᾶλλον
1133 1758 1511 1822 εἰσακούεται,
1561 1759 1594 1830 ἢ

87 1853 124 1903 εί
156 1867 220 1909 τις
249 1849 370 1919 ὑπὲρ
399 1847 566 1900 αὐτοῦ
595 1848 785 1902 τούτου
807 1849 901 1902 τοῦ
929 1850 1270 1919 ἀδικήματος
1315 1852 1602 1920 ἱκετηρίαν

92 1944 326 2010 προτείνω,
365 1939 713 2010 στρατιώτης
756 1942 920 2013 τυχὸν
951 1942 986 2012 ἢ
1039 1943 1228 2012 ἕτερός
1270 1959 1356 2006 τις
1404 1941 1600 1997 ὑποδε-

90 2029 244 2099 6ηκὼς.
269 2030 420 2083 Ὀθεν
453 2032 556 2082 καὶ
588 2031 736 2084 κατὰ
759 2032 920 2085 τοῦτο
942 2031 1054 2085 ἔδει
1088 2033 1182 2086 τὸν
1212 2033 1348 2087 Θεὸν
1394 2032 1604 2104 ἄνθρω-

97 2142 168 2176 πον
187 2122 424 2189 γενέσθαι,
454 2124 545 2175 iv:
579 2123 812 2194 ἄπειρον
859 2127 960 2194 τὴν
992 2125 1151 2193 ἀξίαν
1194 2126 1332 2198 ἔχων
1393 2127 1599 2198 δυνηθῇ

98 2217 149 2268 τὰ
166 2214 482 2283 ἁμαρτήματα
534 2214 906 2270 διαλύσασθαι
937 2217 1058 2279 ,τῶν
1107 2218 1436 2289 ἀνθρώπων·
1467 2221 1605 2291 ὅπερ

103 2305 216 2365 ἄλλος
235 2304 442 2356 οὐξέπυτ’
477 2303 549 2356 ἂν
571 2305 826 2375 ἐδυνήθη,
858 2307 958 2359 οὐκ
979 2308 1230 2374 ἄγγελος,
1263 2309 1364 2360 οὐκ
1393 2308 1608 2379 ἄνθρω-

105 2415 185 2457 πος.
214 2395 364 2458 Οὐδεὶς
401 2395 511 2464 γὰρ
541 2395 613 2450 ἂν
643 2396 877 2468 ὲξισώθη
914 2403 978 2468 τῇ
1025 2399 1151 2470 ἀξίᾳ
1180 2399 1274 2452 τοῦ
1316 2400 1606 2472 Θεανθρώ-

105 2502 172 2536 που
198 2487 362 2552 Λόγον.

140 2579 212 2630 Διά
235 2579 383 2633 ταῦτα
412 2581 606 2635 τοίνυν
641 2583 702 2635 ού
725 2581 810 2635 δεῖ
840 2582 1027 2651 λέγειν
1049 2585 1132 2637 ὅτι
1164 2585 1387 2639 ἐδύνατο
1421 2589 1448 2640 ὁ
1475 2585 1608 2649 Θεὸς

95 2666 159 2717 τὸν
177 2668 420 2739 ἄνθρωπον
453 2672 534 2742 μὴ
561 2674 862 2743 συγχωρεῖν
888 2679 1073 2728 πεσεῖν
1099 2677 1174 2737 είς
1197 2676 1296 2746 τὴν
1315 2678 1608 2748 ἁμαρτίαν.

94 2756 216 2810 Τοῦτο
240 2760 333 2829 γὰρ
354 2761 438 2815 τὸν
467 2762 641 2830 λόγον
672 2763 766 2816 τοῦ
801 2763 1150 2828 αὑτεξουσίου
1190 2769 1422 2838 ἀναιρεῖ.
1467 2770 1526 2824 '0
1555 2771 1610 2824 δὲ

89 2848 185 2911 Θεὸς
201 2849 282 2920 τὴν
307 2852 447 2916 τάξιν
467 2846 1076 2924 τῶιρπραγμάτωιῗούκ
1098 2860 1332 2929 ἀναιρεῖ,
1355 2860 1491 2915 ἀλλὰ
1510 2864 1613 2915 σώ-

85 2938 160 3000 ζει.
176 2940 288 2994 Οὔτε
319 2943 618 3014 μὴνλέγειν
637 2946 786 3011 εἰκὸς
812 2949 893 3002 ὅτι
918 2949 1141 3002 ἐδύνατο
1160 2951 1287 3004 ἄνευ
1318 2953 1613 3020 διαλύσεως

88 3032 161 3102 τῆς
186 3036 436 3105 ἁμαρτίας
484 3038 588 3092 τὸν
634 3037 926 3110 ἄνθρωπον
977 3040 1239 3110 καθᾶραι.
1291 3044 1462 3098 Τοῦτο
1507 3049 1615 3116 γὰρ

86 3125 157 3194 τὴν
179 3127 308 3192 τάξιν
338 3129 429 3200 τῆς
449 3130 810 3196 δικαιοσύνης
833 3133 1067 3202 ἀναιρεῖ.
1103 3134 1350 3188 ¹ἰιαίνεται
1380 3140 1559 3188 τοίνυν
1589 3140 1616 3190 ὁ

1696 646 1785 700 illa
1829 647 2005 711 nobis,
2057 645 2271 714 iustitia
2323 642 2544 705 comite,
2598 649 2749 711 paria
2804 650 2972 694 esset.
3006 637 3080 693 At
3131 640 3280 693 enim

1697 736 1842 793 Deus
1879 737 2065 806 justus
2103 746 2208 793 est.
2241 736 2714 803 Quemadmoouui
2748 731 2917 800 igitur
2947 729 3286 800 exposcebat

1691 830 1919 900 justitias
1960 831 2122 895 ratio,
2156 830 2235 884 ita
2281 830 2486 884 factum
2529 834 2634 880 est.
2669 823 2960 880 Sumciens
3010 836 3140 876 vero
3180 822 3282 876 hu-

1698 923 1844 980 mani
1879 924 2094 994 generis
2125 921 2350 977 oﬂ'eusae
2381 919 2584 976 solutio
2616 935 2644 972 a
2679 917 2773 972 Dei
2811 916 2951 971 Filio
2993 915 3137 971 facta
3164 915 3281 970 visa

1696 1029 1800 1083 est,
1825 1018 1918 1088 qui
1949 1017 2210 1072 nimirum
2249 1022 2533 1083 assumpta
2571 1027 2758 1076 carne,
2789 1011 3015 1066 omnino
3055 1009 3284 1066 inﬁnita:

1698 1107 2005 1176 dignitatis,
2053 1105 2322 1174 nullique,
2369 1114 2484 1159 tum
2529 1112 2590 1158 ut
2639 1102 2805 1168 Deus,
2853 1109 2967 1156 tum
3010 1109 3072 1156 ut
3114 1101 3281 1155 homo

1699 1189 1977 1256 obnoxius
2029 1209 2257 1270 peccato
2306 1207 2474 1253 esset.
2507 1197 2786 1264 Quantum
2824 1194 2990 1264 igitur
3027 1193 3148 1264 ejus
3193 1193 3280 1247 di-

1699 1291 1879 1360 gnitas
1909 1291 2226 1362 praestabat,
2274 1297 2424 1343 tanto
2468 1298 2524 1342 et
2570 1286 2786 1342 facilius
2834 1284 3120 1340 hominum
3151 1298 3278 1338 cum

1702 1385 1811 1438 Deo
1843 1382 2188 1438 inimicitiam
2235 1380 2537 1436 dissolvere
2569 1379 2768 1448 potuit.
2802 1376 2914 1433 Nec
2953 1377 3100 1432 enim
3128 1375 3280 1441 latet,

1700 1475 1790 1542 qui
1840 1474 2032 1542 majori
2084 1474 2249 1544 pollet
2300 1473 2588 1542 dignitate,
2643 1481 2769 1539 puta
2824 1484 2940 1534 rex,
2991 1468 3106 1522 sive
3140 1467 3284 1520 alius

1701 1567 1971 1637 quispiam
2006 1581 2321 1636 procerum,
2353 1567 2482 1619 dum
2517 1579 2706 1633 preces
2729 1561 2891 1616 oil'ert
2925 1561 2994 1616 ad
3024 1560 3288 1642 iniuriam

1701 1661 1942 1726 aliquam
1981 1659 2320 1720 diluendam,
2353 1659 2534 1727 potius
2580 1656 2854 1721 exaudiri,
2881 1670 3043 1726 quam
3073 1656 3121 1710 si
3163 1655 3290 1724 quis

1705 1749 1805 1824 pio
1837 1754 2026 1810 eadem
2059 1752 2259 1822 injuria
2290 1752 2586 1822 supplicet,
2617 1758 2743 1819 puta
2773 1751 2953 1815 miles,
2988 1749 3103 1804 sive
3131 1748 3288 1819 quis-

1706 1849 1831 1918 quis
1857 1846 2003 1900 alitts
2029 1845 2296 1916 dignitate
2330 1844 2556 1899 inferior
2583 1852 2689 1897 est.
2726 1841 2936 1897 Idcirco
2961 1839 3200 1896 decebat
3230 1852 3290 1896 ut

1705 1939 1850 1992 Deus
1887 1953 1984 2007 per
2015 1938 2162 1990 hunc
2196 1937 2414 1990 modqu
2451 1936 2615 1988 homo
2654 1936 2828 1998 lieret,
2864 1943 2922 1988 ut
2954 1934 3045 2003 qui
3079 1934 3289 1986 ittiiltila

1704 2029 1969 2099 dignitate
2028 2029 2302 2098 polh-bat,
2364 2028 2650 2080 hominum
2705 2037 2928 2096 peccata
2983 2025 3292 2079 dissolvere

1705 2133 1913 2194 posset,
1963 2122 2111 2193 quod
2164 2135 2328 2176 nemo
2377 2135 2617 2188 unquam
2673 2119 2816 2174 alius
2863 2117 3152 2188 potuisset,
3186 2132 3291 2170 non

1707 2201 1952 2284 angelus,
1983 2230 2090 2268 non
2125 2214 2326 2278 homo;
2356 2213 2534 2270 nullus
2555 2213 2700 2268 enim
2725 2213 2842 2283 pari
2876 2211 3142 2281 dignitate
3167 2222 3292 2270 cum

1711 2306 1888 2362 Vetbo
1923 2305 2030 2360 Deo
2072 2306 2292 2361 homine
2321 2314 2424 2360 est.

1787 2577 1916 2631 Eam
1952 2579 2114 2647 igitur
2159 2575 2229 2629 ob
2263 2589 2482 2628 causam
2523 2573 2662 2626 haud
2715 2573 3005 2627 dicendum
3037 2581 3122 2627 cst
3149 2608 3166 2636 ,
3199 2586 3297 2641 po-

1715 2671 1888 2726 tuisse
1935 2668 2101 2723 Deum
2144 2684 2250 2722 non
2287 2668 2598 2737 permittere
2630 2676 2687 2720 ut
2730 2670 2891 2720 homo
2923 2667 2976 2719 iu
3003 2675 3292 2736 peccatum

1715 2764 1958 2818 caderet.
1999 2762 2110 2817 lloc
2158 2763 2302 2815 enim
2360 2761 2514 2815 liberi
2563 2760 2768 2815 arbitrii
2813 2759 3074 2816 rationem
3113 2759 3294 2824 tollit;

1717 2854 1861 2910 Deus
1890 2864 2074 2909 autem
2112 2869 2293 2908 rerum
2323 2853 2570 2909 ordinem
2615 2868 2722 2907 nou
2779 2853 2936 2916 tollit,
2985 2853 3079 2908 sed
3114 2864 3300 2907 servat

1717 2947 2072 3003 incolumem.
2107 2946 2174 3000 At
2212 2961 2390 3016 neque
2416 2962 2514 3014 par
2541 2954 2712 3002 estut
2747 2945 3020 3009 dicamus,
3054 2945 3302 3016 potuisse

1719 3040 1926 3109 absque
1985 3038 2194 3107 peccati
2238 3038 2605 3093 dissolutione
2639 3037 2923 3092 hominem
2966 3037 3296 3093 emundare.

1722 3129 1835 3184 lloc
1883 3132 2028 3185 enim
2067 3129 2294 3200 justitiae
2333 3131 2473 3184 tollit
2523 3130 2794 3185 ordinem.
2870 3129 3067 3200 Liquet
3131 3130 3299 3200 igitur

80 3218 178 3279 Θεὲς
191 3219 258 3272 ὅτι
272 3221 352 3273 διὰ
367 3221 459 3275 τοῦ
485 3224 727 3276 θανάτου
745 3223 838 3277 τοῦ
867 3225 993 3278 Υἱοῦ
1017 3227 1181 3280 αὐτοῦ
1200 3227 1296 3297 τὴν
1318 3231 1425 3280 τῶν
1444 3248 1607 3297 πραγ-

1767 3239 1890 3278 eum
1925 3239 2020 3293 per
2047 3233 2274 3278 mortem
2302 3222 2436 3278 Fil’o
2462 3223 2544 3278 sui
2571 3237 2749 3277 rerum
2776 3224 3025 3279 ordinem
3049 3239 3300 3280 servasse

78 3311 223 3377 μάτων
275 3315 508 3384 ἐτήρησε
560 3315 714 3381 τάξιν
737 3317 832 3370 καὶ
871 3318 1013 3370 κατὰ
1038 3319 1136 3387 τὴν
1160 3321 1320 3386 φύσιν
1349 3323 1441 3375 καὶ
1473 3327 1614 3375 κατά

76 3401 148 3470 τὴν
179 3403 543 3475 δικαιοσύνην.
580 3408 692 3460 Καὶ
731 3410 864 3479 ἡμῖν
895 3410 1049 3463 οὐδὲν
1074 3412 1277 3465 ἄτοπον
1302 3414 1611 3476 ἀκολουθεῖ.

76 3493 250 3560 ὶέγουσι
291 3497 376 3548 τὸν
413 3500 548 3551 Υἰὸν
584 3499 678 3552 τοῦ
714 3501 850 3554 Θεοῦ
885 3501 1178 3572 ἄνθρωπον
1224 3505 1484 3572 γενέσθαι
1520 3509 1614 3560 καὶ

72 3586 336 3641 ἀποθανεῖν.
379 3590 598 3652 ’Λλλως
647 3609 706 3644 τε
741 3597 800 3646 ἐν
851 3595 962 3655 τοῖς
1001 3593 1097 3646 τοῦ
1143 3594 1280 3648 Θεοῦ
1322 3597 1504 3668 ἔργοις
1547 3601 1612 3651 οὐ

70 3675 192 3727 τοῦτο
213 3681 426 3732 σκοπεῖν
458 3681 572 3744 δεῖ,
609 3682 693 3735 ὅτι
725 3681 845 3736 τάδε
874 3699 928 3736 τι
960 3685 1054 3738 καὶ
1087 3686 1156 3742 δι’
1187 3687 1376 3759 ἐτέρου
1408 3690 1611 3760 τρόπου

66 3768 246 3822 ἐδύνατο
273 3773 559 3839 γενέσθαι,
595 3775 730 3828 ἀλλὰ
755 3775 870 3840 πῶς
902 3775 970 3831 ἂν
993 3780 1344 3851 οἰκειοτέρως
1371 3782 1609 3850 ἐγένετο,

68 3864 139 3912 καὶ
170 3865 210 3914 ει
236 3865 305 3934 μὴ
338 3866 396 3918 τὸ
431 3866 666 3936 ἄριστόν
697 3871 844 3924 ἐστιν
873 3870 1150 3935 οὕτωςοὼς
1185 3873 1321 3942 ἔχει.

119 4035 170 4087 Ei
198 4037 237 4088 δ’
263 4039 338 4090 ὅτι
367 4041 637 4112 λέγομεν,
679 4044 736 4096 '0
771 4046 902 4109 Haec
929 4047 1194 4112 ἀπέθανε,
1229 4049 1335 4105 τῶν
1368 4052 1612 4107 ἀπίστων

63 4142 123 4188 τις
151 4128 255 4192 πῶς
282 4129 515 4186 δύναται.
552 4133 813 4200 γενέσθαι
843 4135 1002 4189 τοῦτο
1029 4136 1305 4210 διαπορεῖ,
1337 4140 1480 4197 ὥστε
1521 4163 1609 4199 νοο

62 4219 209 4284 μίξειν
256 4224 336 4275 ὅτι
391 4225 420 4278 ὁ
477 4225 616 4289 Θεὸς
661 4227 742 4287 είς
796 4229 1200 4300 ἀνθρωπότητα
1261 4237 1611 4308 μετεϐλήοηο

57 4309 151 4363 ἀλλ’
176 4317 330 4385 ἡμεῖς
362 4317 534 4372 τοῦτο
556 4320 658 4390 οὐχ
691 4319 835 4374 οῦτω
858 4321 1118 4392 λέγομεν.
1145 4324 1228 4379 Τὰ
1250 4327 1358 4398 γὰρ
1384 4328 1615 4397 σώματά

59 4408 144 4457 εἱσι
170 4411 232 4460 τὰ
284 4411 709 4491 μεταϐάλλοντα
733 4414 812 4478 είς
847 4415 1079 4485 ἄλληλα,
1132 4418 1207 4480 ὡς
1238 4419 1345 4490 ἀὴρ
1392 4421 1502 4491 πῦρ
1529 4422 1615 4489 γί-

55 4515 198 4563 νεται,
222 4504 298 4565 εἰς
325 4485 440 4575 πῦρ
477 4505 722 4576 μετασάὶ
735 4507 826 4560 λον
849 4524 866 4542 ο
896 4510 965 4562 τὰ
992 4509 1048 4563 δὲ
1079 4485 1352 4580 ἀσώματα
1377 4485 1614 4584 τῷνδρα·

1719 3315 2073 3380 incolumem,
2112 3317 2225 3370 sive
2258 3318 2382 3385 quis
2432 3330 2682 3371 naturam
2718 3313 2946 3386 spectet,
2997 3317 3109 3370 sive
3138 3317 3298 3386 justi—

1719 3407 1871 3461 tiam.
1909 3405 2019 3461 Nec
2054 3407 2277 3462 absurdi
2321 3409 2526 3476 aliquid
2561 3408 2827 3479 sequitur,
2861 3425 2926 3462 eo
2960 3409 3103 3478 quod
3145 3409 3301 3464 dica-

1715 3515 1840 3553 mus
1876 3500 1966 3553 Dei
2004 3498 2200 3555 Filium
2231 3498 2434 3554 factum
2464 3515 2587 3557 esse
2623 3501 2899 3554 hominem
2927 3517 2992 3554 ac
3022 3513 3299 3556 mortuum

1717 3603 1863 3643 esse.
1901 3589 2126 3652 Accedit
2154 3630 2169 3656 ,
2203 3605 2313 3644 non
2357 3591 2457 3645 hoc
2495 3591 2853 3660 spectat-idum
2887 3592 2942 3646 in
2986 3591 3080 3646 Dei
3113 3594 3299 3664 operi-

1719 3683 1843 3746 bus,
1877 3682 2124 3750 potuisse
2163 3682 2266 3736 hoc
2295 3692 2388 3736 aut
2428 3682 2556 3737 illud
2588 3683 2680 3738 tali
2713 3683 2794 3737 vel
2829 3684 2923 3738 tali
2959 3683 3124 3739 modo
3151 3683 3294 3748 ﬁeri,

1716 3776 1810 3830 sed
1857 3776 2137 3844 quomodo
2205 3777 2622 3831 conuenientius
2651 3777 2908 3847 quodque
2940 3776 3148 3833 facmm
3185 3777 3294 3839 sit;

1717 3870 1796 3922 ac‘
1811 3884 1939 3921 num
1977 3869 2245 3947 optimum
2276 3869 2345 3922 sit
2375 3870 2518 3938 quod
2553 3869 2633 3924 sic
2659 3883 2717 3926 se
2745 3885 2832 3926 res
2865 3869 3121 3934 habeant,
3148 3885 3212 3925 ac
3239 3887 3300 3927 se

1715 3961 1936 4015 habent.

1786 4052 1882 4108 Sin
1913 4063 2093 4109 autem
2129 4055 2337 4110 idcirco
2367 4057 2514 4125 quod
2554 4056 2792 4114 dicimus
2815 4058 2989 4114 Deum
3023 4069 3298 4115 mortuum

1716 4159 1858 4210 esse,
1913 4144 2211 4200 infidelium
2248 4146 2447 4215 aliquis
2495 4147 2726 4211 dubitet,
2776 4164 3013 4218 quonam
3047 4150 3099 4204 id
3139 4153 3301 4206 modo

1717 4237 1833 4293 ﬁeri
1864 4238 2058 4308 possit,
2091 4247 2151 4293 ut
2177 4239 2554 4296 existimemus
2592 4240 2761 4296 Deum
2809 4241 2865 4296 in
2911 4253 3158 4298 naturam
3200 4246 3291 4299 hu-

1716 4345 1934 4402 manam
1970 4338 2243 4386 mutatum
2302 4333 2468 4387 esse?
2515 4333 2910 4402 respondemus
2957 4335 3010 4389 id
3043 4351 3146 4392 nos
3186 4351 3299 4392 non

1715 4423 1918 4478 dicere.
1960 4420 2166 4494 Nempe
2207 4438 2440 4493 corpora
2479 4435 2626 4491 sunt,
2663 4440 2784 4496 quae
2812 4427 2916 4482 alia
2944 4428 3001 4483 in
3027 4428 3132 4483 alia
3169 4444 3292 4484 mu-

1717 4525 1920 4595 tantur,
1958 4525 2084 4586 puta
2118 4532 2212 4573 aer
2251 4517 2393 4587 ignis
2421 4518 2673 4586 edicitur,
2709 4521 2852 4590 quod
2879 4522 2934 4576 in
2971 4523 3150 4593 ignem
3183 4540 3304 4578 mu-

56 4593 200 4662 στικῴ
225 4596 320 4663 τῆς
356 4597 550 4649 αὐτῶν
590 4598 878 4668 δυνάμεως
930 4601 1174 4656 ἐνοῦνται
1211 4605 1325 4665 τοῖς
1370 4622 1607 4674 σωματι-

1765 4619 1881 4662 stur.
1906 4593 2239 4676 incorporea
2277 4625 2414 4666 vero
2462 4626 2576 4666 suae
2603 4611 2684 4666 vis
2713 4610 2949 4667 eliicacia
2978 4614 3302 4683 corporibus

53 4682 166 4745 κοῖς,
197 4686 286 4738 καὶ
320 4686 391 4740 δι’
435 4688 625 4742 αὐτῶν
667 4691 950 4760 διήκουσιν
979 4709 994 4724 ο
1045 4693 1296 4764 ὥσπερὴ
1347 4696 1494 4766 ψυχὴ
1540 4706 1607 4769 τῷ

1765 4698 2008 4762 niuutur,
2049 4713 2226 4767 eaque
2257 4700 2561 4768 pervadunt
2589 4715 2655 4754 ac
2684 4710 3006 4769 penetrant;
3034 4682 3301 4773 quemad-

56 4773 236 4842 σώματι
269 4779 514 4835 ἑνοῦται.
555 4781 616 4835 Ei
647 4782 762 4855 δὲὴ
792 4784 942 4855 ψυχὴ
973 4785 1048 4855 τῷ
1093 4785 1304 4857 σώματι
1350 4790 1613 4860 ἑνουμένη

51 4864 100 4914 οὐ
147 4870 550 4936 μεταϐάλλεται
603 4877 724 4929 κατ’
777 4878 1005 4934 οὐσίανο
1076 4881 1260 4952 πολλῷ
1324 4883 1527 4951 μᾶλλον
1587 4887 1607 4938 c'

1765 4887 1833 4936 ari
1884 4882 2037 4937 unita
2085 4898 2192 4937 non
2252 4891 2494 4938 mutatur
2540 4886 2842 4944 secundum
2895 4867 3301 4956 substantiam;
3348 4870 3355 4890 δ

1718 4791 1940 4844 modum
1973 4793 2153 4844 anima
2187 4793 2402 4861 corpori
2440 4792 2648 4848 unitur.
2681 4795 2835 4859 Quod
2866 4796 2912 4850 si
2933 4797 3130 4872 anima
3177 4814 3303 4852 cor-

53 4959 364 5028 ἀπὶούοατος
401 4965 544 5030 Θεὸς
577 4969 737 5023 πλέον
767 4971 798 5041 ἦ
833 4972 900 5025 ἂν
926 4972 1071 5027 εἴποι
1100 4991 1182 5035 τις
1201 4975 1426 5030 δύναται
1458 4976 1612 5031 ἐνοῦ-

50 5052 152 5105 οῡαι
181 5059 286 5120 τοῖς
336 5059 590 5129 σώμασι,
629 5063 706 5132 μὴ
761 5065 1258 5136 μεταϐαλλόμενος.
1307 5068 1470 5122 Ἀλλὰ
1517 5072 1612 5124 καὶ

51 5145 98 5194 τὸ
124 5147 223 5218 πῦρ
247 5151 339 5204 τὸν
371 5152 600 5224 σίδηρον
633 5155 858 5224 πύρινον
888 5157 1078 5224 ποιῶν,
1107 5158 1168 5210 οὐ
1203 5159 1606 5227 μεταϐάλλεται

53 5239 118 5300 εἰς
155 5244 248 5312 τὴν
299 5246 400 5298 τοῦ
435 5248 609 5319 πυρὸς
663 5249 872 5304 οὐσίαν.
921 5249 1062 5306 Ἀλλ’
1091 5254 1150 5304 ἑν
1202 5251 1302 5320 μὲν
1335 5255 1448 5317 τοῖς
1499 5256 1616 5308 κτί-

53 5345 197 5396 σμασι
230 5337 353 5389 κατ’
408 5337 572 5391 ἄλλον
611 5341 812 5410 τρόπον
837 5344 864 5394 ὁ
893 5341 1025 5404 Θεὸς
1070 5342 1229 5395 οἰκεῖ’
1282 5347 1373 5395 καὶ
1407 5344 1617 5410 τούτοις

50 5423 263 5490 ἐνιιῦεαι,
293 5431 410 5492 τοῖς
450 5431 551 5500 μὲν
579 5433 788 5496 πλεῖον,
813 5436 928 5496 τοῖς
958 5433 1017 5486 δὲ
1063 5433 1304 5494 ἔλαττον.
1341 5436 1484 5488 κατὰ
1516 5439 1616 5506 τὴν

49 5515 315 5586 ἀναλογίαν
343 5523 449 5591 τῆς
491 5523 670 5575 αὐτῶν
706 5525 921 5600 φύσεως
947 5525 1040 5576 καὶ
1073 5523 1416 5594 τελειότητος
1453 5529 1613 5594 aut.

49 5610 219 5674 χεσοαι
259 5614 563 5684 λεγόμενος
611 5615 933 5685 ἀμεοέκτως
959 5633 972 5648 ο
1024 5619 1079 5668 ὲν
1108 5617 1164 5670 δὲ
1198 5620 1263 5688 τῇ
1309 5620 1616 5689 προσλήψει

48 5701 199 5774 ταύτῃ
222 5707 327 5775 τῆς
377 5709 607 5776 σαρκὸς,
641 5708 709 5779 ἦν
764 5711 792 5761 ὁ
822 5709 957 5772 Θεὸς
1004 5711 1185 5781 ἐαυτῷ
1235 5713 1611 5781 ὑπεστήσατο,

48 5791 362 5871 ῦπλὸτερον
394 5804 599 5871 τρόπον
628 5807 720 5856 καὶ
756 5805 843 5855 ἐπ’
873 5804 1084 5857 ἐκείνου
1127 5804 1290 5874 μόνον
1328 5806 1613 5875 συμϐάντα

48 5889 128 5940 καὶ
159 5891 631 5966 ἀπορῤητότερον,
658 5897 750 5949 καὶ
790 5895 978 5968 μεῖζον
1014 5896 1046 5969 ἢ
1073 5897 1102 5950 ὁ
1129 5898 1252 5961 νοῦς
1280 5897 1611 5954 καταλαϐεῖν

1715 4975 1912 5044 potiori
1937 4977 2096 5045 longe
2123 4975 2336 5030 ratione
2359 4977 2516 5046 cujus
2542 4993 2756 5034 summa
2779 4981 3128 5050 simplicitas,
3155 4982 3300 5040 Deus

1713 5083 1777 5123 ae
1815 5073 1986 5139 magis
2015 5085 2179 5139 quam
2219 5071 2366 5125 ullus
2393 5071 2576 5126 verbis
2619 5084 2969 5144 assequatur,
3020 5078 3166 5132 nulla
3215 5081 3303 5132 sui
3351 5083 3381 5116 ο

1714 5161 2018 5216 mutatione
2051 5163 2373 5232 corporibus
2427 5164 2572 5218 uuiri
2610 5175 2808 5233 potest.
2856 5167 3002 5234 Quin
3031 5178 3087 5224 et
3116 5170 3260 5241 ignis
3281 5209 3299 5233 ,

1721 5253 1952 5321 ignitum
1982 5252 2230 5308 faciendo
2265 5255 2491 5321 ferrum,
2522 5273 2631 5312 non
2663 5267 2904 5314 mutatur
2935 5261 2989 5314 in
3035 5260 3164 5316 ferri
3199 5278 3300 5315 na-

1723 5351 1922 5396 turam.
1957 5341 2158 5398 Verum
2202 5344 2308 5399 alio
2344 5349 2507 5402 modo
2551 5347 2696 5405 Deus
2731 5350 2784 5404 in
2817 5351 3015 5406 creatis
3051 5353 3294 5417 habitat;

1722 5436 1938 5504 illisque
1970 5437 2188 5500 uuitur,
2221 5438 2342 5493 aliis
2382 5441 2526 5510 plus,
2557 5443 2682 5499 aliis
2713 5442 2927 5508 minus;
2974 5444 3064 5511 qui
3103 5461 3296 5515 nempe

1725 5545 1824 5598 pro
1862 5544 2052 5584 eorum
2100 5541 2311 5586 natura:
2357 5534 2588 5590 modulo.
2631 5549 2693 5590 ac
2743 5534 3098 5604 perfectionis
3147 5547 3298 5592 extra

1724 5637 1941 5676 omnem
1993 5623 2458 5694 participationem
2497 5627 2813 5696 participari
2844 5626 3077 5683 dicatum
3111 5628 3167 5684 In
3197 5632 3302 5686 hac

1725 5723 1908 5767 autem
1959 5716 2144 5772 carnis
2192 5733 2608 5788 assumptione,
2657 5733 2820 5789 quam
2873 5719 2976 5775 sibi
3011 5721 3127 5793 ipse
3155 5723 3302 5778 Deus
3371 5713 3375 5718 ’

1725 5808 1990 5874 Condidit,
2021 5809 2204 5863 altiori
2236 5812 2417 5876 modo,
2447 5827 2510 5866 ac
2531 5811 2648 5886 ,ιιιιὶ
2682 5826 2749 5866 eo
2791 5812 3140 5868 solummodo
3169 5831 3304 5869 cuu-

1725 5902 1932 5972 tingat,
1984 5895 2396 5973 abstrusiusqne
2446 5917 2508 5960 ac
2551 5903 2725 5974 magis
2772 5918 2936 5974 quam
2987 5921 3144 5979 nurus
3194 5907 3301 5961 ulla
