3892 6542
539 435 710 499 627'

1805 449 2202 512 MANUELIS
2240 454 2545 516 CALECRE

3665 454 3759 520 628

535 551 696 642 nobis
724 563 898 608 autern
931 557 1132 639 vocatis
1151 555 1353 616 Iudaeis
1381 570 1541 630 atque
1566 561 1774 617 Grrecis
1821 562 2087 620 Christun

2213 569 2268 622 δὲ
2303 573 2414 633 τοῖς
2450 571 2669 641 κλητοῖς
2709 550 2988 634 Ἰουδαίοις
3018 569 3112 624 καὶ
3139 566 3620 642 Ἕλλησιιιριστὸν
3637 571 3757 626 Θεοῦ

535 637 632 694 Dei
679 643 933 697 virtutem
959 656 1010 700 et
1043 634 1134 703 Dei
1171 650 1490 718 sapientiam
1517 650 1584 704 ”.
1654 670 1672 702 ι
1744 654 1817 706 Ac
1844 669 2036 709 rursus
2087 671 2102 708 :

540 746 560 778 ι
605 731 758 795 Quod
807 734 1033 790 stult-tm
1081 746 1166 792 est
1219 739 1336 804 Dei,
1383 741 1687 811 sapientius
1733 752 1817 798 est
1863 743 2106 798 homini-

537 818 638 876 bus
666 821 764 877 ⁸⁸.»
824 828 928 881 Per
965 827 1124 882 fidem
1160 829 1346 900 itaque
1371 831 1662 896 Trinitatis
1694 843 1746 886 et
1779 827 2109 888 incarnatio-

534 911 624 968 nis
649 909 764 968 Filii
801 915 891 969 Dei
915 917 1318 976 confessionem
1379 937 1666 990 speramus
1697 938 1760 978 ex
1814 925 1901 978 Dei
1952 926 2108 978 anxi-

532 1001 632 1067 lio,
655 1005 797 1073 quod
829 1008 1057 1063 nobisin
1079 1010 1183 1066 hac
1206 1011 1312 1066 vita
1328 1027 1420 1081 per
1435 1022 1774 1067 sacramenta
1795 1023 2103 1084 prmstatur,

531 1103 692 1162 atque
718 1095 868 1151 liberi
898 1099 1114 1154 arbitrii
1141 1117 1304 1172 opera
1380 1103 1621 1157 futuram
1661 1119 1758 1157 nos
1807 1104 2104 1159 beatitudi—

530 1198 654 1239 nem
701 1199 824 1256 post
891 1202 1122 1248 mortem
1172 1205 1598 1260 consecuturos;
1664 1204 1793 1250 tunc
1867 1196 2099 1258 scilicet,

529 1289 654 1329 cum
711 1276 874 1334 fuerit
927 1291 1268 1338 mortuorum
1319 1284 1652 1340 resurrectio
1702 1299 1766 1340 ac
1827 1285 2095 1355 judicium

529 1379 594 1419 ex
605 1375 862 1424 tremum.

1195 1576 1426 1658 carm
1457 1577 1585 1632 VIII.

722 1662 791 1719 De
852 1666 1034 1735 futura
1099 1680 1421 1724 mortuorum
1489 1671 1886 1723 resurrectione.

597 1753 808 1811 Etenim
829 1773 948 1811 cum
976 1760 1044 1812 iis
1062 1775 1181 1828 quae
1205 1770 1328 1814 sunt
1361 1761 1482 1814 ﬁdei
1511 1761 1709 1830 capita,
1741 1760 2098 1816 resurrectio—

525 1861 648 1902 nem
709 1859 1047 1905 mortuorum
1101 1862 1319 1922 oportet
1371 1869 1471 1907 nos
1541 1853 1786 1908 credere.
1856 1851 2096 1906 Primum

2210 660 2447 730 δύναμιν
2477 663 2572 716 καὶ
2623 661 2759 716 Θεοῦ
2809 662 3021 732 σοφίαν.
3063 680 3080 714 ι
3121 661 3228 716 Καὶ
3264 661 3449 723 πάλιν,
3491 680 3510 712 ι
3549 662 3620 714 Τὸ
3659 680 3759 731 μω-

2211 751 2430 820 ρότερον
2460 753 2556 805 τοῦ
2588 750 2726 806 Θεοῦ
2763 751 3072 823 σοφώτερον
3096 752 3205 806 τῶν
3234 752 3540 820 ἀνθρώπων
3562 753 3748 810 ἐστίν.»

2211 843 2372 895 Ὥστε
2404 843 2490 897 διὰ
2539 845 2637 913 τῆς
2671 844 2801 910 περὶ
2857 845 2959 912 τὴν
3015 844 3220 914 Τριάδα
3280 843 3518 907 πίστεως
3552 845 3640 895 καὶ
3667 849 3756 912 τῆς

2208 933 2349 987 κατά
2383 935 2481 1003 τὴν
2535 935 2946 1004 ὲνανθρὼπησιν
2977 935 3072 987 τοῦ
3119 935 3250 988 Υίοῦ
3284 933 3383 988 τοῦ
3421 935 3552 989 Θεοῦ
3584 938 3756 1005 ὁμολοο

2209 1028 2332 1094 γίας
2361 1026 2650 1095 ἐλπίζομεν
2685 1026 2791 1080 ἀπὸ
2827 1027 2926 1095 τῆς
2949 1027 3042 1079 τοῦ
3071 1026 3208 1080 Θεοῦ
3245 1026 3518 1096 βοηθείας,
3551 1027 3610 1095 ἢν
3641 1029 3754 1097 ἡμῖν

2205 1120 2264 1170 ὲν
2291 1121 2368 1187 τῷ
2406 1121 2630 1187 παρόντι
2655 1117 2742 1171 διὰ
2771 1117 2883 1171 τῶν
2916 1117 3234 1189 μυστηρίων
3283 1117 3492 1181 δίδωσι,
3543 1118 3630 1170 καὶ
3659 1119 3753 1172 τῶν

2202 1211 2295 1264 τοῦ
2345 1210 2690 1274 αῦτεξουσίου
2727 1210 2940 1280 ἔργων,
3000 1210 3138 1278 μετὰ
3192 1208 3432 1266 θάνατον
3476 1208 3748 1276 ἀξιωθῆναι

2200 1302 2302 1365 τῆς
2337 1300 2633 1369 μελλούσης
2663 1301 3088 1370 μακαριότητος,
3140 1300 3266 1369 ἣτις
3322 1299 3474 1351 ἔσται
3525 1298 3621 1368 τῆς
3658 1300 3752 1352 τῶν

2201 1395 2414 1463 νεκρῶν
2467 1393 2816 1457 ἀναστάσεως
2863 1394 2956 1446 καὶ
3008 1393 3106 1463 τῆς
3164 1391 3488 1455 τελευταίας
3536 1392 3751 1464 κρίσεως

2203 1487 2527 1556 γενομένης.
3043 1528 3060 1544 .

2798 1575 3048 1630 ΚΕΦΔΛ.
3088 1576 3172 1628 H'.

2204 1669 2338 1737 Περὶ
2383 1668 2492 1736 τῆς
2517 1668 2876 1738 μελλούσης
2920 1666 3040 1720 τῶν
3077 1663 3314 1734 νεκρῶν
3355 1663 3745 1732 ἀναστάσεως.

2272 1761 2381 1814 Καὶ
2419 1759 2526 1829 γὰρ
2557 1760 2695 1829 μετὰ
2731 1759 2839 1810 τῶν
2883 1758 2980 1827 τῆς
3031 1757 3268 1820 πίστεως
3309 1755 3628 1824 κεφαλαίων
3665 1757 3746 1808 καὶ

2202 1829 2497 1904 ἀνάστασιν
2565 1850 2776 1919 νεκρῶν
2831 1847 3123 1917 ὀφείλομεν
3178 1845 3487 1900 πιστεύειν.
3547 1845 3745 1915 Πρῶτον

524 1940 764 2009 quidem,
791 1942 916 2011 quia
943 1957 1065 1998 cum
1100 1943 1242 2000 Deus
1271 1943 1456 2012 justus
1489 1945 1583 2019 sit,
1635 1961 1859 2001 necesse
1914 1952 2002 1999 est
2037 1955 2087 1999 ut

2201 1939 2322 2009 μὲν,
2348 1941 2430 2019 ὅτι
2483 1941 2606 1992 ἐπεὶ
2639 1916 2848 2002 δίκαιός
2898 1916 3044 1992 ἔστιν
3082 1939 3112 1990 ὁ
3143 1938 3302 2002 Θεὸς,
3343 1940 3554 2009 ἀνάγκη
3603 1939 3742 1992 αὐτὸν

518 2031 666 2096 iusta
715 2033 976 2102 rependat
1021 2033 1274 2104 praemia;
1309 2043 1368 2089 ut
1417 2035 1626 2091 scilicet
1677 2035 1815 2089 mala
1893 2035 2090 2100 malis‘,

522 2121 662 2177 bona
729 2123 1196 2182 bonis'rctribuat.
1243 2127 1340 2182 Sin
1373 2136 1558 2182 autem
1612 2129 1714 2182 hoc
1762 2127 2092 2194 dederimus,

522 2223 635 2268 tum
664 2215 850 2270 fruitio
873 2217 997 2282 erit,
1031 2227 1142 2272 tum
1169 2219 1404 2287 punitio.
1437 2218 1532 2274 Sin
1561 2228 1738 2272 autem
1773 2220 1884 2272 lucc
1908 2225 2091 2282 erunt,

521 2305 682 2359 etiam
736 2309 840 2362 erit
873 2308 1174 2378 judicium;
1232 2309 1317 2366 sin
1373 2319 1552 2365 autem
1600 2310 1881 2377 indicium,
1929 2311 2090 2364 etiam

521 2395 816 2452 retributio“
860 2413 924 2452 ac
980 2414 1190 2456 merces
1247 2415 1508 2470 operum.
1566 2401 1710 2472 Ergo
1758 2402 1888 2471 quia
1949 2402 2092 2457 Deus

511 2483 694 2550 justus
727 2497 828 2552 est,
877 2488 1058 2544 futura
1093 2493 1566 2547 rcsurrectioest.
1605 2493 1957 2548 Resurrectio
1991 2508 2091 2546 au-

520 2589 628 2633 tem
684 2595 1005 2650 corporum,
1050 2597 1170 2635 nam
1205 2583 1386 2637 anima
1439 2583 1765 2637 immortalis
1800 2586 1903 2638 eet.
1949 2583 2088 2638 Cor-

519 2685 621 2735 pus
641 2672 784 2726 enim
821 2671 986 2743 (quod
1019 2674 1090 2727 sit
1120 2675 1404 2743 organum)
1436 2689 1556 2729 cum
1591 2675 1768 2729 anima
1818 2689 2089 2730 commero

517 2762 660 2815 cium
718 2763 901 2828 habet,
934 2764 988 2817 in
1045 2765 1246 2833 quibus
1309 2765 1397 2818 illa
1443 2766 1686 2834 appetitu
1748 2765 1966 2820 ducitur
2023 2781 2088 2820 ac

516 2854 790 2919 incitatur,
822 2857 936 2910 sive
1000 2858 1317 2919 contrariis,
1381 2858 1497 2911 sive
1568 2873 1696 2911 non.
1751 2858 1958 2912 Idcirco
2007 2858 2084 2912 illi

515 2943 766 3007 debetur,
827 2955 886 3001 ut
944 2948 1130 3002 eadem
1193 2962 1256 3004 ac
1305 2949 1510 3014 anima,
1571 2951 1655 3004 vel
1710 2949 1932 3020 gloriam
1998 2951 2082 3003 vel

517 3037 755 3093 dedecus
789 3053 852 3094 ac
878 3040 1136 3108 probrum
1197 3051 1590 3110 consequatur.
1645 3041 1701 3096 Si
1750 3043 1872 3111 quis
1923 3056 2082 3110 porro

516 3137 672 3190 tidem
733 3136 819 3192 his
876 3153 983 3192 non
1043 3137 1441 3203 accommodat,
1510 3139 1656 3207 quod
1713 3139 1792 3193 sic
1852 3153 2080 3206 corpora

2195 2018 2537 2102 ἀμείψασθαι
2567 2033 2694 2094 τοὺς
2721 2029 2820 2099 μὲν
2851 2032 3124 2102 πονηροὺς
3153 2032 3369 2095 κακοῖς,
3396 2032 3519 2093 τοὺς
3546 2031 3598 2083 ἢ
3627 2031 3747 2098 ἀγαο

2196 2125 2324 2188 θοῦς
2361 2123 2609 2192 ἀγαθοῖς.
2652 2126 2712 2177 ΕΙ
2742 2125 2798 2176 δὲ
2831 2123 2989 2176 τοῦτὸ
3027 2126 3197 2190 ἔστιν,
3231 2125 3388 2178 ἔσται
3417 2125 3510 2176 καὶ
3533 2124 3745 2177 ἀπόλαυ-

2177 2210 2282 2278 ὀις
2317 2216 2412 2268 καὶ
2445 2214 2688 2278 κόλασις.
2729 2216 2790 2267 Ei
2816 2215 2872 2269 δὲ
2906 2215 3076 2268 ταῦτα
3128 2217 3336 2295 κρίσις.¹
3370 2217 3430 2268 Εἰ
3469 2215 3522 2267 δὲ
3563 2216 3737 2284 κρίσις,

2193 2308 2288 2360 καὶ
2313 2307 2695 2369 ἀνταπόδοσις.
2731 2307 2895 2359 Ὥστε
2932 2308 3054 2361 ἐπεὶ
3093 2307 3312 2369 δίκαιός
3366 2308 3512 2358 ἐστιν
3545 2308 3571 2359 ὁ
3604 2305 3738 2371 Θεὸς,

2196 2395 2351 2449 ἔσται
2387 2395 2703 2458 ἀνάστασις.
2771 2395 3095 2457 ’Δνάστασις
3149 2396 3207 2449 δὲ
3245 2397 3553 2464 σωμάτωνο
3591 2396 3741 2466 ἡγὰρ
3781 2417 3788 2426 ο

2192 2487 2338 2558 ψυχὴ
2367 2487 2635 2550 ἀθάνατός
2662 2490 2797 2542 ἐστι.
2834 2489 2942 2541 Καὶ
2972 2490 3081 2559 γὰρ
3103 2489 3163 2542 τὸ
3207 2490 3370 2558 σῶμα
3401 2490 3620 2559 ὄργανον
3645 2509 3740 2545 κοι-

2192 2581 2353 2633 νωνεῖ
2382 2583 2446 2652 τῇ
2495 2581 2639 2650 ψυχῇ
2694 2581 2754 2632 ἐν
2811 2575 2893 2644 οἷς
2932 2581 2997 2634 ἂν
3030 2582 3169 2650 αῦτη
3221 2583 3462 2655 ὁρμήσῃ,
3507 2587 3636 2638 κατὰ
3680 2587 3739 2637 τὰ

2189 2672 2426 2736 ἐναντία,
2457 2673 2551 2725 καὶ
2582 2673 2676 2742 μή.
2701 2672 2902 2742 Διόπερ
2929 2672 3304 2742 ὀφειλόμενον,
3333 2676 3418 2728 ἵνα
3449 2676 3550 2728 τῶν
3580 2677 3737 2730 αὐτῶν

2192 2764 2576 2835 κληρονομήσῃ
2622 2765 2762 2832 μετὰ
2791 2767 2893 2834 τῆς
2916 2765 3093 2835 1ψυχῆς
3149 2766 3247 2819 καὶ
3285 2768 3346 2820 τὸ
3383 2763 3558 2836 σῶμα,
3600 2769 3736 2836 δόξης

2194 2856 2226 2925 ἢ
2258 2855 2506 2924 ἀτιμίας.
2539 2851 2634 2919 Οἷς
2674 2857 2724 2909 εί
2756 2857 2830 2927 μὴ
2865 2858 3109 2911 πιστεύει
3149 2876 3234 2921 τις
3264 2859 3354 2912 διὰ
3386 2859 3482 2924 τὰς
3527 2876 3737 2928 cupas:-

2189 2948 2288 3011 κάς
2318 2946 2522 3016 φθορὰς
2555 2947 2666 3000 τῶν
2712 2948 2987 3018 σωμάτων
3018 2949 3112 3002 κατ⁹
3152 2950 3505 3015 παντοδαπὰς
3533 2950 3734 3004 ἀλλοιώο

2190 3055 2325 3104 σεις,
2366 3039 2502 3092 ἀλλά
2551 3040 2688 3110 πρὸς
2736 3040 2796 3092 τὸ
2851 3041 2944 3093 τοῦ
2995 3042 3131 3094 Θεοῦ
3169 3043 3577 3113 παντοδῦναμον
3605 3043 3734 3096 οὐδὲν

2187 3129 2450 3183 ἀδύνατον
2485 3129 2639 3184 ἔσται
2665 3147 2677 3161 ·
2707 3129 2766 3192 ὃς
2807 3130 3143 3200 πιστεύομεν
3169 3133 3256 3186 ὅτι
3288 3133 3466 3188 πάντα
3493 3131 3592 3188 οἶδε
3623 3137 3734 3204 πρὶν

513 3231 807 3294 intereant,
860 3230 1288 3299 innumerasque
1313 3229 1718 3296 vicissitudines
1747 3229 1974 3282 aliorum
2022 3227 2076 3282 in

2193 3221 2454 3301 γενέσεως
2507 3220 2712 3287 αὐτῶν,
2773 3221 2868 3274 καὶ
2897 3223 2980 3276 ὅτι
3009 3223 3070 3275 τὸ
3119 3226 3232 3277 πᾶν
3281 3225 3467 3296 ὥσπερ
3515 3229 3566 3279 ἐν
3598 3226 3734 3296 δρακὶ

510 3319 615 3373 alia
673 3323 1130 3375 transmutatione
1191 3321 1460 3383 subeant;
1543 3328 1598 3374 at
1667 3330 1909 3390 spectata
1979 3320 2078 3374 Dei

509 3411 925 3481 omnipotentia,
960 3412 1092 3466 nihil
1131 3411 1235 3467 erit
1268 3412 1631 3482 impossibile,
1686 3413 1890 3482 quippe
1920 3427 2082 3482 quem

507 3505 793 3560 credamus
825 3504 967 3560 scire
990 3506 1206 3567 omnia,
1245 3511 1539 3574 antequam
1589 3506 1720 3559 [iant
1749 3505 1815 3568 °‘,
1874 3520 2085 3559 rerum-

508 3611 616 3665 que
655 3597 795 3651 hanc
831 3597 1239 3652 universitatem
1271 3597 1428 3664 quasi
1466 3597 1674 3666 pugillo
1703 3597 1986 3650 continere
2013 3595 2084 3652 ⁸⁸.

509 3687 791 3757 Siquidem
862 3687 1028 3756 igitur
1093 3687 1166 3739 ita
1227 3687 1569 3752 exploratum
1627 3693 1734 3749 est,
1796 3699 1928 3738 sane
1983 3697 2083 3737 nec

509 3779 810 3832 humanum
873 3790 1097 3845 corpus,
1161 3791 1474 3849 quanquam
1516 3775 1864 3829 .tinnumeras
1917 3772 2088 3828 subiit

509 3869 858 3928 mutationes,
890 3881 1012 3920 cum
1063 3867 1250 3920 mundi
1280 3865 1489 3920 ambitu
1519 3863 1887 3928 contineatur,
1917 3865 2083 3918 Deum

509 3959 709 4030 ubique
739 3966 1055 4028 praesentem
1083 3965 1246 4027 atque
1269 3957 1451 4010 omnia
1482 3957 1856 4012 continentem
1889 3955 2025 4025 fugit
2059 3975 2073 4010 :

507 4047 634 4119 quin
666 4049 786 4120 ejus
818 4049 1110 4117 voluntati,
1133 4065 1240 4119 qua
1285 4050 1450 4120 pollet
1482 4049 1901 4120 omnipotentia,
1942 4063 2084 4120 opus

504 4154 690 4196 comes
717 4141 842 4195 erit.
877 4139 1011 4196 Cum
1060 4141 1208 4196 enim
1239 4142 1422 4196 omnia
1471 4155 1534 4196 ex
1574 4140 1746 4196 nihilo
1791 4142 1848 4195 in
1892 4150 2076 4195 rerum

503 4240 756 4288 naturam
804 4231 1144 4301 produxerit,
1187 4231 1280 4302 qni
1333 4233 1424 4286 ﬁat
1469 4239 1530 4286 ut
1568 4231 1620 4286 id
1657 4240 1917 4300 prastare
1964 4243 2073 4284 non

504 4322 715 4393 possit?
735 4337 859 4377 cum
885 4323 1185 4394 praesertim
1212 4323 1456 4392 subjecta
1499 4336 1608 4376 non
1650 4320 1793 4377 desit
1822 4320 2076 4387 materia,

503 4430 816 4486 quanquam
857 4414 926 4470 ob
972 4417 1173 4470 multas
1204 4415 1494 4483 variasque
1540 4412 1870 4468 mutationes
1894 4412 1949 4465 in
1975 4412 2076 4466 mi-

2184 3314 2415 3382 συνέχει.
2467 3313 2528 3366 Ei
2563 3314 2696 3394 γοξῖν
2725 3313 2884 3366 τοῦτο
2911 3314 3283 3383 ὁμολογεῖταιν
3325 3316 3444 3369 οὐδὲ
3472 3317 3530 3369 τὸ
3553 3317 3732 3386 ἀνθρώ

2183 3421 2337 3457 πινον
2385 3403 2547 3474 σῶμα
2593 3404 2674 3466 είς
2721 3403 2924 3474 μυρίας
2961 3407 3266 3474 μεταϐολὰς
3299 3408 3615 3476 μεταϐαλὸν,
3656 3406 3732 3459 τὸν

2183 3496 2459 3566 πανταχοῦ
2511 3495 2755 3564 παρόντα
2783 3497 2875 3549 καὶ
2905 3496 3082 3550 πάντα
3117 3499 3412 3569 συνέχοντα
3463 3499 3726 3568 διδρᾶσκει,

2182 3589 2330 3651 ὲντδς
2361 3589 2422 3641 ὃν
2452 3591 2546 3641 τοῦ
2580 3590 2818 3658 κόσμου⁹
2859 3589 2995 3642 ἀλλὰ
3043 3589 3122 3660 τῷ
3165 3591 3365 3644 τούτου
3414 3591 3658 3660 θελήματι
3680 3591 3728 3641 τὸ

2181 3678 2342 3748 ἔργον
2394 3678 2753 3748 ἀκολουθήσει
2795 3680 2884 3733 διὰ
2915 3680 2970 3733 τὸ
3002 3681 3416 3749 παντοδύναμον
3445 3681 3535 3734 τοῦ
3589 3679 3722 3756 Θεοῦ.

2189 3771 2253 3824 Ei
2286 3772 2394 3840 γὰρ
2422 3773 2486 3825 lx
2510 3771 2603 3825 τοῦ
2635 3771 2712 3842 μὴ
2740 3771 2893 3835 θντος
2921 3775 3001 3836 εἰς
3027 3772 3088 3826 τὸ
3110 3769 3252 3828 εἶναι
3284 3775 3351 3828 τά
3385 3774 3552 3828 πάντα
3580 3757 3725 3843 παρῆ·

2187 3879 2344 3929 γαγε,
2379 3862 2495 3925 πῶς
2547 3864 2630 3925 είς
2673 3862 2838 3916 τοῦτο
2883 3862 3247 3935 ἀδυνατήσει;
3314 3867 3410 3920 καὶ
3447 3863 3606 3918 ταῦτα
3643 3863 3726 3930 τῆς

2183 3951 2318 4020 ῦλης
2342 3951 2731 4020 ὑποκειμένης,
2771 3953 2821 4005 εί
2853 3953 2949 4010 καὶ
2987 3955 3066 4016 είς
3098 3953 3158 4007 τὸ
3187 3954 3576 4026 ἐλάχιστονδιά
3615 3954 3726 4007 πολο

2183 4042 2291 4095 λῶν
2318 4043 2412 4096 καὶ
2444 4043 2708 4096 ποικίλων
2739 4044 2850 4096 τῶν
2903 4046 3220 4113 μεταϐολῶν
3277 4049 3640 4121 προελήλυθεν.
3662 4046 3721 4099 Οὐ

2185 4134 2292 4203 γὰρ
2325 4134 2726 4204 παντάπασινή
2770 4134 2871 4204 ῦλη
2906 4137 3122 4208 ἐφθάρη
3151 4156 3162 4168 ·
3220 4139 3374 4210 μένει
3406 4141 3460 4194 δὲ
3483 4140 3724 4202 ὁπωσοῦν,

2184 4227 2234 4279 εί
2264 4227 2358 4280 καὶ
2389 4229 2522 4296 ἡμῖν
2559 4227 2776 4297 ἄδηλος.
2825 4229 2886 4282 Et
2919 4229 2977 4283 δι
3013 4233 3044 4301 ὴ
3075 4231 3216 4301 αὑτὴ
3275 4233 3373 4304 ῦλη
3432 4233 3627 4294 πολλοῖς
3651 4232 3716 4290 είς

2185 4314 2402 4386 γ’ἐνεσιν
2427 4318 2762 4383 συνετέλεσε,
2784 4319 2846 4374 τὺ
2871 4319 2970 4389 μὲν
2992 4321 3196 4390 ἀνῆκον
3225 4323 3438 4393 ἑκάστῳ
3458 4319 3724 4390 ἀναληφθηο

2189 4425 2372 4462 σεται·
2410 4409 2472 4462 τὸ
2500 4409 2556 4462 δὲ
2582 4409 2829 4465 ἐλλεῖπον
2853 4411 2887 4481 ή
2917 4409 3040 4465 θεία
3069 4412 3238 4480 φύσις
3265 4414 3651 4483 ἀναπληρώσει.

503 4512 711 4566 nimum
773 4511 905 4582 quid
953 4512 1044 4566 illa
1089 4512 1312 4566 redacta
1361 4511 1457 4566 sit.
1507 4510 1625 4565 Non
1673 4509 1817 4566 enim
1848 4509 2078 4566 materia
2114 4525 2346 4581 prorsus
2379 4511 2610 4575 interiit,
2673 4512 2768 4567 sed
2798 4513 3204 4582 quodammodo
3275 4521 3474 4577 manet,
3541 4505 3716 4559 tametsi

505 4623 592 4663 res
618 4606 776 4662 nobis
819 4607 1050 4663 obscura
1101 4608 1197 4662 sit.
1248 4606 1343 4662 Sin
1391 4615 1573 4660 autem
1616 4607 1804 4662 eadem
1842 4607 2070 4662 materia
2149 4609 2446 4663 multorum
2491 4610 2827 4680 generationi
2895 4611 3164 4677 inscrviit,
3200 4612 3343 4683 quod
3410 4609 3591 4678 cuique
3620 4603 3721 4655 atti-

503 4710 617 4766 net,
653 4701 706 4755 id
733 4717 860 4757 vero
881 4711 1224 4762 assumatur:
1282 4702 1662 4772 supplebitque
1689 4701 1872 4758 divina
1897 4704 2074 4758 virtus
2112 4702 2258 4772 quod
2329 4703 2395 4756 ad
2449 4705 2665 4773 plenam
2716 4705 2967 4772 corporis
3015 4707 3214 4760 molem
3257 4705 3489 4760 deﬁciet.

568 4791 725 4847 Licet
765 4805 897 4847 vero
947 4795 1111 4847 etiam
1135 4807 1197 4845 er
1243 4793 1410 4848 rebus
1431 4795 1729 4862 corporeis,
1751 4794 1870 4862 ejus
1899 4793 1975 4848 rei
2003 4794 2083 4849 si-

2262 4795 2374 4848 Καὶ
2397 4795 2504 4848 ἀπὺ
2531 4795 2639 4849 τῶν
2671 4797 2999 4865 σωματικῶν
3027 4797 3086 4851 δὲ
3114 4797 3264 4851 ἐστιν
3303 4796 3480 4849 εἰκόνα
3507 4791 3614 4847 τινὰ
3638 4783 3713 4841 καί

501 4882 805 4938 mulacrum
822 4882 1090 4952 quoddam
1113 4881 1482 4952 indiciumque
1502 4887 1798 4940 assumere.
1819 4883 2084 4940 Triticum

499 4971 644 5027 enim
666 4987 717 5026 m
737 4982 876 5027 terra
891 4981 1227 5042 pntrescens,
1243 4989 1436 5029 rursus
1453 4989 1484 5044 ς
1518 4975 1736 5040 rminat,
1757 4975 1922 5045 inque
1939 4991 2087 5030 cam-

504 5064 630 5119 dem
663 5064 1086 5133 tritisispecicm
1114 5072 1400 5133 reparatur
1429 5081 1494 5120 ac
1534 5067 1707 5136 surgit
1740 5067 2080 5138 :cumqueid

503 5154 797 5225 quotannis
851 5155 969 5208 (icri‘
1011 5155 1320 5244 videamqs,
1374 5171 1484 5224 pne
1504 5159 1902 5214 consuetudine
1949 5159 2120 5214 nihil‘

507 5247 754 5302 mirabile
783 5261 903 5302 esse
929 5247 1332 5303 existimamus.
1351 5249 1463 5303 ~8in
1497 5264 1624 5304 vero
1657 5251 1780 5320 quis
1815 5266 1881 5305 ea
1921 5253 1988 5305 de
2020 5269 2079 5307 re

504 5355 628 5394 cum
658 5338 766 5404 illis
808 5354 1116 5395 sermonem
1144 5339 1389 5406 haberet,
1417 5342 1614 5409 quibus
1638 5357 1914 5412 nunquam
1936 5345 2078 5415 quod

505 5431 588 5484 sic
621 5440 811 5485 natura
843 5431 1048 5502 geritur
1097 5430 1439 5499 exploratum
1473 5441 1642 5501 esset,
1673 5449 1774 5489 nec
1801 5435 2092 5511 seminum~

505 5520 611 5574 vim
643 5529 807 5590 atque
843 5521 1080 5576 indolem
1118 5533 1524 5590 pernoscerent,
1554 5524 1599 5580 is
1630 5524 1772 5594 apud
1819 5526 1940 5582 illos
1973 5541 2073 5580 nec

505 5610 663 5665 tidem
685 5612 977 5668 obtineret.
1005 5613 1170 5668 Aiunt
1195 5629 1320 5669 vero
1359 5614 1524 5670 etiam
1558 5615 1835 5686 quoddam
1871 5618 2071 5672 animal

506 5702 651 5758 circa
680 5704 916 5758 Orientis
943 5706 1130 5775 plagas
1164 5708 1291 5762 vitae
1335 5708 1596 5780 longioris
1641 5724 1799 5773 esse;
1850 5721 2074 5781 tumque

577 5880 671 5937 "l
716 5885 840 5938 Cur.
910 5899 946 5951 ι,
988 5885 1080 5939 25.

1157 5889 1196 5917 ’ί
1237 5887 1481 5943 ἰὺίίξῖί.
1559 5889 1601 5919 ⁸³
1642 5889 1771 5942 Dan.
1818 5902 1932 5956 sint,
1968 5889 2049 5944 65.

2193 4885 2389 4954 δεῖγμα
2415 4885 2621 4941 λαϐεῖν.
2655 4887 2723 4941 Ὀ
2747 4889 2858 4957 γὰρ
2906 4885 3048 4951 σῖτος
3080 4891 3138 4942 ὲν
3182 4893 3251 4960 γῇ
3284 4888 3576 4958 σηπόμενος
3607 4885 3712 4935 ἀνα-

2191 4978 2487 5033 ϐλαστάνει
2539 4979 2728 5044 πάλιν,
2779 4980 2876 5032 καὶ
2911 4983 2991 5041 είς
3023 4979 3086 5032 τὺ
3116 4980 3248 5032 αὐτὸ
3301 4975 3435 5041 εἶδος
3463 4974 3548 5030 τοῦ
3589 4973 3708 5024 σίτου

2191 5068 2663 5124 ἀποκαθίσταται·
2720 5069 2858 5141 ὅπερ
2911 5069 3037 5123 κατ’
3076 5069 3196 5133 ἔτος
3226 5070 3476 5140 ὁρῶντες,
3508 5064 3603 5118 ἀπὸ
3633 5060 3711 5127 ’ἧς

2192 5159 2483 5230 συνηθείας
2515 5152 2669 5215 ὁῦδὲν
2703 5161 3024 5231 θαυμαστὸν
3061 5158 3204 5216 εἶναι
3235 5163 3534 5232 νομίζομεν.
3567 5155 3708 5210 Εττις

2185 5249 2242 5302 δὲ
2272 5251 2582 5321 ἀνθρώποις
2610 5251 2884 5320 διελέγετο
2911 5256 3041 5324 περὶ
3071 5255 3264 5309 τούτου
3308 5253 3435 5324 μηδέ
3447 5266 3558 5304 ποτε
3579 5243 3706 5298 τοῦτο

2187 5343 2375 5410 ἰδοῦσι,
2406 5345 2540 5414 μηδὲ
2557 5346 2655 5414 τὴν
2675 5346 2785 5399 τῶν
2808 5347 3144 5416 σπερμάτων
3165 5347 3326 5415 φύσιν
3347 5339 3700 5406 ἐπισταμένοις.

2178 5433 2279 5488 οὐκ
2308 5436 2372 5490 ἂν
2405 5437 2724 5508 ἐπιστεύθη.
2754 5439 2894 5491 Φασὶ
2934 5439 2990 5490 δὲ
3023 5437 3118 5490 καί
3147 5456 3198 5491 τι
3228 5437 3366 5501 ζῶον
3405 5432 3521 5501 περὶ
3544 5428 3601 5479 τᾶ
3624 5424 3701 5488 τῆς

2180 5525 2450 5597 ἀνατολῆς
2508 5529 2647 5598 μέρη
2686 5529 2854 5582 πολλά
2897 5530 2990 5599 ἐτη
3039 5529 3141 5599 ζῇν
3164 5545 3179 5559 ·
3214 5525 3331 5584 εἶτα
3357 5518 3596 5579 τελευτῶν
3614 5512 3699 5565 ἂπδ

2183 5619 2283 5686 τῆς
2322 5619 2485 5672 αὑτοῦ
2543 5620 2762 5690 σήψεως
2814 5625 2982 5695 χωρὶς
3015 5622 3299 5683 συνουσίας
3345 5613 3450 5672 οἷον
3482 5610 3695 5676 σκώληκα

2182 5710 2542 5782 γεννώμενον,
2575 5713 2636 5766 τὸ
2662 5715 2794 5768 αὐτὸ
2824 5715 2962 5780 ζῶον
2997 5717 3054 5771 ἐν
3080 5716 3160 5788 τῷ
3191 5714 3336 5786 αὐτῷ
3373 5710 3493 5766 είδει
3517 5706 3689 5759 ἀποκι-

2128 5890 2172 5920 ⁶⁸
2201 5887 2300 5942 lsa.
2348 5906 2429 5954 XL,
2465 5893 2552 5946 i2.
