3892 6556
228 422 315 486 (37

228 538 359 606 ἐδόθη
393 538 533 606 αὐτῷ
577 539 608 609 τι
643 538 907 609 ἀρχὴκαὶ
935 542 967 611 ἡ
992 542 1124 613 τιμὴ
1159 548 1254 596 καὶ
1282 548 1314 615 ἡ
1347 546 1592 616 βασιλεία
1616 565 1630 578 ·
1665 549 1756 600 καὶ
1786 548 1828 609 Α

228 632 399 691 πάντες
450 630 500 682 οἱ
556 631 700 693 λαοὶ,
752 633 916 699 φυλαὶ
950 635 1045 687 καὶ
1080 635 1323 702 γλῶσσαι
1373 638 1754 692 δουλεύσουσιν

227 721 369 789 αὐτῷ.
402 722 462 775 Ἢ
517 721 733 787 ἐξουσία
787 726 951 778 αὐτοῦ
1005 728 1225 794 ἐξουσία
1261 729 1498 795 αίώνιος,
1534 732 1655 801 ἥτις
1692 732 1754 784 οὐ

228 814 607 883 παρελεύσεται,
640 817 737 869 καὶ
776 821 809 885 ὴ
836 817 1081 887 βασιλεία
1111 821 1277 874 αὑτοῦ
1302 822 1361 874 οὐ
1393 822 1757 894 διαφθαρήσε-

223 921 327 957 ται·
372 907 491 959 »καὶ
529 907 611 960 ἔτι
666 910 850 977 φησὶν,
912 930 930 960 ι
988 912 1291 979 Ἐθεώρουν
1330 913 1437 976 ἕως
1473 909 1532 968 οῦ
1578 915 1755 985 θρόνοι

221 995 453 1063 ἐτέθησαν
474 1011 489 1026 '
526 998 620 1049 καὶ
664 999 692 1050 ὁ
724 1000 955 1063 Παλαιὸς
994 1003 1217 1072 ἡμερῶν
1250 1005 1469 1057 ἐκάθισε
1489 1021 1503 1035 ·
1532 1006 1627 1057 καὶ
1658 1022 1756 1057 πο-

220 1091 364 1154 ταμὸς
412 1088 583 1156 πυρὸς
632 1084 813 1143 εἷλκεν
850 1091 1161 1160 ἔμπροσθεν
1205 1094 1372 1147 αὐτοῦ
1400 1111 1416 1128 ο
1450 1096 1543 1149 καὶ
1586 1096 1757 1166 χίλιαι

217 1178 427 1247 χιλιάδες
466 1180 846 1250 ἐλειτούργουν
875 1184 1062 1253 αὐτῷ’
1107 1187 1203 1239 καὶ
1255 1186 1447 1257 μύριαι
1498 1188 1759 1258 μυριάδες

218 1270 659 1339 παρειστήκεισαν
691 1272 858 1341 αὐτῷ.
886 1275 1181 1345 Κριτήριον
1202 1276 1440 1342 ἐκάθισε,
1464 1279 1559 1331 καὶ
1585 1278 1759 1348 βίϐλοι

218 1361 565 1429 ἀνεῴχθησαν,
616 1381 635 1414 ι
668 1365 761 1416 καὶ
790 1364 858 1416 τὰ
887 1366 1067 1419 λοιπά.

288 1450 585 1505 Ἐλεύσεται
612 1455 799 1521 τοίνυν
818 1457 844 1507 ό
865 1455 993 1516 Υἱὸς
1021 1456 1112 1508 τοῦ
1142 1458 1430 1526 ἀνθρώπου
1461 1463 1518 1513 ὲν
1540 1464 1603 1530 τῇ
1632 1461 1758 1535 δόξῃ

218 1539 358 1594 αὑτοῦ
388 1541 523 1609 μετὰ
553 1543 666 1594 τῶν
693 1544 939 1611 ἀγγέλων
968 1546 1132 1598 αὐτοῦ
1159 1565 1172 1578 θ
1207 1549 1301 1601 καὶ
1338 1550 1537 1614 πάντες
1566 1555 1612 1605 oi
1648 1555 1759 1606 ἀπὸ

219 1635 303 1701 τῆς
335 1633 561 1698 κτίσεως
599 1637 804 1703 κόσμου
837 1640 898 1689 ἐκ
926 1639 1035 1690 τῶν
1080 1642 1290 1710 νεκρῶν
1321 1642 1754 1711 ἀναστήσονται·

226 1744 241 1774 ι
270 1725 363 1778 Καὶ
393 1727 553 1795 ἡμεῖς
585 1728 636 1780 οἱ
682 1728 884 1791 ζῶντες
933 1730 981 1782 οἱ
1034 1733 1478 1802 περιλειπόμενοι
1508 1735 1624 1802 ἅμα
1663 1738 1757 1789 σὺν

219 1816 375 1875 αὐτοῖς
422 1816 866 1885 ἁρπαγησόμεθα
921 1820 978 1871 ὲν
1028 1821 1281 1889 νεφέλαις
1328 1825 1407 1887 είς
1453 1826 1758 1892 ἀπάντησιν

220 1903 295 1957 τοῦ
339 1905 542 1974 Κυρίου
596 1907 674 1969 είς
726 1908 899 1976 ἀέρα’
937 1926 952 1958 ι
1014 1911 1108 1962 καὶ
1154 1914 1571 1980 παραστήσεται
1610 1917 1758 1969 πᾶσα

220 1998 358 2064 φύσις
386 1997 710 2067 ἀνθρώπων,
740 2000 882 2053 ὥστε
910 2004 1092 2070 κρίναι
1133 2004 1338 2066 ζῶντας
1392 2006 1485 2057 καὶ
1510 2008 1760 2076 νεκρούς.

222 2090 390 2157 Κρινεῖ
410 2087 466 2141 δὲ
503 2089 607 2158 οὺχ
639 2091 715 2153 ὡς
736 2091 1024 2162 ἄνθρωπος
1055 2094 1264 2158 ἁπλῶς,
1299 2097 1357 2147 ἐν
1395 2098 1458 2165 τῇ
1496 2100 1762 2149 ταπεινώ-

152 2192 153 2195 ‘
221 2194 289 2228 σει
322 2178 415 2246 τῆς
456 2180 663 2249 σαρκὸς
695 2180 958 2249 δηλονότι,
994 2182 1129 2236 ἀλλὰ
1178 2186 1316 2253 μετὰ
1346 2188 1445 2255 τῆς
1471 2187 1624 2255 δόξης
1667 2190 1763 2257 τῆς

220 2265 446 2336 θεότητος
472 2268 749 2334 ἐξουσίας.
782 2272 994 2342 Ὥσπερ
1020 2273 1129 2342 γὰρ
1163 2275 1415 2344 λέγομεν,
1455 2277 1573 2328 Ὅτι
1599 2279 1625 2329 ό
1655 2279 1768 2330 Κύ-

221 2377 317 2428 ριος
338 2360 433 2429 τῆς
466 2362 630 2431 δόξης
650 2364 971 2433 ἐσταυρώθη
1002 2368 1096 2418 καὶ
1121 2366 1359 2420 ἀπέθανε
1387 2369 1523 2421 καθὸ
1550 2370 1763 2440 ἄνθρω-

220 2469 321 2518 πος,
352 2454 489 2507 οὕτω
549 2458 644 2508 καὶ
692 2458 867 2526 κρινεῖ
903 2457 1001 2527 μὲν
1047 2458 1121 2521 ὡς
1180 2460 1485 2531 ἄνθρωπος,
1529 2460 1641 2514 ἀλλ’
1689 2461 1764 2524 ὡς

224 2546 400 2614 Κύριος
428 2548 527 2617 τῆς
557 2548 735 2618 δόξης.
786 2549 919 2602 Τότε
958 2568 976 2601 ι
1024 2552 1139 2605 Πᾶν
1176 2553 1303 2618 γόνυ
1362 2554 1569 2621 κάμψει
1603 2554 1763 2606 ἐπου-

222 2636 392 2704 ρανίων
438 2638 535 2689 καὶ
589 2638 849 2703 ὲπιγεῗων
897 2641 991 2693 καὶ
1033 2642 1425 2709 καταχθονίων,
1469 2644 1563 2696 καὶ
1613 2645 1765 2697 πᾶσα

222 2725 419 2792 γλῶσσα
446 2725 907 2796 ἐξομολογήσεται
944 2730 1021 2781 ’ὅτι
1059 2728 1261 2799 Κύριος
1297 2732 1501 2800 Ἰησοῦς
1532 2734 1766 2801 Χριστὸς

222 2820 287 2880 εἰς
315 2820 461 2884 δόξαν
493 2820 631 2872 Θεοῦ
670 2822 902 2891 Πατρός.
948 2842 964 2873 ι
995 2823 1107 2875 Καὶ
1141 2824 1168 2875 ὁ
1201 2824 1300 2891 μὲν
1324 2825 1506 2894 ἄρχων
1528 2825 1619 2877 τοῦ
1646 2826 1769 2878 σκό-

222 2926 327 2972 τους
372 2910 814 2981 παραδοθήσεται
877 2912 957 2973 εἰς
1016 2912 1214 2965 καῦσιν
1271 2913 1442 2982 πυρὸς
1485 2918 1625 2983 μετὰ
1658 2915 1766 2967 τῶν

221 3002 443 3070 ἀγγέλων
490 3003 678 3066 αὑτοῦ,
721 3004 857 3057 καθό
909 3022 1041 3074 φησι
1128 3006 1328 3076 Δανιὴλ
1376 3009 1403 3058 ὁ
1457 3006 1764 3076 προφήτης.

222 3093 398 3147 Τοῦτον
425 3094 534 3165 γὰρ
575 3113 592 3144 ι
634 3095 816 3147 ἀνελεῖ
850 3095 927 3163 τῷ
964 3094 1239 3164 πνεύματι
1260 3095 1352 3147 τοῦ
1384 3096 1650 3165 στόματος
1673 3098 1768 3149 αὺ-

222 3185 321 3247 τοῦ,
366 3204 383 3236 ι
415 3186 602 3255 ἐπειδὴ
640 3204 658 3237 ι
705 3186 771 3238 τὰ
801 3187 979 3239 πάντα
1012 3187 1167 3255 φέρει
1199 3185 1516 3268 τῷμρήματι
1543 3187 1643 3256 τῆς
1672 3189 1764 3239 δυ·
1796 3207 1837 3265 C

222 3280 417 3342 νάμεως
448 3279 639 3343 αὑτοῦ,
680 3296 698 3330 ι
742 3279 885 3333 κατὰ
916 3279 1007 3331 τὸν
1043 3278 1185 3331 θετον
1222 3278 1567 3336 ’Λπόσεολον.
1615 3283 1769 3333 Ἀπο-

224 3373 486 3440 δοθήσεται
520 3373 577 3426 δὲ
606 3372 717 3425 τῶν
749 3372 1054 3442 ἀνθρώπων
1098 3373 1323 3443 ἑκάστῳ,
1362 3377 1502 3426 κατὰ
1534 3374 1601 3425 τὰ
1634 3375 1771 3443 ἔργα

224 3465 399 3519 αὐτῶν.
432 3466 538 3518 Καὶ
569 3464 623 3515 ot
651 3463 747 3533 μὲν
770 3463 967 3516 δίκαιοι
990 3463 1256 3531 ἀνάλογον
1286 3464 1649 3534 λαμπρότητα
1679 3467 1772 3517 καὶ

225 3556 477 3626 φωτισμὸν
523 3556 619 3610 καὶ
656 3556 770 3617 τοῖς
812 3554 1032 3623 σώμασι
1084 3556 1180 3607 καὶ
1235 3557 1351 3616 ταῖς
1396 3555 1597 3624 ψυχαῖς
1631 3557 1771 3608 κατὰ

225 3649 308 3716 τὴν
352 3648 638 3714 ἀναλογίαν
688 3649 785 3715 τῆς
838 3647 1042 3715 ἀρετῆς
1076 3648 1332 3711 ἑκάστου,
1366 3649 1462 3700 καὶ
1493 3648 1591 3715 τῆς
1628 3648 1770 3717 ὑπὲρ

225 3740 304 3792 τοῦ
328 3740 454 3799 Θεοῦ
484 3740 581 3793 καὶ
606 3740 704 3808 τῆς
736 3738 973 3801 πίστεως
1002 3738 1397 3800 κακοπαθείας
1430 3739 1480 3790 ot
1514 3738 1569 3791 δὲ
1602 3756 1772 3807 πονη-

228 3832 301 3901 ροὶ
335 3833 465 3887 κατᾶ
496 3834 587 3888 τὸν
619 3832 781 3885 αὑτὸν
813 3832 1015 3901 τρόπον
1044 3829 1416 3900 ἀπολήψονται
1439 3831 1628 3893 σκότος
1653 3833 1772 3892 ταῖς

225 3925 402 3997 ψυχαῖς
429 3928 609 3981 αὐτῶν
658 3925 755 3978 καὶ
784 3926 899 3987 τοῖς
952 3924 1192 3993 σώμασι,
1235 3925 1379 3976 κατὰ
1411 3924 1471 3978 τὸ
1506 3923 1771 3992 ἀνάλογον

228 4019 313 4090 τῆς
344 4022 566 4074 ἑκάστου
616 4017 819 4079 κακίας
868 4017 963 4069 καὶ
1008 4017 1295 4084 πονηρίας.
1335 4015 1442 4068 Kal.
1481 4014 1589 4084 γὰρ
1625 4015 1771 4082 λέγει

232 4113 315 4177 μὲν
336 4111 487 4170 αὐτὸς
520 4113 546 4161 ὁ
580 4109 806 4177 Κύριος,
855 4125 872 4158 ι
911 4108 1034 4159 Ὅτι
1063 4106 1113 4157 οἱ
1147 4106 1344 4158 δίκαιοι
1375 4104 1682 4173 λάμψουσιν
1700 4106 1773 4168 ὡς

229 4202 427 4271 όῆλιος²
454 4220 473 4253 ι
505 4201 655 4269 λέγει
685 4200 742 4251 δὲ
780 4201 808 4250 ὀ
845 4193 1111 4268 μακάριος
1161 4195 1392 4259 Παῦλος,
1431 4214 1449 4247 ι
1486 4197 1772 4265 Σπεὶρεται

233 4294 372 4363 σῶμα
396 4294 641 4363 ψυχικὸν,
674 4290 946 4361 ἐγείρεται
978 4290 1139 4358 σῶμα
1175 4289 1568 4357 πνευματικόψ
1622 4307 1639 4341 ι
1679 4288 1799 4342 καὶ·

230 4385 315 4447 τὰς
359 4386 615 4454 διαφορὰς
666 4382 880 4443 δεικνὺς
942 4381 1041 4450 τῆς
1089 4380 1499 4452 λαμπρότητος,
1552 4382 1771 4448 ἐπάγει,

238 4495 255 4527 ι
292 4477 445 4546 ’Δλλη
476 4476 601 4540 δόξα
630 4474 808 4543 ἡλίου,
833 4474 927 4527 και
960 4472 1091 4543 ἄλλη
1123 4473 1248 4538 δόξα
1281 4460 1531 4543 σελήνης.
1573 4473 1775 4542 Ἀστὴρ

1794 1879 1836 1937 Β

1182 435 1278 493 DE
1322 435 1747 498 PRINCIPIIS
1790 437 1998 505 FIDEI
2040 444 2499 509 ClTHOLIC/E.

1861 568 1958 607 nor
1987 562 2039 609 et
2065 570 2313 624 regnum,
2356 566 2409 611 et
2435 570 2624 610 omnes
2655 556 2859 624 populi,
2902 556 3077 612 tribus
3128 565 3184 613 et
3235 558 3433 628 lingua:

1864 640 2101 700 servient
2152 646 2223 701 ei.
2263 646 2507 702 Potestas
2555 646 2673 715 ejus
2738 658 2975 715 potestas
3029 658 3249 713 aeterna,
3311 666 3432 721 qua:

1867 749 1968 788 non
2004 736 2356 791 rertransibit
2398 756 2410 791 :
2449 744 2501 790 et
2534 750 2759 805 regnum
2808 736 2925 805 ejus
2957 752 3066 790 non
3102 752 3431 807 corrumpe-

1865 836 1952 881 tur
1974 828 2047 881 ’.ι
2106 828 2303 896 Aitque
2351 827 2528 881 adhuc
2561 846 2575 882 :
2613 828 2984 895 «Aspiciebam
3035 827 3209 882 donec
3244 827 3427 881 throni

1863 921 2023 990 positi
2058 930 2208 982 sunt,
2256 929 2310 974 et
2348 919 2621 989 Antiquus
2655 920 2867 974 dierum
2901 919 3075 984 sedit;
3124 931 3177 975 et
3230 919 3433 973 ﬂumen

1862 1011 2004 1080 ignis
2036 1010 2283 1065 trahebat
2314 1010 2367 1063 in
2400 1018 2693 1078 conspectu
2719 1010 2865 1077 ejus.
2898 1010 3041 1063 Mille
3068 1010 3234 1063 millia
3272 1011 3434 1063 mini-

1864 1102 2115 1158 5trabant
2147 1101 2219 1166 ei,
2248 1110 2302 1155 et
2331 1101 2509 1155 decies
2554 1100 2755 1154 millies
2817 1110 3044 1153 ccntcna
3094 1100 3260 1153 millia
3293 1098 3433 1153 assi-

1865 1195 2080 1250 stebant
2107 1193 2181 1248 ei.
2219 1194 2490 1249 Indicium
2528 1192 2687 1257 sedit,
2719 1201 2774 1247 et
2806 1192 2930 1246 libri
2962 1194 3134 1262 aperti
3168 1201 3294 1245 sunt
3340 1210 3357 1242 ι
3380 1200 3434 1246 et

1864 1303 1985 1358 qua:
2011 1297 2316 1357 sequuntur
2349 1288 2391 1340 ⁷.

1938 1472 2129 1541 Itaque
2169 1478 2432 1525 venturus
2455 1477 2535 1524 est
2564 1466 2731 1521 Filius
2758 1464 2995 1519 hominis
3046 1464 3099 1517 in
3155 1464 3438 1532 majestate

1867 1578 1964 1618 sua
2012 1577 2134 1615 cum
2166 1561 2372 1631 angelis
2406 1560 2587 1615 suis“:
2631 1572 2927 1626 omnesque
2963 1573 2991 1610 a
3042 1554 3227 1608 mundi
3278 1568 3437 1607 crea-

1866 1654 2013 1707 tione
2045 1669 2073 1706 a
2100 1652 2330 1706 mortuis
2366 1659 2650 1719 resnrgent
2677 1666 2690 1702 :
2720 1667 2737 1699 ι
2772 1648 2988 1717 Nosque
3017 1647 3108 1713 qui
3134 1646 3365 1700 vivimus
3383 1650 3439 1697 et

1864 1744 2068 1800 residui
2108 1759 2320 1807 sumus,
2362 1741 2524 1795 simul
2556 1756 2677 1795 cum
2716 1740 2823 1794 illis
2861 1739 3135 1808 rapicmur
3175 1738 3228 1790 in
3274 1736 3437 1790 nubi-

1866 1835 1968 1889 bus
1996 1834 2210 1889 obviam
2256 1832 2486 1886 Domino
2535 1832 2589 1884 in
2619 1845 2743 1884 aera
2776 1831 2817 1895 θ,
2859 1849 2875 1881 ι
2922 1830 3231 1898 astabitque
3261 1826 3440 1882 omnis

1866 1925 2358 1987 scxushominum,
2391 1923 2683 1993 utjudicet
2735 1923 2891 1976 vivos
2919 1932 2971 1975 et
3022 1928 3289 1975 mortuos.
3340 1918 3439 1971 Ju-

1866 2017 2071 2073 dicabit
2117 2025 2320 2075 autem.
2363 2028 2471 2068 non
2507 2024 2565 2068 ut
2605 2014 2925 2084 simpliciter
2952 2013 3115 2067 homo
3149 2012 3226 2081 (in
3256 2010 3437 2066 carnis

1866 2110 2076 2165 scilicet
2108 2109 2467 2173 humilitate),
2526 2108 2622 2163 scd
2662 2119 2781 2163 cum
2842 2109 3120 2176 majestate
3178 2105 3438 2174 potentia:

1865 2201 2113 2257 Deitatis.
2142 2200 2454 2255 Sicntenim
2500 2199 2754 2262 dicimus,
2784 2198 3073 2253 Dominum
3105 2196 3433 2265 majestatis,

1866 2308 1971 2362 qua
1997 2292 2160 2347 homo
2185 2301 2321 2357 erat,
2351 2290 2672 2347 cruciﬁxum
2699 2305 2817 2345 esse
2845 2298 2900 2345 et
2944 2298 3219 2344 mortuum
3239 2289 3283 2321 ιο
3313 2308 3326 2342 :
3357 2288 3439 2353 sic

1862 2384 2131 2457 jndicabit
2159 2384 2377 2454 quidem
2403 2392 2463 2437 ut
2489 2384 2673 2444 homo,
2728 2383 2820 2437 sed
2851 2390 2912 2436 ut
2952 2381 3214 2435 Dominus
3269 2380 3435 2444 maje-

1868 2477 2047 2532 statis.
2075 2474 2230 2531 Tunc
2265 2493 2282 2526 ι
2317 2474 2499 2530 Omne
2521 2490 2658 2545 genu
2682 2473 2947 2538 ﬂectetur,
2974 2472 3300 2538 caelestium,
3334 2482 3441 2527 ter-

1868 2570 2123 2623 restrium
2174 2576 2229 2622 et
2277 2568 2638 2629 infernorurn,
2671 2575 2724 2620 et
2752 2567 2932 2620 omnis
2975 2566 3158 2634 lingua
3221 2564 3443 2620 conﬁte-

1867 2663 2037 2721 bitur.
2064 2661 2191 2729 quia
2225 2660 2492 2714 Dominus
2541 2658 2701 2714 Jesus
2749 2659 3006 2714 Christus
3056 2659 3217 2713 estin
3265 2658 3441 2727 gloria

1868 2751 1961 2806 Dei
1999 2750 2175 2806 Patris
2213 2750 2276 2803 ”.
2320 2768 2338 2801 ι
2380 2749 2459 2803 Ac
2504 2749 2722 2817 quidem
2781 2750 3034 2818 princeps
3092 2749 3441 2803 tenebrarum

1869 2842 2114 2896 tradetur
2140 2844 2169 2893 ι
2206 2840 2259 2893 in
2293 2839 2603 2895 incendium
2637 2840 2774 2911 ignis
2798 2840 2842 2871 ¹¹
2873 2860 2890 2892 ι
2919 2856 3043 2895 cum
3078 2841 3285 2911 angelis
3305 2841 3441 2904 suis,

1869 2933 2321 3003 quemadmodum
2366 2933 2452 2993 ait.
2480 2932 2664 2986 Daniel
2714 2932 3007 3001 propheta.
3078 2931 3236 2986 llnnc
3296 2932 3441 2986 enim

1876 3040 1896 3074 ι
1938 3021 2226 3077 interﬁciet
2280 3021 2471 3089 spiritu
2536 3022 2648 3077 oris
2705 3023 2789 3076 sui
2824 3022 2935 3088 ¹³,ι
3001 3024 3442 3093 quandoquidem

1876 3132 1895 3165 ι
1927 3114 2106 3168 omnia
2133 3115 2317 3183 portat
2356 3114 2522 3168 verbo
2538 3115 2752 3169 virtutis
2774 3131 2885 3170 suae
2909 3116 2972 3178 “*,
3009 3134 3026 3167 ι
3057 3126 3113 3170 ιιι
3143 3126 3332 3171 auctor
3355 3126 3439 3171 cst

1872 3208 2090 3261 divinus
2130 3206 2442 3273 Apostolus.
2495 3205 2775 3262 Reddetur
2803 3223 2932 3263 vero
2960 3209 3189 3279 singulis
3219 3210 3448 3277 quibus—

1870 3313 1976 3367 que
1994 3296 2305 3351 hominibus
2358 3296 2512 3364 juxta
2540 3311 2704 3364 opera
2729 3312 2943 3354 eorum.
2981 3298 3057 3351 Ac
3086 3299 3305 3365 quidem
3353 3298 3447 3369 ju-

1878 3391 1968 3455 Sti,
2024 3404 2121 3458 pro
2164 3388 2430 3457 cujusque
2483 3387 2720 3451 virtutis,
2778 3388 2981 3458 Deique
3023 3403 3084 3441 ac
3115 3388 3236 3443 (idei
3278 3404 3445 3445 causa

1870 3482 2267 3536 cxantlatorum
2298 3480 2547 3535 laborum
2576 3482 2806 3543 ratione,
2854 3482 3269 3536 convenientem
3321 3496 3446 3535 cor-

1872 3573 2097 3643 poribus
2124 3587 2187 3625 ac
2209 3572 2498 3625 animabus
2524 3571 2868 3640 splendorem
2902 3571 3170 3642 recipient
3198 3587 3263 3626 ac
3324 3573 3450 3628 illu-

1872 3663 2193 3718 SIrationem
2228 3680 2242 3716 :
2280 3661 2406 3715 mali
2430 3676 2581 3727 vero,
2631 3661 2819 3715 eodem
2863 3664 3025 3715 modo
3052 3677 3150 3731 pro
3185 3662 3448 3732 cujusque

1874 3755 2095 3810 malitiae
2137 3769 2200 3809 ac
2252 3753 2543 3823 pravitatis
2577 3753 2809 3816 ratione,
2853 3752 3105 3808 tenebras
3135 3754 3285 3823 justo
3312 3770 3447 3823 prae-

1873 3844 1982 3898 mio
2026 3844 2443 3914 respondentes,
2498 3842 2789 3899 animabus
2839 3844 2956 3899 suis
3009 3845 3444 3915 corporibusque

1872 3936 2161 4006 recipient.
2204 3935 2421 3991 Etenim
2478 3931 2554 3989 a'lt
2585 3939 2701 4006 ipse
2735 3936 3003 3991 Dominus
3037 3955 3051 3991 :
3090 3957 3108 3990 ι
3139 3936 3450 4008 Fulgebunt

1869 4029 2003 4099 justi
2034 4029 2175 4084 sicut
2212 4029 2291 4082 sol
2324 4029 2388 4082 ⁸⁸.
2430 4046 2448 4078 ι
2488 4027 2687 4082 Beatus
2712 4037 2890 4082 autem
2918 4029 3158 4085 Paulus:
3196 4050 3213 4082 ‹
3266 4030 3447 4086 Semi-

1876 4130 2035 4175 natur
2065 4135 2265 4188 corpus
2308 4118 2564 4179 animale.
2598 4128 2786 4188 surget
2809 4135 3011 4189 corpus
3039 4122 3284 4189 Spiritale
3312 4125 3377 4178 ¹⁶.
3421 4142 3442 4177 ι

1876 4211 2301 4279 διιιριιιίοτὶειιυε
2333 4210 2699 4264 diversitatem
2750 4212 3067 4277 ostendens,
3110 4214 3397 4283 subjungit
3427 4233 3444 4270 :

1881 4323 1899 4355 ι
1928 4303 2042 4356 Alia
2074 4309 2158 4357 est
2191 4301 2412 4356 claritas
2447 4302 2601 4365 solis,
2633 4309 2687 4355 et
2718 4300 2820 4355 alia
2836 4301 3239 4357 claritaslume.
3281 4304 3448 4357 Stella

1874 4391 2057 4446 differt
2092 4406 2123 4444 a
2163 4389 2315 4446 stella
2365 4389 2419 4444 in
2466 4389 2712 4444 claritate
2764 4389 2828 4444 ".
2870 4409 2890 4443 ι
2944 4388 3294 4461 Rursumque
3347 4395 3448 4457 ait,

1878 4480 2010 4547 fore,
2060 4488 2121 4534 ut
2162 4487 2219 4535 et
2264 4480 2443 4549 ipsum
2472 4494 2675 4549 corpus
2704 4491 2953 4535 nostrum
2990 4481 3447 4541 transformetur.

234 4571 433 4641 ἀστέρος
461 4570 707 4640 διαφέρει
735 4569 792 4621 ὲν
815 4566 965 4636 δόξῃ.
1009 4584 1027 4617 ι
1060 4566 1173 4618 Καὶ
1197 4566 1361 4620 πάλιν
1389 4567 1536 4635 λέγει
1564 4568 1649 4620 ὅτι
1679 4569 1768 4619 καὶ

1879 4580 1939 4626 ut
1967 4570 2039 4626 sit
2060 4568 2341 4626 conforme
2368 4571 2584 4640 corpori
2612 4571 2878 4627 claritatis
2915 4571 3035 4627 Filii
3054 4573 3194 4643 ejus.
3218 4574 3453 4629 Prteter-

238 4664 352 4717 αὐτὸ
378 4664 433 4717 τδ
479 4664 639 4732 σῶμα
678 4659 836 4731 ἡμῶν
880 4658 1525 4729 μετασχηματισθήσεται
1582 4662 1661 4722 είς
1714 4659 1776 4712 τὸ

237 4756 461 4823 γενέσθαι
494 4755 818 4825 σύμμορφον
850 4750 930 4822 τῷ
956 4752 1166 4820 σώματι
1198 4751 1297 4821 τῆς
1328 4750 1485 4821 δόξης
1517 4753 1612 4806 τοῦ
1642 4753 1775 4806 Υξοῦ

302 4946 323 4976 ⁸
364 4945 488 5000 Dan.
547 4961 647 5001 vn.
712 4945 798 5009 15,
851 4943 936 4997 Μ.

243 5016 277 5047 ἰ
307 5015 524 5087 Philipp.
554 5031 631 5087 ιι,
683 5014 752 5087 ll]
785 5083 811 5087 _
860 5015 917 5087 ‘f_
942 5013 1074 5066 Dan.
1112 5012 1325 5087 vnlg“.

240 5100 315 5149 xv,
356 5079 589 5150 llr“.
699 5084 744 5114 "
784 5083 1019 5153 Philipp.
1056 5098 1136 5148 ιιι,
1167 5081 1257 5136 20.
1338 5082 1379 5113 ⁸⁸
1408 5079 1567 5135 Rom.
1600 5097 1718 5146 vnt,
1782 5083 1844 5137 2i

1061 4943 1082 4974 '
1131 4942 1261 4996 ibid.
1323 4943 1385 4997 9-
1436 4942 1524 4994 12.

244 5271 457 5339 probata,
500 5273 686 5327 lectio.
736 5271 906 5333 Adde,
945 5271 1214 5327 nemiuem
1262 5272 1442 5341 ipsum
1493 5273 1769 5339 habuisse,

243 5342 327 5413 qui
363 5342 638 5413 προσήχθη
691 5342 1004 5403 reddiderit,
1034 5342 1116 5396 vel
1157 5344 1217 5394 ὲκ
1269 5342 1377 5413 τῷν
1427 5342 1768 5413 d__rctulerit.

244 5410 330 5492 Alii
354 5411 486 5465 enim
519 5410 759 5492 ’ἐνώπιον
789 5412 968 5492 ,αὐτοῦ
1012 5412 1428 5492 ’προσηνέχθηῇ
1457 5410 1564 5492 Nec
1612 5414 1771 5468 aliter

245 5479 502 5537 videantur
547 5480 898 5551 Septuaginta
935 5479 1235 5535 reddidisse
1284 5499 1298 5535 ;
1342 5479 1662 5551 videturque
1703 5500 1763 5537 ea

244 5562 350 5609 vox,
372 5559 423 5605 et
457 5553 598 5617 quod
645 5551 718 5605 ita
751 5552 873 5621 quis
915 5565 1099 5605 coram
1132 5552 1356 5606 sistatur
1384 5567 1448 5607 ac
1478 5562 1772 5619 praesente-

245 5625 337 5682 tur,
370 5622 470 5675 vim
504 5621 792 5690 quamdam
824 5620 1195 5691 subjectionis,
1240 5621 1292 5674 in
1317 5636 1382 5677 eo
1404 5625 1497 5691 qui
1528 5638 1767 5690 praasen-

248 5694 385 5752 tatur,
420 5689 646 5745 innucre
676 5709 689 5745 :
722 5705 785 5744 ac
811 5691 1011 5756 optime
1041 5691 1093 5744 in
1132 5689 1323 5745 Filium
1363 5689 1597 5746 hominis
1626 5707 1764 5747 con-

248 5758 387 5841 venit.
416 5759 530 5841 sub
578 5760 1027 5841 ipsqcpuccptu.
1062 5757 1185 5841 Filii
1237 5761 1520 5841 homin-is“
1546 5763 1765 5841 Christo

253 5828 429 5883 scilicet
475 5839 530 5883 ut
581 5830 806 5894 homini,
850 5828 935 5884 cui
985 5832 1063 5886 sic
1103 5830 1222 5886 data
1269 5831 1557 5902 iudiciaria
1588 5834 1765 5888 omnis

1634 4943 1656 4973 ε
1710 4941 1898 4996 Matth.
1966 4959 2092 5009 xxv,
2142 4945 2233 4997 δι.

1401 5011 1447 5043 ¹⁸
1483 5011 1522 5065 ΙΙ
1558 5010 1725 5066 Thes.
1760 5028 1819 5077 ιι,
1850 5014 1904 5067 8.

1880 4678 1943 4717 ea
2001 4663 2101 4727 ait,
2134 4662 2342 4730 ,ipsam
2404 4671 2657 4717 naturam
2706 4663 2996 4733 liberatum
3024 4664 3089 4717 iri
3132 4667 3452 4721 aservitute

1882 4754 2268 4822 corruptionis,
2305 4755 2358 4808 in
2391 4755 2693 4810 claritatem
2725 4755 2993 4813 libertatis
3024 4758 3259 4813 ﬁliorum
3281 4758 3448 4815 Dei“:

2342 4946 2363 4978 ³
2420 4945 2662 4999 [Τίιυςς.
2701 4961 2773 5007 tv,
2836 4945 2920 4998 16.

2006 5015 2049 5045 ⁸⁸
2100 5014 2265 5069 Hebr.
2326 5031 2365 5078 ι,
2396 5017 2448 5070 5.
2560 5014 2959 5082 "Matth.xm,
3003 5015 3091 5069 45.

3031 4943 3119 4996 ¹⁰1
3154 4943 3282 4997 Cor.
3314 4960 3371 4999 Il.
3397 4946 3448 4997 8.

3031 5016 3091 5068 ὅ.
3210 5015 3252 5045 ¹⁹
3282 5014 3297 5067 Ι
3322 5014 3448 5069 Cor.

1876 5286 2144 5346 potestas,
2183 5278 2257 5330 uti
2287 5288 2472 5331 noster
2499 5277 2725 5331 Calecas
2750 5276 2992 5344 exponit,
3025 5285 3081 5328 ut
3111 5285 3162 5327 et
3194 5272 3450 5346 Ilii-rony-

1875 5344 1998 5401 inus
2026 5347 2212 5399 Matth.
2250 5362 2443 5409 xxvm,
2472 5348 2615 5417 quod
2665 5348 2739 5399 ita
2790 5347 2860 5399 ibi
2902 5347 3171 5417 habetur:
3208 5344 3342 5417 Dato
3371 5355 3457 5417 ιιιρ

1874 5417 2005 5469 mihi
2056 5418 2227 5469 omnis
2284 5415 2538 5485 potestas,
2590 5426 2699 5472 etc.
2757 5418 2911 5469 Alex.
2960 5416 3224 5469 Ἐνὼπιον
3256 5415 3445 5485 καύτοῦ

1874 5487 2225 5555 προσήγαγον
2256 5484 2438 5541 αὐτόν.
2488 5485 2757 5548 Justinus,
2806 5491 2858 5539 in
2911 5486 3051 5539 Dial.
3094 5501 3209 5538 cum
3251 5484 3445 5554 Ttgplt.

1872 5556 1983 5608 Kal.
2041 5558 2224 5627 παρῆν
2273 5555 2528 5627 ἐνώπιον
2560 5555 2746 5616 αὑτοῦ.
2797 5556 2889 5627 και
2943 5557 3463 5627 οί-τιοιρεσιεηκόιτες⁵

1880 5625 2231 5695 προσήγαγον
2264 5627 2446 5697 αὐτόν.
2488 5625 2594 5681 Nec
2630 5628 2788 5695 longe
2817 5625 2975 5697 aliter
3003 5625 3163 5697 Cypr.
3202 5642 3239 5679 ιι
3277 5627 3444 5697 Teati.

1877 5694 2173 5767 ηιοιιὶονιιηι
2208 5713 2226 5751 :
2260 5695 2329 5749 Et
2366 5697 2509 5751 stetit
2540 5697 2593 5749 in
2624 5694 2898 5765 conspectu
2929 5694 3155 5765 ejus,“
3189 5699 3277 5767 qui
3311 5694 3449 5750 assi-

1875 5766 2078 5822 stebant
2109 5769 2174 5833 ei,
2213 5768 2511 5822 obtulerunt
2542 5782 2682 5821 cum.

3328 448 3435 514 638
3532 498 3535 499 ν
