3892 6540
258 373 350 432 M5

1184 381 1283 442 DE
1322 381 2006 448 PRINCIPIIS‘FID‘EI
2045 387 2514 456 (ΖΑΤΠΟΙᾸΟᾹΞ.

3351 396 3460 460 646

249 491 426 544 «Μίαν
450 493 739 566 ᾐτησάμην
785 499 934 568 παρᾶ
994 498 1226 569 Κυρίου·
1279 502 1482 572 ταύτην
1538 503 1779 572 ζητήσω¹

1895 503 2107 559 Domini
2138 508 2394 562 omnibus
2424 503 2616 566 diebus
2651 511 2771 565 vita:
2807 525 2940 567 mea:
2975 531 2989 567 :
3025 522 3080 567 ut
3107 513 3318 572 videam
3371 518 3464 588 ju-

193 613 200 621 -
243 585 295 635 τὸ
315 587 579 638 κατοικεῖν
613 604 678 656 με
727 589 786 642 ὲν
814 589 952 660 οἴκῳ
980 591 1186 661 Κυρίου
1234 593 1410 656 πάσας
1443 594 1542 657 τὰς
1578 596 1790 665 ἡμέρας

241 678 324 740 τῆς
347 676 484 747 ζωῆς
521 696 649 749 μου·
679 711 708 723 ’
755 683 850 736 τοῦ
914 684 1138 754 θεωρεῖν
1197 703 1264 755 με
1306 686 1402 750 τὴν
1447 689 1790 758 τερπνότητα

240 767 448 836 Κυρίου.
490 789 510 820 ι
548 772 711 824 Ὥστε
735 773 844 826 ἀπὸ
875 775 977 842 τῆς
1027 775 1264 828 ἐνταῦθα
1291 777 1528 839 πίστεως
1561 780 1639 840 είς
1694 779 1790 848 τήν

241 857 526 924 μέλλουσαν
559 865 778 934 ἐκείνην
812 867 905 918 καὶ
951 868 1192 938 ἄρρητον
1231 867 1540 922 ἀπόλαυσιν
1588 885 1790 922 καταν-

236 950 469 1019 τήσομεν.
509 952 614 1008 Καὶ
641 957 747 1027 γάρ
805 975 991 1027 φησιν,
1066 959 1284 1024 «Αὐτὸς
1337 961 1364 1013 ὁ
1410 960 1594 1031 Πατὴρ
1641 961 1787 1029 φιλεῖ

235 1044 382 1112 ὑμᾶς,
415 1049 498 1101 ὃτι
536 1051 699 1122 ὑμεῖς
729 1055 833 1122 ἐμὲ
858 1055 1221 1124 πεφιλήκατε,
1255 1058 1351 1108 καὶ
1380 1054 1782 1108 πεπιστεύκατε

231 1139 304 1191 ὅτι
333 1139 439 1205 ἐγὼ
463 1137 617 1214 ¹ιὲιιριὶ
645 1146 741 1198 τοῦ
782 1147 996 1227 Πατρδς
1027 1150 1274 1218 ἐξῆλθον.
1334 1147 1588 1217 Ἐεῆλθον
1635 1149 1788 1216 παρὰ

1887 596 2220 651 cunditatem
2245 597 2456 652 Domini
2517 600 2583 653 δ’.
2631 619 2648 651 ι
2711 601 2900 672 Itaque
2958 619 2988 657 a
3044 603 3168 667 ﬁde,
3230 621 3352 674 qua:
3409 608 3465 660 in

1889 687 2142 749 presenti
2171 696 2276 750 est,
2310 690 2377 742 ad
2413 691 2650 744 futuram
2693 691 2836 745 illam
2883 693 3140 765 nullaque
3171 696 3462 750 verborum

1889 774 1938 828 vi
1969 777 2347 845 explicabilem
2376 782 2785 850 iucunditatem
2815 786 3186 841 deveniemus.
3247 787 3466 842 Etenim

1888 866 2006 920 ait:
2043 886 2060 919 ι
2104 868 2244 938 Ipse,
2289 870 2451 928 Pater
2475 883 2620 928 amat
2651 891 2772 936 vos,
2797 878 2926 946 quia
2961 894 3058 933 vos
3091 893 3174 931 me
3210 866 3459 942 amastis,

1891 969 1946 1014 et
1978 962 2290 1020 credidistis
2321 965 2448 1034 quia
2479 983 2578 1047 ego
2604 984 2632 1023 a
2660 967 2818 1023 Patre
2847 971 3008 1025 exivi.
3044 969 3196 1026 Exivi
3222 989 3250 1027 a
3279 975 3404 1027 Patr
3427 995 3460 1038 -,

1893 1059 1946 1107 et
1974 1055 2094 1108 veni
2129 1055 2182 1108 in
2243 1057 2507 1111 mundum
2538 1075 2554 1115 :
2630 1060 2827 1114 iterum
2861 1062 3108 1134 relinquo
3171 1067 3459 1130 mundum,

1894 1159 1947 1205 et
1973 1150 2110 1205 vado
2135 1151 2200 1204 ad
2238 1150 2449 1206 Patrem
2478 1151 2544 1205 ”.
2587 1171 2608 1204 ο

230 1232 311 1283 τοῦ
367 1235 601 1306 Πατρὸς,
668 1241 763 1294 καὶ
814 1241 1052 1312 ἐλήλυθα
1105 1243 1185 1301 είς
1238 1242 1330 1294 τὸν
1383 1242 1608 1310 κόσμον.
1681 1240 1852 1294 Πάλιν
1899 1242 2104 1314 ἀφίημι
2166 1245 2258 1298 τὸν
2318 1245 2546 1315 κόσμον,
2626 1245 2721 1299 καὶ
2794 1246 3097 1318 πορεύομαι
3162 1248 3299 1319 πρὸς
3372 1253 3464 1303 τὸν

231 1330 448 1401 Πατέρα.
464 1329 497 1386 ἴ
964 1369 994 1389 ι

1734 1429 1758 1446 ιν

293 1428 442 1482 Οὕτω
472 1429 608 1498 γοῦν
644 1432 880 1488 ἐνταῦθα
904 1435 1238 1505 πιστεύομεν
1282 1437 1366 1489 ὅτι
1417 1435 1582 1497 αὐτὸς
1627 1436 1655 1488 ὀ
1703 1429 1784 1496 εἷς

230 1519 314 1586 τῆς
340 1519 567 1590 Τριάδος
598 1524 628 1574 ὁ
661 1525 728 1576 ἐκ
761 1523 853 1578 τοῦ
885 1525 1018 1580 Θεοῦ
1051 1530 1145 1580 καὶ
1197 1528 1409 1598 Πατρὸς
1444 1525 1785 1596 γεννώμενος

231 1613 399 1674 ἀῖδίως
429 1615 524 1667 καὶ
557 1614 883 1685 ἅρῤεύστως
914 1619 1008 1671 καὶ
1033 1619 1462 1690 ἁνεκφοιτήτως,
1513 1621 1656 1674 κατὰ
1686 1620 1785 1688 τὴν

231 1702 402 1754 οὐσίαν
444 1706 565 1766 ἴσος
593 1702 670 1757 ὢν
702 1707 851 1778 αὺτῷ
882 1710 978 1762 καὶ
1032 1710 1238 1781 ἀληθὴς
1271 1711 1397 1775 Υἱὸς
1473 1712 1636 1765 αὐτοῦ
1690 1713 1783 1764 καὶ

232 1791 410 1857 Λόγος,
439 1793 510 1846 δι’
536 1795 598 1849 οὗ
633 1797 702 1849 τὰ
744 1799 923 1852 πάντα
954 1801 1199 1867 ἐγένετο,
1242 1802 1520 1857 κατελθὼν
1581 1805 1648 1856 ἐκ
1675 1797 1784 1855 τῶν

230 1884 486 1951 οὗρανῶν,
527 1886 762 1941 ἀνέλαϐε
814 1892 995 1962 σάρκα
1053 1893 1115 1943 ἐκ
1158 1893 1255 1962 τῆς
1296 1893 1462 1960 ἁγίας
1518 1893 1784 1950 Θεοτόκου

231 1978 309 2026 καὶ
337 1979 702 2049 ἀειπαρθένου
726 1982 948 2052 Μαρίας
979 1984 1069 2038 διὰ
1093 1985 1218 2056 στὴν
1272 1986 1555 2055 ήμετὲραν
1605 2003 1785 2058 σωτη-

233 2069 360 2137 ρίαν,
417 2071 552 2124 ἄνευ
586 2074 863 2143 ἁμαρτίας
927 2080 1020 2130 καὶ
1066 2077 1250 2145 πάσης
1307 2076 1647 2142 ἀλλοιώσεως
1693 2081 1788 2133 καὶ

230 2163 417 2231 τροπῆς
442 2179 458 2195 ·
495 2165 590 2216 καὶ
621 2166 940 2236 ἐσταυρώθη
965 2169 1106 2222 κατὰ
1129 2172 1192 2220 τὸ
1225 2169 1590 2239 ἀνθρώπινον,
1627 2171 1783 2238 γενό-

232 2269 374 2318 μενος
400 2254 544 2326 ύπέρ
576 2257 734 2326 ήμῶν
761 2258 974 2328 κατάρα
999 2276 1012 2290 ⁸
1059 2259 1155 2314 καὶ
1186 2261 1476 2315 ἀποθανὼν
1511 2263 1784 2332 κατῆλθεν

228 2344 279 2394 ἐν
302 2346 374 2415 τῷ
397 2346 498 2417 ᾃδη
540 2349 679 2416 μετὰ
707 2349 890 2420 ψυχῆς
917 2352 990 2412 ῶς
1012 2352 1166 2417 Θεὸς,
1198 2356 1290 2406 καὶ
1314 2358 1380 2426 τῇ
1412 2356 1568 2426 τρίτῃ
1601 2355 1784 2426 ἡμέρᾳ

229 2435 446 2502 ἀναστὰς
484 2440 682 2494 ἐκτῶν
709 2443 944 2514 νεκρῶν,
977 2445 1076 2515 τὴν
1101 2447 1381 2517 ἡμετέραν
1414 2449 1780 2509 συνανέστησε

230 2527 395 2594 φύσιν,
457 2534 550 2584 καὶ
572 2533 856 2605 ἀνελήφθη
886 2537 967 2598 είς
999 2541 1124 2601 τοὺς
1161 2540 1450 2608 οὐρανοὺς,
1480 2545 1573 2594 καὶ
1603 2543 1782 2596 ἐκάθι-

231 2634 309 2668 σεν
358 2621 412 2671 ἐν
463 2621 618 2692 δεξιᾷ
679 2623 774 2675 τοῦ
824 2624 960 2676 Θεοῦ
1011 2628 1107 2679 καὶ
1165 2629 1409 2697 Πατρός*
1474 2631 1534 2683 τὸ
1600 2632 1782 2701 ὁμότι-

233 2725 320 2777 μον
374 2711 472 2779 τῆς
525 2713 686 2778 ἀξίας
738 2716 833 2768 τοῦ
893 2717 951 2769 ἐν
1017 2717 1167 2789 δεξιᾷ
1226 2720 1620 2790 σημαίνοντος·
1687 2724 1780 2776 καὶ

234 2800 377 2852 πάλιν
415 2805 442 2854 ὁ
491 2805 656 2868 αὐτὸς
706 2806 1222 2902 ἐ).εύσεται.κρῖναι
1282 2812 1489 2877 ζῶντας
1541 2814 1631 2867 καὶ
1694 2832 1778 2866 νε-

230 2893 395 2962 κρούς.

295 2986 352 3038 Ei
378 2987 557 3042 τοίνυν
583 2989 797 3055 τούτοις
830 2994 1189 3065 πιστεύομεν,
1243 2997 1434 3068 πόρρω
1465 2999 1646 3070 πάσης
1677 3002 1780 3070 ἀμ-

235 3077 466 3145 φιδολίας
492 3080 591 3148 τῆς
625 3082 927 3155 μελλούσης
964 3086 1123 3158 δόξης
1160 3087 1255 3140 καὶ
1291 3089 1526 3160 θεωρίας
1557 3093 1778 3145 ἐπιτευ-

1967 1431 2042 1484 lta
2074 1429 2241 1499 igitur
2274 1430 2362 1484 hic
2388 1428 2686 1495 credimus,
2711 1429 2889 1500 ipsum
2924 1446 3092 1484 unum
3148 1447 3217 1487 cx
3275 1444 3464 1488 sancta

1891 1523 2179 1586 Trinitate,
2215 1538 2280 1577 ex
2315 1520 2423 1576 Dco
2459 1507 2512 1577 et
2555 1523 2718 1576 Patre
2769 1523 2838 1578 ab
2892 1533 3097 1577 aatcrno
3127 1533 3178 1577 et
3235 1525 3461 1588 illibate,

1891 1613 2136 1684 nihilque
2164 1629 2229 1668 eo
2259 1613 2601 1679 excedendo,
2629 1621 2842 1676 natum,
2872 1615 3132 1683 :rqualcm
3174 1615 3246 1669 illi
3273 1629 3466 1670 secun-

1890 1707 2017 1760 dum
2059 1707 2447 1772 substantiam,
2479 1721 2778 1777 verumque
2813 1707 2932 1777 ejus
2965 1706 3162 1760 Filium
3199 1723 3262 1763 ac
3327 1706 3460 1762 Ver-

1892 1800 2040 1862 bum,
2071 1814 2167 1868 per
2187 1812 2347 1867 quem
2381 1798 2521 1852 facta
2556 1808 2684 1852 sunt
2758 1797 2962 1863 omnia,
3032 1799 3451 1853 descendentem

1893 1891 1958 1947 de
1989 1891 2162 1954 cmlis,
2198 1905 2418 1945 carnem
2454 1907 2518 1945 ex
2559 1899 2747 1945 sancta
2776 1889 2868 1943 Dei
2909 1889 3184 1945 Genitrice
3213 1905 3462 1961 semper-

1893 1999 1996 2054 que
2018 1985 2235 2051 Virgine
2266 1984 2459 2049 Maria,
2489 1993 2709 2054 propter
2752 1991 2994 2036 nostram
3030 1983 3281 2046 salutem,
3345 1984 3464 2036 abs-

1892 2091 1998 2145 que
2023 2087 2246 2147 peccato
2274 2078 2518 2146 citraque
2552 2089 2768 2129 omnem
2803 2075 3156 2129 mutationem
3183 2083 3234 2129 ct
3256 2075 3460 2138 labem,

1872 2171 2285 2240 assumpsisse,
2332 2185 2414 2234 ac,
2447 2177 2717 2238 quatenus
2740 2166 2926 2231 homo,
2988 2165 3308 2221 cruciﬁxum
3340 2179 3464 2219 esse

1891 2263 2094 2318 factum
2161 2276 2259 2331 pro
2344 2261 2506 2316 nobis
2568 2258 2994 2314 maledictum“
3049 2269 3458 2328 mortuumque,

1889 2356 2069 2410 anima
2093 2355 2292 2410 comite
2319 2353 2371 2405 in
2400 2353 2672 2406 infernum
2737 2360 2799 2405 ut
2866 2349 3035 2404 Deum
3082 2351 3454 2415 descendisse,

1890 2447 2082 2515 dieque
2114 2445 2270 2499 tertia
2333 2451 2702 2512 resurgentem
2739 2457 2769 2495 a
2840 2441 3096 2504 mortuis,
3159 2443 3459 2498 humanum

1888 2552 2060 2608 genus
2090 2551 2194 2589 una
2226 2551 2411 2591 secum
2450 2535 2777 2589 suscitasse:
2815 2542 2978 2600 atque
3044 2533 3097 2586 in
3145 2531 3314 2587 caelos
3371 2517 3455 2588 re-

1888 2637 2128 2698 ccptum,
2185 2628 2238 2682 in
2304 2627 2397 2680 Dei
2432 2640 2496 2680 ac
2549 2625 2726 2678 Patris
2793 2622 3015 2679 dextera
3080 2624 3459 2679 consedisse:

1894 2737 2090 2792 nempe
2109 2721 2254 2790 quod
2290 2735 2319 2774 a
2351 2718 2561 2774 dextris
2577 2718 2798 2784 dicitur,
2866 2717 3010 2788 paris
3051 2732 3171 2772 cum
3195 2733 3260 2771 eo
3287 2717 3466 2787 digni-

1889 2813 2014 2867 tatis
2040 2812 2302 2866 honorem
2352 2793 2738 2882 signiticatﬁe;
2795 2811 3046 2866 eumdem
3073 2826 3270 2866 rursus
3336 2827 3465 2864 vcn-

1889 2916 2069 2960 turum
2112 2905 2397 2976 utjndicct
2431 2905 2583 2960 vivos
2615 2914 2668 2959 et
2701 2913 2970 2958 mortuos.

1959 2998 2014 3053 Si
2044 2998 2206 3068 igitur
2235 2997 2318 3051 his
2352 2996 2510 3050 fidem
2537 2995 3034 3058 accommodamus,
3065 2994 3201 3048 citra
3239 3009 3454 3049 onmem

1887 3089 2218 3145 dubietatem
2246 3087 2486 3142 futuram
2549 3087 2777 3156 gloriam
2844 3101 2908 3140 ac
2955 3085 3221 3140 visionem
3268 3100 3459 3140 conse-

230 3168 410 3236 ξὸμεθα
467 3172 569 3224 (Ὀ
598 3173 702 3242 γὰρ
729 3173 865 3243 ἔχων
947 3177 1041 3238 τὰς
1089 3178 1324 3264 ἐντολάς.
1382 3198 1503 3248 μου,
1545 3200 1562 3231 ι
1625 3185 1778 3250 φησὶ,

1889 3197 2116 3254 quemur
2149 3198 2162 3236 :
2207 3180 2337 3246 «Qui
2369 3181 2512 3234 enim
2546 3179 2707 3233 habet
2734 3180 2986 3232 mandata
3055 3194 3198 3243 mea,
3261 3181 3460 3247 inquit,

237 3261 364 3311 «καὶ
397 3263 573 3332 τηρῶν
633 3265 828 3328 αὑτὰς,
893 3266 1100 3330 ἐκεῖνός
1152 3270 1297 3321 ἐστιν
1318 3261 1352 3322 Ἲό
1403 3272 1633 3339 ἀγαπῶν
1677 3292 1767 3343 με.

240 3354 292 3407 '0
317 3356 374 3410 δέ
397 3359 624 3425 ἀγαπῶν
656 3378 724 3430 με
782 3363 1201 3432 ἀγαπηθήσεται
1275 3365 1378 3418 ὑπὸ
1435 3367 1525 3421 τοῦ
1561 3368 1773 3439 Πατρός

234 3464 342 3516 μου,
374 3452 462 3502 καὶ
498 3449 608 3516 ἐγὼ
632 3454 906 3522 ἀγαπήσω
935 3453 1123 3519 αὐτὸν,
1159 3457 1253 3510 καὶ
1308 3458 1596 3526 ἐμφανίσω
1627 3460 1774 3531 αὐτῷ

231 3539 499 3605 ἐμαυτόν.»
540 3543 672 3606 Καὶ,
728 3543 884 3597 ιἜὰν
906 3545 1156 3612 ἀγαπᾶτέ
1189 3564 1280 3615 με,
1312 3549 1412 3611 τὰς
1435 3549 1651 3610 ἐντολάς

233 3628 501 3694 τηρήσετε·
533 3632 628 3682 καὶ
659 3631 770 3697 ἐγὼ
800 3633 1064 3702 ἐρωτήσω
1096 3635 1188 3687 τὸν
1223 3635 1462 3707 Πατέρα,
1491 3640 1585 3692 καὶ
1617 3639 1775 3694 ἄλλον

234 3715 569 3790 Παράκλητον
595 3723 764 3776 δώσει
807 3725 959 3795 ὑμῖν,
1005 3725 1094 3778 ἵνα
1150 3727 1287 3800 μένῃ
1321 3730 1442 3798 μεθ’
1493 3731 1646 3800 ὑμῶν
1698 3735 1776 3793 εἰς

232 3807 312 3861 τὸν
341 3803 526 3878 αἰῶνα,
556 3813 618 3866 τὸ
655 3815 881 3886 Πνεῦμα
942 3817 1042 3886 τῆς
1099 3818 1381 3886 ἀληθείας,
1433 3820 1461 3872 ὃ
1507 3825 1533 3872 ὁ
1574 3823 1775 3893 κόσμος

234 3899 288 3950 οὐ
317 3901 525 3955 δύναται
588 3904 815 3957 λαὸεῖν·
881 3925 898 3959 ι
961 3911 1008 3960 οἱ
1065 3909 1349 3976 φιλοῦντες
1395 3911 1638 3981 δηλονότι
1688 3917 1778 3967 τὸν

238 3991 440 4059 κόσμον.
503 3996 630 4058 Καὶ,
676 4015 696 4048 ι
738 3997 907 4050 Πάλιν
957 3999 1210 4070 ἔρχομαι,
1255 4003 1349 4056 καὶ
1379 4004 1778 4076 παραλήψομαι

238 4081 368 4151 ὑμᾶς
396 4087 524 4155 πρὸς
573 4090 810 4159 ἐμαυτόν
833 4107 847 4122 ο
883 4089 971 4143 ἴνα
1002 4092 1138 4145 ὅπου
1169 4095 1284 4163 εἰμὶ
1315 4093 1448 4163 ἐγὼ,
1507 4097 1600 4149 καὶ
1623 4097 1777 4168 ὑμεῖς

235 4169 342 4243 ἦτε.
379 4197 398 4230 ι
429 4179 544 4244 Καὶ,
580 4202 597 4233 ι
628 4181 799 4246 Θέλω,
857 4182 1061 4254 Πάτερ,
1110 4183 1202 4249 οὓς
1247 4185 1484 4250 δέδωκάς
1531 4203 1642 4255 μοι,
1690 4188 1776 4239 ἵνα

237 4269 354 4320 ὅπου
383 4272 492 4337 εἰμὶ
517 4272 644 4356 ἐγὼ,
675 4273 918 4327 κάκεῖνοι
965 4269 1070 4328 ῶσι
1122 4275 1240 4346 μετ’
1284 4277 1438 4347 ἐμοῦ,
1494 4278 1580 4330 ἵνα
1643 4279 1779 4333 θεω-

241 4360 361 4426 ρῶσι
391 4364 484 4432 τὴν
511 4365 673 4431 δόξαν
720 4368 787 4436 ἣν
815 4367 1055 4432 δέδωκάς
1090 4386 1201 4439 μοι,
1262 4370 1344 4423 ὄτι
1378 4371 1674 4441 ἠγάπησάς
1712 4390 1777 4441 με

243 4452 337 4520 πρὸ
364 4457 660 4528 καταϐολῆς
705 4461 934 4528 κὸσμου.
973 4479 994 4510 ι

305 4562 321 4592 ε
368 4547 589 4603 Πάντοτε
664 4547 757 4604 οὖν
878 4555 974 4606 σὺν
1035 4551 1218 4622 Κυρίῳ
1283 4553 1560 4623 ἐσόμεθα,

241 4638 320 4689 τὸν
356 4641 490 4694 θεῖον
516 4644 862 4710 ’Λπόσιολον,
899 4646 993 4698 καὶ
1041 4646 1351 4716 χαρήσεται
1383 4647 1541 4716 ήμῶν
1575 4648 1608 4716 ἡ
1642 4665 1778 4716 καρ-

241 4730 334 4793 δία,
370 4735 513 4805 καὶὴ
563 4739 710 4807 χαρὰ
768 4738 924 4807 ήμῶν
992 4737 1402 4806 πεπληρωμένη
1451 4736 1621 4800 ἔσεαι,
1683 4739 1778 4790 καὶ

242 4821 425 4892 ταύτην
448 4829 612 4890 οὐδεὶς
640 4829 785 4898 αἴρει
817 4830 915 4896 ἀφ’
961 4829 1138 4896 ἡμῶν,
1175 4828 1250 4889 ὡς
1282 4830 1309 4881 ὁ
1354 4828 1553 4896 Κύριός
1585 4846 1774 4900 φησιν,

244 4910 317 4961 ὅτε
366 4914 530 4969 οὐκέτι
563 4921 620 4970 ἐν
656 4917 979 4986 παροιμίαις
1021 4917 1245 4987 λαλήσει
1289 4918 1444 4986 ἡμῖν,
1470 4916 1607 4972 ἀλλὰ
1633 4922 1776 4988 παῤ-

248 5003 390 5072 ῥησξςι
416 5006 651 5074 περὶτοῦ
679 5007 891 5075 Πατρὸς
917 5006 1083 5059 αὐτοῦ
1108 5007 1404 5074 ἀναγγελεῖ
1428 5009 1578 5078 ήμῖν.
1611 5025 1628 5057 ι
1664 5007 1772 5060 Τοῦ

246 5091 427 5163 Πατρὸς
468 5117 484 5148 ι
519 5098 572 5152 δὲ
639 5098 831 5164 εἰπὼν,
886 5101 1070 5153 δίδωσι
1123 5100 1217 5152 καὶ
1259 5101 1451 5152 ἑαυτὸν
1495 5101 1636 5170 μετὰ
1678 5100 1771 5153 τοῦ

197 5179 376 5250 ,ἁγίου
435 5187 754 5258 Πνεύματος
815 5189 1159 5251 ἁδιαστὰτως
1217 5188 1474 5244 νοεῖσθαι.
1526 5185 1620 5252 Εἲς
1666 5192 1773 5259 γὰρ

244 5272 355 5338 Θεός
389 5280 496 5335 ἐστι
540 5283 679 5351 μετὰ
707 5281 801 5334 τοῦ
862 5281 1076 5351 Πατρὸς
1133 5281 1226 5334 καὶ
1285 5281 1380 5334 τοῦ
1435 5279 1773 5351 Πνεύματος.

248 5361 523 5439 Τουτέστιν,
561 5372 677 5425 Οὐκ
711 5369 934 5424 ἔσονται
989 5373 1305 5441 ὁμοιότητες
1348 5371 1442 5424 καὶ
1507 5371 1773 5442 σύμϐολα,

246 5453 326 5523 τῆς
351 5459 583 5531 ὁράσεως
613 5463 910 5532 γινομένης
943 5463 1234 5530 πρόσωπον
1286 5463 1424 5531 πρὸς
1459 5463 1772 5530 πρόσωπον.

247 5541 333 5598 Καὶ
361 5552 460 5620 γάρ
481 5569 644 5624 φησιν
666 5554 692 5605 ὁ
741 5551 1092 5618 ’Δπόστολος,
1130 5571 1148 5604 ι
1181 5549 1353 5609 ’Ὅταν
1388 5553 1518 5624 ἔλθῃ
1561 5552 1624 5606 τὸ
1684 5553 1777 5604 τέ-

664 4546 724 4604 οὗ
732 4570 757 4601 ν

307 5731 345 5765 δ’
373 5739 503 5796 Psal.
535 5760 684 5808 xxvi,
711 5745 764 5800 4.
841 5745 884 5778 ⁸³
908 5743 1062 5798 .loan.
1096 5760 1208 5806 xvi,
1239 5743 1331 5802 27.
1405 5708 1648 5796 “Galat‘.
1683 5754 1766 5801 ιιι.

307 5811 418 5864 ιε.
488 5813 530 5847 ⁵⁸
559 5813 716 5864 Joan.
756 5831 887 5864 n'n.
921 5815 1013 5864 2L
1089 5815 1132 5847 δ’
1170 5813 1406 5864 lTltcss.
1447 5828 1518 5864 tv.
1588 5811 1672 5864 l7.
1749 5812 1779 5843 ⁶¹

1983 5739 2030 5770 ⁸⁵
2069 5737 2229 5794 Joan.

1889 5826 1991 5864 ian;
2029 5827 2139 5864 τινι.
2171 5813 2238 5864 2'2

1869 5826 1991 5865 oan‘.
2029 5827 2139 5878 τινι,
2171 5816 2260 5865 22.

1588 5811 1672 5866 l7.

253 5811 418 5864 “v.3.
488 5813 530 5847 δ’
559 5813 716 5872 Joan.
756 5831 887 5881 mi,
921 5815 1013 5869 2i.
1089 5815 1132 5847 δ’
1169 5813 1406 5870 l'l‘hcss.
1447 5828 1518 5881 iv,

1638 4556 1778 4608 κατὰ
1812 4548 1855 4605 D

1873 3286 1927 3333 et
1959 3284 2242 3338 servatea,
2275 3275 2366 3326 ille
2387 3280 2467 3327 est
2500 3273 2591 3340 qui
2615 3270 2790 3339 diligit
2823 3285 2929 3323 me.
2951 3268 3053 3336 Qui
3084 3277 3260 3323 autem
3288 3270 3472 3340 diligi;

1875 3383 1982 3432 me,
2049 3366 2303 3435 diligetur
2363 3379 2392 3417 a
2431 3363 2592 3417 Patre
2629 3376 2770 3426 meo,
2801 3367 2973 3430 etego
3031 3358 3251 3428 diligam
3310 3374 3460 3423 eum,

1875 3470 1930 3514 et
1983 3455 2353 3512 manifestabo
2383 3455 2432 3509 ei
2474 3453 2740 3522 meipsum
2761 3450 2828 3506 θ’.
2865 3470 2883 3503 ι
2922 3449 3030 3505 Et:
3072 3471 3088 3502 ι
3129 3451 3184 3503 Si
3223 3450 3451 3520 diligitis

1877 3567 1986 3614 me,
2009 3549 2259 3604 mandata
2293 3562 2408 3601 mea
2435 3546 2746 3609 servabitis,
2779 3553 2831 3596 et
2862 3557 2960 3613 ego
2994 3536 3193 3613 rogabo
3219 3541 3463 3612 Patrem,

1875 3650 1931 3696 et
1972 3641 2136 3694 alium
2198 3636 2540 3692 Paracletum
2597 3634 2747 3689 dabit
2791 3632 2966 3696 vobis,
3001 3631 3262 3702 Spiritum
3310 3629 3456 3685 veri-

1883 3731 2029 3794 tatis,
2082 3707 2251 3799 quem
2300 3727 2535 3780 mundus
2566 3741 2671 3779 non
2699 3732 2878 3792 potest
2905 3724 3157 3793 accipere
3193 3722 3237 3754 "
3275 3743 3288 3776 :
3335 3741 3354 3776 ι
3421 3723 3456 3776 ii

1877 3822 2186 3892 scilicetqui
2211 3821 2396 3875 mundi
2422 3833 2608 3874 amore
2627 3827 2899 3873 tenentur.
2925 3815 2986 3869 Et
3009 3835 3020 3870 ι
3049 3835 3066 3867 ‹
3093 3817 3290 3871 lterum
3307 3815 3459 3868 vcni-

1879 3930 1988 3980 am,
2029 3923 2082 3968 et
2146 3912 2407 3983 accipiam
2438 3927 2533 3966 vos
2563 3911 2626 3965 ad
2669 3911 2956 3980 meipsum,
2997 3919 3055 3962 ut
3089 3909 3176 3963 ubi
3202 3925 3300 3980 ego
3339 3923 3456 3962 sum

1878 4019 1930 4062 et
1980 4023 2076 4061 vos
2119 4006 2234 4060 sitis
2291 4005 2389 4056 ἰτ-ι
2429 4003 2538 4059 Et:
2584 4023 2603 4056 ι
2663 4002 2819 4069 Volo,
2870 4002 3051 4068 Pater,
3093 4017 3234 4070 quos
3259 4001 3457 4055 dedisti

1879 4099 2033 4160 mihi,
2090 4108 2147 4150 ut
2205 4096 2293 4149 ubi
2343 4111 2446 4165 ego
2476 4110 2624 4161 sunt,
2694 4094 2856 4148 etilli
2926 4095 3036 4146 sint
3104 4107 3338 4156 mecum,
3401 4099 3459 4144 ut

1872 4187 2102 4256 videant
2131 4187 2459 4249 claritatem,
2479 4200 2641 4254 quam
2673 4183 2869 4239 dedisti
2895 4185 3046 4244 mihi.
3074 4185 3202 4253 quia
3225 4183 3458 4238 dilexisti

1870 4293 1968 4334 me
2021 4287 2144 4332 ante
2199 4277 2386 4331 mundi
2445 4275 2887 4332 constitutionem
2945 4273 3008 4326 ³³.
3043 4293 3059 4323 ι

1958 4561 1976 4593 ι
1999 4544 2222 4612 Semper
2241 4542 2402 4611 igitur
2422 4556 2544 4595 cum
2568 4541 2798 4594 Domino
2815 4541 3019 4595 erimus
3037 4540 3101 4607 δ’,
3131 4560 3149 4593 ι
3176 4541 3462 4598 utiauctor

1880 4643 1965 4688 est
1990 4637 2173 4687 beatus
2191 4631 2412 4697 Paulus,
2437 4642 2491 4686 et
2513 4632 2770 4699 gaudebit
2817 4647 2911 4685 cor
2956 4642 3224 4701 nostrum,
3255 4642 3458 4704 etgau-

1880 4725 2028 4779 dium
2051 4733 2292 4777 nostrum
2315 4724 2531 4793 plenum
2558 4725 2683 4788 erit,
2704 4738 2803 4777 nec
2823 4724 3019 4791 aliquis
3061 4724 3237 4794 ipsum
3259 4726 3408 4779 tollet
3427 4741 3458 4779 a

1883 4817 2065 4883 nobis,
2091 4817 2166 4868 uti
2188 4815 2572 4869 Dominusait'
2607 4817 2947 4884 quandonon
2981 4816 3033 4868 in
3067 4817 3462 4888 proverbiislo-

1878 4919 2076 4978 quetur
2103 4907 2281 4972 nobis,
2301 4909 2393 4963 sed
2413 4911 2589 4976 palam
2606 4910 2672 4963 de
2691 4907 2851 4963 Patre
2879 4924 2979 4964 suo
3006 4910 3343 4966 annuntiabit
3364 4922 3461 4963 no-
3525 4915 3534 4922 '

1879 5001 2046 5056 bis“.
2065 5000 2198 5054 Cum
2226 5000 2321 5065 ait,
2350 5019 2366 5050 ι
2392 4999 2457 5052 de
2472 4999 2648 5054 Patre.
2679 5019 2696 5050 ι
2720 5002 2958 5077 seipsum
2983 5016 3086 5056 una
3111 5016 3174 5054 ac
3193 5001 3460 5070 Spiritum

1880 5100 2130 5146 sanctum
2152 5091 2241 5144 dat
2266 5091 2518 5161 intelligi.
2553 5089 2705 5146 Unus
2730 5094 2871 5145 enim
2900 5093 3042 5147 Deus
3063 5108 3185 5146 cum
3219 5091 3378 5146 Patre
3397 5105 3459 5147 ac

1887 5184 2088 5255 Spiritu
2119 5192 2221 5249 est,
2257 5183 2368 5240 lloc
2385 5195 2488 5250 est,
2525 5185 2642 5240 Non
2669 5187 2904 5256 amplius
2931 5188 3084 5258 signa
3119 5197 3279 5242 erunt
3300 5201 3363 5240 ac
3382 5187 3458 5241 si-

1887 5278 2148 5342 tnulacra,
2212 5294 2331 5331 cnm
2394 5277 2573 5333 futura
2597 5278 2669 5333 sit
2720 5281 2864 5335 visio
2925 5280 3065 5335 facie
3099 5279 3166 5333 ad
3236 5277 3455 5334 faciem.

1885 5369 2096 5423 Etenim
2118 5369 2192 5422 ait
2222 5366 2553 5439 Apostolus:
2585 5389 2602 5422 ι
2637 5371 2773 5426 Cum
2810 5371 3019 5425 venerit
3070 5369 3212 5441 quod
3250 5371 3458 5440 perlec-

1883 5471 1994 5514 tum
2027 5470 2132 5522 est.
2163 5470 2292 5516 tunc
2320 5456 2681 5519 evacuabitur
2711 5464 2857 5532 quod
2884 5480 2948 5519 ex
3019 5473 3173 5533 parte
3193 5471 3277 5517 est
3323 5463 3389 5517 δ’.
3430 5480 3449 5512 ι

1878 5550 2050 5620 llujus
2077 5551 2561 5621 contemplationis
2598 5556 2894 5622 imaginem
2921 5569 2982 5608 ac
3012 5557 3238 5624 tigni-am
3267 5553 3457 5609 habuit

3219 5737 3266 5768 "
3293 5737 3452 5794 Joan.

2753 5807 2833 5860 “l
2872 5811 2997 5863 Cor.
3038 5824 3153 5874 χιιι,
3190 5810 3276 5863 ιο.

1983 5739 2030 5770 ⁸⁵
2069 5737 2229 5794 Joan.
2267 5757 2378 5800 τιν.
2419 5741 2508 5796 21.
2613 5738 2658 5774 ⁵⁸
2687 5735 2844 5791 .lnau.
2879 5753 2987 5802 xxv,
3021 5737 3108 5791 l5.

1983 5853 1991 5864 .
2029 5827 2139 5865 τινι.
2171 5813 2260 5865 “2‘2.
2339 5813 2383 5843 "
2426 5809 2554 5865 ibid.
2584 5807 2673 5862 Q5.
2753 5807 2833 5860 “l
2872 5811 2997 5863 Cor.
3038 5825 3108 5863 xu
