3790 6578
496 442 597 510 651

1737 446 1896 508 MAN
1904 448 2129 510 UELIS
2169 448 2475 510 CALECIE
3626 464 3704 529 652

497 561 709 617 devium
742 575 904 617 omne
931 570 984 615 et
1030 574 1156 631 spes
1212 559 1611 632 inquisitioqtte
1673 571 1869 630 cesset,
1895 563 2076 634 visque

2190 567 2285 619 ἐπὶ
2335 565 2507 639 μηδὲν
2552 564 2739 636 ἕτερον
2803 566 3110 642 ἑλκομένης
3167 570 3357 627 λοιπδν
3411 570 3509 645 τῆς
3562 574 3703 634 ἐπιθυ.

497 653 678 705 omnis
706 650 989 713 desiderii,
1022 649 1118 705 Dei
1149 650 1618 721 contemplatione
1647 651 1808 710 nobis
1856 653 2081 724 implea-

453 744 475 787 ι
499 756 609 811 tur,
641 758 767 799 cum
795 744 929 799 illud
956 742 1217 815 deinceps
1246 744 1303 799 in
1329 744 1538 801 nullam
1562 745 1725 801 aliam
1756 760 1943 802 rerum
1970 755 2083 802 tra-

499 838 680 892 Itatur.

567 928 688 995 Qua
716 928 903 999 itaque
930 926 1144 984 ratione
1173 928 1430 984 humana:
1454 937 1669 985 natura:
1704 939 2079 1000 comparatum

495 1032 603 1086 est,
630 1030 684 1076 et
718 1030 988 1093 quantum
1016 1022 1253 1093 quisque
1301 1037 1497 1092 capere
1531 1025 1730 1092 potest,
1766 1022 1866 1078 Dei
1921 1023 2082 1079 nobis

497 1114 887 1185 contemplatio
932 1113 1251 1182 iilucescet;
1286 1116 1584 1181 statimque
1629 1129 1696 1169 ac
1742 1115 2078 1180 immediate,

499 1216 626 1275 post
671 1206 946 1276 expletum
999 1217 1307 1262 extremum
1344 1207 1633 1282 judicium,
1668 1206 1903 1277 quisque
1933 1206 2081 1264 illius

500 1301 661 1353 lieres
681 1297 902 1355 futurus
927 1307 1029 1353 est.
1049 1298 1106 1354 Id
1134 1299 1282 1355 enim
1313 1307 1541 1354 sanctus
1569 1298 1891 1353 «unionem»
1923 1307 2081 1353 vocat

504 1404 699 1460 «supra
721 1390 1192 1462 intelligentiam,»
1213 1390 1583 1446 immediatam
1604 1390 1814 1446 scilicet
1829 1405 1951 1445 cum
1973 1392 2080 1446 Deo

500 1488 956 1543 consuetudinem
980 1503 999 1555 ;
1033 1502 1202 1558 supra
1229 1502 1392 1556 quam
1422 1486 1635 1543 scilicet
1662 1500 1817 1541 mens
1840 1486 2080 1541 humana

501 1580 763 1649 consequi
784 1586 987 1651 potest.
1025 1578 1194 1649 quue
1226 1578 1433 1635 Paulus
1466 1578 1686 1634 dicebat
1714 1578 1887 1634 «facie
1914 1577 2083 1634 adfa-

498 1671 641 1725 cietn
681 1670 750 1737 “,
789 1687 809 1722 «
842 1668 1083 1724 Joannes
1131 1684 1263 1723 vero
1289 1668 1666 1738 evangelista:
1729 1666 2081 1724 «Videbimus

499 1778 626 1818 eum
661 1762 825 1819 sicuti
862 1761 1044 1819 est".«
1081 1761 1233 1815 Hanc
1257 1775 1423 1830 porro
1452 1774 1712 1815 arcanam
1767 1761 1967 1815 mentis
1998 1760 2082 1814 vi-

500 1858 710 1911 sionem
732 1863 788 1909 et
812 1852 1359 1921 contemplationem,
1376 1851 1655 1922 iustorum
1694 1850 1903 1907 scilicet
1924 1851 2081 1907 bere—

2187 657 2338 727 μίας.

2259 929 2449 995 Ὥστε,
2482 927 2620 983 καθὸ
2671 930 2916 1000 πέφυκεν
2974 933 3008 1003 ἡ
3077 932 3397 1005 ἀνθρωπίνη
3452 935 3596 1004 φύσις
3636 946 3704 1000 καὶ

2182 1023 2328 1076 κατὰ
2357 1023 2423 1076 τὸ
2458 1023 2687 1078 δυνατὸν
2712 1025 2951 1097 ἑκάστῳ,
2989 1026 3023 1097 ἠ
3051 1026 3148 1080 τοῦ
3192 1026 3333 1081 Θεοῦ
3394 1027 3583 1101 θεωρία
3616 1035 3705 1088 tm-

2181 1114 2391 1186 λάμψει
2424 1116 2581 1187 ¹ἡμῖν,
2614 1118 2710 1172 καὶ
2737 1118 3078 1191 κληρονόμος
3110 1120 3281 1191 αὐτῆς
3321 1120 3546 1188 ἕκαστος
3590 1125 3703 1181 ἔσται

2182 1207 2247 1259 ἐκ
2304 1206 2399 1260 τοῦ
2439 1210 2759 1279 παραυτίκα
2835 1212 2930 1266 καὶ
2985 1211 3228 1283 ἀμέσως,
3291 1216 3392 1284 τῆς
3442 1220 3704 1283 τελευταίας

2182 1298 2421 1369 κρίσεως
2483 1303 2807 1373 γενομένης.
2879 1302 3055 1358 Τοῦτο
3117 1304 3227 1375 γάρ
3301 1307 3439 1372 ἔστι,
3530 1310 3704 1383 ὅπερὸ

2182 1388 2339 1457 ἅγιος
2381 1390 2537 1460 ὑπὲρ
2577 1391 2733 1447 γοῦν
2798 1392 3028 1448 ἕνωσιν
3084 1394 3263 1461 καλεῖ,
3319 1396 3419 1465 τὴν
3474 1400 3599 1468 πρὸς
3643 1404 3704 1456 τὶν

2182 1480 2317 1535 Θεὸν
2363 1482 2570 1551 άμεσον
2615 1484 2858 1554 όμιλίαν,
2906 1486 3209 1553 τουτέστιν,
3280 1489 3423 1560 ὑπὲρ
3468 1489 3496 1542 ὃ
3537 1490 3703 1548 δύναται

2180 1574 2209 1626 6
2258 1574 2598 1644 ἀνθρώπινος
2676 1575 2836 1638 νοῦς-⁸
2891 1578 2988 1633 καὶ
3051 1580 3193 1652 ὅπερ
3240 1581 3269 1633 6
3326 1580 3539 1646 Παῦλος
3597 1561 3714 1653 ἕλιξι

2188 1682 2207 1715 ι
2249 1666 2547 1736 πρόςωπον
2574 1669 2711 1741 πρὸς
2746 1671 3041 1740 πρόσωπον
3062 1688 3077 1703 ⁸
3113 1692 3133 1726 ι
3179 1678 3274 1728 καὶ
3300 1677 3329 1730 6
3353 1676 3701 1750 Εὑαγγελιστὴς

2195 1756 2474 1828 Ἰωάννης,
2516 1779 2534 1812 ι
2571 1761 2851 1831 Ὀψόμεθα
2881 1764 3048 1818 αὐτὸν
3106 1766 3291 1832 καθώς
3348 1770 3490 1823 ἐστι.
3537 1768 3702 1841 Tatith

2182 1847 2239 1901 δὲ
2258 1850 2358 1919 τὴν
2386 1851 2523 1904 κατὰ
2554 1851 2679 1906 νοῦν
2734 1854 2977 1926 ἄρρητον
3030 1857 3153 1927 όψιν
3205 1860 3297 1913 καὶ
3350 1860 3594 1933 Θεωρίαν,
3636 1866 3703 1934 τὴν

497 1949 720 2003 ditatem
743 1955 798 2002 et
820 1954 1050 2010 sortem,
1102 1960 1268 2015 quam
1297 1946 1489 2000 beatus
1548 1946 1847 2012 Dionysius
1885 1946 2076 2001 «unio-

2183 1938 2289 1991 τῶν
2318 1939 2545 1993 δικαίων
2577 1941 2971 2013 κληρονομίαν,
2996 1945 3065 2015 ἢν
3101 1949 3131 1999 ό
3171 1949 3450 2018 μακάριος
3481 1933 3703 2018 Διονύσιος

500 2053 623 2094 nem
644 2047 827 2093 mente
865 2037 1235 2107 superiorem»
1274 2045 1453 2101 vocat,
1484 2051 1720 2107 magnus
1774 2035 2075 2107 Gregorius

2184 2050 2203 2083 «
2240 2031 2380 2117 ὑπὲρ
2428 2033 2556 2086 νοῦν
2607 2033 2800 2089 ἕνωσιν
2834 2054 2853 2089 »
2912 2039 3087 2107 καλεῖ,
3133 2042 3162 2094 ό
3224 2042 3405 2112 μέγας
3460 2040 3702 2115 Γρηγόριος

498 2129 811 2199 Theologus
864 2143 1123 2198 «regnum
1174 2127 1476 2183 calorum»
1531 2127 1785 2194 aﬂirmat,
1824 2142 1986 2199 quem
2022 2138 2076 2184 et

2183 2120 2503 2194 ΰΘεολόγος
2557 2126 2667 2198 (87)
2758 2146 2778 2179 «
2824 2128 3106 2199 βασιλείαν
3154 2134 3406 2204 οὐρανῶν
3442 2153 3461 2188 »
3521 2137 3702 2204 τίθεται,

495 2221 669 2292 prius,
712 2220 780 2275 iis
808 2234 934 2291 quae
962 2222 1213 2290 exposita
1246 2229 1400 2284 sunt,
1446 2218 1500 2273 id
1548 2219 1632 2273 vel
1674 2219 1915 2274 maxime
1945 2233 2075 2274 sen-

498 2313 723 2369 tientem
746 2312 1113 2367 ostendimus.
1147 2309 1206 2365 in
1231 2325 1294 2365 ea
1320 2310 1464 2365 enim
1494 2310 1755 2367 Oratione
1781 2326 1948 2380 quam
1975 2309 2075 2364 ba-

498 2404 617 2461 buit
646 2405 722 2461 ob
764 2405 985 2476 Plagam
1021 2404 1334 2474 grandinis,
1379 2402 1468 2458 ubi
1501 2401 1669 2457 futuri
1702 2403 1850 2458 illius
1900 2410 2076 2458 status

498 2496 773 2567 meminit,
808 2504 1181 2567 provocatque
1200 2496 1503 2560 auditores,
1528 2505 1588 2550 ut
1623 2496 1890 2551 memoria
1913 2510 2073 2551 reco-

500 2590 635 2657 lant,
687 2604 813 2661 qua:
863 2588 1045 2659 iustos
1109 2598 1164 2643 et
1212 2588 1451 2656 injustas
1498 2598 1795 2657 exceptura
1856 2588 2077 2658 praemia

499 2684 650 2740 sint:
687 2682 904 2749 «Quis,»
951 2681 1150 2753 inquit,
1181 2681 1325 2737 «illic
1369 2690 1635 2751 patronus
1657 2680 1680 2733 ί
1700 2695 1823 2751 qua
1853 2681 2077 2735 causiﬁ-

498 2776 683 2834 catio?
712 2791 835 2847 quae
874 2775 1012 2830 falsa
1042 2772 1335 2831 defensio?
1366 2773 1511 2845 quod
1560 2773 1924 2830 artiﬁciosum
1954 2790 2076 2829 ver-

498 2870 694 2927 borum
747 2868 1087 2925 lenocinium
1116 2868 1139 2921 ?
1168 2868 1391 2938 quando
1445 2880 1828 2941 proponentur
1867 2870 2074 2935 throni,

495 2973 553 3019 et
577 2962 853 3033 Antiquos
876 2961 1086 3016 dierum
1112 2960 1443 3030 prasidebit,
1477 2972 1531 3016 et
1570 2961 1690 3016 libri
1735 2964 2073 3030 aperientur,

496 3063 552 3110 et
589 3055 786 3124 igneus
813 3053 1014 3109 ﬂuvius
1036 3054 1285 3109 volvetur
1304 3053 1349 3086 ”
1375 3069 1390 3119 ;
1418 3063 1478 3109 et
1512 3053 1603 3107 lux
1635 3068 1664 3108 a
1686 3054 1882 3119 fronte,
1903 3064 1955 3108 et
1978 3068 2075 3126 pa.

498 3154 632 3201 ratae
657 3146 898 3201 tenebrae
928 3147 975 3178 “
995 3186 1009 3213 ,
1036 3156 1091 3200 et
1116 3144 1416 3216 precedent
1445 3146 1539 3215 qui
1577 3146 1717 3201 bona
1751 3146 1998 3201 fecerunt
2021 3147 2074 3200 in

499 3238 962 3296 resurrectionem
1004 3238 1131 3294 vita
1156 3239 1200 3271 ⁸⁸
1225 3277 1241 3304 ,
1298 3252 1445 3293 nunc
1479 3240 1533 3292 in
1581 3237 1803 3293 Clu-isto
1838 3239 2074 3295 abscon-

496 3330 625 3385 dita:
648 3330 720 3397 ";
750 3332 845 3400 qui
870 3338 1052 3385 autem
1081 3328 1221 3384 mala
1253 3338 1503 3397 egerunt,
1528 3329 1583 3383 in
1617 3332 2072 3385 resurrectionem

493 3422 706 3492 judicii,
731 3436 842 3493 quo
872 3422 913 3476 ii
956 3424 1051 3492 qui
1092 3438 1202 3477 non
1232 3425 1465 3478 credunt
1496 3437 1526 3477 a
1556 3420 1733 3476 Verbo
1778 3437 1875 3477 eos
1924 3422 2073 3492 judi-

497 3522 675 3581 cante,
706 3513 820 3583 jam
841 3512 1196 3569 condemnati
1226 3524 1356 3569 sunt
1383 3512 1449 3567 ⁶².
1481 3519 1663 3583 Atque
1690 3513 1813 3568 illos
1854 3515 2075 3583 quidem
2117 3562 2123 3566 .

500 3607 595 3661 lux
628 3604 891 3675 excipiet,
916 3615 1235 3678 sancta:qu
1256 3621 1321 3661 ac
1347 3607 1513 3677 regite
1539 3605 1851 3673 Trinitatis,
1884 3608 2077 3677 purius

497 3699 611 3769 jam
642 3714 706 3756 ac
753 3700 960 3756 clarius
996 3699 1298 3765 illucentis,
1351 3709 1635 3768 totamque
1680 3711 1741 3752 se
1784 3713 1909 3753 cum
1962 3706 2077 3753 tota

502 3802 686 3849 mente
715 3792 1027 3860 miscentis,
1048 3793 1441 3867 contemplatio
1465 3794 1544 3863 (in
1562 3810 1669 3865 qua
1693 3809 1816 3865 ego,
1849 3794 1932 3849 vel
1964 3792 2077 3849 sola

502 3885 739 3940 maxime
761 3898 991 3955 regnum
1016 3886 1282 3941 caelorum
1302 3890 1540 3955 positum
1560 3901 1685 3943 esse
1706 3885 1949 3955 censeo),
1974 3885 2078 3941 ltos

500 3987 684 4031 autem
709 3975 875 4031 simul
906 3991 1032 4031 cum
1065 3975 1210 4042 aliis,
1254 3976 1338 4031 vel
1384 3976 1567 4047 potius
1594 3986 1721 4033 ante
1749 3978 1878 4047 alia,
1932 3977 2077 4033 istud

501 4068 862 4136 excruciabit,
891 4068 1041 4139 quod
1071 4084 1101 4124 a
1150 4069 1261 4123 Det»
1284 4070 1516 4139 proiecti
1553 4072 1687 4137 sint,
1724 4081 1887 4143 atque
1918 4070 2076 4126 inus-

503 4161 699 4217 tamin
730 4163 1067 4218 conscientia
1102 4163 1454 4234 sempiternae
1513 4162 1833 4234 ignominiae
1885 4173 2072 4219 notam

500 4263 744 4325 gerant.»
780 4253 859 4310 En
891 4253 1191 4325 Gregorius
1216 4270 1435 4327 quoque
1493 4263 1812 4312 sanctorum
1844 4256 2074 4311 haeredi-

502 4357 668 4405 tatem
713 4363 839 4405 esse
873 4347 1032 4409 docet
1061 4348 1156 4404 Dei
1192 4347 1706 4418 contemplationem
1731 4389 1747 4415 ,
1788 4357 2076 4418 totumque

2179 2215 2237 2268 δν
2273 2219 2369 2271 καὶ
2394 2218 2665 2290 πρότερον
2692 2220 2802 2274 ἀπὸ
2826 2222 2935 2276 τῶν
2965 2224 3303 2279 ἐκτεθέντων
3328 2225 3487 2281 τοῦτο
3504 2230 3705 2301 mitti);

2177 2307 2487 2376 φρονοῦντα
2545 2310 2887 2382 ἐδείκνυμεν.
2920 2312 3011 2366 Ἐν
3057 2314 3166 2385 γάρ
3216 2314 3295 2384 τῷ
3354 2317 3564 2387 ῥηθέντι
3599 2319 3703 2388 λόγῳ

2176 2394 2268 2448 διὰ
2301 2397 2401 2467 τὴν
2432 2397 2648 2468 πληγὴν
2683 2400 2782 2470 τῆς
2831 2400 3098 2472 χαλάζης,
3157 2403 3258 2472 τῆς
3315 2406 3604 2478 μελλούσης
3631 2427 3703 2461 x2-

2125 2555 2149 2578 .
2179 2488 2496 2553 ταστάσεως
2559 2492 2934 2561 μεμνημένος,
2990 2492 3089 2546 καί⁵
3144 2495 3273 2558 τοὺς
3321 2498 3590 2567 ἀκροατὰς
3637 2501 3703 2551 ἐπὶ

2176 2577 2277 2649 τὴν
2312 2578 2539 2649 μνήμην
2564 2583 3012 2652 προκαλούμενος
3044 2584 3156 2637 τῶν
3202 2586 3524 2653 μελλόντων
3570 2588 3703 2643 διαδέ-

2180 2668 2373 2734 ξασθαι
2392 2671 2638 2735 δικαίους
2667 2672 2765 2727 καὶ
2794 2674 3038 2741 ἀδίκους,
3073 2696 3091 2730 ι
3122 2678 3219 2740 Τίς
3241 2680 3659 2749 συνήγορπέκεῑ,
3687 2703 3701 2735 ι
3788 2700 3790 2715 '

2178 2764 2335 2835 φησὶ,
2372 2781 2391 2816 ι
2453 2766 2584 2818 ποία
2627 2765 2851 2837 σκῆψις,
2907 2769 2992 2833 τίς
3054 2770 3259 2841 ψευδὴς
3305 2773 3583 2841 ἀπολογία,
3608 2778 3705 2828 ποία
3788 2770 3790 2835 ξ

2177 2856 2475 2928 πιθανότης
2497 2857 2767 2930 ἔντεχνος,
2799 2862 2966 2933 ἡνίκα
3005 2863 3185 2933 θρόνοι
3238 2866 3596 2936 προτίθενται,
3637 2871 3705 2922 καὶ

2179 2947 2417 3009 Παλαιὸς
2450 2950 2676 3019 ἡμερῶν
2711 2952 3137 3022 προκαθέζεται,
3169 2960 3265 3012 καὶ
3313 2957 3488 3027 βίϐλοι
3547 2961 3702 3014 διανοί-

2178 3054 2390 3105 γονται,
2423 3041 2519 3094 καὶ
2551 3042 2800 3112 ποταμὸς
2831 3044 3006 3115 πυρὸς
3036 3046 3257 3101 ἕλκεται
3294 3050 3393 3103 καὶ
3418 3053 3478 3103 τὸ
3510 3052 3611 3120 φῶς
3629 3055 3705 3123 ἐμ.

2182 3129 2428 3197 προσθεν
2460 3129 2709 3200 (88),καὶ
2730 3133 2792 3187 τὸ
2823 3136 3017 3200 σκότος
3046 3140 3452 3211 ἡτοιμασμένον
3473 3159 3489 3173 ⁸
3520 3145 3603 3199 καὶ
3632 3163 3704 3197 πο-

2183 3222 2430 3291 ρεύονται
2491 3230 2542 3279 οἱ
2599 3226 2668 3279 τά
2707 3228 2889 3296 ἀγαθά
2946 3234 3278 3302 ποιήσαντες
3322 3238 3404 3299 είς
3456 3238 3705 3291 ἀνάστασιν

2129 3328 2143 3343 .
2180 3317 2346 3384 ζωῆς.
2399 3318 2501 3388 τῆς
2538 3319 2601 3372 ὲν
2658 3321 2879 3392 Χριστῷ
2913 3321 3009 3376 νῦν
3063 3328 3467 3400 κρυπτομένης,
3500 3332 3546 3383 οί
3577 3333 3623 3385 δὲ
3655 3336 3706 3386 τὰ

2180 3409 2362 3476 φαῦλα
2391 3410 2699 3481 πράξαντες
2738 3414 2818 3476 είς
2850 3394 3155 3471 ἀνάστασιν
3187 3394 3423 3492 κρίσεως
3458 3440 3474 3455 ⁸
3524 3426 3585 3496 ἣν
3630 3426 3702 3494 ἤδη

2179 3502 2334 3571 παρὰ
2362 3502 2455 3555 τοῦ
2490 3505 2769 3574 κρίνοντος
2802 3507 3003 3574 αὐτοὺς
3025 3511 3221 3580 ζΛόγου
3251 3515 3300 3566 οἱ
3358 3517 3431 3587 μὴ
3478 3519 3706 3571 πιστεύον-

2178 3609 2271 3655 τες
2305 3596 2732 3669 κατεκρίοησαν.
2766 3600 2875 3653 Καὶ
2901 3602 3029 3666 τοὺς
3065 3605 3166 3673 μὲν
3191 3608 3250 3660 τὸ
3281 3608 3398 3677 φῶς
3428 3610 3701 3682 διαδέχεται,

2179 3688 2276 3739 καὶ
2304 3690 2337 3758 ἠ
2366 3688 2466 3759 τῆς
2490 3688 2650 3759 ἁγίας
2672 3693 2768 3746 καὶ
2796 3694 3087 3766 βασιλικῆς
3111 3697 3318 3770 θεωρία
3366 3702 3597 3772 Τριάδις,
3640 3705 3704 3755 ἐ)-

2179 3779 2506 3852 λαμπούσης
2536 3784 2866 3856 τρανότερόν
2918 3803 2979 3839 τε
3037 3789 3137 3842 καὶ
3194 3794 3585 3864 καθαρώτερον,
3634 3799 3703 3846 καὶ

2178 3874 2307 3967 όλης
2345 3875 2450 3945 ὅλῳ
2479 3874 2560 3930 νοῒ
2584 3879 2931 3967 μιγνυμένης
2952 3881 3043 3953 (ἢν
3074 3883 3138 3955 δὴ
3170 3886 3265 3938 καὶ
3293 3888 3462 3957 μόνην
3513 3888 3702 3957 μάλιςτα

2179 3965 2459 4036 βασιλείαν
2485 3970 2730 4040 οὐρανῶν
2756 3965 2872 4039 ’ἐγὼ
2902 3975 3170 4045 τίθεμαι)ο
3202 3981 3317 4041 τοῖς
3369 3980 3424 4032 δὲ
3458 3982 3581 4050 μετὰ
3619 3982 3701 4034 τῶν

2179 4060 2354 4114 ἄλλων
2409 4059 2681 4130 βασάνων,
2731 4064 2946 4132 μᾶλλον·
2991 4066 3049 4119 δὲ
3109 4068 3215 4138 πρὸ
3275 4072 3387 4122 τῶν
3453 4072 3621 4137 ἄλλων,
3652 4074 3701 4124 τὸ
3788 4060 3790 4083 ³

2179 4151 2522 4223 ἀπερρίφθαι
2548 4153 2707 4220 Θεοῦ,
2743 4159 2840 4211 καὶ
2869 4159 2902 4227 ή
2964 4158 3021 4211 ἐν
3066 4159 3143 4229 τῷ
3203 4164 3467 4218 συνειδότι
3518 4167 3699 4235 αἰσχύνη

2177 4246 2352 4316 πέρας
2376 4247 2479 4299 οὐκ
2512 4246 2736 4318 ἔχουσα.
2773 4269 2791 4303 »
2837 4250 2970 4305 Ἰδοὺ
3004 4253 3098 4308 καὶ
3127 4247 3280 4321 οὗτος
3314 4258 3413 4329 τὴν
3446 4260 3545 4312 τῶν
3566 4261 3698 4327 ἁγίων

2176 4339 2542 4410 κληρονομίαν
2580 4340 2679 4411 τὴν
2704 4342 2798 4395 τοῦ
2820 4342 2954 4397 Θεοῦ
2988 4345 3223 4417 θεωρίαν
3270 4345 3416 4403 εἶναι
3469 4352 3698 4405 διδάσκει·

501 4457 627 4496 eum
658 4441 756 4498 toti
800 4441 967 4496 menti
1011 4441 1255 4509 misceri,
1287 4444 1430 4512 quod
1461 4451 1517 4496 et
1550 4454 1777 4511 regnum
1807 4442 2075 4498 caelorum

501 4539 685 4587 vocat.

572 4623 730 4679 Haud
768 4634 947 4680 tamen
1013 4623 1069 4677 in
1117 4623 1344 4679 dubium
1386 4625 1715 4691 vocandum,
1745 4625 1835 4695 qui
1865 4624 1979 4693 ﬁat,
2014 4634 2073 4681 ut

2248 4614 2323 4667 Οὐ
2379 4614 2565 4684 μέντοι
2615 4615 2844 4686 ἀπορεῖν
2881 4615 2980 4683 δεῖ,
3013 4617 3133 4681 πῶς
3186 4620 3431 4690 ὀψόμεθα
3478 4624 3556 4677 τόν
3592 4622 3701 4676 Θέδν

2176 4430 2270 4483 καὶ
2308 4431 2430 4484 ὅλον
2465 4430 2572 4501 ὅλῳ
2601 4432 2680 4502 τῷ
2713 4431 2794 4486 νοτ
2842 4433 3169 4504 μίγνυσθαι,
3220 4439 3248 4491 ὂ
3272 4440 3338 4511 δὴ
3360 4443 3449 4495 καὶ
3472 4442 3702 4514 βασίλεων

2177 4521 2425 4595 οὐρανῶν
2463 4523 2745 4596 ὀνομάζει.
3134 4538 3137 4539 ⁷

499 4717 647 4787 quod
705 4719 781 4772 ait
836 4717 1056 4783 Paulus,
1094 4734 1115 4769 «
1157 4717 1295 4772 facie
1338 4718 1406 4773 ad
1435 4717 1632 4774 faciem
1664 4719 1710 4752 ⁸⁸
1744 4736 1765 4771 »
1798 4719 2076 4776 videamus

2184 4724 2205 4758 «
2239 4706 2533 4777 πρόσωπον
2560 4707 2695 4777 πρὸς
2720 4708 3036 4777 πρόσωπον,
3074 4730 3093 4761 »
3125 4710 3197 4773 ῶς
3225 4730 3358 4782 φησι
3388 4714 3602 4776 Παῦλος·
3621 4716 3699 4765 καὶ
3788 4778 3790 4783 ι

502 4806 674 4861 Deum
717 4807 986 4877 ;ipseque
1038 4805 1323 4872 Dominus,
1393 4825 1412 4859 «
1478 4807 1627 4862 Beati
1656 4808 1860 4863 mundo
1888 4808 2074 4875 corde,

2183 4801 2208 4853 6
2242 4800 2468 4871 Κύριος,
2511 4819 2530 4853 ι
2568 4802 2847 4879 Μακάριοι
2878 4803 2927 4856 οί
2959 4804 3196 4876 καθαροὶ
3221 4811 3285 4878 τῇ
3323 4812 3595 4884 καρδίᾳρτι
3619 4812 3695 4862 αὖ·

501 4894 759 4962 quoniam
815 4894 916 4961 ipsi
958 4892 1126 4950 Deum
1184 4894 1444 4950 videbunt
1495 4898 1562 4950 “.
1601 4914 1621 4948 »
1659 4897 1802 4952 Sane
1857 4898 2076 4967 quidem

2183 4892 2262 4944 τοὶ
2283 4892 2374 4944 τὸν
2424 4892 2559 4947 Θεὸν
2605 4892 2848 4962 όψονται.
2900 4913 2921 4946 »
2992 4896 3270 4967 Ὀψόμεθα
3313 4902 3411 4971 μὲν
3453 4902 3695 4974 γάρ,ἀλὶὰ

501 4990 812 5045 videbimus
844 5003 944 5060 pro
969 5004 1035 5045 eo
1060 5002 1240 5045 tamen
1269 5005 1335 5044 ac
1394 4991 1591 5047 mentis
1622 5001 1823 5045 nostrze
1850 4990 2076 5047 facultas

2183 4983 2364 5048 καθὼς
2395 4984 2473 5055 τῷ
2531 4985 2785 5057 ἡμετέρῳ
2819 4985 2923 5057 νῷ“
2948 4988 3195 5056 δυνατὸν,
3239 4995 3381 5046 κατὰ
3405 4996 3461 5047 τὸ
3486 4997 3695 5061 ἀνάλογον

503 5082 728 5152 patitur,
758 5093 962 5153 quanta
1025 5083 1237 5140 scilicet
1276 5092 1461 5137 nostra
1511 5082 1874 5153 cognoscendi
1904 5083 1987 5138 vis
2014 5099 2076 5140 ac

2183 5079 2504 5149 γνωστικόν.
2560 5079 2675 5133 Νῦν
2704 5080 2806 5152 μὲν
2836 5082 2945 5154 γὰρ
2972 5083 3030 5137 ὲν
3054 5089 3236 5151 σκιαῖς
3262 5090 3357 5142 καὶ
3384 5093 3437 5143 έν
3466 5091 3695 5158 αἰνίγμασι

502 5176 865 5247 intelligendi.
921 5174 1076 5233 Nunc
1129 5173 1349 5245 quidem
1403 5173 1456 5227 itt
1494 5173 1701 5227 umbris
1752 5171 1999 5229 videmus
2025 5186 2076 5229 et

2185 5169 2479 5242 βλέπομεν,
2510 5169 2652 5241 ἆπερ
2680 5172 2709 5224 6
2746 5170 2908 5237 αὐτὸς
2942 5173 3244 5248 Γρηγόριος
3278 5182 3307 5234 6
3335 5179 3695 5250 Θεολόγοςγνυ·

575 5362 619 5394 ⁸⁸
647 5360 667 5415 ι
695 5360 822 5417 Cor.
856 5376 981 5425 xm,
1026 5359 1115 5414 1‘2.
1190 5359 1237 5390 “
1270 5359 1289 5410 l
1322 5354 1477 5413 Ioan.
1522 5372 1608 5420 ιιι,
1633 5356 1690 5409 ‘2.
1758 5357 1828 5389 ’⁸⁸
1860 5356 1995 5411 Dan.
2025 5359 2072 5409 vi

2187 5398 2199 5419 ι
2221 5358 2311 5413 58.

1434 5372 1477 5434 ι.
1522 5372 1608 5420 ιιι,
1633 5356 1690 5409 ‘2.
1735 5357 1828 5434 ,ξ’
1860 5356 2072 5434 Dan_._vi

2187 5358 2315 5434 .58.
2412 5357 2820 5428 “Jocl.tt,2.’».
2912 5340 3166 5420 "Joan.
3208 5382 3262 5434 v,
3307 5366 3393 5422 29.
3463 5362 3689 5419 "Coloss.

504 5448 586 5502 ιιι,
619 5433 673 5488 3.
753 5435 794 5465 "
827 5430 987 5487 Joan.
1015 5445 1097 5495 ιιι,
1129 5427 1217 5483 18.
1296 5428 1340 5460 δ’
1367 5426 1387 5480 l
1416 5427 1542 5515 ρον.
1576 5443 1694 5493 xm,
1728 5426 1815 5483 12.
1892 5429 1939 5460 ⁸⁸
1972 5427 2076 5482 Mat

2199 5446 2251 5495 v,
2287 5432 2342 5486 8.

598 5615 689 5671 87)
731 5614 883 5670 Orat.
915 5613 1003 5669 15.

575 5625 689 5687 (ιιι)
731 5625 1003 5670 Urat.15.

576 5688 691 5756 (88)
731 5684 841 5756 Καί
874 5682 1103 5756 τὸ-φῷς
1140 5684 1507 5756 ἔμπροσθεν.
1564 5684 1753 5756 Putem
1786 5684 1948 5754 Greg.
1995 5703 2079 5742 re-

504 5751 751 5833 spcaisse
776 5751 1052 5833 illud_Joel
1080 5751 1144 5833 tt,
1168 5751 1386 5833 ᾆξ’Καλ
1417 5754 1725 5833 ἔμπροσθεν
1755 5751 1922 5833 αὐτοῦ
1966 5757 2076 5833 πῦρ

2185 5751 2407 5833 brarum
2441 5766 2496 5811 ct
2525 5751 2793 5833 caliginis.
2825 5760 3020 5819 Matth.
3051 5782 3179 5833 xxv,
3328 5751 3453 5833 ignis
3473 5775 3687 5833 aeternus,

501 5824 797 5907 άναλίσκον
827 5841 842 5906 ς
883 5824 996 5907 sive
1033 5825 1148 5907 φῶς
1179 5825 1253 5907 illi
1287 5824 1680 5905 obrepsit’loco
1722 5824 2074 5907 nepog,_sive

2183 5826 2270 5907 qui
2313 5826 2428 5895 ipse
2455 5824 2707 5896 tenebrae,
2735 5831 2952 5891 diabolo
2977 5824 3204 5907 paratus
3230 5824 3417 5895 dicitur
3441 5846 3485 5893 et
3508 5830 3684 5900 επιειδε
3788 5826 3790 5905 ἶ

504 5898 574 5954 de
608 5895 881 5953 ἱιιάυειτίδ
909 5896 982 5952 ila
1018 5892 1281 5963 mutavit;
1326 5892 1477 5966 quasi
1508 5911 1606 5965 pro
1634 5892 1821 5949 eodem
1863 5897 2070 5954 habens
2176 5892 2350 5966 (gius.—
2694 5892 2703 5896 -
2977 5892 2995 5907 -
3148 5892 3199 5895 η
3450 5892 3457 5893 κ
3563 5892 3583 5900 -
3788 5892 3790 5933 τ

2193 5616 2399 5698 lumen,
2428 5616 2573 5685 quod
2603 5619 2672 5672 sit
2697 5619 2762 5673 ad
2798 5628 3187 5698 torquendum,
3219 5642 3341 5683 cum
3374 5628 3475 5698 ipso
3501 5627 3593 5696 igne
3612 5620 3687 5675 sic

2190 5696 2515 5761 torquente;
2564 5699 2768 5761 parata:
2816 5693 2981 5761 etiam
3034 5698 3292 5761 tenebrae,
3322 5693 3428 5753 dies
3463 5693 3689 5750 illatene-
3788 5693 3790 5757 !
