  <div class='ocr_page' id='page_1' title='image "/cluster/home/n/w/nwhite01/storage/ocr_20150623/152/hvd.32044019208404/336.png"; bbox 0 0 3892 6598; ppageno 0'>
   <div class='ocr_carea' id='block_1_1' title="bbox 225 367 1762 441">
    <p class='ocr_par' dir='ltr' id='par_1_1' title="bbox 225 369 1762 435">
     <span class='ocr_line' id='line_1_1' title="bbox 225 369 1762 435; baseline -0.003 -2"><span class='ocrx_word' id='word_1_1' title='bbox 225 370 311 433; x_wconf 77' lang='lat'><strong>653</strong></span> <span class='ocrx_word' id='word_1_2' title='bbox 1153 370 1250 429; x_wconf 91' lang='lat' dir='ltr'><strong>DE</strong></span> <span class='ocrx_word' id='word_1_3' title='bbox 1294 369 1719 435; x_wconf 79' lang='lat' dir='ltr'><strong>PRINCIPIIS</strong></span> <span class='ocrx_word' id='word_1_4' title='bbox 1755 370 1762 428; x_wconf 72' lang='grc' dir='ltr'>Σ</span> 
     </span>
    </p>
   </div>
   <div class='ocr_carea' id='block_1_2' title="bbox 1864 367 3401 441">
    <p class='ocr_par' dir='ltr' id='par_1_2' title="bbox 1864 367 3401 441">
     <span class='ocr_line' id='line_1_2' title="bbox 1864 367 3401 441; baseline 0.005 -9"><span class='ocrx_word' id='word_1_5' title='bbox 1864 368 1961 432; x_wconf 86' lang='lat' dir='ltr'><strong>)El</strong></span> <span class='ocrx_word' id='word_1_6' title='bbox 2004 367 2479 433; x_wconf 65' lang='lat' dir='ltr'><strong>CATHOLICE.</strong></span> <span class='ocrx_word' id='word_1_7' title='bbox 3292 370 3401 441; x_wconf 58' lang='lat'><strong>65‘</strong></span> 
     </span>
    </p>
   </div>
   <div class='ocr_carea' id='block_1_3' title="bbox 220 475 1757 561">
    <p class='ocr_par' dir='ltr' id='par_1_3' title="bbox 220 475 1735 561">
     <span class='ocr_line' id='line_1_3' title="bbox 220 475 1735 561; baseline -0.003 -25"><span class='ocrx_word' id='word_1_8' title='bbox 220 488 424 555; x_wconf 82' lang='grc' dir='ltr'>ρίσματα</span> <span class='ocrx_word' id='word_1_9' title='bbox 448 475 541 561; x_wconf 76' lang='grc' dir='ltr'><strong>τοῦ</strong></span> <span class='ocrx_word' id='word_1_10' title='bbox 566 476 697 532; x_wconf 80' lang='grc' dir='ltr'>Θεοῦ</span> <span class='ocrx_word' id='word_1_11' title='bbox 730 480 867 550; x_wconf 85' lang='grc' dir='ltr'><strong>μετά</strong></span> <span class='ocrx_word' id='word_1_12' title='bbox 894 478 1030 532; x_wconf 76' lang='grc' dir='ltr'>Θεὸν</span> <span class='ocrx_word' id='word_1_13' title='bbox 1060 477 1245 545; x_wconf 68' lang='grc' dir='ltr'>ἔλεγεν</span> <span class='ocrx_word' id='word_1_14' title='bbox 1269 481 1326 533; x_wconf 79' lang='grc' dir='ltr'><strong>ἐν</strong></span> <span class='ocrx_word' id='word_1_15' title='bbox 1359 482 1469 542; x_wconf 84' lang='grc' dir='ltr'>τοῖς</span> <span class='ocrx_word' id='word_1_16' title='bbox 1499 479 1735 547; x_wconf 81' lang='grc' dir='ltr'>θεολογι-</span> 
     </span>
    </p>
   </div>
   <div class='ocr_carea' id='block_1_4' title="bbox 1867 475 3404 561">
    <p class='ocr_par' dir='ltr' id='par_1_4' title="bbox 1867 478 3404 552">
     <span class='ocr_line' id='line_1_4' title="bbox 1867 478 3404 552; baseline 0.003 -18"><span class='ocrx_word' id='word_1_17' title='bbox 1867 481 2167 549; x_wconf 68' lang='lat' dir='ltr'><strong>enigtnalis,</strong></span> <span class='ocrx_word' id='word_1_18' title='bbox 2199 497 2319 551; x_wconf 71' lang='lat' dir='ltr'><strong>qua!</strong></span> <span class='ocrx_word' id='word_1_19' title='bbox 2351 480 2491 534; x_wconf 88' lang='lat' dir='ltr'><strong>idem</strong></span> <span class='ocrx_word' id='word_1_20' title='bbox 2530 478 2823 548; x_wconf 78' lang='lat' dir='ltr'><strong>Gregorius</strong></span> <span class='ocrx_word' id='word_1_21' title='bbox 2859 479 3168 552; x_wconf 82' lang='lat' dir='ltr'><strong>Theologus</strong></span> <span class='ocrx_word' id='word_1_22' title='bbox 3195 482 3404 539; x_wconf 87' lang='lat' dir='ltr'><strong>oratio-</strong></span> 
     </span>
    </p>
   </div>
   <div class='ocr_carea' id='block_1_5' title="bbox 218 568 1755 644">
    <p class='ocr_par' dir='ltr' id='par_1_5' title="bbox 218 568 1737 641">
     <span class='ocr_line' id='line_1_5' title="bbox 218 568 1737 641; baseline -0.001 -15"><span class='ocrx_word' id='word_1_23' title='bbox 218 579 312 637; x_wconf 72' lang='grc' dir='ltr'>κοῖς</span> <span class='ocrx_word' id='word_1_24' title='bbox 353 568 507 624; x_wconf 77' lang='grc' dir='ltr'>αὐτοῦ</span> <span class='ocrx_word' id='word_1_25' title='bbox 561 569 739 638; x_wconf 83' lang='grc' dir='ltr'>λόγοις</span> <span class='ocrx_word' id='word_1_26' title='bbox 772 570 884 640; x_wconf 88' lang='lat'><strong>(89)</strong></span> <span class='ocrx_word' id='word_1_27' title='bbox 905 586 921 602; x_wconf 84' lang='lat'><strong><em>°</em></strong></span> <span class='ocrx_word' id='word_1_28' title='bbox 974 570 1290 641; x_wconf 71' lang='grc' dir='ltr'><strong>ἑρμηνεύων</strong></span> <span class='ocrx_word' id='word_1_29' title='bbox 1319 570 1374 622; x_wconf 80' lang='grc' dir='ltr'><strong>δὲ</strong></span> <span class='ocrx_word' id='word_1_30' title='bbox 1403 572 1496 623; x_wconf 69' lang='grc' dir='ltr'><strong>καὶ</strong></span> <span class='ocrx_word' id='word_1_31' title='bbox 1524 570 1643 622; x_wconf 83' lang='grc' dir='ltr'>τίνα</span> <span class='ocrx_word' id='word_1_32' title='bbox 1671 570 1737 624; x_wconf 84' lang='grc' dir='ltr'><strong>τά</strong></span> 
     </span>
    </p>
   </div>
   <div class='ocr_carea' id='block_1_6' title="bbox 1867 568 3404 644">
    <p class='ocr_par' dir='ltr' id='par_1_6' title="bbox 1867 570 3404 644">
     <span class='ocr_line' id='line_1_6' title="bbox 1867 570 3404 644; baseline 0.004 -21"><span class='ocrx_word' id='word_1_33' title='bbox 1867 573 2002 627; x_wconf 68' lang='lat' dir='ltr'><strong>libus</strong></span> <span class='ocrx_word' id='word_1_34' title='bbox 2052 573 2169 626; x_wconf 84' lang='lat' dir='ltr'><strong>suis</strong></span> <span class='ocrx_word' id='word_1_35' title='bbox 2220 571 2534 643; x_wconf 79' lang='lat' dir='ltr'><strong>theologicis</strong></span> <span class='ocrx_word' id='word_1_36' title='bbox 2575 570 2809 635; x_wconf 84' lang='lat' dir='ltr'><strong>dicebat,</strong></span> <span class='ocrx_word' id='word_1_37' title='bbox 2846 589 2867 624; x_wconf 79' lang='grc' dir='ltr'><strong>ι</strong></span> <span class='ocrx_word' id='word_1_38' title='bbox 2903 571 2997 627; x_wconf 86' lang='lat' dir='ltr'><strong>Dei</strong></span> <span class='ocrx_word' id='word_1_39' title='bbox 3034 574 3274 630; x_wconf 85' lang='lat' dir='ltr'><strong>numinis</strong></span> <span class='ocrx_word' id='word_1_40' title='bbox 3305 588 3404 644; x_wconf 82' lang='lat' dir='ltr'><strong>po-</strong></span> 
     </span>
    </p>
   </div>
   <div class='ocr_carea' id='block_1_7' title="bbox 215 646 1752 734">
    <p class='ocr_par' dir='ltr' id='par_1_7' title="bbox 215 646 1736 732">
     <span class='ocr_line' id='line_1_7' title="bbox 215 646 1736 732; baseline -0.003 -16"><span class='ocrx_word' id='word_1_41' title='bbox 215 661 531 732; x_wconf 79' lang='grc' dir='ltr'>γνωρίσματα</span> <span class='ocrx_word' id='word_1_42' title='bbox 588 658 795 721; x_wconf 83' lang='grc' dir='ltr'>ταῦτα,</span> <span class='ocrx_word' id='word_1_43' title='bbox 874 661 1371 731; x_wconf 67' lang='grc' dir='ltr'>ἑπιφωνηματικῶς</span> <span class='ocrx_word' id='word_1_44' title='bbox 1435 646 1736 730; x_wconf 77' lang='grc' dir='ltr'>ἐπήγαγεν,</span> 
     </span>
    </p>
   </div>
   <div class='ocr_carea' id='block_1_8' title="bbox 1871 646 3408 734">
    <p class='ocr_par' dir='ltr' id='par_1_8' title="bbox 1872 662 3408 734">
     <span class='ocr_line' id='line_1_8' title="bbox 1872 662 3408 734; baseline 0.003 -17"><span class='ocrx_word' id='word_1_45' title='bbox 1872 665 2070 718; x_wconf 88' lang='lat' dir='ltr'><strong>teriora</strong></span> <span class='ocrx_word' id='word_1_46' title='bbox 2122 662 2233 718; x_wconf 84' lang='lat' dir='ltr'><strong>Deo</strong></span> <span class='ocrx_word' id='word_1_47' title='bbox 2262 662 2493 729; x_wconf 87' lang='lat' dir='ltr'><strong>indicia;</strong></span> <span class='ocrx_word' id='word_1_48' title='bbox 2536 680 2555 714; x_wconf 74' lang='grc' dir='ltr'><strong>ι</strong></span> <span class='ocrx_word' id='word_1_49' title='bbox 2587 678 2977 734; x_wconf 88' lang='lat' dir='ltr'><strong>exponensque</strong></span> <span class='ocrx_word' id='word_1_50' title='bbox 3003 678 3253 733; x_wconf 61' lang='lat' dir='ltr'><strong>quaenam</strong></span> <span class='ocrx_word' id='word_1_51' title='bbox 3288 665 3408 721; x_wconf 73' lang='lat' dir='ltr'><strong>lucc</strong></span> 
     </span>
    </p>
   </div>
   <div class='ocr_carea' id='block_1_9' title="bbox 219 750 1756 823">
    <p class='ocr_par' dir='ltr' id='par_1_9' title="bbox 219 750 1740 823">
     <span class='ocr_line' id='line_1_9' title="bbox 219 750 1740 823; baseline -0.002 -15"><span class='ocrx_word' id='word_1_52' title='bbox 219 774 236 808; x_wconf 88' lang='grc'>‹</span> <span class='ocrx_word' id='word_1_53' title='bbox 262 756 450 820; x_wconf 79' lang='grc' dir='ltr'>Ὠσπερ</span> <span class='ocrx_word' id='word_1_54' title='bbox 499 752 557 804; x_wconf 86' lang='grc' dir='ltr'><strong>αί</strong></span> <span class='ocrx_word' id='word_1_55' title='bbox 606 752 725 804; x_wconf 81' lang='grc' dir='ltr'>καθ’</span> <span class='ocrx_word' id='word_1_56' title='bbox 783 750 989 805; x_wconf 75' lang='grc' dir='ltr'>ὑδάτων</span> <span class='ocrx_word' id='word_1_57' title='bbox 1015 754 1169 823; x_wconf 70' lang='grc' dir='ltr'>ἡλίου</span> <span class='ocrx_word' id='word_1_58' title='bbox 1204 755 1355 806; x_wconf 78' lang='grc' dir='ltr'>σκιαὶ</span> <span class='ocrx_word' id='word_1_59' title='bbox 1406 754 1498 805; x_wconf 86' lang='grc' dir='ltr'>καὶ</span> <span class='ocrx_word' id='word_1_60' title='bbox 1533 752 1740 816; x_wconf 77' lang='grc' dir='ltr'><strong>εἰκόνες</strong></span> 
     </span>
    </p>
   </div>
   <div class='ocr_carea' id='block_1_10' title="bbox 1867 750 3404 823">
    <p class='ocr_par' dir='ltr' id='par_1_10' title="bbox 1867 750 3404 822">
     <span class='ocr_line' id='line_1_10' title="bbox 1867 750 3404 822; baseline 0.002 -17"><span class='ocrx_word' id='word_1_61' title='bbox 1867 751 2187 822; x_wconf 72' lang='lat' dir='ltr'><strong>ntelligenda</strong></span> <span class='ocrx_word' id='word_1_62' title='bbox 2254 750 2477 815; x_wconf 83' lang='lat' dir='ltr'><strong>indicia,</strong></span> <span class='ocrx_word' id='word_1_63' title='bbox 2542 752 2689 805; x_wconf 79' lang='lat' dir='ltr'><strong>velut</strong></span> <span class='ocrx_word' id='word_1_64' title='bbox 2744 752 3075 807; x_wconf 84' lang='lat' dir='ltr'><strong>sententiam</strong></span> <span class='ocrx_word' id='word_1_65' title='bbox 3139 752 3404 808; x_wconf 83' lang='lat' dir='ltr'><strong>claudens</strong></span> 
     </span>
    </p>
   </div>
   <div class='ocr_carea' id='block_1_11' title="bbox 216 842 1753 915">
    <p class='ocr_par' dir='ltr' id='par_1_11' title="bbox 216 842 1741 915">
     <span class='ocr_line' id='line_1_11' title="bbox 216 842 1741 915; baseline 0 -17"><span class='ocrx_word' id='word_1_66' title='bbox 216 846 411 913; x_wconf 78' lang='grc' dir='ltr'>σαθραῖς</span> <span class='ocrx_word' id='word_1_67' title='bbox 435 842 589 911; x_wconf 73' lang='grc' dir='ltr'>ὕψεσι</span> <span class='ocrx_word' id='word_1_68' title='bbox 617 843 1049 914; x_wconf 79' lang='grc' dir='ltr'>παραδεικνῦσαι</span> <span class='ocrx_word' id='word_1_69' title='bbox 1071 844 1161 896; x_wconf 76' lang='grc' dir='ltr'>τὸν</span> <span class='ocrx_word' id='word_1_70' title='bbox 1190 843 1365 915; x_wconf 72' lang='grc' dir='ltr'>ἥλιον,</span> <span class='ocrx_word' id='word_1_71' title='bbox 1394 844 1515 897; x_wconf 72' lang='grc' dir='ltr'><strong>ἐπεὶ</strong></span> <span class='ocrx_word' id='word_1_72' title='bbox 1540 844 1614 915; x_wconf 80' lang='grc' dir='ltr'>μὴ</span> <span class='ocrx_word' id='word_1_73' title='bbox 1644 846 1741 898; x_wconf 83' lang='grc' dir='ltr'>αύ-</span> 
     </span>
    </p>
   </div>
   <div class='ocr_carea' id='block_1_12' title="bbox 1869 842 3406 915">
    <p class='ocr_par' dir='ltr' id='par_1_12' title="bbox 1874 842 3406 915">
     <span class='ocr_line' id='line_1_12' title="bbox 1874 842 3406 915; baseline 0.001 -15"><span class='ocrx_word' id='word_1_74' title='bbox 1874 846 2119 915; x_wconf 87' lang='lat' dir='ltr'><strong>ubjecit:</strong></span> <span class='ocrx_word' id='word_1_75' title='bbox 2171 862 2189 896; x_wconf 83' lang='grc' dir='ltr'><strong>ι</strong></span> <span class='ocrx_word' id='word_1_76' title='bbox 2246 842 2363 899; x_wconf 85' lang='lat' dir='ltr'><strong>Non</strong></span> <span class='ocrx_word' id='word_1_77' title='bbox 2403 859 2559 900; x_wconf 89' lang='lat' dir='ltr'><strong>secus</strong></span> <span class='ocrx_word' id='word_1_78' title='bbox 2610 844 2861 900; x_wconf 72' lang='lat' dir='ltr'><strong>videlicet</strong></span> <span class='ocrx_word' id='word_1_79' title='bbox 2906 860 2971 899; x_wconf 90' lang='lat' dir='ltr'><strong>ac</strong></span> <span class='ocrx_word' id='word_1_80' title='bbox 3002 845 3135 901; x_wconf 88' lang='lat' dir='ltr'><strong>solis</strong></span> <span class='ocrx_word' id='word_1_81' title='bbox 3172 846 3223 899; x_wconf 91' lang='lat' dir='ltr'><strong>in</strong></span> <span class='ocrx_word' id='word_1_82' title='bbox 3251 845 3406 915; x_wconf 83' lang='lat' dir='ltr'><strong>aquis</strong></span> 
     </span>
    </p>
   </div>
   <div class='ocr_carea' id='block_1_13' title="bbox 214 929 1751 1007">
    <p class='ocr_par' dir='ltr' id='par_1_13' title="bbox 214 929 1741 1003">
     <span class='ocr_line' id='line_1_13' title="bbox 214 929 1741 1003; baseline 0.001 -18"><span class='ocrx_word' id='word_1_83' title='bbox 214 933 288 985; x_wconf 78' lang='grc' dir='ltr'>τὸν</span> <span class='ocrx_word' id='word_1_84' title='bbox 314 931 667 1001; x_wconf 68' lang='grc' dir='ltr'>προσϐλέπειν</span> <span class='ocrx_word' id='word_1_85' title='bbox 705 929 816 986; x_wconf 85' lang='grc' dir='ltr'>οίόν</span> <span class='ocrx_word' id='word_1_86' title='bbox 866 950 947 997; x_wconf 88' lang='grc' dir='ltr'><strong>τε,</strong></span> <span class='ocrx_word' id='word_1_87' title='bbox 997 932 1077 1003; x_wconf 83' lang='grc' dir='ltr'>τῷ</span> <span class='ocrx_word' id='word_1_88' title='bbox 1112 934 1406 1003; x_wconf 80' lang='grc' dir='ltr'>ἀκραιφνεῖ</span> <span class='ocrx_word' id='word_1_89' title='bbox 1445 933 1540 987; x_wconf 81' lang='grc' dir='ltr'>τοῦ</span> <span class='ocrx_word' id='word_1_90' title='bbox 1564 933 1741 1002; x_wconf 81' lang='grc' dir='ltr'>φωτὸς</span> 
     </span>
    </p>
   </div>
   <div class='ocr_carea' id='block_1_14' title="bbox 1869 929 3406 1007">
    <p class='ocr_par' dir='ltr' id='par_1_14' title="bbox 1869 935 3406 1007">
     <span class='ocr_line' id='line_1_14' title="bbox 1869 935 3406 1007; baseline -0.003 -15"><span class='ocrx_word' id='word_1_91' title='bbox 1869 939 2047 992; x_wconf 71' lang='lat' dir='ltr'><strong>imbrae</strong></span> <span class='ocrx_word' id='word_1_92' title='bbox 2099 946 2262 1007; x_wconf 88' lang='lat' dir='ltr'><strong>atque</strong></span> <span class='ocrx_word' id='word_1_93' title='bbox 2321 936 2611 992; x_wconf 86' lang='lat' dir='ltr'><strong>simulacra</strong></span> <span class='ocrx_word' id='word_1_94' title='bbox 2680 937 2912 991; x_wconf 87' lang='lat' dir='ltr'><strong>inilrmis</strong></span> <span class='ocrx_word' id='word_1_95' title='bbox 3002 935 3176 991; x_wconf 89' lang='lat' dir='ltr'><strong>oculis</strong></span> <span class='ocrx_word' id='word_1_96' title='bbox 3235 936 3406 991; x_wconf 90' lang='lat' dir='ltr'><strong>solem</strong></span> 
     </span>
    </p>
   </div>
   <div class='ocr_carea' id='block_1_15' title="bbox 212 1020 1749 1099">
    <p class='ocr_par' dir='ltr' id='par_1_15' title="bbox 212 1020 1742 1092">
     <span class='ocr_line' id='line_1_15' title="bbox 212 1020 1742 1092; baseline 0.002 -17"><span class='ocrx_word' id='word_1_97' title='bbox 212 1023 411 1075; x_wconf 79' lang='grc' dir='ltr'>νικῶντα</span> <span class='ocrx_word' id='word_1_98' title='bbox 439 1020 537 1092; x_wconf 79' lang='grc' dir='ltr'>τὴν</span> <span class='ocrx_word' id='word_1_99' title='bbox 571 1022 826 1092; x_wconf 76' lang='grc' dir='ltr'>αἴσθησιν</span> <span class='ocrx_word' id='word_1_100' title='bbox 845 1040 858 1055; x_wconf 91' lang='grc'><strong>·</strong></span> <span class='ocrx_word' id='word_1_101' title='bbox 899 1041 917 1075; x_wconf 77' lang='grc' dir='ltr'><strong>ι</strong></span> <span class='ocrx_word' id='word_1_102' title='bbox 959 1025 1081 1077; x_wconf 88' lang='grc' dir='ltr'>τότε</span> <span class='ocrx_word' id='word_1_103' title='bbox 1112 1025 1167 1078; x_wconf 85' lang='grc' dir='ltr'><strong>δὲ</strong></span> <span class='ocrx_word' id='word_1_104' title='bbox 1201 1026 1301 1079; x_wconf 80' lang='grc' dir='ltr'><strong>οὐκ</strong></span> <span class='ocrx_word' id='word_1_105' title='bbox 1331 1028 1390 1079; x_wconf 81' lang='grc' dir='ltr'>ὲν</span> <span class='ocrx_word' id='word_1_106' title='bbox 1430 1028 1610 1088; x_wconf 80' lang='grc' dir='ltr'><strong>σκιαῖς</strong></span> <span class='ocrx_word' id='word_1_107' title='bbox 1629 1025 1742 1079; x_wconf 75' lang='grc' dir='ltr'><strong>οὐδ’</strong></span> 
     </span>
    </p>
   </div>
   <div class='ocr_carea' id='block_1_16' title="bbox 1907 1020 3444 1099">
    <p class='ocr_par' dir='ltr' id='par_1_16' title="bbox 1907 1027 3444 1099">
     <span class='ocr_line' id='line_1_16' title="bbox 1907 1027 3444 1099; baseline -0.001 -16"><span class='ocrx_word' id='word_1_108' title='bbox 1907 1038 2234 1098; x_wconf 70' lang='lat' dir='ltr'><strong>prmsentant</strong></span> <span class='ocrx_word' id='word_1_109' title='bbox 2281 1045 2297 1083; x_wconf 88' lang='lat'><strong>:</strong></span> <span class='ocrx_word' id='word_1_110' title='bbox 2348 1027 2788 1098; x_wconf 85' lang='lat' dir='ltr'><strong>quandoquidem</strong></span> <span class='ocrx_word' id='word_1_111' title='bbox 2844 1043 2968 1083; x_wconf 88' lang='lat' dir='ltr'><strong>eum</strong></span> <span class='ocrx_word' id='word_1_112' title='bbox 3014 1027 3230 1082; x_wconf 87' lang='lat' dir='ltr'><strong>obtueri</strong></span> <span class='ocrx_word' id='word_1_113' title='bbox 3261 1042 3444 1099; x_wconf 49' lang='lat' dir='ltr'><strong>.non-</strong></span> 
     </span>
    </p>
   </div>
   <div class='ocr_carea' id='block_1_17' title="bbox 211 1114 1748 1190">
    <p class='ocr_par' dir='ltr' id='par_1_17' title="bbox 211 1114 1742 1187">
     <span class='ocr_line' id='line_1_17' title="bbox 211 1114 1742 1187; baseline 0.003 -22"><span class='ocrx_word' id='word_1_114' title='bbox 211 1116 255 1167; x_wconf 78' lang='grc' dir='ltr'><strong>ίν</strong></span> <span class='ocrx_word' id='word_1_115' title='bbox 274 1114 594 1182; x_wconf 84' lang='grc' dir='ltr'>αἱνιγμασιν,</span> <span class='ocrx_word' id='word_1_116' title='bbox 627 1116 745 1168; x_wconf 80' lang='grc' dir='ltr'>ἀλλ’</span> <span class='ocrx_word' id='word_1_117' title='bbox 792 1117 954 1170; x_wconf 86' lang='grc' dir='ltr'>αύτδν</span> <span class='ocrx_word' id='word_1_118' title='bbox 987 1119 1079 1171; x_wconf 85' lang='grc' dir='ltr'><strong>τὸν</strong></span> <span class='ocrx_word' id='word_1_119' title='bbox 1122 1118 1278 1183; x_wconf 73' lang='grc' dir='ltr'>Θεὸν,</span> <span class='ocrx_word' id='word_1_120' title='bbox 1309 1118 1491 1182; x_wconf 84' lang='grc' dir='ltr'>καθὼς</span> <span class='ocrx_word' id='word_1_121' title='bbox 1514 1120 1564 1171; x_wconf 78' lang='lat' dir='ltr'><strong>oi</strong></span> <span class='ocrx_word' id='word_1_122' title='bbox 1593 1118 1742 1187; x_wconf 80' lang='grc' dir='ltr'>ἀγιοί</span> 
     </span>
    </p>
   </div>
   <div class='ocr_carea' id='block_1_18' title="bbox 1871 1114 3408 1190">
    <p class='ocr_par' dir='ltr' id='par_1_18' title="bbox 1871 1118 3408 1189">
     <span class='ocr_line' id='line_1_18' title="bbox 1871 1118 3408 1189; baseline -0.002 -17"><span class='ocrx_word' id='word_1_123' title='bbox 1871 1134 2157 1185; x_wconf 73' lang='grc' dir='ltr'>ιοεευηιιιε,</span> <span class='ocrx_word' id='word_1_124' title='bbox 2203 1128 2385 1189; x_wconf 89' lang='lat' dir='ltr'><strong>utpote</strong></span> <span class='ocrx_word' id='word_1_125' title='bbox 2439 1118 2578 1173; x_wconf 87' lang='lat' dir='ltr'><strong>lucis</strong></span> <span class='ocrx_word' id='word_1_126' title='bbox 2631 1118 2866 1188; x_wconf 72' lang='lat' dir='ltr'><strong>puritate</strong></span> <span class='ocrx_word' id='word_1_127' title='bbox 2916 1133 3136 1174; x_wconf 87' lang='lat' dir='ltr'><strong>sensum</strong></span> <span class='ocrx_word' id='word_1_128' title='bbox 3192 1131 3408 1171; x_wconf 83' lang='lat' dir='ltr'><strong>onmem</strong></span> 
     </span>
    </p>
   </div>
   <div class='ocr_carea' id='block_1_19' title="bbox 212 1207 1749 1281">
    <p class='ocr_par' dir='ltr' id='par_1_19' title="bbox 212 1207 1741 1278">
     <span class='ocr_line' id='line_1_19' title="bbox 212 1207 1741 1278; baseline 0.003 -19"><span class='ocrx_word' id='word_1_129' title='bbox 212 1223 375 1275; x_wconf 79' lang='grc' dir='ltr'>φασιν,</span> <span class='ocrx_word' id='word_1_130' title='bbox 394 1207 452 1259; x_wconf 73' lang='grc' dir='ltr'>οὗ</span> <span class='ocrx_word' id='word_1_131' title='bbox 477 1207 695 1270; x_wconf 88' lang='grc' dir='ltr'>τελείως</span> <span class='ocrx_word' id='word_1_132' title='bbox 722 1208 820 1278; x_wconf 81' lang='grc' dir='ltr'><strong>τὴν</strong></span> <span class='ocrx_word' id='word_1_133' title='bbox 844 1209 1032 1263; x_wconf 85' lang='grc' dir='ltr'>ούσίαν</span> <span class='ocrx_word' id='word_1_134' title='bbox 1056 1209 1220 1263; x_wconf 79' lang='grc' dir='ltr'>αὐτοῦ</span> <span class='ocrx_word' id='word_1_135' title='bbox 1252 1210 1656 1271; x_wconf 81' lang='grc' dir='ltr'>κατανοοῦντες,</span> <span class='ocrx_word' id='word_1_136' title='bbox 1679 1210 1741 1263; x_wconf 84' lang='grc' dir='ltr'><strong>οὐ</strong></span> 
     </span>
    </p>
   </div>
   <div class='ocr_carea' id='block_1_20' title="bbox 1873 1207 3410 1281">
    <p class='ocr_par' dir='ltr' id='par_1_20' title="bbox 1876 1207 3410 1281">
     <span class='ocr_line' id='line_1_20' title="bbox 1876 1207 3410 1281; baseline 0.001 -20"><span class='ocrx_word' id='word_1_137' title='bbox 1876 1220 2211 1281; x_wconf 87' lang='lat' dir='ltr'><strong>uperautem.</strong></span> <span class='ocrx_word' id='word_1_138' title='bbox 2258 1229 2276 1261; x_wconf 77' lang='grc' dir='ltr'><strong>ι</strong></span> <span class='ocrx_word' id='word_1_139' title='bbox 2339 1207 2493 1264; x_wconf 89' lang='lat' dir='ltr'><strong>Tunc</strong></span> <span class='ocrx_word' id='word_1_140' title='bbox 2540 1223 2666 1264; x_wconf 84' lang='lat' dir='ltr'><strong>vero</strong></span> <span class='ocrx_word' id='word_1_141' title='bbox 2722 1224 2830 1263; x_wconf 89' lang='lat' dir='ltr'><strong>non</strong></span> <span class='ocrx_word' id='word_1_142' title='bbox 2889 1211 2946 1263; x_wconf 89' lang='lat' dir='ltr'><strong>in</strong></span> <span class='ocrx_word' id='word_1_143' title='bbox 2987 1209 3194 1264; x_wconf 86' lang='lat' dir='ltr'><strong>umbris</strong></span> <span class='ocrx_word' id='word_1_144' title='bbox 3220 1222 3319 1263; x_wconf 88' lang='lat' dir='ltr'><strong>nec</strong></span> <span class='ocrx_word' id='word_1_145' title='bbox 3354 1207 3410 1262; x_wconf 91' lang='lat' dir='ltr'><strong>in</strong></span> 
     </span>
    </p>
   </div>
   <div class='ocr_carea' id='block_1_21' title="bbox 210 1297 1747 1371">
    <p class='ocr_par' dir='ltr' id='par_1_21' title="bbox 210 1297 1744 1371">
     <span class='ocr_line' id='line_1_21' title="bbox 210 1297 1744 1371; baseline 0.003 -22"><span class='ocrx_word' id='word_1_146' title='bbox 210 1299 296 1367; x_wconf 79' lang='grc' dir='ltr'>γὰρ</span> <span class='ocrx_word' id='word_1_147' title='bbox 342 1297 532 1368; x_wconf 80' lang='grc' dir='ltr'>ἔχομεν</span> <span class='ocrx_word' id='word_1_148' title='bbox 573 1300 635 1352; x_wconf 81' lang='grc' dir='ltr'>τὸ</span> <span class='ocrx_word' id='word_1_149' title='bbox 684 1300 945 1368; x_wconf 78' lang='grc' dir='ltr'>ἀνάλογον</span> <span class='ocrx_word' id='word_1_150' title='bbox 979 1304 1312 1369; x_wconf 76' lang='grc' dir='ltr'>γνωστικόν·</span> <span class='ocrx_word' id='word_1_151' title='bbox 1368 1297 1403 1370; x_wconf 81' lang='grc' dir='ltr'>ἦ</span> <span class='ocrx_word' id='word_1_152' title='bbox 1444 1303 1551 1371; x_wconf 71' lang='grc' dir='ltr'><strong>γὰρ</strong></span> <span class='ocrx_word' id='word_1_153' title='bbox 1603 1297 1744 1370; x_wconf 79' lang='grc' dir='ltr'>ἦμεν</span> 
     </span>
    </p>
   </div>
   <div class='ocr_carea' id='block_1_22' title="bbox 1877 1297 3414 1371">
    <p class='ocr_par' dir='ltr' id='par_1_22' title="bbox 1877 1297 3414 1371">
     <span class='ocr_line' id='line_1_22' title="bbox 1877 1297 3414 1371; baseline -0.004 -15"><span class='ocrx_word' id='word_1_154' title='bbox 1877 1302 2168 1371; x_wconf 81' lang='lat' dir='ltr'><strong>:nigmatis,</strong></span> <span class='ocrx_word' id='word_1_155' title='bbox 2204 1302 2297 1353; x_wconf 89' lang='lat' dir='ltr'><strong>sed</strong></span> <span class='ocrx_word' id='word_1_156' title='bbox 2330 1299 2507 1369; x_wconf 89' lang='lat' dir='ltr'><strong>ipsum</strong></span> <span class='ocrx_word' id='word_1_157' title='bbox 2534 1297 2728 1365; x_wconf 86' lang='lat' dir='ltr'><strong>Deum,</strong></span> <span class='ocrx_word' id='word_1_158' title='bbox 2754 1298 2833 1354; x_wconf 91' lang='lat' dir='ltr'><strong>uti</strong></span> <span class='ocrx_word' id='word_1_159' title='bbox 2854 1298 3153 1368; x_wconf 88' lang='lat' dir='ltr'><strong>loquuntur</strong></span> <span class='ocrx_word' id='word_1_160' title='bbox 3188 1297 3414 1371; x_wconf 63' lang='lat' dir='ltr'><strong>Sancti;</strong></span> 
     </span>
    </p>
   </div>
   <div class='ocr_carea' id='block_1_23' title="bbox 208 1388 1745 1464">
    <p class='ocr_par' dir='ltr' id='par_1_23' title="bbox 208 1388 1745 1464">
     <span class='ocr_line' id='line_1_23' title="bbox 208 1388 1745 1464; baseline 0.004 -22"><span class='ocrx_word' id='word_1_161' title='bbox 208 1388 310 1442; x_wconf 77' lang='grc' dir='ltr'>Θεοὶ</span> <span class='ocrx_word' id='word_1_162' title='bbox 334 1391 449 1442; x_wconf 78' lang='grc' dir='ltr'>κατ’</span> <span class='ocrx_word' id='word_1_163' title='bbox 480 1390 671 1453; x_wconf 79' lang='grc' dir='ltr'>αὑτὸν,</span> <span class='ocrx_word' id='word_1_164' title='bbox 697 1391 923 1462; x_wconf 77' lang='grc' dir='ltr'><strong>ἄναρχοι</strong></span> <span class='ocrx_word' id='word_1_165' title='bbox 954 1397 1050 1447; x_wconf 73' lang='grc' dir='ltr'>καὶ</span> <span class='ocrx_word' id='word_1_166' title='bbox 1078 1394 1293 1463; x_wconf 75' lang='grc' dir='ltr'>ἄπειροι</span> <span class='ocrx_word' id='word_1_167' title='bbox 1321 1395 1415 1447; x_wconf 73' lang='grc' dir='ltr'><strong>καὶ</strong></span> <span class='ocrx_word' id='word_1_168' title='bbox 1440 1395 1542 1446; x_wconf 87' lang='grc' dir='ltr'><strong>ἀπε</strong></span> <span class='ocrx_word' id='word_1_169' title='bbox 1555 1394 1745 1464; x_wconf 83' lang='grc' dir='ltr'>ρίγρα-</span> 
     </span>
    </p>
   </div>
   <div class='ocr_carea' id='block_1_24' title="bbox 1877 1388 3414 1464">
    <p class='ocr_par' dir='ltr' id='par_1_24' title="bbox 1877 1391 3414 1464">
     <span class='ocr_line' id='line_1_24' title="bbox 1877 1391 3414 1464; baseline -0.001 -18"><span class='ocrx_word' id='word_1_170' title='bbox 1877 1411 1954 1448; x_wconf 50' lang='lat' dir='ltr'><strong>ion</strong></span> <span class='ocrx_word' id='word_1_171' title='bbox 2012 1395 2133 1464; x_wconf 85' lang='lat' dir='ltr'><strong>ejus</strong></span> <span class='ocrx_word' id='word_1_172' title='bbox 2176 1392 2411 1463; x_wconf 79' lang='lat' dir='ltr'><strong>perfecte</strong></span> <span class='ocrx_word' id='word_1_173' title='bbox 2468 1402 2805 1463; x_wconf 81' lang='lat' dir='ltr'><strong>perspectam</strong></span> <span class='ocrx_word' id='word_1_174' title='bbox 2858 1392 3124 1447; x_wconf 87' lang='lat' dir='ltr'><strong>habentes</strong></span> <span class='ocrx_word' id='word_1_175' title='bbox 3156 1391 3414 1447; x_wconf 85' lang='lat' dir='ltr'><strong>substan—</strong></span> 
     </span>
    </p>
   </div>
   <div class='ocr_carea' id='block_1_25' title="bbox 210 1468 1747 1552">
    <p class='ocr_par' dir='ltr' id='par_1_25' title="bbox 210 1481 1746 1552">
     <span class='ocr_line' id='line_1_25' title="bbox 210 1481 1746 1552; baseline 0.005 -19"><span class='ocrx_word' id='word_1_176' title='bbox 210 1499 313 1533; x_wconf 82' lang='grc' dir='ltr'>πτοι</span> <span class='ocrx_word' id='word_1_177' title='bbox 342 1483 431 1534; x_wconf 80' lang='grc' dir='ltr'>καὶ</span> <span class='ocrx_word' id='word_1_178' title='bbox 463 1481 685 1549; x_wconf 84' lang='grc' dir='ltr'>τέλειοι,</span> <span class='ocrx_word' id='word_1_179' title='bbox 722 1484 1081 1552; x_wconf 77' lang='grc' dir='ltr'><strong>γινώσκοντες</strong></span> <span class='ocrx_word' id='word_1_180' title='bbox 1113 1485 1276 1538; x_wconf 71' lang='grc' dir='ltr'>αὐτὸν</span> <span class='ocrx_word' id='word_1_181' title='bbox 1322 1486 1396 1549; x_wconf 79' lang='grc' dir='ltr'>ὡς</span> <span class='ocrx_word' id='word_1_182' title='bbox 1424 1486 1585 1549; x_wconf 81' lang='grc' dir='ltr'>αὐτὸς</span> <span class='ocrx_word' id='word_1_183' title='bbox 1618 1486 1746 1540; x_wconf 77' lang='grc' dir='ltr'>ἑαυ-</span> 
     </span>
    </p>
   </div>
   <div class='ocr_carea' id='block_1_26' title="bbox 1879 1468 3416 1552">
    <p class='ocr_par' dir='ltr' id='par_1_26' title="bbox 1879 1468 3416 1550">
     <span class='ocr_line' id='line_1_26' title="bbox 1879 1468 3416 1550; baseline -0.005 -11"><span class='ocrx_word' id='word_1_184' title='bbox 1879 1488 1976 1539; x_wconf 83' lang='lat' dir='ltr'><strong>iam</strong></span> <span class='ocrx_word' id='word_1_185' title='bbox 2010 1504 2023 1539; x_wconf 92' lang='lat'>:</span> <span class='ocrx_word' id='word_1_186' title='bbox 2068 1501 2175 1539; x_wconf 91' lang='lat' dir='ltr'><strong>non</strong></span> <span class='ocrx_word' id='word_1_187' title='bbox 2206 1484 2350 1538; x_wconf 89' lang='lat' dir='ltr'><strong>enim</strong></span> <span class='ocrx_word' id='word_1_188' title='bbox 2386 1497 2447 1538; x_wconf 91' lang='lat' dir='ltr'><strong>ea</strong></span> <span class='ocrx_word' id='word_1_189' title='bbox 2485 1483 2679 1539; x_wconf 89' lang='lat' dir='ltr'><strong>mentis</strong></span> <span class='ocrx_word' id='word_1_190' title='bbox 2708 1490 2905 1537; x_wconf 66' lang='lat' dir='ltr'><strong>nostra:</strong></span> <span class='ocrx_word' id='word_1_191' title='bbox 2935 1468 3143 1549; x_wconf 84' lang='lat' dir='ltr'><strong>visest,</strong></span> <span class='ocrx_word' id='word_1_192' title='bbox 3188 1490 3246 1535; x_wconf 92' lang='lat' dir='ltr'><strong>ut</strong></span> <span class='ocrx_word' id='word_1_193' title='bbox 3268 1480 3416 1550; x_wconf 86' lang='lat' dir='ltr'><strong>pari-</strong></span> 
     </span>
    </p>
   </div>
   <div class='ocr_carea' id='block_1_27' title="bbox 206 1571 1743 1648">
    <p class='ocr_par' dir='ltr' id='par_1_27' title="bbox 206 1573 1743 1648">
     <span class='ocr_line' id='line_1_27' title="bbox 206 1573 1743 1648; baseline 0.004 -23"><span class='ocrx_word' id='word_1_194' title='bbox 206 1573 298 1625; x_wconf 72' lang='grc' dir='ltr'>τόν.</span> <span class='ocrx_word' id='word_1_195' title='bbox 363 1573 499 1625; x_wconf 83' lang='grc' dir='ltr'>Ἀλλ’</span> <span class='ocrx_word' id='word_1_196' title='bbox 538 1573 713 1639; x_wconf 76' lang='grc' dir='ltr'>οὕτως</span> <span class='ocrx_word' id='word_1_197' title='bbox 748 1575 1016 1643; x_wconf 70' lang='grc' dir='ltr'>ὀψόμεθα,</span> <span class='ocrx_word' id='word_1_198' title='bbox 1051 1576 1240 1645; x_wconf 83' lang='grc' dir='ltr'>ὥσπερ</span> <span class='ocrx_word' id='word_1_199' title='bbox 1295 1578 1421 1630; x_wconf 82' lang='grc' dir='ltr'>ὅταν</span> <span class='ocrx_word' id='word_1_200' title='bbox 1470 1576 1532 1629; x_wconf 78' lang='grc' dir='ltr'><strong>τὸ</strong></span> <span class='ocrx_word' id='word_1_201' title='bbox 1590 1576 1743 1648; x_wconf 75' lang='grc' dir='ltr'>ὄμμα</span> 
     </span>
    </p>
   </div>
   <div class='ocr_carea' id='block_1_28' title="bbox 1881 1571 3418 1648">
    <p class='ocr_par' dir='ltr' id='par_1_28' title="bbox 1887 1571 3418 1642">
     <span class='ocr_line' id='line_1_28' title="bbox 1887 1571 3418 1642; baseline -0.003 -13"><span class='ocrx_word' id='word_1_202' title='bbox 1887 1592 1949 1631; x_wconf 88' lang='lat' dir='ltr'><strong>us</strong></span> <span class='ocrx_word' id='word_1_203' title='bbox 1989 1576 2067 1629; x_wconf 81' lang='lat' dir='ltr'><strong>illi</strong></span> <span class='ocrx_word' id='word_1_204' title='bbox 2123 1575 2298 1628; x_wconf 86' lang='lat' dir='ltr'><strong>modis</strong></span> <span class='ocrx_word' id='word_1_205' title='bbox 2338 1573 2685 1640; x_wconf 84' lang='lat' dir='ltr'><strong>respondeat,</strong></span> <span class='ocrx_word' id='word_1_206' title='bbox 2729 1571 2933 1642; x_wconf 86' lang='lat' dir='ltr'><strong>alioqui</strong></span> <span class='ocrx_word' id='word_1_207' title='bbox 2970 1571 3114 1626; x_wconf 83' lang='lat' dir='ltr'><strong>haud</strong></span> <span class='ocrx_word' id='word_1_208' title='bbox 3147 1584 3304 1626; x_wconf 89' lang='lat' dir='ltr'><strong>secus</strong></span> <span class='ocrx_word' id='word_1_209' title='bbox 3353 1583 3418 1624; x_wconf 91' lang='lat' dir='ltr'><strong>ac</strong></span> 
     </span>
    </p>
   </div>
   <div class='ocr_carea' id='block_1_29' title="bbox 209 1662 1746 1738">
    <p class='ocr_par' dir='ltr' id='par_1_29' title="bbox 209 1664 1746 1738">
     <span class='ocr_line' id='line_1_29' title="bbox 209 1664 1746 1738; baseline 0.005 -23"><span class='ocrx_word' id='word_1_210' title='bbox 209 1665 324 1732; x_wconf 77' lang='grc' dir='ltr'>πρὸς</span> <span class='ocrx_word' id='word_1_211' title='bbox 342 1664 427 1717; x_wconf 77' lang='grc' dir='ltr'>τὸν</span> <span class='ocrx_word' id='word_1_212' title='bbox 446 1666 606 1736; x_wconf 73' lang='grc' dir='ltr'>ἥλιον</span> <span class='ocrx_word' id='word_1_213' title='bbox 631 1667 1019 1738; x_wconf 85' lang='grc' dir='ltr'>ἀνατείνωμεν,</span> <span class='ocrx_word' id='word_1_214' title='bbox 1067 1669 1167 1732; x_wconf 86' lang='grc' dir='ltr'>τὰς</span> <span class='ocrx_word' id='word_1_215' title='bbox 1199 1671 1256 1721; x_wconf 80' lang='grc' dir='ltr'>ὲν</span> <span class='ocrx_word' id='word_1_216' title='bbox 1282 1671 1395 1730; x_wconf 81' lang='grc' dir='ltr'>τοῖς</span> <span class='ocrx_word' id='word_1_217' title='bbox 1426 1668 1615 1723; x_wconf 74' lang='grc' dir='ltr'>ὕδασιν</span> <span class='ocrx_word' id='word_1_218' title='bbox 1644 1671 1746 1723; x_wconf 90' lang='grc' dir='ltr'>αύ-</span> 
     </span>
    </p>
   </div>
   <div class='ocr_carea' id='block_1_30' title="bbox 1881 1662 3418 1738">
    <p class='ocr_par' dir='ltr' id='par_1_30' title="bbox 1881 1662 3418 1735">
     <span class='ocr_line' id='line_1_30' title="bbox 1881 1662 3418 1735; baseline -0.002 -14"><span class='ocrx_word' id='word_1_219' title='bbox 1881 1669 1943 1722; x_wconf 88' lang='lat' dir='ltr'><strong>lle</strong></span> <span class='ocrx_word' id='word_1_220' title='bbox 1986 1666 2059 1720; x_wconf 90' lang='lat' dir='ltr'><strong>dii</strong></span> <span class='ocrx_word' id='word_1_221' title='bbox 2089 1681 2359 1729; x_wconf 85' lang='lat' dir='ltr'><strong>essemus,</strong></span> <span class='ocrx_word' id='word_1_222' title='bbox 2386 1665 2642 1735; x_wconf 80' lang='lat' dir='ltr'><strong>principii</strong></span> <span class='ocrx_word' id='word_1_223' title='bbox 2688 1673 2960 1735; x_wconf 82' lang='lat' dir='ltr'><strong>expertes,</strong></span> <span class='ocrx_word' id='word_1_224' title='bbox 2986 1662 3208 1728; x_wconf 82' lang='lat' dir='ltr'><strong>inﬁniti,</strong></span> <span class='ocrx_word' id='word_1_225' title='bbox 3248 1662 3418 1718; x_wconf 73' lang='lat' dir='ltr'><strong>incir-</strong></span> 
     </span>
    </p>
   </div>
   <div class='ocr_carea' id='block_1_31' title="bbox 206 1754 1743 1830">
    <p class='ocr_par' dir='ltr' id='par_1_31' title="bbox 206 1754 1743 1830">
     <span class='ocr_line' id='line_1_31' title="bbox 206 1754 1743 1830; baseline 0.005 -24"><span class='ocrx_word' id='word_1_226' title='bbox 206 1754 285 1807; x_wconf 81' lang='grc' dir='ltr'>τοῦ</span> <span class='ocrx_word' id='word_1_227' title='bbox 314 1757 463 1817; x_wconf 75' lang='grc' dir='ltr'>σκιὰς</span> <span class='ocrx_word' id='word_1_228' title='bbox 498 1756 865 1825; x_wconf 76' lang='grc' dir='ltr'>ὑπερϐάντες.</span> <span class='ocrx_word' id='word_1_229' title='bbox 896 1758 1027 1811; x_wconf 89' lang='grc' dir='ltr'>Τότε</span> <span class='ocrx_word' id='word_1_230' title='bbox 1059 1759 1155 1828; x_wconf 78' lang='grc' dir='ltr'>μὲν</span> <span class='ocrx_word' id='word_1_231' title='bbox 1184 1759 1294 1829; x_wconf 77' lang='grc' dir='ltr'>γὰρ</span> <span class='ocrx_word' id='word_1_232' title='bbox 1323 1759 1414 1812; x_wconf 82' lang='grc' dir='ltr'><strong>τὸν</strong></span> <span class='ocrx_word' id='word_1_233' title='bbox 1444 1759 1595 1830; x_wconf 75' lang='grc' dir='ltr'>ἥλιον</span> <span class='ocrx_word' id='word_1_234' title='bbox 1620 1759 1743 1829; x_wconf 81' lang='grc' dir='ltr'><strong>βλέ-</strong></span> 
     </span>
    </p>
   </div>
   <div class='ocr_carea' id='block_1_32' title="bbox 1884 1754 3421 1830">
    <p class='ocr_par' dir='ltr' id='par_1_32' title="bbox 1884 1754 3421 1827">
     <span class='ocr_line' id='line_1_32' title="bbox 1884 1754 3421 1827; baseline -0.003 -13"><span class='ocrx_word' id='word_1_235' title='bbox 1884 1757 2190 1827; x_wconf 88' lang='lat' dir='ltr'><strong>umscripti,</strong></span> <span class='ocrx_word' id='word_1_236' title='bbox 2238 1756 2489 1826; x_wconf 73' lang='lat' dir='ltr'><strong>perfecti,</strong></span> <span class='ocrx_word' id='word_1_237' title='bbox 2523 1756 2698 1825; x_wconf 90' lang='lat' dir='ltr'><strong>ipsum</strong></span> <span class='ocrx_word' id='word_1_238' title='bbox 2754 1764 3170 1827; x_wconf 81' lang='lat' dir='ltr'><strong>cognoscentes,</strong></span> <span class='ocrx_word' id='word_1_239' title='bbox 3215 1762 3273 1809; x_wconf 92' lang='lat' dir='ltr'><strong>ut</strong></span> <span class='ocrx_word' id='word_1_240' title='bbox 3306 1754 3421 1824; x_wconf 83' lang='lat' dir='ltr'><strong>ipse</strong></span> 
     </span>
    </p>
   </div>
   <div class='ocr_carea' id='block_1_33' title="bbox 208 1817 1745 1922">
    <p class='ocr_par' dir='ltr' id='par_1_33' title="bbox 208 1817 1745 1918">
     <span class='ocr_line' id='line_1_33' title="bbox 208 1817 1745 1918; baseline 0.001 -19"><span class='ocrx_word' id='word_1_241' title='bbox 208 1862 310 1900; x_wconf 66' lang='grc' dir='ltr'>σειν</span> <span class='ocrx_word' id='word_1_242' title='bbox 332 1846 583 1916; x_wconf 77' lang='grc' dir='ltr'>εἴποιμεν</span> <span class='ocrx_word' id='word_1_243' title='bbox 606 1817 672 1900; x_wconf 70' lang='grc' dir='ltr'><strong>ἀν</strong></span> <span class='ocrx_word' id='word_1_244' title='bbox 697 1817 875 1918; x_wconf 61' lang='lat' dir='ltr'><strong>epes};</strong></span> <span class='ocrx_word' id='word_1_245' title='bbox 896 1863 911 1879; x_wconf 89' lang='grc'><strong>·</strong></span> <span class='ocrx_word' id='word_1_246' title='bbox 946 1849 1006 1900; x_wconf 86' lang='grc' dir='ltr'><strong>ού</strong></span> <span class='ocrx_word' id='word_1_247' title='bbox 1045 1817 1153 1918; x_wconf 68' lang='grc' dir='ltr'>μὴν</span> <span class='ocrx_word' id='word_1_248' title='bbox 1192 1817 1438 1918; x_wconf 75' lang='grc' dir='ltr'>ἀκριϐῶς</span> <span class='ocrx_word' id='word_1_249' title='bbox 1460 1817 1745 1903; x_wconf 58' lang='grc' dir='ltr'>αὺτδνκα-</span> 
     </span>
    </p>
   </div>
   <div class='ocr_carea' id='block_1_34' title="bbox 1884 1817 3421 1922">
    <p class='ocr_par' dir='ltr' id='par_1_34' title="bbox 1884 1846 3421 1922">
     <span class='ocr_line' id='line_1_34' title="bbox 1884 1846 3421 1922; baseline -0.002 -16"><span class='ocrx_word' id='word_1_250' title='bbox 1884 1855 2089 1922; x_wconf 85' lang='lat' dir='ltr'><strong>eipsum</strong></span> <span class='ocrx_word' id='word_1_251' title='bbox 2136 1850 2422 1920; x_wconf 82' lang='lat' dir='ltr'><strong>cognoscit</strong></span> <span class='ocrx_word' id='word_1_252' title='bbox 2467 1867 2481 1905; x_wconf 91' lang='lat'><strong>:</strong></span> <span class='ocrx_word' id='word_1_253' title='bbox 2522 1849 2615 1905; x_wconf 87' lang='lat' dir='ltr'><strong>sed</strong></span> <span class='ocrx_word' id='word_1_254' title='bbox 2650 1850 2730 1905; x_wconf 88' lang='lat' dir='ltr'><strong>sic</strong></span> <span class='ocrx_word' id='word_1_255' title='bbox 2758 1864 2882 1904; x_wconf 90' lang='lat' dir='ltr'><strong>eum</strong></span> <span class='ocrx_word' id='word_1_256' title='bbox 2915 1848 3245 1913; x_wconf 80' lang='lat' dir='ltr'><strong>videbimus.</strong></span> <span class='ocrx_word' id='word_1_257' title='bbox 3276 1846 3421 1903; x_wconf 86' lang='lat' dir='ltr'><strong>velut</strong></span> 
     </span>
    </p>
   </div>
   <div class='ocr_carea' id='block_1_35' title="bbox 207 1936 1744 2013">
    <p class='ocr_par' dir='ltr' id='par_1_35' title="bbox 207 1936 1744 2010">
     <span class='ocr_line' id='line_1_35' title="bbox 207 1936 1744 2010; baseline 0.001 -19"><span class='ocrx_word' id='word_1_258' title='bbox 207 1939 413 2002; x_wconf 81' lang='grc' dir='ltr'>τανοεῖν,</span> <span class='ocrx_word' id='word_1_259' title='bbox 461 1936 595 1989; x_wconf 72' lang='grc' dir='ltr'>οὔτε</span> <span class='ocrx_word' id='word_1_260' title='bbox 645 1938 707 1991; x_wconf 79' lang='grc' dir='ltr'><strong>τὸ</strong></span> <span class='ocrx_word' id='word_1_261' title='bbox 743 1937 995 2007; x_wconf 80' lang='grc' dir='ltr'>μέγεθος,</span> <span class='ocrx_word' id='word_1_262' title='bbox 1045 1937 1166 1992; x_wconf 78' lang='grc' dir='ltr'>οὔτε</span> <span class='ocrx_word' id='word_1_263' title='bbox 1194 1940 1294 2010; x_wconf 80' lang='grc' dir='ltr'>τὴν</span> <span class='ocrx_word' id='word_1_264' title='bbox 1321 1940 1532 2004; x_wconf 88' lang='grc' dir='ltr'>ούσίαν,</span> <span class='ocrx_word' id='word_1_265' title='bbox 1572 1938 1667 1992; x_wconf 83' lang='grc' dir='ltr'><strong>καὶ</strong></span> <span class='ocrx_word' id='word_1_266' title='bbox 1692 1941 1744 1992; x_wconf 74' lang='grc' dir='ltr'><strong>τὸ</strong></span> 
     </span>
    </p>
   </div>
   <div class='ocr_carea' id='block_1_36' title="bbox 1883 1936 3420 2013">
    <p class='ocr_par' dir='ltr' id='par_1_36' title="bbox 1884 1937 3420 2013">
     <span class='ocr_line' id='line_1_36' title="bbox 1884 1937 3420 2013; baseline -0.001 -18"><span class='ocrx_word' id='word_1_267' title='bbox 1884 1956 1972 1995; x_wconf 92' lang='lat' dir='ltr'><strong>um</strong></span> <span class='ocrx_word' id='word_1_268' title='bbox 2004 1943 2272 2010; x_wconf 80' lang='lat' dir='ltr'><strong>superatis</strong></span> <span class='ocrx_word' id='word_1_269' title='bbox 2303 1954 2425 2009; x_wconf 69' lang='lat' dir='ltr'><strong>qua:</strong></span> <span class='ocrx_word' id='word_1_270' title='bbox 2452 1940 2507 1995; x_wconf 89' lang='lat' dir='ltr'><strong>in</strong></span> <span class='ocrx_word' id='word_1_271' title='bbox 2535 1941 2692 2010; x_wconf 83' lang='lat' dir='ltr'><strong>aquis</strong></span> <span class='ocrx_word' id='word_1_272' title='bbox 2737 1948 2974 2013; x_wconf 76' lang='lat' dir='ltr'><strong>exstant,</strong></span> <span class='ocrx_word' id='word_1_273' title='bbox 3030 1938 3160 1995; x_wconf 91' lang='lat' dir='ltr'><strong>solis</strong></span> <span class='ocrx_word' id='word_1_274' title='bbox 3189 1937 3420 2003; x_wconf 80' lang='lat' dir='ltr'><strong>umbris,</strong></span> 
     </span>
    </p>
   </div>
   <div class='ocr_carea' id='block_1_37' title="bbox 208 2028 1745 2102">
    <p class='ocr_par' dir='ltr' id='par_1_37' title="bbox 208 2028 1745 2099">
     <span class='ocr_line' id='line_1_37' title="bbox 208 2028 1745 2099; baseline 0.002 -18"><span class='ocrx_word' id='word_1_275' title='bbox 208 2028 537 2097; x_wconf 75' lang='grc' dir='ltr'>ὑποκείμενον</span> <span class='ocrx_word' id='word_1_276' title='bbox 587 2029 649 2082; x_wconf 79' lang='grc' dir='ltr'>τὸ</span> <span class='ocrx_word' id='word_1_277' title='bbox 702 2028 947 2083; x_wconf 80' lang='grc' dir='ltr'>δεκτικὸν</span> <span class='ocrx_word' id='word_1_278' title='bbox 985 2030 1083 2083; x_wconf 81' lang='grc' dir='ltr'>τοῦ</span> <span class='ocrx_word' id='word_1_279' title='bbox 1117 2032 1294 2099; x_wconf 81' lang='grc' dir='ltr'>φωτός</span> <span class='ocrx_word' id='word_1_280' title='bbox 1315 2047 1331 2062; x_wconf 91' lang='grc'><strong>·</strong></span> <span class='ocrx_word' id='word_1_281' title='bbox 1381 2029 1508 2083; x_wconf 72' lang='grc' dir='ltr'>οὔτε</span> <span class='ocrx_word' id='word_1_282' title='bbox 1537 2031 1607 2084; x_wconf 89' lang='grc' dir='ltr'><strong>τά</strong></span> <span class='ocrx_word' id='word_1_283' title='bbox 1632 2029 1745 2084; x_wconf 77' lang='grc' dir='ltr'>κατ’</span> 
     </span>
    </p>
   </div>
   <div class='ocr_carea' id='block_1_38' title="bbox 1892 2028 3429 2102">
    <p class='ocr_par' dir='ltr' id='par_1_38' title="bbox 1892 2029 3429 2102">
     <span class='ocr_line' id='line_1_38' title="bbox 1892 2029 3429 2102; baseline -0.001 -16"><span class='ocrx_word' id='word_1_284' title='bbox 1892 2032 2105 2102; x_wconf 80' lang='lat' dir='ltr'><strong>iipsum</strong></span> <span class='ocrx_word' id='word_1_285' title='bbox 2164 2032 2355 2088; x_wconf 88' lang='lat' dir='ltr'><strong>oculos</strong></span> <span class='ocrx_word' id='word_1_286' title='bbox 2411 2033 2581 2087; x_wconf 89' lang='lat' dir='ltr'><strong>solem</strong></span> <span class='ocrx_word' id='word_1_287' title='bbox 2629 2031 3050 2087; x_wconf 84' lang='lat' dir='ltr'><strong>intenderimus.</strong></span> <span class='ocrx_word' id='word_1_288' title='bbox 3080 2029 3239 2086; x_wconf 88' lang='lat' dir='ltr'><strong>Tunc</strong></span> <span class='ocrx_word' id='word_1_289' title='bbox 3270 2029 3429 2085; x_wconf 84' lang='lat' dir='ltr'><strong>eniur</strong></span> 
     </span>
    </p>
   </div>
   <div class='ocr_carea' id='block_1_39' title="bbox 208 2115 1745 2193">
    <p class='ocr_par' dir='ltr' id='par_1_39' title="bbox 208 2115 1745 2193">
     <span class='ocr_line' id='line_1_39' title="bbox 208 2115 1745 2193; baseline 0.001 -20"><span class='ocrx_word' id='word_1_290' title='bbox 208 2121 343 2174; x_wconf 80' lang='grc' dir='ltr'>αὑτὸν</span> <span class='ocrx_word' id='word_1_291' title='bbox 363 2122 567 2185; x_wconf 80' lang='grc' dir='ltr'>πάντα,</span> <span class='ocrx_word' id='word_1_292' title='bbox 608 2120 669 2189; x_wconf 69' lang='grc' dir='ltr'>ἐξ</span> <span class='ocrx_word' id='word_1_293' title='bbox 694 2115 767 2178; x_wconf 79' lang='grc' dir='ltr'>ὧν</span> <span class='ocrx_word' id='word_1_294' title='bbox 798 2121 1052 2185; x_wconf 88' lang='grc' dir='ltr'>σύνθετός</span> <span class='ocrx_word' id='word_1_295' title='bbox 1084 2125 1235 2177; x_wconf 79' lang='grc' dir='ltr'>ἐστιν</span> <span class='ocrx_word' id='word_1_296' title='bbox 1258 2140 1273 2154; x_wconf 88' lang='grc'><strong>·</strong></span> <span class='ocrx_word' id='word_1_297' title='bbox 1307 2125 1459 2192; x_wconf 84' lang='grc' dir='ltr'>ὅμως</span> <span class='ocrx_word' id='word_1_298' title='bbox 1485 2122 1745 2193; x_wconf 84' lang='grc' dir='ltr'>λεγόμεθα</span> 
     </span>
    </p>
   </div>
   <div class='ocr_carea' id='block_1_40' title="bbox 1887 2115 3424 2193">
    <p class='ocr_par' dir='ltr' id='par_1_40' title="bbox 1887 2120 3424 2192">
     <span class='ocr_line' id='line_1_40' title="bbox 1887 2120 3424 2192; baseline -0.002 -14"><span class='ocrx_word' id='word_1_299' title='bbox 1887 2132 1993 2178; x_wconf 78' lang='lat' dir='ltr'><strong>ecte</strong></span> <span class='ocrx_word' id='word_1_300' title='bbox 2025 2124 2270 2178; x_wconf 88' lang='lat' dir='ltr'><strong>dicamur</strong></span> <span class='ocrx_word' id='word_1_301' title='bbox 2295 2123 2478 2192; x_wconf 77' lang='lat' dir='ltr'><strong>videre</strong></span> <span class='ocrx_word' id='word_1_302' title='bbox 2506 2123 2711 2191; x_wconf 80' lang='lat' dir='ltr'><strong>solem;</strong></span> <span class='ocrx_word' id='word_1_303' title='bbox 2738 2123 2953 2179; x_wconf 87' lang='lat' dir='ltr'><strong>tametsi</strong></span> <span class='ocrx_word' id='word_1_304' title='bbox 2992 2138 3120 2179; x_wconf 90' lang='lat' dir='ltr'><strong>eum</strong></span> <span class='ocrx_word' id='word_1_305' title='bbox 3177 2120 3424 2192; x_wconf 79' lang='lat' dir='ltr'><strong>perfecte</strong></span> 
     </span>
    </p>
   </div>
   <div class='ocr_carea' id='block_1_41' title="bbox 209 2213 1746 2286">
    <p class='ocr_par' dir='ltr' id='par_1_41' title="bbox 209 2213 1746 2286">
     <span class='ocr_line' id='line_1_41' title="bbox 209 2213 1746 2286; baseline 0.001 -21"><span class='ocrx_word' id='word_1_306' title='bbox 209 2213 394 2283; x_wconf 76' lang='grc' dir='ltr'>βλέπειν</span> <span class='ocrx_word' id='word_1_307' title='bbox 429 2214 521 2267; x_wconf 77' lang='grc' dir='ltr'>τὸν</span> <span class='ocrx_word' id='word_1_308' title='bbox 558 2214 734 2283; x_wconf 73' lang='grc' dir='ltr'>ἣλιον.</span> <span class='ocrx_word' id='word_1_309' title='bbox 792 2215 903 2269; x_wconf 73' lang='grc' dir='ltr'><strong>Καὶ</strong></span> <span class='ocrx_word' id='word_1_310' title='bbox 931 2215 1088 2268; x_wconf 82' lang='grc' dir='ltr'>τοῦτο</span> <span class='ocrx_word' id='word_1_311' title='bbox 1128 2214 1230 2283; x_wconf 80' lang='grc' dir='ltr'>μὲν</span> <span class='ocrx_word' id='word_1_312' title='bbox 1283 2215 1358 2277; x_wconf 82' lang='grc' dir='ltr'><strong>ὡς</strong></span> <span class='ocrx_word' id='word_1_313' title='bbox 1403 2214 1746 2286; x_wconf 79' lang='grc' dir='ltr'>παράδειγμα</span> 
     </span>
    </p>
   </div>
   <div class='ocr_carea' id='block_1_42' title="bbox 1888 2213 3425 2286">
    <p class='ocr_par' dir='ltr' id='par_1_42' title="bbox 1890 2215 3425 2286">
     <span class='ocr_line' id='line_1_42' title="bbox 1890 2215 3425 2286; baseline 0 -17"><span class='ocrx_word' id='word_1_314' title='bbox 1890 2231 1966 2271; x_wconf 87' lang='lat' dir='ltr'><strong>on</strong></span> <span class='ocrx_word' id='word_1_315' title='bbox 1993 2216 2411 2286; x_wconf 83' lang='lat' dir='ltr'><strong>perspiciamus,</strong></span> <span class='ocrx_word' id='word_1_316' title='bbox 2430 2230 2530 2271; x_wconf 91' lang='lat' dir='ltr'><strong>nec</strong></span> <span class='ocrx_word' id='word_1_317' title='bbox 2562 2225 2765 2286; x_wconf 85' lang='lat' dir='ltr'><strong>quanta</strong></span> <span class='ocrx_word' id='word_1_318' title='bbox 2792 2216 2910 2285; x_wconf 88' lang='lat' dir='ltr'><strong>ejus</strong></span> <span class='ocrx_word' id='word_1_319' title='bbox 2952 2215 3295 2285; x_wconf 79' lang='lat' dir='ltr'><strong>magnitudo,</strong></span> <span class='ocrx_word' id='word_1_320' title='bbox 3324 2228 3425 2271; x_wconf 86' lang='lat' dir='ltr'><strong>nec</strong></span> 
     </span>
    </p>
   </div>
   <div class='ocr_carea' id='block_1_43' title="bbox 206 2296 1743 2380">
    <p class='ocr_par' dir='ltr' id='par_1_43' title="bbox 206 2296 1743 2375">
     <span class='ocr_line' id='line_1_43' title="bbox 206 2296 1743 2375; baseline 0.003 -21"><span class='ocrx_word' id='word_1_321' title='bbox 206 2303 427 2370; x_wconf 73' lang='grc' dir='ltr'>είληικται</span> <span class='ocrx_word' id='word_1_322' title='bbox 446 2319 463 2334; x_wconf 75' lang='grc' dir='ltr'><strong>ο</strong></span> <span class='ocrx_word' id='word_1_323' title='bbox 488 2303 622 2359; x_wconf 79' lang='grc' dir='ltr'>ὅθεν</span> <span class='ocrx_word' id='word_1_324' title='bbox 656 2305 781 2358; x_wconf 73' lang='grc' dir='ltr'>οὐδὲ</span> <span class='ocrx_word' id='word_1_325' title='bbox 818 2305 888 2358; x_wconf 66' lang='grc' dir='ltr'>τὰ</span> <span class='ocrx_word' id='word_1_326' title='bbox 916 2305 1108 2358; x_wconf 84' lang='grc' dir='ltr'>τούτου</span> <span class='ocrx_word' id='word_1_327' title='bbox 1139 2306 1234 2359; x_wconf 78' lang='grc' dir='ltr'>καὶ</span> <span class='ocrx_word' id='word_1_328' title='bbox 1258 2307 1351 2359; x_wconf 70' lang='grc' dir='ltr'><strong>ἐπὶ</strong></span> <span class='ocrx_word' id='word_1_329' title='bbox 1374 2305 1509 2359; x_wconf 79' lang='grc' dir='ltr'>Θεοῦ</span> <span class='ocrx_word' id='word_1_330' title='bbox 1532 2296 1743 2375; x_wconf 73' lang='grc' dir='ltr'>λαμϐά-</span> 
     </span>
    </p>
   </div>
   <div class='ocr_carea' id='block_1_44' title="bbox 1886 2296 3423 2380">
    <p class='ocr_par' dir='ltr' id='par_1_44' title="bbox 1895 2308 3423 2380">
     <span class='ocr_line' id='line_1_44' title="bbox 1895 2308 3423 2380; baseline 0.002 -19"><span class='ocrx_word' id='word_1_331' title='bbox 1895 2319 2055 2364; x_wconf 81' lang='lat' dir='ltr'><strong>uanta</strong></span> <span class='ocrx_word' id='word_1_332' title='bbox 2092 2308 2397 2365; x_wconf 85' lang='lat' dir='ltr'><strong>substantia</strong></span> <span class='ocrx_word' id='word_1_333' title='bbox 2446 2322 2511 2365; x_wconf 86' lang='lat' dir='ltr'><strong>ac</strong></span> <span class='ocrx_word' id='word_1_334' title='bbox 2560 2309 2905 2379; x_wconf 90' lang='lat' dir='ltr'><strong>suppositum</strong></span> <span class='ocrx_word' id='word_1_335' title='bbox 2947 2308 3120 2363; x_wconf 89' lang='lat' dir='ltr'><strong>lucem</strong></span> <span class='ocrx_word' id='word_1_336' title='bbox 3167 2316 3423 2380; x_wconf 83' lang='lat' dir='ltr'><strong>gestans;</strong></span> 
     </span>
    </p>
   </div>
   <div class='ocr_carea' id='block_1_45' title="bbox 208 2395 1745 2471">
    <p class='ocr_par' dir='ltr' id='par_1_45' title="bbox 208 2395 1745 2469">
     <span class='ocr_line' id='line_1_45' title="bbox 208 2395 1745 2469; baseline 0.001 -23"><span class='ocrx_word' id='word_1_337' title='bbox 208 2412 300 2448; x_wconf 86' lang='grc' dir='ltr'>νειν</span> <span class='ocrx_word' id='word_1_338' title='bbox 325 2395 402 2448; x_wconf 76' lang='grc' dir='ltr'><strong>δεῖ</strong></span> <span class='ocrx_word' id='word_1_339' title='bbox 448 2397 657 2464; x_wconf 76' lang='grc' dir='ltr'>πάντα,</span> <span class='ocrx_word' id='word_1_340' title='bbox 686 2398 775 2451; x_wconf 73' lang='grc' dir='ltr'>ἶνα</span> <span class='ocrx_word' id='word_1_341' title='bbox 812 2397 889 2469; x_wconf 81' lang='grc' dir='ltr'>μὴ</span> <span class='ocrx_word' id='word_1_342' title='bbox 922 2398 1058 2467; x_wconf 83' lang='grc' dir='ltr'>πρὸς</span> <span class='ocrx_word' id='word_1_343' title='bbox 1088 2399 1199 2461; x_wconf 77' lang='grc' dir='ltr'>τοῖς</span> <span class='ocrx_word' id='word_1_344' title='bbox 1233 2397 1414 2460; x_wconf 79' lang='grc' dir='ltr'>ἀλλοις</span> <span class='ocrx_word' id='word_1_345' title='bbox 1466 2398 1561 2452; x_wconf 68' lang='grc' dir='ltr'><strong>καὶ</strong></span> <span class='ocrx_word' id='word_1_346' title='bbox 1590 2400 1745 2466; x_wconf 73' lang='grc' dir='ltr'>περί-</span> 
     </span>
    </p>
   </div>
   <div class='ocr_carea' id='block_1_46' title="bbox 1885 2395 3422 2471">
    <p class='ocr_par' dir='ltr' id='par_1_46' title="bbox 1885 2400 3422 2471">
     <span class='ocr_line' id='line_1_46' title="bbox 1885 2400 3422 2471; baseline 0.003 -21"><span class='ocrx_word' id='word_1_347' title='bbox 1885 2415 1955 2455; x_wconf 59' lang='grc' dir='ltr'><strong>ιΘΟ</strong></span> <span class='ocrx_word' id='word_1_348' title='bbox 1993 2400 2225 2470; x_wconf 85' lang='lat' dir='ltr'><strong>denique</strong></span> <span class='ocrx_word' id='word_1_349' title='bbox 2257 2409 2462 2470; x_wconf 85' lang='lat' dir='ltr'><strong>quanta</strong></span> <span class='ocrx_word' id='word_1_350' title='bbox 2492 2401 2611 2470; x_wconf 88' lang='lat' dir='ltr'><strong>ejus</strong></span> <span class='ocrx_word' id='word_1_351' title='bbox 2643 2400 2850 2465; x_wconf 89' lang='lat' dir='ltr'><strong>omnia,</strong></span> <span class='ocrx_word' id='word_1_352' title='bbox 2882 2415 2949 2455; x_wconf 87' lang='lat' dir='ltr'><strong>ex</strong></span> <span class='ocrx_word' id='word_1_353' title='bbox 2974 2400 3175 2471; x_wconf 82' lang='lat' dir='ltr'><strong>quibus</strong></span> <span class='ocrx_word' id='word_1_354' title='bbox 3195 2415 3422 2471; x_wconf 86' lang='lat' dir='ltr'><strong>compo-</strong></span> 
     </span>
    </p>
   </div>
   <div class='ocr_carea' id='block_1_47' title="bbox 207 2488 1744 2562">
    <p class='ocr_par' dir='ltr' id='par_1_47' title="bbox 207 2488 1154 2561">
     <span class='ocr_line' id='line_1_47' title="bbox 207 2488 1154 2561; baseline 0.003 -19"><span class='ocrx_word' id='word_1_355' title='bbox 207 2489 424 2558; x_wconf 77' lang='grc' dir='ltr'>γραπτὸν</span> <span class='ocrx_word' id='word_1_356' title='bbox 439 2490 536 2543; x_wconf 77' lang='grc' dir='ltr'>τὸν</span> <span class='ocrx_word' id='word_1_357' title='bbox 567 2488 704 2543; x_wconf 76' lang='grc' dir='ltr'>θεὸν</span> <span class='ocrx_word' id='word_1_358' title='bbox 732 2488 1154 2561; x_wconf 70' lang='grc' dir='ltr'>φαπασθῶμεν.</span> 
     </span>
    </p>
   </div>
   <div class='ocr_carea' id='block_1_48' title="bbox 1913 2488 3450 2562">
    <p class='ocr_par' dir='ltr' id='par_1_48' title="bbox 1913 2490 3450 2562">
     <span class='ocr_line' id='line_1_48' title="bbox 1913 2490 3450 2562; baseline -0.001 -16"><span class='ocrx_word' id='word_1_359' title='bbox 1913 2505 1991 2547; x_wconf 82' lang='lat' dir='ltr'><strong>tus</strong></span> <span class='ocrx_word' id='word_1_360' title='bbox 2018 2501 2124 2546; x_wconf 88' lang='lat' dir='ltr'><strong>est.</strong></span> <span class='ocrx_word' id='word_1_361' title='bbox 2149 2491 2215 2546; x_wconf 86' lang='lat' dir='ltr'><strong>Et</strong></span> <span class='ocrx_word' id='word_1_362' title='bbox 2245 2491 2347 2547; x_wconf 88' lang='lat' dir='ltr'><strong>hoc</strong></span> <span class='ocrx_word' id='word_1_363' title='bbox 2369 2490 2588 2561; x_wconf 82' lang='lat' dir='ltr'><strong>quidem</strong></span> <span class='ocrx_word' id='word_1_364' title='bbox 2642 2492 2789 2546; x_wconf 86' lang='lat' dir='ltr'><strong>velut</strong></span> <span class='ocrx_word' id='word_1_365' title='bbox 2831 2492 3141 2562; x_wconf 85' lang='lat' dir='ltr'><strong>exemplum</strong></span> <span class='ocrx_word' id='word_1_366' title='bbox 3175 2506 3450 2560; x_wconf 58' lang='lat' dir='ltr'><strong>assump-v</strong></span> 
     </span>
    </p>
   </div>
   <div class='ocr_carea' id='block_1_49' title="bbox 210 2586 3447 2669">
    <p class='ocr_par' dir='ltr' id='par_1_49' title="bbox 210 2586 3447 2669">
     <span class='ocr_line' id='line_1_49' title="bbox 210 2586 3447 2669; baseline 0 -28"><span class='ocrx_word' id='word_1_367' title='bbox 210 2596 304 2642; x_wconf 88' lang='lat' dir='ltr'><strong>tum</strong></span> <span class='ocrx_word' id='word_1_368' title='bbox 350 2596 464 2655; x_wconf 88' lang='lat' dir='ltr'><strong>est;</strong></span> <span class='ocrx_word' id='word_1_369' title='bbox 525 2587 674 2643; x_wconf 87' lang='lat' dir='ltr'><strong>unde</strong></span> <span class='ocrx_word' id='word_1_370' title='bbox 729 2602 831 2645; x_wconf 84' lang='lat' dir='ltr'><strong>nec</strong></span> <span class='ocrx_word' id='word_1_371' title='bbox 878 2588 997 2659; x_wconf 84' lang='lat' dir='ltr'><strong>ejus</strong></span> <span class='ocrx_word' id='word_1_372' title='bbox 1050 2589 1232 2644; x_wconf 82' lang='lat' dir='ltr'><strong>omnia</strong></span> <span class='ocrx_word' id='word_1_373' title='bbox 1258 2596 1313 2644; x_wconf 91' lang='lat' dir='ltr'><strong>et</strong></span> <span class='ocrx_word' id='word_1_374' title='bbox 1346 2588 1401 2644; x_wconf 91' lang='lat' dir='ltr'><strong>in</strong></span> <span class='ocrx_word' id='word_1_375' title='bbox 1436 2587 1547 2644; x_wconf 87' lang='lat' dir='ltr'><strong>Deo</strong></span> <span class='ocrx_word' id='word_1_376' title='bbox 1594 2587 1905 2657; x_wconf 78' lang='lat' dir='ltr'><strong>uSurpanda</strong></span> <span class='ocrx_word' id='word_1_377' title='bbox 1949 2597 2097 2654; x_wconf 86' lang='lat' dir='ltr'><strong>sunt,</strong></span> <span class='ocrx_word' id='word_1_378' title='bbox 2159 2603 2228 2643; x_wconf 90' lang='lat' dir='ltr'><strong>ne</strong></span> <span class='ocrx_word' id='word_1_379' title='bbox 2272 2592 2467 2660; x_wconf 71' lang='lat' dir='ltr'><strong>praeter</strong></span> <span class='ocrx_word' id='word_1_380' title='bbox 2532 2588 2658 2656; x_wconf 86' lang='lat' dir='ltr'><strong>alia,</strong></span> <span class='ocrx_word' id='word_1_381' title='bbox 2725 2588 2888 2644; x_wconf 85' lang='lat' dir='ltr'><strong>etiam</strong></span> <span class='ocrx_word' id='word_1_382' title='bbox 2950 2586 3119 2644; x_wconf 88' lang='lat' dir='ltr'><strong>Deum</strong></span> <span class='ocrx_word' id='word_1_383' title='bbox 3190 2588 3447 2669; x_wconf 75' lang='lat' dir='ltr'><strong>circum-_</strong></span> 
     </span>
    </p>
   </div>
   <div class='ocr_carea' id='block_1_50' title="bbox 209 2683 941 2756">
    <p class='ocr_par' dir='ltr' id='par_1_50' title="bbox 209 2683 941 2756">
     <span class='ocr_line' id='line_1_50' title="bbox 209 2683 941 2756; baseline 0.001 -17"><span class='ocrx_word' id='word_1_384' title='bbox 209 2683 441 2752; x_wconf 71' lang='lat' dir='ltr'><strong>scriptum</strong></span> <span class='ocrx_word' id='word_1_385' title='bbox 472 2684 868 2756; x_wconf 82' lang='lat' dir='ltr'><strong>intelligamus.</strong></span> <span class='ocrx_word' id='word_1_386' title='bbox 935 2700 941 2706; x_wconf 94' lang='grc'><strong>·</strong></span> 
     </span>
    </p>
   </div>
   <div class='ocr_carea' id='block_1_51' title="bbox 265 2772 1802 2851">
    <p class='ocr_par' dir='ltr' id='par_1_51' title="bbox 265 2775 1750 2851">
     <span class='ocr_line' id='line_1_51' title="bbox 265 2775 1750 2851; baseline 0.001 -21"><span class='ocrx_word' id='word_1_387' title='bbox 265 2775 531 2847; x_wconf 64' lang='grc' dir='ltr'>Μακάριοι</span> <span class='ocrx_word' id='word_1_388' title='bbox 580 2781 760 2833; x_wconf 84' lang='grc' dir='ltr'>τοίνυν</span> <span class='ocrx_word' id='word_1_389' title='bbox 820 2778 1077 2851; x_wconf 72' lang='grc' dir='ltr'>ἐσόμεθα,</span> <span class='ocrx_word' id='word_1_390' title='bbox 1125 2779 1208 2832; x_wconf 80' lang='grc' dir='ltr'>ὅτι</span> <span class='ocrx_word' id='word_1_391' title='bbox 1257 2779 1286 2833; x_wconf 78' lang='grc' dir='ltr'>ὃ</span> <span class='ocrx_word' id='word_1_392' title='bbox 1332 2780 1393 2834; x_wconf 82' lang='grc' dir='ltr'><strong>οὐ</strong></span> <span class='ocrx_word' id='word_1_393' title='bbox 1458 2780 1750 2851; x_wconf 76' lang='grc' dir='ltr'>βλέπομεν,</span> 
     </span>
    </p>
   </div>
   <div class='ocr_carea' id='block_1_52' title="bbox 1895 2772 3432 2851">
    <p class='ocr_par' dir='ltr' id='par_1_52' title="bbox 1927 2772 3432 2846">
     <span class='ocr_line' id='line_1_52' title="bbox 1927 2772 3432 2846; baseline -0.004 -15"><span class='ocrx_word' id='word_1_394' title='bbox 1927 2777 2076 2831; x_wconf 67' lang='grc' dir='ltr'><strong>Βροῑί</strong></span> <span class='ocrx_word' id='word_1_395' title='bbox 2110 2772 2240 2845; x_wconf 79' lang='lat' dir='ltr'><strong>ergo</strong></span> <span class='ocrx_word' id='word_1_396' title='bbox 2280 2775 2507 2839; x_wconf 87' lang='lat' dir='ltr'><strong>erimus,</strong></span> <span class='ocrx_word' id='word_1_397' title='bbox 2565 2775 2782 2846; x_wconf 85' lang='lat' dir='ltr'><strong>quodid</strong></span> <span class='ocrx_word' id='word_1_398' title='bbox 2814 2776 2958 2844; x_wconf 82' lang='lat' dir='ltr'><strong>quod</strong></span> <span class='ocrx_word' id='word_1_399' title='bbox 3006 2790 3110 2830; x_wconf 90' lang='lat' dir='ltr'><strong>non</strong></span> <span class='ocrx_word' id='word_1_400' title='bbox 3164 2775 3432 2830; x_wconf 80' lang='lat' dir='ltr'><strong>videmus.</strong></span> 
     </span>
    </p>
   </div>
   <div class='ocr_carea' id='block_1_53' title="bbox 211 2865 1748 2946">
    <p class='ocr_par' dir='ltr' id='par_1_53' title="bbox 211 2865 1748 2943">
     <span class='ocr_line' id='line_1_53' title="bbox 211 2865 1748 2943; baseline 0.003 -25"><span class='ocrx_word' id='word_1_401' title='bbox 211 2865 572 2936; x_wconf 74' lang='grc' dir='ltr'>ἀναμφιϐόλως</span> <span class='ocrx_word' id='word_1_402' title='bbox 600 2868 951 2938; x_wconf 84' lang='grc' dir='ltr'>πιστεύομεν.</span> <span class='ocrx_word' id='word_1_403' title='bbox 987 2872 1086 2925; x_wconf 81' lang='grc' dir='ltr'>Διά</span> <span class='ocrx_word' id='word_1_404' title='bbox 1118 2871 1235 2943; x_wconf 82' lang='grc' dir='ltr'>γὰρ</span> <span class='ocrx_word' id='word_1_405' title='bbox 1270 2875 1369 2942; x_wconf 83' lang='grc' dir='ltr'><strong>τῆς</strong></span> <span class='ocrx_word' id='word_1_406' title='bbox 1397 2873 1633 2935; x_wconf 82' lang='grc' dir='ltr'>πίστεως</span> <span class='ocrx_word' id='word_1_407' title='bbox 1662 2871 1748 2923; x_wconf 66' lang='grc' dir='ltr'>ἐπὶ</span> 
     </span>
    </p>
   </div>
   <div class='ocr_carea' id='block_1_54' title="bbox 1894 2865 3431 2946">
    <p class='ocr_par' dir='ltr' id='par_1_54' title="bbox 1896 2866 3431 2946">
     <span class='ocr_line' id='line_1_54' title="bbox 1896 2866 3431 2946; baseline -0.003 -21"><span class='ocrx_word' id='word_1_408' title='bbox 1896 2873 1997 2925; x_wconf 88' lang='lat' dir='ltr'><strong>itra</strong></span> <span class='ocrx_word' id='word_1_409' title='bbox 2027 2884 2245 2924; x_wconf 83' lang='lat' dir='ltr'><strong>omnem</strong></span> <span class='ocrx_word' id='word_1_410' title='bbox 2278 2868 2674 2923; x_wconf 87' lang='lat' dir='ltr'><strong>dubitationem</strong></span> <span class='ocrx_word' id='word_1_411' title='bbox 2728 2868 3090 2946; x_wconf 65' lang='lat' dir='ltr'><strong>credimus.&quot;.</strong></span> <span class='ocrx_word' id='word_1_412' title='bbox 3133 2866 3236 2922; x_wconf 88' lang='lat' dir='ltr'><strong>Per</strong></span> <span class='ocrx_word' id='word_1_413' title='bbox 3270 2868 3431 2923; x_wconf 85' lang='lat' dir='ltr'><strong>iidem</strong></span> 
     </span>
    </p>
   </div>
   <div class='ocr_carea' id='block_1_55' title="bbox 212 2958 1749 3031">
    <p class='ocr_par' dir='ltr' id='par_1_55' title="bbox 212 2958 1749 3031">
     <span class='ocr_line' id='line_1_55' title="bbox 212 2958 1749 3031; baseline 0.003 -22"><span class='ocrx_word' id='word_1_414' title='bbox 212 2958 293 3027; x_wconf 77' lang='grc' dir='ltr'>τὴν</span> <span class='ocrx_word' id='word_1_415' title='bbox 317 2958 557 3029; x_wconf 73' lang='grc' dir='ltr'>ἄρρητον</span> <span class='ocrx_word' id='word_1_416' title='bbox 580 2960 678 3029; x_wconf 81' lang='grc' dir='ltr'>τῆς</span> <span class='ocrx_word' id='word_1_417' title='bbox 707 2960 867 3028; x_wconf 88' lang='grc' dir='ltr'>ἀγίας</span> <span class='ocrx_word' id='word_1_418' title='bbox 895 2962 1136 3030; x_wconf 74' lang='grc' dir='ltr'>,Τριάδος</span> <span class='ocrx_word' id='word_1_419' title='bbox 1170 2964 1587 3031; x_wconf 81' lang='grc' dir='ltr'>καταντήσομεν</span> <span class='ocrx_word' id='word_1_420' title='bbox 1620 2960 1749 3013; x_wconf 88' lang='grc' dir='ltr'>θεω-</span> 
     </span>
    </p>
   </div>
   <div class='ocr_carea' id='block_1_56' title="bbox 1899 2958 3436 3031">
    <p class='ocr_par' dir='ltr' id='par_1_56' title="bbox 1899 2958 3436 3029">
     <span class='ocr_line' id='line_1_56' title="bbox 1899 2958 3436 3029; baseline -0.001 -15"><span class='ocrx_word' id='word_1_421' title='bbox 1899 2963 2026 3026; x_wconf 88' lang='lat' dir='ltr'><strong>nim,</strong></span> <span class='ocrx_word' id='word_1_422' title='bbox 2060 2960 2123 3013; x_wconf 88' lang='lat' dir='ltr'><strong>ad</strong></span> <span class='ocrx_word' id='word_1_423' title='bbox 2162 2974 2417 3014; x_wconf 89' lang='lat' dir='ltr'><strong>arcanam</strong></span> <span class='ocrx_word' id='word_1_424' title='bbox 2455 2968 2659 3014; x_wconf 84' lang='lat' dir='ltr'><strong>sanctae</strong></span> <span class='ocrx_word' id='word_1_425' title='bbox 2695 2958 2981 3014; x_wconf 87' lang='lat' dir='ltr'><strong>Trinitatis</strong></span> <span class='ocrx_word' id='word_1_426' title='bbox 3017 2959 3436 3029; x_wconf 86' lang='lat' dir='ltr'><strong>contemplatio-</strong></span> 
     </span>
    </p>
   </div>
   <div class='ocr_carea' id='block_1_57' title="bbox 215 3047 1752 3123">
    <p class='ocr_par' dir='ltr' id='par_1_57' title="bbox 215 3048 1752 3123">
     <span class='ocr_line' id='line_1_57' title="bbox 215 3048 1752 3123; baseline 0.003 -23"><span class='ocrx_word' id='word_1_427' title='bbox 215 3048 338 3118; x_wconf 79' lang='grc' dir='ltr'>ρίαν,</span> <span class='ocrx_word' id='word_1_428' title='bbox 366 3053 457 3103; x_wconf 80' lang='grc' dir='ltr'><strong>καὶ</strong></span> <span class='ocrx_word' id='word_1_429' title='bbox 484 3050 584 3104; x_wconf 68' lang='grc' dir='ltr'>τὸν</span> <span class='ocrx_word' id='word_1_430' title='bbox 605 3050 739 3103; x_wconf 81' lang='grc' dir='ltr'>Θεὸν</span> <span class='ocrx_word' id='word_1_431' title='bbox 766 3050 1030 3121; x_wconf 68' lang='grc' dir='ltr'>ὀψόμεθα,</span> <span class='ocrx_word' id='word_1_432' title='bbox 1064 3053 1206 3106; x_wconf 82' lang='grc' dir='ltr'>κατὰ</span> <span class='ocrx_word' id='word_1_433' title='bbox 1239 3053 1338 3123; x_wconf 77' lang='grc' dir='ltr'>τὴν</span> <span class='ocrx_word' id='word_1_434' title='bbox 1379 3051 1475 3106; x_wconf 76' lang='grc' dir='ltr'><strong>τοῦ</strong></span> <span class='ocrx_word' id='word_1_435' title='bbox 1503 3052 1752 3123; x_wconf 80' lang='grc' dir='ltr'><strong>Σωτῆρος</strong></span> 
     </span>
    </p>
   </div>
   <div class='ocr_carea' id='block_1_58' title="bbox 1900 3047 3437 3123">
    <p class='ocr_par' dir='ltr' id='par_1_58' title="bbox 1902 3047 3437 3119">
     <span class='ocr_line' id='line_1_58' title="bbox 1902 3047 3437 3119; baseline -0.002 -13"><span class='ocrx_word' id='word_1_436' title='bbox 1902 3066 1984 3106; x_wconf 90' lang='lat' dir='ltr'><strong>em</strong></span> <span class='ocrx_word' id='word_1_437' title='bbox 2018 3050 2389 3114; x_wconf 81' lang='lat' dir='ltr'><strong>deveniemus,</strong></span> <span class='ocrx_word' id='word_1_438' title='bbox 2442 3048 2749 3119; x_wconf 89' lang='lat' dir='ltr'><strong>Deumque,</strong></span> <span class='ocrx_word' id='word_1_439' title='bbox 2777 3047 2933 3117; x_wconf 83' lang='lat' dir='ltr'><strong>juxta</strong></span> <span class='ocrx_word' id='word_1_440' title='bbox 2976 3048 3122 3119; x_wconf 85' lang='lat' dir='ltr'><strong>quod</strong></span> <span class='ocrx_word' id='word_1_441' title='bbox 3184 3050 3437 3104; x_wconf 81' lang='lat' dir='ltr'><strong>Salvator</strong></span> 
     </span>
    </p>
   </div>
   <div class='ocr_carea' id='block_1_59' title="bbox 215 3137 1752 3214">
    <p class='ocr_par' dir='ltr' id='par_1_59' title="bbox 215 3137 1752 3212">
     <span class='ocr_line' id='line_1_59' title="bbox 215 3137 1752 3212; baseline 0.001 -21"><span class='ocrx_word' id='word_1_442' title='bbox 215 3137 481 3208; x_wconf 79' lang='grc' dir='ltr'>ὑπόσχεσιν</span> <span class='ocrx_word' id='word_1_443' title='bbox 501 3157 520 3171; x_wconf 76' lang='grc' dir='ltr'><strong>ο</strong></span> <span class='ocrx_word' id='word_1_444' title='bbox 557 3140 645 3194; x_wconf 80' lang='grc' dir='ltr'><strong>ὅτε</strong></span> <span class='ocrx_word' id='word_1_445' title='bbox 676 3142 840 3195; x_wconf 80' lang='grc' dir='ltr'>αὐτὸν</span> <span class='ocrx_word' id='word_1_446' title='bbox 862 3142 1075 3212; x_wconf 75' lang='grc' dir='ltr'>ἔχοντες</span> <span class='ocrx_word' id='word_1_447' title='bbox 1096 3144 1158 3196; x_wconf 86' lang='grc' dir='ltr'>τὺ</span> <span class='ocrx_word' id='word_1_448' title='bbox 1188 3144 1415 3212; x_wconf 76' lang='grc' dir='ltr'>ἔσχατον</span> <span class='ocrx_word' id='word_1_449' title='bbox 1444 3142 1667 3210; x_wconf 78' lang='grc' dir='ltr'>ἀγαθὸν,</span> <span class='ocrx_word' id='word_1_450' title='bbox 1695 3142 1752 3193; x_wconf 83' lang='grc' dir='ltr'><strong>ού</strong></span> 
     </span>
    </p>
   </div>
   <div class='ocr_carea' id='block_1_60' title="bbox 1919 3137 3456 3214">
    <p class='ocr_par' dir='ltr' id='par_1_60' title="bbox 1919 3140 3437 3212">
     <span class='ocr_line' id='line_1_60' title="bbox 1919 3140 3437 3212; baseline -0.002 -14"><span class='ocrx_word' id='word_1_451' title='bbox 1919 3144 2136 3198; x_wconf 73' lang='lat' dir='ltr'><strong>illicitus</strong></span> <span class='ocrx_word' id='word_1_452' title='bbox 2166 3142 2320 3206; x_wconf 80' lang='lat' dir='ltr'><strong>est“,</strong></span> <span class='ocrx_word' id='word_1_453' title='bbox 2352 3140 2523 3195; x_wconf 85' lang='lat' dir='ltr'><strong>visuri</strong></span> <span class='ocrx_word' id='word_1_454' title='bbox 2554 3157 2744 3195; x_wconf 89' lang='lat' dir='ltr'><strong>sumus</strong></span> <span class='ocrx_word' id='word_1_455' title='bbox 2772 3142 3013 3211; x_wconf 82' lang='lat' dir='ltr'><strong>;quando</strong></span> <span class='ocrx_word' id='word_1_456' title='bbox 3044 3142 3161 3210; x_wconf 90' lang='lat' dir='ltr'><strong>ipsa</strong></span> <span class='ocrx_word' id='word_1_457' title='bbox 3195 3143 3437 3212; x_wconf 86' lang='lat' dir='ltr'><strong>supremi</strong></span> 
     </span>
    </p>
   </div>
   <div class='ocr_carea' id='block_1_61' title="bbox 212 3226 1749 3306">
    <p class='ocr_par' dir='ltr' id='par_1_61' title="bbox 212 3226 1749 3305">
     <span class='ocr_line' id='line_1_61' title="bbox 212 3226 1749 3305; baseline 0.003 -24"><span class='ocrx_word' id='word_1_458' title='bbox 212 3228 487 3299; x_wconf 72' lang='grc' dir='ltr'>δεησόμεθα</span> <span class='ocrx_word' id='word_1_459' title='bbox 510 3232 690 3295; x_wconf 81' lang='grc' dir='ltr'>τινός·</span> <span class='ocrx_word' id='word_1_460' title='bbox 723 3232 860 3286; x_wconf 87' lang='grc' dir='ltr'><strong>ἀλλά</strong></span> <span class='ocrx_word' id='word_1_461' title='bbox 908 3233 1338 3303; x_wconf 85' lang='grc' dir='ltr'>πλησθησόμεθα</span> <span class='ocrx_word' id='word_1_462' title='bbox 1361 3235 1505 3305; x_wconf 79' lang='grc' dir='ltr'>ζωῆς</span> <span class='ocrx_word' id='word_1_463' title='bbox 1535 3226 1749 3286; x_wconf 51' lang='lat' dir='ltr'><strong>atthica</strong></span> 
     </span>
    </p>
   </div>
   <div class='ocr_carea' id='block_1_62' title="bbox 1899 3226 3436 3306">
    <p class='ocr_par' dir='ltr' id='par_1_62' title="bbox 1899 3234 3436 3306">
     <span class='ocr_line' id='line_1_62' title="bbox 1899 3234 3436 3306; baseline 0.001 -21"><span class='ocrx_word' id='word_1_464' title='bbox 1899 3235 2003 3289; x_wconf 80' lang='lat' dir='ltr'><strong>toni</strong></span> <span class='ocrx_word' id='word_1_465' title='bbox 2037 3234 2383 3303; x_wconf 83' lang='lat' dir='ltr'><strong>possessione</strong></span> <span class='ocrx_word' id='word_1_466' title='bbox 2416 3234 2583 3295; x_wconf 84' lang='lat' dir='ltr'><strong>beati,</strong></span> <span class='ocrx_word' id='word_1_467' title='bbox 2610 3234 2811 3289; x_wconf 88' lang='lat' dir='ltr'><strong>nullius</strong></span> <span class='ocrx_word' id='word_1_468' title='bbox 2839 3235 3160 3306; x_wconf 83' lang='lat' dir='ltr'><strong>egebimus;</strong></span> <span class='ocrx_word' id='word_1_469' title='bbox 3197 3239 3291 3291; x_wconf 86' lang='lat' dir='ltr'><strong>sed</strong></span> <span class='ocrx_word' id='word_1_470' title='bbox 3326 3234 3436 3288; x_wconf 83' lang='lat' dir='ltr'><strong>vita</strong></span> 
     </span>
    </p>
   </div>
   <div class='ocr_carea' id='block_1_63' title="bbox 216 3321 1753 3395">
    <p class='ocr_par' dir='ltr' id='par_1_63' title="bbox 216 3321 1753 3395">
     <span class='ocr_line' id='line_1_63' title="bbox 216 3321 1753 3395; baseline 0.003 -23"><span class='ocrx_word' id='word_1_471' title='bbox 216 3321 293 3372; x_wconf 80' lang='grc' dir='ltr'><strong>καὶ</strong></span> <span class='ocrx_word' id='word_1_472' title='bbox 306 3323 470 3390; x_wconf 84' lang='grc' dir='ltr'>χαρᾶς</span> <span class='ocrx_word' id='word_1_473' title='bbox 501 3324 601 3375; x_wconf 79' lang='grc' dir='ltr'><strong>καὶ</strong></span> <span class='ocrx_word' id='word_1_474' title='bbox 630 3322 1029 3390; x_wconf 79' lang='grc' dir='ltr'><strong>ἀγαλλιάσεως,</strong></span> <span class='ocrx_word' id='word_1_475' title='bbox 1066 3326 1203 3378; x_wconf 82' lang='grc' dir='ltr'>καθὸ</span> <span class='ocrx_word' id='word_1_476' title='bbox 1239 3327 1478 3395; x_wconf 82' lang='grc' dir='ltr'>πέφυκεν</span> <span class='ocrx_word' id='word_1_477' title='bbox 1508 3325 1753 3389; x_wconf 77' lang='grc' dir='ltr'>ἕκαστος,</span> 
     </span>
    </p>
   </div>
   <div class='ocr_carea' id='block_1_64' title="bbox 1900 3321 3437 3395">
    <p class='ocr_par' dir='ltr' id='par_1_64' title="bbox 1900 3324 3437 3395">
     <span class='ocr_line' id='line_1_64' title="bbox 1900 3324 3437 3395; baseline 0 -15"><span class='ocrx_word' id='word_1_478' title='bbox 1900 3334 2075 3381; x_wconf 78' lang='lat' dir='ltr'><strong>eterna</strong></span> <span class='ocrx_word' id='word_1_479' title='bbox 2103 3332 2158 3379; x_wconf 89' lang='lat' dir='ltr'><strong>et</strong></span> <span class='ocrx_word' id='word_1_480' title='bbox 2192 3324 2388 3393; x_wconf 83' lang='lat' dir='ltr'><strong>gaudio</strong></span> <span class='ocrx_word' id='word_1_481' title='bbox 2420 3334 2476 3379; x_wconf 88' lang='lat' dir='ltr'><strong>et</strong></span> <span class='ocrx_word' id='word_1_482' title='bbox 2510 3326 2889 3390; x_wconf 82' lang='lat' dir='ltr'><strong>exsultatione,</strong></span> <span class='ocrx_word' id='word_1_483' title='bbox 2918 3340 3016 3394; x_wconf 86' lang='lat' dir='ltr'><strong>pro</strong></span> <span class='ocrx_word' id='word_1_484' title='bbox 3052 3340 3117 3379; x_wconf 91' lang='lat' dir='ltr'><strong>eo</strong></span> <span class='ocrx_word' id='word_1_485' title='bbox 3141 3340 3204 3380; x_wconf 88' lang='lat' dir='ltr'><strong>ac</strong></span> <span class='ocrx_word' id='word_1_486' title='bbox 3238 3326 3437 3395; x_wconf 89' lang='lat' dir='ltr'><strong>cuique</strong></span> 
     </span>
    </p>
   </div>
   <div class='ocr_carea' id='block_1_65' title="bbox 216 3414 1753 3490">
    <p class='ocr_par' dir='ltr' id='par_1_65' title="bbox 216 3414 1753 3488">
     <span class='ocr_line' id='line_1_65' title="bbox 216 3414 1753 3488; baseline 0.005 -25"><span class='ocrx_word' id='word_1_487' title='bbox 216 3416 337 3465; x_wconf 78' lang='grc' dir='ltr'>κατὰ</span> <span class='ocrx_word' id='word_1_488' title='bbox 358 3414 455 3485; x_wconf 79' lang='grc' dir='ltr'>τὴν</span> <span class='ocrx_word' id='word_1_489' title='bbox 488 3414 793 3480; x_wconf 79' lang='grc' dir='ltr'>ἀναλογίαν</span> <span class='ocrx_word' id='word_1_490' title='bbox 825 3417 1064 3480; x_wconf 83' lang='grc' dir='ltr'>πίστεως</span> <span class='ocrx_word' id='word_1_491' title='bbox 1108 3418 1199 3471; x_wconf 75' lang='grc' dir='ltr'>καὶ</span> <span class='ocrx_word' id='word_1_492' title='bbox 1249 3419 1341 3471; x_wconf 79' lang='grc' dir='ltr'><strong>τοῦ</strong></span> <span class='ocrx_word' id='word_1_493' title='bbox 1372 3419 1618 3488; x_wconf 81' lang='grc' dir='ltr'>καμάτου</span> <span class='ocrx_word' id='word_1_494' title='bbox 1667 3419 1753 3471; x_wconf 86' lang='grc' dir='ltr'>αύ-</span> 
     </span>
    </p>
   </div>
   <div class='ocr_carea' id='block_1_66' title="bbox 1900 3414 3437 3490">
    <p class='ocr_par' dir='ltr' id='par_1_66' title="bbox 1900 3418 3437 3490">
     <span class='ocr_line' id='line_1_66' title="bbox 1900 3418 3437 3490; baseline -0.001 -16"><span class='ocrx_word' id='word_1_495' title='bbox 1900 3429 2235 3490; x_wconf 88' lang='lat' dir='ltr'><strong>omparatum</strong></span> <span class='ocrx_word' id='word_1_496' title='bbox 2286 3426 2394 3482; x_wconf 86' lang='lat' dir='ltr'><strong>est,</strong></span> <span class='ocrx_word' id='word_1_497' title='bbox 2446 3433 2542 3487; x_wconf 89' lang='lat' dir='ltr'><strong>pro</strong></span> <span class='ocrx_word' id='word_1_498' title='bbox 2573 3418 2699 3471; x_wconf 82' lang='lat' dir='ltr'><strong>ﬁdei</strong></span> <span class='ocrx_word' id='word_1_499' title='bbox 2762 3428 2962 3475; x_wconf 54' lang='lat' dir='ltr'><strong>nostra).</strong></span> <span class='ocrx_word' id='word_1_500' title='bbox 3013 3419 3227 3474; x_wconf 88' lang='lat' dir='ltr'><strong>ratione</strong></span> <span class='ocrx_word' id='word_1_501' title='bbox 3274 3428 3437 3487; x_wconf 87' lang='lat' dir='ltr'><strong>atque</strong></span> 
     </span>
    </p>
   </div>
   <div class='ocr_carea' id='block_1_67' title="bbox 218 3500 1755 3584">
    <p class='ocr_par' dir='ltr' id='par_1_67' title="bbox 218 3500 1755 3584">
     <span class='ocr_line' id='line_1_67' title="bbox 218 3500 1755 3584; baseline 0.006 -32"><span class='ocrx_word' id='word_1_502' title='bbox 218 3500 343 3553; x_wconf 80' lang='grc' dir='ltr'>τῶν·</span> <span class='ocrx_word' id='word_1_503' title='bbox 368 3505 459 3556; x_wconf 78' lang='grc' dir='ltr'>καὶ</span> <span class='ocrx_word' id='word_1_504' title='bbox 492 3506 606 3576; x_wconf 85' lang='grc' dir='ltr'>γὰρ</span> <span class='ocrx_word' id='word_1_505' title='bbox 639 3507 807 3584; x_wconf 63' lang='grc' dir='ltr'>μονὰς</span> <span class='ocrx_word' id='word_1_506' title='bbox 838 3508 1041 3571; x_wconf 81' lang='grc' dir='ltr'>πολλὰς</span> <span class='ocrx_word' id='word_1_507' title='bbox 1084 3510 1234 3577; x_wconf 82' lang='grc' dir='ltr'>παρά</span> <span class='ocrx_word' id='word_1_508' title='bbox 1266 3508 1344 3578; x_wconf 83' lang='grc' dir='ltr'><strong>τῷ</strong></span> <span class='ocrx_word' id='word_1_509' title='bbox 1373 3508 1492 3577; x_wconf 84' lang='grc' dir='ltr'><strong>Θεῷ</strong></span> <span class='ocrx_word' id='word_1_510' title='bbox 1523 3508 1755 3577; x_wconf 65' lang='grc' dir='ltr'>ἡκούσας</span> 
     </span>
    </p>
   </div>
   <div class='ocr_carea' id='block_1_68' title="bbox 1902 3500 3439 3584">
    <p class='ocr_par' dir='ltr' id='par_1_68' title="bbox 1902 3507 3439 3578">
     <span class='ocr_line' id='line_1_68' title="bbox 1902 3507 3439 3578; baseline 0.001 -15"><span class='ocrx_word' id='word_1_511' title='bbox 1902 3510 2090 3572; x_wconf 64' lang='lat' dir='ltr'><strong>altoris,</strong></span> <span class='ocrx_word' id='word_1_512' title='bbox 2151 3508 2511 3578; x_wconf 84' lang='lat' dir='ltr'><strong>implebimur.</strong></span> <span class='ocrx_word' id='word_1_513' title='bbox 2585 3507 2799 3564; x_wconf 86' lang='lat' dir='ltr'><strong>Etenim</strong></span> <span class='ocrx_word' id='word_1_514' title='bbox 2860 3510 3175 3565; x_wconf 86' lang='lat' dir='ltr'><strong>mansiones</strong></span> <span class='ocrx_word' id='word_1_515' title='bbox 3238 3510 3439 3565; x_wconf 85' lang='lat' dir='ltr'><strong>multas</strong></span> 
     </span>
    </p>
   </div>
   <div class='ocr_carea' id='block_1_69' title="bbox 219 3587 1756 3670">
    <p class='ocr_par' dir='ltr' id='par_1_69' title="bbox 219 3587 1756 3668">
     <span class='ocr_line' id='line_1_69' title="bbox 219 3587 1756 3668; baseline 0.006 -25"><span class='ocrx_word' id='word_1_516' title='bbox 219 3607 302 3657; x_wconf 79' lang='grc' dir='ltr'><strong>μιν</strong></span> <span class='ocrx_word' id='word_1_517' title='bbox 333 3587 467 3646; x_wconf 70' lang='grc' dir='ltr'>εἶναι</span> <span class='ocrx_word' id='word_1_518' title='bbox 488 3610 504 3625; x_wconf 88' lang='grc'>·</span> <span class='ocrx_word' id='word_1_519' title='bbox 555 3596 633 3665; x_wconf 83' lang='grc' dir='ltr'>μὴ</span> <span class='ocrx_word' id='word_1_520' title='bbox 684 3595 806 3649; x_wconf 86' lang='grc' dir='ltr'>κατ’</span> <span class='ocrx_word' id='word_1_521' title='bbox 835 3597 1016 3665; x_wconf 83' lang='grc' dir='ltr'>ὀλίγον</span> <span class='ocrx_word' id='word_1_522' title='bbox 1057 3598 1117 3651; x_wconf 84' lang='grc' dir='ltr'>τὸ</span> <span class='ocrx_word' id='word_1_523' title='bbox 1146 3595 1367 3650; x_wconf 85' lang='grc' dir='ltr'>δυνατὸν</span> <span class='ocrx_word' id='word_1_524' title='bbox 1392 3599 1526 3668; x_wconf 73' lang='grc' dir='ltr'>ἡμῖν</span> <span class='ocrx_word' id='word_1_525' title='bbox 1553 3597 1756 3668; x_wconf 77' lang='grc' dir='ltr'>λαμϐά-</span> 
     </span>
    </p>
   </div>
   <div class='ocr_carea' id='block_1_70' title="bbox 1904 3587 3441 3670">
    <p class='ocr_par' dir='ltr' id='par_1_70' title="bbox 1904 3599 3441 3670">
     <span class='ocr_line' id='line_1_70' title="bbox 1904 3599 3441 3670; baseline 0.001 -16"><span class='ocrx_word' id='word_1_526' title='bbox 1904 3602 2005 3668; x_wconf 87' lang='lat' dir='ltr'><strong>pud</strong></span> <span class='ocrx_word' id='word_1_527' title='bbox 2035 3599 2201 3653; x_wconf 88' lang='lat' dir='ltr'><strong>Deum</strong></span> <span class='ocrx_word' id='word_1_528' title='bbox 2237 3614 2357 3653; x_wconf 90' lang='lat' dir='ltr'><strong>esse</strong></span> <span class='ocrx_word' id='word_1_529' title='bbox 2382 3599 2788 3666; x_wconf 78' lang='lat' dir='ltr'><strong>audivimus&quot;;</strong></span> <span class='ocrx_word' id='word_1_530' title='bbox 2824 3615 2890 3653; x_wconf 84' lang='lat' dir='ltr'><strong>ne</strong></span> <span class='ocrx_word' id='word_1_531' title='bbox 2918 3601 3176 3670; x_wconf 88' lang='lat' dir='ltr'><strong>paulatim</strong></span> <span class='ocrx_word' id='word_1_532' title='bbox 3209 3600 3259 3655; x_wconf 90' lang='lat' dir='ltr'><strong>id</strong></span> <span class='ocrx_word' id='word_1_533' title='bbox 3280 3600 3441 3669; x_wconf 72' lang='lat' dir='ltr'><strong>cujus</strong></span> 
     </span>
    </p>
   </div>
   <div class='ocr_carea' id='block_1_71' title="bbox 217 3680 1754 3761">
    <p class='ocr_par' dir='ltr' id='par_1_71' title="bbox 217 3687 1754 3761">
     <span class='ocr_line' id='line_1_71' title="bbox 217 3687 1754 3761; baseline 0.005 -26"><span class='ocrx_word' id='word_1_534' title='bbox 217 3699 395 3751; x_wconf 85' lang='grc' dir='ltr'>νοντες,</span> <span class='ocrx_word' id='word_1_535' title='bbox 425 3687 593 3756; x_wconf 83' lang='grc' dir='ltr'>ἀτελῆ</span> <span class='ocrx_word' id='word_1_536' title='bbox 644 3688 741 3742; x_wconf 75' lang='grc' dir='ltr'>καὶ</span> <span class='ocrx_word' id='word_1_537' title='bbox 772 3690 908 3757; x_wconf 81' lang='grc' dir='ltr'><strong>μετά</strong></span> <span class='ocrx_word' id='word_1_538' title='bbox 937 3688 1116 3761; x_wconf 85' lang='grc' dir='ltr'>λύπης</span> <span class='ocrx_word' id='word_1_539' title='bbox 1158 3689 1259 3761; x_wconf 83' lang='grc' dir='ltr'>τὴν</span> <span class='ocrx_word' id='word_1_540' title='bbox 1292 3691 1520 3743; x_wconf 73' lang='grc' dir='ltr'>αἰωνίαν</span> <span class='ocrx_word' id='word_1_541' title='bbox 1550 3689 1754 3759; x_wconf 62' lang='grc' dir='ltr'>εκείνην</span> 
     </span>
    </p>
   </div>
   <div class='ocr_carea' id='block_1_72' title="bbox 1899 3680 3436 3761">
    <p class='ocr_par' dir='ltr' id='par_1_72' title="bbox 1900 3680 3436 3761">
     <span class='ocr_line' id='line_1_72' title="bbox 1900 3680 3436 3761; baseline -0.002 -16"><span class='ocrx_word' id='word_1_542' title='bbox 1900 3705 2096 3761; x_wconf 87' lang='lat' dir='ltr'><strong>apaces</strong></span> <span class='ocrx_word' id='word_1_543' title='bbox 2132 3680 2328 3745; x_wconf 78' lang='lat' dir='ltr'><strong>sumus</strong></span> <span class='ocrx_word' id='word_1_544' title='bbox 2383 3684 2751 3758; x_wconf 81' lang='lat' dir='ltr'><strong>accipientes,</strong></span> <span class='ocrx_word' id='word_1_545' title='bbox 2799 3689 3174 3761; x_wconf 78' lang='lat' dir='ltr'><strong>imperfectam</strong></span> <span class='ocrx_word' id='word_1_546' title='bbox 3236 3699 3436 3745; x_wconf 87' lang='lat' dir='ltr'><strong>etcum</strong></span> 
     </span>
    </p>
   </div>
   <div class='ocr_carea' id='block_1_73' title="bbox 219 3771 1756 3851">
    <p class='ocr_par' dir='ltr' id='par_1_73' title="bbox 219 3771 1756 3851">
     <span class='ocr_line' id='line_1_73' title="bbox 219 3771 1756 3851; baseline 0.006 -27"><span class='ocrx_word' id='word_1_547' title='bbox 219 3771 424 3844; x_wconf 80' lang='grc' dir='ltr'>θεωρίαν</span> <span class='ocrx_word' id='word_1_548' title='bbox 458 3777 558 3830; x_wconf 78' lang='grc' dir='ltr'>τοῦ</span> <span class='ocrx_word' id='word_1_549' title='bbox 611 3779 746 3832; x_wconf 80' lang='grc' dir='ltr'>Θεοῦ</span> <span class='ocrx_word' id='word_1_550' title='bbox 790 3781 884 3834; x_wconf 74' lang='grc' dir='ltr'>καὶ</span> <span class='ocrx_word' id='word_1_551' title='bbox 910 3781 1211 3835; x_wconf 80' lang='grc' dir='ltr'>ἀπόλαυσιν</span> <span class='ocrx_word' id='word_1_552' title='bbox 1241 3780 1475 3851; x_wconf 80' lang='grc' dir='ltr'>ἔχωμεν,</span> <span class='ocrx_word' id='word_1_553' title='bbox 1513 3782 1609 3833; x_wconf 73' lang='grc' dir='ltr'><strong>καὶ</strong></span> <span class='ocrx_word' id='word_1_554' title='bbox 1645 3779 1756 3850; x_wconf 77' lang='grc' dir='ltr'>μετ¹</span> 
     </span>
    </p>
   </div>
   <div class='ocr_carea' id='block_1_74' title="bbox 1903 3771 3440 3851">
    <p class='ocr_par' dir='ltr' id='par_1_74' title="bbox 1908 3777 3440 3848">
     <span class='ocr_line' id='line_1_74' title="bbox 1908 3777 3440 3848; baseline 0.003 -21"><span class='ocrx_word' id='word_1_555' title='bbox 1908 3790 2105 3831; x_wconf 71' lang='lat' dir='ltr'><strong>imrore</strong></span> <span class='ocrx_word' id='word_1_556' title='bbox 2136 3777 2435 3831; x_wconf 81' lang='lat' dir='ltr'><strong>habeamus</strong></span> <span class='ocrx_word' id='word_1_557' title='bbox 2470 3788 2729 3832; x_wconf 77' lang='lat' dir='ltr'><strong>:eternam</strong></span> <span class='ocrx_word' id='word_1_558' title='bbox 2764 3778 2910 3832; x_wconf 80' lang='lat' dir='ltr'><strong>illam</strong></span> <span class='ocrx_word' id='word_1_559' title='bbox 2946 3779 3038 3834; x_wconf 88' lang='lat' dir='ltr'><strong>Dei</strong></span> <span class='ocrx_word' id='word_1_560' title='bbox 3097 3778 3440 3848; x_wconf 88' lang='lat' dir='ltr'><strong>contempla-</strong></span> 
     </span>
    </p>
   </div>
   <div class='ocr_carea' id='block_1_75' title="bbox 217 3860 1754 3943">
    <p class='ocr_par' dir='ltr' id='par_1_75' title="bbox 217 3864 1754 3943">
     <span class='ocr_line' id='line_1_75' title="bbox 217 3864 1754 3943; baseline 0.007 -28"><span class='ocrx_word' id='word_1_561' title='bbox 217 3864 402 3932; x_wconf 73' lang='grc' dir='ltr'>ἐλπίδος</span> <span class='ocrx_word' id='word_1_562' title='bbox 433 3871 531 3924; x_wconf 74' lang='grc' dir='ltr'>καὶ</span> <span class='ocrx_word' id='word_1_563' title='bbox 561 3872 800 3939; x_wconf 78' lang='grc' dir='ltr'>ἐφέσεως</span> <span class='ocrx_word' id='word_1_564' title='bbox 829 3874 991 3926; x_wconf 79' lang='grc' dir='ltr'>κάκεῖ</span> <span class='ocrx_word' id='word_1_565' title='bbox 1025 3875 1279 3943; x_wconf 71' lang='grc' dir='ltr'>ζήσωμεν</span> <span class='ocrx_word' id='word_1_566' title='bbox 1299 3889 1315 3905; x_wconf 76' lang='grc' dir='ltr'><strong>ο</strong></span> <span class='ocrx_word' id='word_1_567' title='bbox 1344 3873 1439 3926; x_wconf 80' lang='grc' dir='ltr'>καὶ</span> <span class='ocrx_word' id='word_1_568' title='bbox 1473 3872 1594 3924; x_wconf 89' lang='grc' dir='ltr'>τότε</span> <span class='ocrx_word' id='word_1_569' title='bbox 1624 3888 1754 3941; x_wconf 84' lang='grc' dir='ltr'>συμ-</span> 
     </span>
    </p>
   </div>
   <div class='ocr_carea' id='block_1_76' title="bbox 1903 3860 3440 3943">
    <p class='ocr_par' dir='ltr' id='par_1_76' title="bbox 1903 3860 3440 3940">
     <span class='ocr_line' id='line_1_76' title="bbox 1903 3860 3440 3940; baseline 0.003 -20"><span class='ocrx_word' id='word_1_570' title='bbox 1903 3871 2067 3921; x_wconf 75' lang='lat' dir='ltr'><strong>imtem</strong></span> <span class='ocrx_word' id='word_1_571' title='bbox 2097 3882 2160 3921; x_wconf 88' lang='lat' dir='ltr'><strong>ac</strong></span> <span class='ocrx_word' id='word_1_572' title='bbox 2184 3860 2609 3937; x_wconf 69' lang='lat' dir='ltr'><strong>jncmiditatem,</strong></span> <span class='ocrx_word' id='word_1_573' title='bbox 2639 3883 2802 3940; x_wconf 85' lang='lat' dir='ltr'><strong>atque</strong></span> <span class='ocrx_word' id='word_1_574' title='bbox 2825 3870 2933 3924; x_wconf 86' lang='lat' dir='ltr'><strong>illic</strong></span> <span class='ocrx_word' id='word_1_575' title='bbox 2958 3871 3123 3925; x_wconf 89' lang='lat' dir='ltr'><strong>etiam</strong></span> <span class='ocrx_word' id='word_1_576' title='bbox 3158 3884 3252 3939; x_wconf 88' lang='lat' dir='ltr'><strong>spe</strong></span> <span class='ocrx_word' id='word_1_577' title='bbox 3292 3871 3440 3925; x_wconf 87' lang='lat' dir='ltr'><strong>desi-</strong></span> 
     </span>
    </p>
   </div>
   <div class='ocr_carea' id='block_1_77' title="bbox 222 3954 1759 4034">
    <p class='ocr_par' dir='ltr' id='par_1_77' title="bbox 222 3954 1759 4034">
     <span class='ocr_line' id='line_1_77' title="bbox 222 3954 1759 4034; baseline 0.012 -26"><span class='ocrx_word' id='word_1_578' title='bbox 222 3954 426 4026; x_wconf 73' lang='grc' dir='ltr'>ϐήσεται</span> <span class='ocrx_word' id='word_1_579' title='bbox 454 3964 593 4033; x_wconf 74' lang='grc' dir='ltr'>ἡμῖν</span> <span class='ocrx_word' id='word_1_580' title='bbox 619 3963 838 4033; x_wconf 72' lang='grc' dir='ltr'>ἔχουσιν</span> <span class='ocrx_word' id='word_1_581' title='bbox 864 3964 1027 4017; x_wconf 81' lang='grc' dir='ltr'>αὐτὸν</span> <span class='ocrx_word' id='word_1_582' title='bbox 1058 3964 1151 4016; x_wconf 83' lang='grc' dir='ltr'><strong>τὸν</strong></span> <span class='ocrx_word' id='word_1_583' title='bbox 1177 3963 1333 4030; x_wconf 82' lang='grc' dir='ltr'>Θεὸν,</span> <span class='ocrx_word' id='word_1_584' title='bbox 1365 3958 1427 4018; x_wconf 75' lang='grc' dir='ltr'><strong>οὖ</strong></span> <span class='ocrx_word' id='word_1_585' title='bbox 1455 3969 1759 4034; x_wconf 76' lang='grc' dir='ltr'>γενομένοις</span> 
     </span>
    </p>
   </div>
   <div class='ocr_carea' id='block_1_78' title="bbox 1902 3954 3439 4034">
    <p class='ocr_par' dir='ltr' id='par_1_78' title="bbox 1905 3959 3439 4033">
     <span class='ocr_line' id='line_1_78' title="bbox 1905 3959 3439 4033; baseline 0.003 -21"><span class='ocrx_word' id='word_1_586' title='bbox 1905 3959 2125 4028; x_wconf 78' lang='lat' dir='ltr'><strong>erioque</strong></span> <span class='ocrx_word' id='word_1_587' title='bbox 2177 3961 2340 4013; x_wconf 79' lang='lat' dir='ltr'><strong>vitam</strong></span> <span class='ocrx_word' id='word_1_588' title='bbox 2397 3970 2771 4016; x_wconf 84' lang='lat' dir='ltr'><strong>sustentcmus</strong></span> <span class='ocrx_word' id='word_1_589' title='bbox 2824 3979 2840 4015; x_wconf 87' lang='lat'><strong>:</strong></span> <span class='ocrx_word' id='word_1_590' title='bbox 2902 3971 3126 4032; x_wconf 87' lang='lat' dir='ltr'><strong>tumque</strong></span> <span class='ocrx_word' id='word_1_591' title='bbox 3161 3964 3439 4033; x_wconf 80' lang='lat' dir='ltr'><strong>continget</strong></span> 
     </span>
    </p>
   </div>
   <div class='ocr_carea' id='block_1_79' title="bbox 223 4050 1760 4127">
    <p class='ocr_par' dir='ltr' id='par_1_79' title="bbox 223 4053 1760 4127">
     <span class='ocr_line' id='line_1_79' title="bbox 223 4053 1760 4127; baseline 0.001 -21"><span class='ocrx_word' id='word_1_592' title='bbox 223 4053 382 4123; x_wconf 70' lang='grc' dir='ltr'>πάσης</span> <span class='ocrx_word' id='word_1_593' title='bbox 410 4055 649 4122; x_wconf 79' lang='grc' dir='ltr'>θεωρίας</span> <span class='ocrx_word' id='word_1_594' title='bbox 688 4056 1015 4122; x_wconf 82' lang='grc' dir='ltr'>ἀνάπαυσις,</span> <span class='ocrx_word' id='word_1_595' title='bbox 1046 4057 1183 4127; x_wconf 75' lang='grc' dir='ltr'>ὅπερ</span> <span class='ocrx_word' id='word_1_596' title='bbox 1206 4058 1233 4110; x_wconf 80' lang='grc' dir='ltr'><strong>ὁ</strong></span> <span class='ocrx_word' id='word_1_597' title='bbox 1258 4058 1552 4127; x_wconf 79' lang='grc' dir='ltr'>Προφήτης</span> <span class='ocrx_word' id='word_1_598' title='bbox 1579 4056 1760 4126; x_wconf 80' lang='grc' dir='ltr'>φησὶν,</span> 
     </span>
    </p>
   </div>
   <div class='ocr_carea' id='block_1_80' title="bbox 1901 4050 3438 4127">
    <p class='ocr_par' dir='ltr' id='par_1_80' title="bbox 1901 4050 3438 4125">
     <span class='ocr_line' id='line_1_80' title="bbox 1901 4050 3438 4125; baseline 0.005 -22"><span class='ocrx_word' id='word_1_599' title='bbox 1901 4050 2029 4105; x_wconf 48' lang='grc' dir='ltr'>ηοωε</span> <span class='ocrx_word' id='word_1_600' title='bbox 2064 4051 2233 4105; x_wconf 88' lang='lat' dir='ltr'><strong>Deum</strong></span> <span class='ocrx_word' id='word_1_601' title='bbox 2263 4052 2440 4121; x_wconf 89' lang='lat' dir='ltr'><strong>ipsum</strong></span> <span class='ocrx_word' id='word_1_602' title='bbox 2479 4055 2829 4121; x_wconf 81' lang='lat' dir='ltr'><strong>habentibus,</strong></span> <span class='ocrx_word' id='word_1_603' title='bbox 2888 4055 3046 4125; x_wconf 86' lang='lat' dir='ltr'><strong>cujus</strong></span> <span class='ocrx_word' id='word_1_604' title='bbox 3091 4056 3249 4111; x_wconf 89' lang='lat' dir='ltr'><strong>nobis</strong></span> <span class='ocrx_word' id='word_1_605' title='bbox 3303 4056 3438 4111; x_wconf 85' lang='lat' dir='ltr'><strong>ade-</strong></span> 
     </span>
    </p>
   </div>
   <div class='ocr_carea' id='block_1_81' title="bbox 230 4143 1767 4220">
    <p class='ocr_par' dir='ltr' id='par_1_81' title="bbox 230 4146 1336 4220">
     <span class='ocr_line' id='line_1_81' title="bbox 230 4146 1336 4220; baseline 0.004 -23"><span class='ocrx_word' id='word_1_606' title='bbox 230 4164 249 4197; x_wconf 78' lang='grc' dir='ltr'><strong>ι</strong></span> <span class='ocrx_word' id='word_1_607' title='bbox 288 4146 340 4200; x_wconf 86' lang='grc'><strong>⁸0</strong></span> <span class='ocrx_word' id='word_1_608' title='bbox 367 4146 422 4201; x_wconf 73' lang='grc' dir='ltr'><strong>δὶ</strong></span> <span class='ocrx_word' id='word_1_609' title='bbox 445 4148 655 4211; x_wconf 78' lang='grc' dir='ltr'>δίκαιος</span> <span class='ocrx_word' id='word_1_610' title='bbox 685 4148 750 4203; x_wconf 79' lang='grc' dir='ltr'>ὲκ</span> <span class='ocrx_word' id='word_1_611' title='bbox 781 4148 1012 4213; x_wconf 85' lang='grc' dir='ltr'>πίστεως</span> <span class='ocrx_word' id='word_1_612' title='bbox 1035 4148 1281 4220; x_wconf 80' lang='grc' dir='ltr'>ζήσεται.</span> <span class='ocrx_word' id='word_1_613' title='bbox 1316 4169 1336 4201; x_wconf 70' lang='grc' dir='ltr'><strong>ι</strong></span> 
     </span>
    </p>
   </div>
   <div class='ocr_carea' id='block_1_82' title="bbox 1902 4143 3439 4220">
    <p class='ocr_par' dir='ltr' id='par_1_82' title="bbox 1902 4143 3439 4219">
     <span class='ocr_line' id='line_1_82' title="bbox 1902 4143 3439 4219; baseline 0.004 -23"><span class='ocrx_word' id='word_1_614' title='bbox 1902 4143 2058 4197; x_wconf 80' lang='lat' dir='ltr'><strong>tione</strong></span> <span class='ocrx_word' id='word_1_615' title='bbox 2124 4145 2309 4219; x_wconf 82' lang='lat' dir='ltr'><strong>omnis</strong></span> <span class='ocrx_word' id='word_1_616' title='bbox 2374 4145 2612 4198; x_wconf 84' lang='lat' dir='ltr'><strong>sedanda</strong></span> <span class='ocrx_word' id='word_1_617' title='bbox 2668 4148 3060 4216; x_wconf 80' lang='lat' dir='ltr'><strong>contemplatio</strong></span> <span class='ocrx_word' id='word_1_618' title='bbox 3120 4158 3229 4211; x_wconf 85' lang='lat' dir='ltr'><strong>est,</strong></span> <span class='ocrx_word' id='word_1_619' title='bbox 3294 4148 3439 4218; x_wconf 89' lang='lat' dir='ltr'><strong>quod</strong></span> 
     </span>
    </p>
   </div>
   <div class='ocr_carea' id='block_1_83' title="bbox 1871 4235 3441 4304">
    <p class='ocr_par' dir='ltr' id='par_1_83' title="bbox 1871 4235 3441 4304">
     <span class='ocr_line' id='line_1_83' title="bbox 1871 4235 3441 4304; baseline 0.004 -17"><span class='ocrx_word' id='word_1_620' title='bbox 1871 4235 2135 4304; x_wconf 81' lang='lat' dir='ltr'><strong>propheta</strong></span> <span class='ocrx_word' id='word_1_621' title='bbox 2205 4236 2280 4289; x_wconf 86' lang='lat' dir='ltr'><strong>ait</strong></span> <span class='ocrx_word' id='word_1_622' title='bbox 2353 4254 2365 4289; x_wconf 93' lang='lat'>:</span> <span class='ocrx_word' id='word_1_623' title='bbox 2444 4254 2462 4287; x_wconf 76' lang='grc' dir='ltr'><strong>ι</strong></span> <span class='ocrx_word' id='word_1_624' title='bbox 2536 4235 2725 4290; x_wconf 81' lang='lat' dir='ltr'><strong>Justus</strong></span> <span class='ocrx_word' id='word_1_625' title='bbox 2793 4248 2971 4292; x_wconf 88' lang='lat' dir='ltr'><strong>autem</strong></span> <span class='ocrx_word' id='word_1_626' title='bbox 3044 4253 3109 4292; x_wconf 81' lang='lat' dir='ltr'><strong>ex</strong></span> <span class='ocrx_word' id='word_1_627' title='bbox 3180 4238 3284 4293; x_wconf 79' lang='lat' dir='ltr'><strong>ﬁde</strong></span> <span class='ocrx_word' id='word_1_628' title='bbox 3356 4240 3441 4294; x_wconf 80' lang='lat' dir='ltr'><strong>vi-</strong></span> 
     </span>
    </p>
   </div>
   <div class='ocr_carea' id='block_1_84' title="bbox 1869 4328 2121 4381">
    <p class='ocr_par' dir='ltr' id='par_1_84' title="bbox 1869 4328 2121 4381">
     <span class='ocr_line' id='line_1_84' title="bbox 1869 4328 2121 4381; baseline 0 -3"><span class='ocrx_word' id='word_1_629' title='bbox 1869 4337 1955 4381; x_wconf 78' lang='lat' dir='ltr'><strong>vet</strong></span> <span class='ocrx_word' id='word_1_630' title='bbox 1992 4328 2057 4380; x_wconf 80' lang='grc'><strong>⁷³.</strong></span> <span class='ocrx_word' id='word_1_631' title='bbox 2098 4345 2121 4378; x_wconf 69' lang='grc' dir='ltr'>θ</span> 
     </span>
    </p>
   </div>
   <div class='ocr_carea' id='block_1_85' title="bbox 796 4405 2333 4475">
    <p class='ocr_par' dir='ltr' id='par_1_85' title="bbox 796 4405 2195 4460">
     <span class='ocr_line' id='line_1_85' title="bbox 796 4405 2195 4460; baseline 0.003 -2"><span class='ocrx_word' id='word_1_632' title='bbox 796 4405 1047 4459; x_wconf 78' lang='grc' dir='ltr'><strong>ΕΠΙΛΟΓ</strong></span> <span class='ocrx_word' id='word_1_633' title='bbox 1052 4407 1155 4460; x_wconf 83' lang='grc' dir='ltr'><strong>ΟΣ.</strong></span> <span class='ocrx_word' id='word_1_634' title='bbox 2192 4422 2195 4423; x_wconf 65' lang='grc'><strong><em>⁷</em></strong></span> 
     </span>
    </p>
   </div>
   <div class='ocr_carea' id='block_1_86' title="bbox 1309 4405 2846 4475">
    <p class='ocr_par' dir='ltr' id='par_1_86' title="bbox 2192 4417 2846 4475">
     <span class='ocr_line' id='line_1_86' title="bbox 2192 4417 2846 4475; baseline 0.005 -5"><span class='ocrx_word' id='word_1_635' title='bbox 2192 4422 2195 4423; x_wconf 63' lang='grc'><strong><em>⁷</em></strong></span> <span class='ocrx_word' id='word_1_636' title='bbox 2432 4417 2846 4475; x_wconf 70' lang='lat' dir='ltr'><strong>PERORATIO.</strong></span> 
     </span>
    </p>
   </div>
   <div class='ocr_carea' id='block_1_87' title="bbox 289 4492 1826 4585">
    <p class='ocr_par' dir='ltr' id='par_1_87' title="bbox 289 4492 1826 4578">
     <span class='ocr_line' id='line_1_87' title="bbox 289 4492 1826 4578; baseline 0.003 -30"><span class='ocrx_word' id='word_1_637' title='bbox 289 4492 390 4549; x_wconf 83' lang='grc' dir='ltr'>Ἵνα</span> <span class='ocrx_word' id='word_1_638' title='bbox 446 4498 626 4549; x_wconf 79' lang='grc' dir='ltr'>τοίνυν</span> <span class='ocrx_word' id='word_1_639' title='bbox 680 4498 773 4550; x_wconf 73' lang='grc' dir='ltr'><strong>ἐπὶ</strong></span> <span class='ocrx_word' id='word_1_640' title='bbox 824 4497 886 4550; x_wconf 80' lang='grc' dir='ltr'>τὸ</span> <span class='ocrx_word' id='word_1_641' title='bbox 932 4498 1285 4567; x_wconf 77' lang='grc' dir='ltr'>ἐλπιζόμενον</span> <span class='ocrx_word' id='word_1_642' title='bbox 1334 4501 1760 4570; x_wconf 80' lang='grc' dir='ltr'>καταντήσωμεν</span> <span class='ocrx_word' id='word_1_643' title='bbox 1794 4523 1826 4578; x_wconf 67' lang='grc' dir='ltr'><strong>ῃ</strong></span> 
     </span>
    </p>
   </div>
   <div class='ocr_carea' id='block_1_88' title="bbox 1907 4492 3444 4585">
    <p class='ocr_par' dir='ltr' id='par_1_88' title="bbox 1939 4509 3444 4585">
     <span class='ocr_line' id='line_1_88' title="bbox 1939 4509 3444 4585; baseline 0.002 -19"><span class='ocrx_word' id='word_1_644' title='bbox 1939 4509 2008 4566; x_wconf 87' lang='lat' dir='ltr'><strong>Ut</strong></span> <span class='ocrx_word' id='word_1_645' title='bbox 2032 4512 2191 4581; x_wconf 82' lang='lat' dir='ltr'><strong>igitur</strong></span> <span class='ocrx_word' id='word_1_646' title='bbox 2220 4511 2284 4564; x_wconf 89' lang='lat' dir='ltr'><strong>ad</strong></span> <span class='ocrx_word' id='word_1_647' title='bbox 2323 4514 2520 4567; x_wconf 86' lang='lat' dir='ltr'><strong>bonum</strong></span> <span class='ocrx_word' id='word_1_648' title='bbox 2546 4513 2598 4565; x_wconf 91' lang='lat' dir='ltr'><strong>in</strong></span> <span class='ocrx_word' id='word_1_649' title='bbox 2626 4527 2721 4581; x_wconf 91' lang='lat' dir='ltr'><strong>spe</strong></span> <span class='ocrx_word' id='word_1_650' title='bbox 2754 4513 2909 4567; x_wconf 88' lang='lat' dir='ltr'><strong>nobis</strong></span> <span class='ocrx_word' id='word_1_651' title='bbox 2938 4514 3230 4584; x_wconf 83' lang='lat' dir='ltr'><strong>repositum</strong></span> <span class='ocrx_word' id='word_1_652' title='bbox 3256 4530 3444 4585; x_wconf 84' lang='lat' dir='ltr'><strong>perve-</strong></span> 
     </span>
    </p>
   </div>
   <div class='ocr_carea' id='block_1_89' title="bbox 226 4587 1763 4670">
    <p class='ocr_par' dir='ltr' id='par_1_89' title="bbox 226 4587 1763 4664">
     <span class='ocr_line' id='line_1_89' title="bbox 226 4587 1763 4664; baseline 0.009 -29"><span class='ocrx_word' id='word_1_653' title='bbox 226 4587 425 4651; x_wconf 77' lang='grc' dir='ltr'>ἀγαθὸν,</span> <span class='ocrx_word' id='word_1_654' title='bbox 459 4590 751 4658; x_wconf 78' lang='grc' dir='ltr'>ὀφείλομεν</span> <span class='ocrx_word' id='word_1_655' title='bbox 776 4589 1058 4642; x_wconf 85' lang='grc' dir='ltr'>πιστεύειν</span> <span class='ocrx_word' id='word_1_656' title='bbox 1096 4592 1192 4643; x_wconf 70' lang='grc' dir='ltr'>καὶ</span> <span class='ocrx_word' id='word_1_657' title='bbox 1242 4591 1477 4660; x_wconf 77' lang='grc' dir='ltr'>βεὸαίως</span> <span class='ocrx_word' id='word_1_658' title='bbox 1509 4596 1763 4664; x_wconf 80' lang='grc' dir='ltr'>κατέχειν</span> 
     </span>
    </p>
   </div>
   <div class='ocr_carea' id='block_1_90' title="bbox 1899 4587 3436 4670">
    <p class='ocr_par' dir='ltr' id='par_1_90' title="bbox 1899 4606 3436 4670">
     <span class='ocr_line' id='line_1_90' title="bbox 1899 4606 3436 4670; baseline 0.003 -11"><span class='ocrx_word' id='word_1_659' title='bbox 1899 4611 2107 4669; x_wconf 65' lang='lat' dir='ltr'><strong>iiamus,</strong></span> <span class='ocrx_word' id='word_1_660' title='bbox 2149 4619 2376 4660; x_wconf 84' lang='lat' dir='ltr'><strong>necesse</strong></span> <span class='ocrx_word' id='word_1_661' title='bbox 2418 4614 2593 4659; x_wconf 86' lang='lat' dir='ltr'><strong>estut</strong></span> <span class='ocrx_word' id='word_1_662' title='bbox 2630 4606 3046 4670; x_wconf 78' lang='lat' dir='ltr'><strong>credamus,‘ac</strong></span> <span class='ocrx_word' id='word_1_663' title='bbox 3086 4621 3291 4663; x_wconf 76' lang='lat' dir='ltr'><strong>sanctae</strong></span> <span class='ocrx_word' id='word_1_664' title='bbox 3340 4608 3436 4663; x_wconf 82' lang='lat' dir='ltr'><strong>Dei</strong></span> 
     </span>
    </p>
   </div>
   <div class='ocr_carea' id='block_1_91' title="bbox 223 4677 1760 4771">
    <p class='ocr_par' dir='ltr' id='par_1_91' title="bbox 223 4677 1760 4757">
     <span class='ocr_line' id='line_1_91' title="bbox 223 4677 1760 4757; baseline 0.009 -32"><span class='ocrx_word' id='word_1_665' title='bbox 223 4678 282 4727; x_wconf 67' lang='grc' dir='ltr'><strong>τὰ</strong></span> <span class='ocrx_word' id='word_1_666' title='bbox 302 4677 533 4747; x_wconf 79' lang='grc' dir='ltr'>δόγματα</span> <span class='ocrx_word' id='word_1_667' title='bbox 558 4680 657 4749; x_wconf 85' lang='grc' dir='ltr'>τῆς</span> <span class='ocrx_word' id='word_1_668' title='bbox 686 4680 847 4750; x_wconf 82' lang='grc' dir='ltr'>ἁγίας</span> <span class='ocrx_word' id='word_1_669' title='bbox 876 4681 970 4734; x_wconf 82' lang='grc' dir='ltr'>τοῦ</span> <span class='ocrx_word' id='word_1_670' title='bbox 995 4682 1130 4734; x_wconf 86' lang='grc' dir='ltr'><strong>Θεοῦ</strong></span> <span class='ocrx_word' id='word_1_671' title='bbox 1158 4682 1504 4756; x_wconf 70' lang='grc' dir='ltr'>Ἐκκλησίας,</span> <span class='ocrx_word' id='word_1_672' title='bbox 1525 4687 1590 4756; x_wconf 75' lang='grc' dir='ltr'>ἢν</span> <span class='ocrx_word' id='word_1_673' title='bbox 1609 4688 1760 4757; x_wconf 86' lang='grc' dir='ltr'>μίαν,</span> 
     </span>
    </p>
   </div>
   <div class='ocr_carea' id='block_1_92' title="bbox 1901 4677 3438 4771">
    <p class='ocr_par' dir='ltr' id='par_1_92' title="bbox 1901 4698 3438 4771">
     <span class='ocr_line' id='line_1_92' title="bbox 1901 4698 3438 4771; baseline 0.002 -19"><span class='ocrx_word' id='word_1_674' title='bbox 1901 4698 2146 4762; x_wconf 69' lang='lat' dir='ltr'><strong>Lcelesiae,</strong></span> <span class='ocrx_word' id='word_1_675' title='bbox 2168 4712 2328 4766; x_wconf 88' lang='lat' dir='ltr'><strong>quam</strong></span> <span class='ocrx_word' id='word_1_676' title='bbox 2359 4712 2517 4749; x_wconf 87' lang='lat' dir='ltr'><strong>unam</strong></span> <span class='ocrx_word' id='word_1_677' title='bbox 2542 4707 2787 4751; x_wconf 85' lang='lat' dir='ltr'><strong>sanctam</strong></span> <span class='ocrx_word' id='word_1_678' title='bbox 2803 4698 3126 4753; x_wconf 80' lang='lat' dir='ltr'><strong>catholicam</strong></span> <span class='ocrx_word' id='word_1_679' title='bbox 3147 4712 3197 4755; x_wconf 91' lang='lat' dir='ltr'><strong>et</strong></span> <span class='ocrx_word' id='word_1_680' title='bbox 3214 4710 3438 4771; x_wconf 85' lang='lat' dir='ltr'><strong>aposto-</strong></span> 
     </span>
    </p>
   </div>
   <div class='ocr_carea' id='block_1_93' title="bbox 227 4768 1764 4866">
    <p class='ocr_par' dir='ltr' id='par_1_93' title="bbox 227 4768 1762 4850">
     <span class='ocr_line' id='line_1_93' title="bbox 227 4768 1762 4850; baseline 0.01 -32"><span class='ocrx_word' id='word_1_681' title='bbox 227 4768 385 4833; x_wconf 80' lang='grc' dir='ltr'>ἁγίαν,</span> <span class='ocrx_word' id='word_1_682' title='bbox 435 4771 729 4841; x_wconf 79' lang='grc' dir='ltr'>καθολικὴν</span> <span class='ocrx_word' id='word_1_683' title='bbox 782 4774 876 4826; x_wconf 75' lang='grc' dir='ltr'>καὶ</span> <span class='ocrx_word' id='word_1_684' title='bbox 930 4775 1300 4849; x_wconf 81' lang='grc' dir='ltr'>ἀποστολικὴν</span> <span class='ocrx_word' id='word_1_685' title='bbox 1351 4780 1762 4850; x_wconf 76' lang='grc' dir='ltr'>ὁμολογοῦμεν·</span> 
     </span>
    </p>
   </div>
   <div class='ocr_carea' id='block_1_94' title="bbox 1905 4768 3442 4866">
    <p class='ocr_par' dir='ltr' id='par_1_94' title="bbox 1911 4787 3442 4866">
     <span class='ocr_line' id='line_1_94' title="bbox 1911 4787 3442 4866; baseline 0.007 -25"><span class='ocrx_word' id='word_1_686' title='bbox 1911 4802 2029 4841; x_wconf 85' lang='lat' dir='ltr'><strong>cam</strong></span> <span class='ocrx_word' id='word_1_687' title='bbox 2063 4787 2413 4853; x_wconf 75' lang='lat' dir='ltr'><strong>conﬁtemur,</strong></span> <span class='ocrx_word' id='word_1_688' title='bbox 2437 4788 2655 4843; x_wconf 83' lang='lat' dir='ltr'><strong>decreta</strong></span> <span class='ocrx_word' id='word_1_689' title='bbox 2696 4790 2921 4846; x_wconf 86' lang='lat' dir='ltr'><strong>iirmiter</strong></span> <span class='ocrx_word' id='word_1_690' title='bbox 2948 4802 3262 4862; x_wconf 86' lang='lat' dir='ltr'><strong>teneamus;</strong></span> <span class='ocrx_word' id='word_1_691' title='bbox 3293 4812 3442 4866; x_wconf 66' lang='lat' dir='ltr'><strong>quae-</strong></span> 
     </span>
    </p>
   </div>
   <div class='ocr_carea' id='block_1_95' title="bbox 226 4860 1763 4947">
    <p class='ocr_par' dir='ltr' id='par_1_95' title="bbox 226 4860 1763 4942">
     <span class='ocr_line' id='line_1_95' title="bbox 226 4860 1763 4942; baseline 0.011 -31"><span class='ocrx_word' id='word_1_692' title='bbox 226 4860 313 4914; x_wconf 78' lang='grc' dir='ltr'>ὂσα</span> <span class='ocrx_word' id='word_1_693' title='bbox 340 4866 464 4933; x_wconf 75' lang='grc' dir='ltr'>περὶ</span> <span class='ocrx_word' id='word_1_694' title='bbox 490 4864 583 4918; x_wconf 82' lang='grc' dir='ltr'><strong>τοῦ</strong></span> <span class='ocrx_word' id='word_1_695' title='bbox 636 4867 757 4930; x_wconf 80' lang='grc' dir='ltr'>ἑνὸς</span> <span class='ocrx_word' id='word_1_696' title='bbox 788 4869 886 4921; x_wconf 71' lang='grc' dir='ltr'><strong>καὶ</strong></span> <span class='ocrx_word' id='word_1_697' title='bbox 918 4871 1355 4938; x_wconf 60' lang='grc' dir='ltr'>τρισυποσῑάτον</span> <span class='ocrx_word' id='word_1_698' title='bbox 1386 4872 1525 4925; x_wconf 77' lang='grc' dir='ltr'>Θεοῦ</span> <span class='ocrx_word' id='word_1_699' title='bbox 1565 4875 1763 4942; x_wconf 82' lang='grc' dir='ltr'>κηρύτ-</span> 
     </span>
    </p>
   </div>
   <div class='ocr_carea' id='block_1_96' title="bbox 1899 4860 3436 4947">
    <p class='ocr_par' dir='ltr' id='par_1_96' title="bbox 1906 4880 3436 4947">
     <span class='ocr_line' id='line_1_96' title="bbox 1906 4880 3436 4947; baseline 0.007 -16"><span class='ocrx_word' id='word_1_700' title='bbox 1906 4895 2084 4947; x_wconf 86' lang='lat' dir='ltr'><strong>unque</strong></span> <span class='ocrx_word' id='word_1_701' title='bbox 2122 4880 2379 4933; x_wconf 85' lang='lat' dir='ltr'><strong>nimirum</strong></span> <span class='ocrx_word' id='word_1_702' title='bbox 2415 4880 2480 4935; x_wconf 85' lang='lat' dir='ltr'><strong>dc</strong></span> <span class='ocrx_word' id='word_1_703' title='bbox 2526 4896 2635 4934; x_wconf 91' lang='lat' dir='ltr'><strong>uno</strong></span> <span class='ocrx_word' id='word_1_704' title='bbox 2670 4898 2734 4937; x_wconf 88' lang='lat' dir='ltr'><strong>ac</strong></span> <span class='ocrx_word' id='word_1_705' title='bbox 2763 4886 2902 4938; x_wconf 77' lang='lat' dir='ltr'><strong>trine</strong></span> <span class='ocrx_word' id='word_1_706' title='bbox 2947 4886 3272 4943; x_wconf 83' lang='lat' dir='ltr'><strong>subsisteuti</strong></span> <span class='ocrx_word' id='word_1_707' title='bbox 3327 4888 3436 4942; x_wconf 86' lang='lat' dir='ltr'><strong>Deo</strong></span> 
     </span>
    </p>
   </div>
   <div class='ocr_carea' id='block_1_97' title="bbox 229 4957 1766 5052">
    <p class='ocr_par' dir='ltr' id='par_1_97' title="bbox 229 4957 1766 5034">
     <span class='ocr_line' id='line_1_97' title="bbox 229 4957 1766 5034; baseline 0.01 -30"><span class='ocrx_word' id='word_1_708' title='bbox 229 4967 298 5004; x_wconf 84' lang='grc' dir='ltr'><strong>τει</strong></span> <span class='ocrx_word' id='word_1_709' title='bbox 320 4970 333 4983; x_wconf 81' lang='lat'>&#39;</span> <span class='ocrx_word' id='word_1_710' title='bbox 363 4957 458 5008; x_wconf 80' lang='grc' dir='ltr'>ὅσα</span> <span class='ocrx_word' id='word_1_711' title='bbox 491 4974 549 5010; x_wconf 87' lang='grc' dir='ltr'><strong>τε</strong></span> <span class='ocrx_word' id='word_1_712' title='bbox 583 4960 711 5028; x_wconf 69' lang='grc' dir='ltr'>περὶ</span> <span class='ocrx_word' id='word_1_713' title='bbox 739 4960 833 5029; x_wconf 76' lang='grc' dir='ltr'>τῆς</span> <span class='ocrx_word' id='word_1_714' title='bbox 866 4961 1179 5030; x_wconf 82' lang='grc' dir='ltr'>οἰκονομίας</span> <span class='ocrx_word' id='word_1_715' title='bbox 1220 4964 1314 5016; x_wconf 69' lang='grc' dir='ltr'><strong>καὶ</strong></span> <span class='ocrx_word' id='word_1_716' title='bbox 1340 4965 1438 5033; x_wconf 77' lang='grc' dir='ltr'>τῆς</span> <span class='ocrx_word' id='word_1_717' title='bbox 1467 4965 1766 5034; x_wconf 81' lang='grc' dir='ltr'>μελλούσης</span> 
     </span>
    </p>
   </div>
   <div class='ocr_carea' id='block_1_98' title="bbox 1900 4957 3437 5052">
    <p class='ocr_par' dir='ltr' id='par_1_98' title="bbox 1900 4972 3437 5052">
     <span class='ocr_line' id='line_1_98' title="bbox 1900 4972 3437 5052; baseline 0.008 -30"><span class='ocrx_word' id='word_1_718' title='bbox 1900 4972 2160 5037; x_wconf 64' lang='grc' dir='ltr'>ινωάἰωις</span> <span class='ocrx_word' id='word_1_719' title='bbox 2195 4987 2290 5025; x_wconf 90' lang='lat' dir='ltr'><strong>nec</strong></span> <span class='ocrx_word' id='word_1_720' title='bbox 2322 4986 2428 5025; x_wconf 85' lang='lat' dir='ltr'><strong>non</strong></span> <span class='ocrx_word' id='word_1_721' title='bbox 2459 4989 2801 5043; x_wconf 70' lang='lat' dir='ltr'><strong>quaecunque</strong></span> <span class='ocrx_word' id='word_1_722' title='bbox 2830 4978 2894 5032; x_wconf 80' lang='lat' dir='ltr'><strong>de</strong></span> <span class='ocrx_word' id='word_1_723' title='bbox 2928 4979 3129 5034; x_wconf 87' lang='lat' dir='ltr'><strong>Christi</strong></span> <span class='ocrx_word' id='word_1_724' title='bbox 3161 4982 3437 5052; x_wconf 75' lang='lat' dir='ltr'><strong>mysterio,</strong></span> 
     </span>
    </p>
   </div>
   <div class='ocr_carea' id='block_1_99' title="bbox 233 5041 1770 5141">
    <p class='ocr_par' dir='ltr' id='par_1_99' title="bbox 233 5041 1770 5124">
     <span class='ocr_line' id='line_1_99' title="bbox 233 5041 1770 5124; baseline 0.018 -31"><span class='ocrx_word' id='word_1_725' title='bbox 233 5041 554 5124; x_wconf 77' lang='grc' dir='ltr'>ἀναστάσεως</span> <span class='ocrx_word' id='word_1_726' title='bbox 612 5051 894 5104; x_wconf 80' lang='grc' dir='ltr'>διδάσκει·</span> <span class='ocrx_word' id='word_1_727' title='bbox 931 5054 1023 5106; x_wconf 74' lang='grc' dir='ltr'>καὶ</span> <span class='ocrx_word' id='word_1_728' title='bbox 1052 5053 1229 5108; x_wconf 82' lang='grc' dir='ltr'>πάντα</span> <span class='ocrx_word' id='word_1_729' title='bbox 1278 5055 1571 5122; x_wconf 73' lang='grc' dir='ltr'>φυλάττειν</span> <span class='ocrx_word' id='word_1_730' title='bbox 1606 5057 1770 5123; x_wconf 74' lang='grc' dir='ltr'>ύγιῶς</span> 
     </span>
    </p>
   </div>
   <div class='ocr_carea' id='block_1_100' title="bbox 1904 5041 3441 5141">
    <p class='ocr_par' dir='ltr' id='par_1_100' title="bbox 1904 5062 3441 5141">
     <span class='ocr_line' id='line_1_100' title="bbox 1904 5062 3441 5141; baseline 0.008 -26"><span class='ocrx_word' id='word_1_731' title='bbox 1904 5078 2046 5130; x_wconf 80' lang='lat' dir='ltr'><strong>eque</strong></span> <span class='ocrx_word' id='word_1_732' title='bbox 2081 5062 2262 5114; x_wconf 81' lang='lat' dir='ltr'><strong>futura</strong></span> <span class='ocrx_word' id='word_1_733' title='bbox 2293 5065 2693 5119; x_wconf 80' lang='lat' dir='ltr'><strong>resurrectione</strong></span> <span class='ocrx_word' id='word_1_734' title='bbox 2743 5068 2935 5134; x_wconf 86' lang='lat' dir='ltr'><strong>docet;</strong></span> <span class='ocrx_word' id='word_1_735' title='bbox 2963 5082 3274 5141; x_wconf 76' lang='lat' dir='ltr'><strong>cunctaque.</strong></span> <span class='ocrx_word' id='word_1_736' title='bbox 3308 5088 3441 5127; x_wconf 86' lang='lat' dir='ltr'><strong>sane</strong></span> 
     </span>
    </p>
   </div>
   <div class='ocr_carea' id='block_1_101' title="bbox 233 5134 1770 5234">
    <p class='ocr_par' dir='ltr' id='par_1_101' title="bbox 233 5134 1770 5234">
     <span class='ocr_line' id='line_1_101' title="bbox 233 5134 1770 5234; baseline 0.01 -50"><span class='ocrx_word' id='word_1_737' title='bbox 233 5134 312 5234; x_wconf 62' lang='lat' dir='ltr'><strong>Ital</strong></span> <span class='ocrx_word' id='word_1_738' title='bbox 340 5140 586 5207; x_wconf 77' lang='grc' dir='ltr'>γνησίως,</span> <span class='ocrx_word' id='word_1_739' title='bbox 631 5145 769 5212; x_wconf 79' lang='grc' dir='ltr'>μήτε</span> <span class='ocrx_word' id='word_1_740' title='bbox 808 5144 950 5197; x_wconf 83' lang='grc' dir='ltr'><strong>κατά</strong></span> <span class='ocrx_word' id='word_1_741' title='bbox 975 5146 1075 5214; x_wconf 71' lang='grc' dir='ltr'>τὴν</span> <span class='ocrx_word' id='word_1_742' title='bbox 1100 5149 1303 5210; x_wconf 84' lang='grc' dir='ltr'>πίστιν,</span> <span class='ocrx_word' id='word_1_743' title='bbox 1337 5149 1475 5217; x_wconf 74' lang='grc' dir='ltr'>μήτε</span> <span class='ocrx_word' id='word_1_744' title='bbox 1512 5151 1651 5201; x_wconf 82' lang='grc' dir='ltr'>κατὰ</span> <span class='ocrx_word' id='word_1_745' title='bbox 1672 5150 1770 5219; x_wconf 76' lang='grc' dir='ltr'>τὴν</span> 
     </span>
    </p>
   </div>
   <div class='ocr_carea' id='block_1_102' title="bbox 1896 5134 3433 5234">
    <p class='ocr_par' dir='ltr' id='par_1_102' title="bbox 1896 5163 3433 5234">
     <span class='ocr_line' id='line_1_102' title="bbox 1896 5163 3433 5234; baseline 0.009 -28"><span class='ocrx_word' id='word_1_746' title='bbox 1896 5168 2090 5207; x_wconf 59' lang='lat' dir='ltr'><strong>icw&#39;ere</strong></span> <span class='ocrx_word' id='word_1_747' title='bbox 2154 5169 2452 5220; x_wconf 61' lang='lat' dir='ltr'><strong>seru-mus,</strong></span> <span class='ocrx_word' id='word_1_748' title='bbox 2491 5169 2551 5207; x_wconf 86' lang='lat' dir='ltr'><strong>ut</strong></span> <span class='ocrx_word' id='word_1_749' title='bbox 2596 5173 2774 5223; x_wconf 74' lang='lat' dir='ltr'><strong>neque</strong></span> <span class='ocrx_word' id='word_1_750' title='bbox 2838 5163 2979 5228; x_wconf 74' lang='lat' dir='ltr'><strong>tptud</strong></span> <span class='ocrx_word' id='word_1_751' title='bbox 3013 5164 3077 5218; x_wconf 89' lang='lat' dir='ltr'><strong>ad</strong></span> <span class='ocrx_word' id='word_1_752' title='bbox 3128 5165 3287 5219; x_wconf 84' lang='lat' dir='ltr'><strong>iidem</strong></span> <span class='ocrx_word' id='word_1_753' title='bbox 3318 5181 3433 5234; x_wconf 87' lang='lat' dir='ltr'><strong>spe-</strong></span> 
     </span>
    </p>
   </div>
   <div class='ocr_carea' id='block_1_103' title="bbox 188 5225 1725 5327">
    <p class='ocr_par' dir='ltr' id='par_1_103' title="bbox 188 5225 1725 5312">
     <span class='ocr_line' id='line_1_103' title="bbox 188 5225 1725 5312; baseline 0.011 -36"><span class='ocrx_word' id='word_1_754' title='bbox 188 5254 191 5255; x_wconf 53' lang='grc' dir='ltr'><em>ν</em></span> <span class='ocrx_word' id='word_1_755' title='bbox 234 5225 479 5283; x_wconf 77' lang='grc' dir='ltr'>πολιτείαν</span> <span class='ocrx_word' id='word_1_756' title='bbox 502 5234 864 5302; x_wconf 85' lang='grc' dir='ltr'>χωλεύοντας.</span> <span class='ocrx_word' id='word_1_757' title='bbox 902 5237 1043 5306; x_wconf 83' lang='grc' dir='ltr'>Πρὸς</span> <span class='ocrx_word' id='word_1_758' title='bbox 1077 5237 1179 5308; x_wconf 78' lang='grc' dir='ltr'><strong>μὲν</strong></span> <span class='ocrx_word' id='word_1_759' title='bbox 1212 5240 1318 5312; x_wconf 76' lang='grc' dir='ltr'>γὰρ</span> <span class='ocrx_word' id='word_1_760' title='bbox 1351 5241 1441 5292; x_wconf 77' lang='grc' dir='ltr'><strong>τὸν</strong></span> <span class='ocrx_word' id='word_1_761' title='bbox 1465 5241 1572 5292; x_wconf 84' lang='grc' dir='ltr'>ἀπὸ</span> <span class='ocrx_word' id='word_1_762' title='bbox 1604 5241 1725 5310; x_wconf 75' lang='grc' dir='ltr'>μὸντ</span> 
     </span>
    </p>
   </div>
   <div class='ocr_carea' id='block_1_104' title="bbox 1919 5225 3456 5327">
    <p class='ocr_par' dir='ltr' id='par_1_104' title="bbox 1919 5225 3456 5325">
     <span class='ocr_line' id='line_1_104' title="bbox 1919 5225 3456 5325; baseline 0.003 -27"><span class='ocrx_word' id='word_1_763' title='bbox 1919 5259 2001 5311; x_wconf 81' lang='lat' dir='ltr'><strong>.al,</strong></span> <span class='ocrx_word' id='word_1_764' title='bbox 2035 5260 2130 5299; x_wconf 81' lang='lat' dir='ltr'><strong>nec</strong></span> <span class='ocrx_word' id='word_1_765' title='bbox 2171 5247 2313 5317; x_wconf 85' lang='lat' dir='ltr'><strong>quod</strong></span> <span class='ocrx_word' id='word_1_766' title='bbox 2343 5248 2406 5299; x_wconf 78' lang='lat' dir='ltr'><strong>ad</strong></span> <span class='ocrx_word' id='word_1_767' title='bbox 2438 5247 2809 5318; x_wconf 76' lang='lat' dir='ltr'><strong>disciplinam,</strong></span> <span class='ocrx_word' id='word_1_768' title='bbox 2844 5225 3139 5325; x_wconf 78' lang='lat' dir='ltr'><strong>quidquam</strong></span> <span class='ocrx_word' id='word_1_769' title='bbox 3170 5225 3456 5314; x_wconf 39' lang='lat' dir='ltr'><strong>claudi-cei</strong></span> 
     </span>
    </p>
   </div>
   <div class='ocr_carea' id='block_1_105' title="bbox 231 5325 1768 5417">
    <p class='ocr_par' dir='ltr' id='par_1_105' title="bbox 231 5325 1768 5402">
     <span class='ocr_line' id='line_1_105' title="bbox 231 5325 1768 5402; baseline 0.011 -32"><span class='ocrx_word' id='word_1_770' title='bbox 231 5325 309 5385; x_wconf 66' lang='grc' dir='ltr'>τῆς</span> <span class='ocrx_word' id='word_1_771' title='bbox 333 5327 552 5388; x_wconf 83' lang='grc' dir='ltr'>πίστεως</span> <span class='ocrx_word' id='word_1_772' title='bbox 586 5325 897 5397; x_wconf 70' lang='grc' dir='ltr'>θαρροῦντα</span> <span class='ocrx_word' id='word_1_773' title='bbox 927 5333 1025 5399; x_wconf 78' lang='grc' dir='ltr'>τῆς</span> <span class='ocrx_word' id='word_1_774' title='bbox 1061 5332 1281 5384; x_wconf 70' lang='grc' dir='ltr'>αἰωνίου</span> <span class='ocrx_word' id='word_1_775' title='bbox 1316 5331 1463 5402; x_wconf 77' lang='grc' dir='ltr'>ζωῆς</span> <span class='ocrx_word' id='word_1_776' title='bbox 1493 5334 1768 5402; x_wconf 76' lang='grc' dir='ltr'>ἐπιτυχεῖν</span> 
     </span>
    </p>
   </div>
   <div class='ocr_carea' id='block_1_106' title="bbox 1902 5325 3439 5417">
    <p class='ocr_par' dir='ltr' id='par_1_106' title="bbox 1902 5338 3439 5412">
     <span class='ocr_line' id='line_1_106' title="bbox 1902 5338 3439 5412; baseline 0.008 -21"><span class='ocrx_word' id='word_1_777' title='bbox 1902 5354 2018 5392; x_wconf 82' lang='lat' dir='ltr'><strong>nus.</strong></span> <span class='ocrx_word' id='word_1_778' title='bbox 2073 5338 2154 5390; x_wconf 83' lang='lat' dir='ltr'><strong>Ad</strong></span> <span class='ocrx_word' id='word_1_779' title='bbox 2188 5352 2314 5392; x_wconf 82' lang='lat' dir='ltr'><strong>eum</strong></span> <span class='ocrx_word' id='word_1_780' title='bbox 2367 5340 2585 5408; x_wconf 85' lang='lat' dir='ltr'><strong>quidem</strong></span> <span class='ocrx_word' id='word_1_781' title='bbox 2640 5346 2730 5412; x_wconf 87' lang='lat' dir='ltr'><strong>qui</strong></span> <span class='ocrx_word' id='word_1_782' title='bbox 2766 5361 2830 5398; x_wconf 79' lang='lat' dir='ltr'><strong>ex</strong></span> <span class='ocrx_word' id='word_1_783' title='bbox 2873 5350 2988 5401; x_wconf 82' lang='lat' dir='ltr'><strong>sola</strong></span> <span class='ocrx_word' id='word_1_784' title='bbox 3020 5349 3122 5401; x_wconf 72' lang='lat' dir='ltr'><strong>title</strong></span> <span class='ocrx_word' id='word_1_785' title='bbox 3177 5358 3439 5404; x_wconf 62' lang='lat' dir='ltr'><strong>aeternam</strong></span> 
     </span>
    </p>
   </div>
   <div class='ocr_carea' id='block_1_107' title="bbox 232 5407 1769 5511">
    <p class='ocr_par' dir='ltr' id='par_1_107' title="bbox 232 5407 1769 5498">
     <span class='ocr_line' id='line_1_107' title="bbox 232 5407 1769 5498; baseline 0.014 -40"><span class='ocrx_word' id='word_1_786' title='bbox 232 5407 460 5481; x_wconf 62' lang='lat' dir='ltr'><strong>inepto;</strong></span> <span class='ocrx_word' id='word_1_787' title='bbox 496 5416 745 5488; x_wconf 77' lang='grc' dir='ltr'>εῖρηκεν,</span> <span class='ocrx_word' id='word_1_788' title='bbox 803 5437 827 5472; x_wconf 75' lang='grc' dir='ltr'><strong>ι</strong></span> <span class='ocrx_word' id='word_1_789' title='bbox 890 5408 964 5476; x_wconf 64' lang='grc' dir='ltr'><strong>ὸς»</strong></span> <span class='ocrx_word' id='word_1_790' title='bbox 1003 5424 1108 5486; x_wconf 70' lang='grc' dir='ltr'><strong>πᾶς</strong></span> <span class='ocrx_word' id='word_1_791' title='bbox 1143 5425 1169 5476; x_wconf 89' lang='grc' dir='ltr'><strong>ὀ</strong></span> <span class='ocrx_word' id='word_1_792' title='bbox 1197 5425 1373 5493; x_wconf 75' lang='grc' dir='ltr'>λέγων</span> <span class='ocrx_word' id='word_1_793' title='bbox 1428 5443 1539 5497; x_wconf 81' lang='grc' dir='ltr'>μοι,</span> <span class='ocrx_word' id='word_1_794' title='bbox 1574 5428 1769 5498; x_wconf 82' lang='grc' dir='ltr'>Κύριε,</span> 
     </span>
    </p>
   </div>
   <div class='ocr_carea' id='block_1_108' title="bbox 1900 5407 3437 5511">
    <p class='ocr_par' dir='ltr' id='par_1_108' title="bbox 1911 5430 3437 5511">
     <span class='ocr_line' id='line_1_108' title="bbox 1911 5430 3437 5511; baseline 0.009 -28"><span class='ocrx_word' id='word_1_795' title='bbox 1911 5432 2039 5483; x_wconf 87' lang='lat' dir='ltr'><strong>itam</strong></span> <span class='ocrx_word' id='word_1_796' title='bbox 2101 5444 2159 5484; x_wconf 90' lang='lat' dir='ltr'><strong>se</strong></span> <span class='ocrx_word' id='word_1_797' title='bbox 2225 5430 2547 5500; x_wconf 76' lang='lat' dir='ltr'><strong>adcptuwm</strong></span> <span class='ocrx_word' id='word_1_798' title='bbox 2601 5438 2898 5511; x_wconf 65' lang='lat' dir='ltr'><strong>praesqmit,</strong></span> <span class='ocrx_word' id='word_1_799' title='bbox 2936 5438 3072 5494; x_wconf 87' lang='lat' dir='ltr'><strong>dixit</strong></span> <span class='ocrx_word' id='word_1_800' title='bbox 3125 5437 3437 5496; x_wconf 81' lang='lat' dir='ltr'><strong>Dominus:</strong></span> 
     </span>
    </p>
   </div>
   <div class='ocr_carea' id='block_1_109' title="bbox 292 5593 1829 5678">
    <p class='ocr_par' dir='ltr' id='par_1_109' title="bbox 292 5593 1829 5678">
     <span class='ocr_line' id='line_1_109' title="bbox 292 5593 1829 5678; baseline 0.009 -29"><span class='ocrx_word' id='word_1_801' title='bbox 292 5593 336 5626; x_wconf 62' lang='grc' dir='ltr'><em>η</em></span> <span class='ocrx_word' id='word_1_802' title='bbox 379 5596 528 5656; x_wconf 81' lang='lat' dir='ltr'><strong>Joan.</strong></span> <span class='ocrx_word' id='word_1_803' title='bbox 554 5619 647 5670; x_wconf 84' lang='lat' dir='ltr'><strong>xx,</strong></span> <span class='ocrx_word' id='word_1_804' title='bbox 684 5606 777 5663; x_wconf 77' lang='lat'><strong>29.</strong></span> <span class='ocrx_word' id='word_1_805' title='bbox 850 5606 895 5638; x_wconf 82' lang='lat'><strong>&quot;</strong></span> <span class='ocrx_word' id='word_1_806' title='bbox 934 5602 1124 5660; x_wconf 77' lang='lat' dir='ltr'><strong>Matth.</strong></span> <span class='ocrx_word' id='word_1_807' title='bbox 1158 5621 1208 5671; x_wconf 75' lang='grc' dir='ltr'><strong>ν,</strong></span> <span class='ocrx_word' id='word_1_808' title='bbox 1253 5606 1309 5667; x_wconf 83' lang='grc'><strong>3.</strong></span> <span class='ocrx_word' id='word_1_809' title='bbox 1383 5609 1427 5639; x_wconf 78' lang='grc'><strong>⁷³</strong></span> <span class='ocrx_word' id='word_1_810' title='bbox 1454 5607 1617 5666; x_wconf 68' lang='grc' dir='ltr'>ιῐοιιιι.</span> <span class='ocrx_word' id='word_1_811' title='bbox 1648 5629 1765 5678; x_wconf 67' lang='grc' dir='ltr'>λιν,</span> <span class='ocrx_word' id='word_1_812' title='bbox 1800 5611 1829 5663; x_wconf 69' lang='grc' dir='ltr'>Ξ</span> 
     </span>
    </p>
   </div>
   <div class='ocr_carea' id='block_1_110' title="bbox 855 5593 2392 5678">
    <p class='ocr_par' dir='ltr' id='par_1_110' title="bbox 855 5602 2392 5678">
     <span class='ocr_line' id='line_1_110' title="bbox 855 5602 2392 5678; baseline 0.007 -20"><span class='ocrx_word' id='word_1_813' title='bbox 855 5606 895 5638; x_wconf 78' lang='grc'>⁷⁸</span> <span class='ocrx_word' id='word_1_814' title='bbox 934 5602 1124 5660; x_wconf 77' lang='lat' dir='ltr'><strong>Matth.</strong></span> <span class='ocrx_word' id='word_1_815' title='bbox 1158 5621 1208 5671; x_wconf 75' lang='grc' dir='ltr'><strong>ν,</strong></span> <span class='ocrx_word' id='word_1_816' title='bbox 1253 5606 1309 5667; x_wconf 83' lang='grc'><strong>3.</strong></span> <span class='ocrx_word' id='word_1_817' title='bbox 1383 5609 1427 5639; x_wconf 78' lang='grc'><strong>⁷³</strong></span> <span class='ocrx_word' id='word_1_818' title='bbox 1454 5607 1617 5666; x_wconf 68' lang='grc' dir='ltr'>ιῐοιιιι.</span> <span class='ocrx_word' id='word_1_819' title='bbox 1648 5629 1765 5678; x_wconf 67' lang='grc' dir='ltr'>λιν,</span> <span class='ocrx_word' id='word_1_820' title='bbox 1800 5611 1854 5663; x_wconf 72' lang='grc'><strong>2.</strong></span> <span class='ocrx_word' id='word_1_821' title='bbox 1933 5612 1977 5642; x_wconf 80' lang='grc'><strong>⁷³</strong></span> <span class='ocrx_word' id='word_1_822' title='bbox 2008 5611 2211 5667; x_wconf 78' lang='lat' dir='ltr'><strong>Hahae.</strong></span> <span class='ocrx_word' id='word_1_823' title='bbox 2253 5628 2311 5678; x_wconf 82' lang='grc' dir='ltr'><strong>ιι,</strong></span> <span class='ocrx_word' id='word_1_824' title='bbox 2343 5616 2392 5669; x_wconf 69' lang='grc'><strong>4.</strong></span> 
     </span>
    </p>
   </div>
   <div class='ocr_carea' id='block_1_111' title="bbox 296 5756 683 5831">
    <p class='ocr_par' dir='ltr' id='par_1_111' title="bbox 296 5756 683 5831">
     <span class='ocr_line' id='line_1_111' title="bbox 296 5756 683 5831; baseline 0.013 -11"><span class='ocrx_word' id='word_1_825' title='bbox 296 5756 400 5831; x_wconf 61' lang='lat'><strong>(39)</strong></span> <span class='ocrx_word' id='word_1_826' title='bbox 420 5761 563 5822; x_wconf 84' lang='lat' dir='ltr'><strong>Orat.</strong></span> <span class='ocrx_word' id='word_1_827' title='bbox 590 5767 683 5825; x_wconf 67' lang='grc' dir='ltr'>σι.</span> 
     </span>
    </p>
   </div>
  </div>
