3892 6538
207 389 294 455 ῦϐι
845 421 849 426 -
1091 393 1428 454 JOANNES
1462 392 2025 453 CYPARlSSIOTA.
2071 423 2138 434 -—
2175 399 2512 461 NOTITIA.
3315 401 3426 467 662

203 497 384 565 ὑμοὶως
425 495 592 565 μέχρι
625 494 718 548 τοῦ
746 495 954 560 τέλους.
978 496 1144 551 Ὅθεν
1178 475 1286 552 οὐδ’
1321 498 1470 564 ἄξιον
1507 499 1740 554 ἐπαίνων

1888 505 1921 558 b
1958 521 2075 560 eam
2111 508 2368 563 collatam
2399 495 2622 578 operam
2657 509 2819 565 laude
2847 511 3074 580 dignum
3123 507 3422 574 existimo;

203 584 423 655 ὲμανςιν
451 586 546 639 διὰ
576 583 738 640 τοῦτο
772 587 944 655 κρίνω
965 604 980 619 ⁹
1009 588 1154 660 πλὴν
1180 592 1227 642 el
1254 590 1330 661 μὴ
1356 591 1627 659 λέγειτις,
1655 594 1740 647 καὶ

1891 599 1972 655 tisi
2007 601 2130 669 quis
2163 601 2303 656 forte
2333 602 2500 667 dicat,
2526 615 2590 657 ac
2617 610 2752 673 puto
2782 604 2998 666 merito,
3029 616 3092 656 ea
3117 615 3204 655 me
3260 600 3428 654 ratio-

200 675 334 746 οἶμαι
358 678 606 745 δικαίως,
643 679 725 732 ὅτι
749 679 883 733 καθὸ
918 681 1084 750 μηδὲν
1111 682 1241 735 ἴδιον
1266 678 1419 737 εἶπον
1446 686 1538 738 καὶ
1564 685 1737 755 ἀσύμ-

1891 706 1937 746 ie
1985 692 2195 746 laudem
2223 693 2604 762 promeritum,
2635 695 2776 765 quod
2807 692 2940 747 nihll
2963 691 3243 763 proprium
3271 691 3428 747 dixe-

200 785 360 837 φωνον
389 772 456 839 τῇ
492 769 682 841 Γραφῇ
705 771 934 836 καὶτοῖς
960 772 1156 841 ἁγίοις,
1178 773 1326 839 ἄξιος
1348 775 1589 830 ἐπαίνων
1610 778 1737 847 εἰμί.

1892 785 1994 850 'im,
2057 793 2215 838 antve
2279 785 2575 854 Seripturis
2623 785 2937 855 sanctisque
2991 784 3304 840 dissonum.
3367 783 3429 843 Id

199 859 260 910 Ὗδ
279 859 383 945 γὰρ
412 861 517 929 τὴν
548 862 810 933 Πατέρων
833 864 1016 916 πίστιν
1049 862 1144 919 καὶ
1171 867 1455 937 ὁμολογεῖν
1483 869 1576 922 καὶ
1614 887 1736 939 συγ-

1890 877 2008 932 :nim
2028 877 2247 931 Patrum
2278 875 2435 930 fidem
2468 877 2703 946 profiteri
2729 877 2799 932 sit
2828 891 2889 931 ac
2914 874 3293 942 conscribere;
3319 890 3427 945 quo

197 950 414 1017 τράφειν
439 951 743 1006 τοῦτ’ὲστιο
771 953 852 1008 διὸ
876 956 1062 1010 πολλοὶ
1081 961 1491 1027 στεφανοῦνται.
1514 962 1575 1014 Ei
1598 962 1734 1017 δ’ὲπ“

1890 970 2086 1026 tomine
2114 968 2270 1024 multi
2297 974 2656 1023 coronantur.
2686 965 2782 1019 Sin
2819 973 3002 1019 autem
3064 963 3274 1019 idcirco
3341 962 3427 1015 di-

115 1117 122 1126 Ι
193 1041 390 1133 raritate;
421 1041 488 1097 οὔ
522 1059 668 1114 φημι
697 1045 906 1102 δίκαιον
932 1047 1216 1113 ἀξιοῦσθαι
1253 1052 1517 1118 ἐπαίνων,
1551 1055 1652 1110 καθ

1888 1081 1984 1120 :am
2026 1064 2166 1118 haud
2197 1077 2411 1133 acquum
2433 1076 2554 1116 esse
2583 1075 2668 1114 me
2704 1059 2915 1114 Iaudem
2959 1055 3237 1125 consequi,
3282 1053 3425 1124 quod

191 1129 326 1187 ἄλλοι
360 1136 758 1202 κεκοπιάκασι,
797 1138 894 1190 καὶ
941 1137 1051 1207 ἐγὼ
1109 1141 1188 1203 εις
1237 1141 1327 1195 τὸν
1367 1145 1536 1198 κόπον
1571 1143 1728 1197 αὐτῶε

1935 1160 1960 1212 Li
1993 1129 2401 1217 laboraverunt,
2427 1163 2610 1228 etego
2647 1151 2701 1207 in
2736 1150 2973 1205 laborem
3007 1147 3220 1242 illorum
3257 1145 3472 1242 intr-at:

191 1224 540 1296 εἰσελήλυθα·
597 1230 780 1301 πολλῷ
817 1231 1018 1301 μᾶλλον
1047 1232 1168 1286 οὐδὲ
1206 1233 1488 1304 μέμψεως.
1521 1236 1728 1292 Ἐκάτει

1890 1245 1953 1312 ri;
1987 1243 2143 1313 longe
2173 1241 2368 1312 potiori
2415 1224 2626 1295 ratione
2648 1255 2749 1295 nec
2771 1253 2866 1309 par
2899 1236 3063 1292 fuerit
3113 1233 3236 1290 inde
3295 1232 3427 1287 mihi

193 1335 276 1388 ρον
325 1322 438 1389 γὰρ
468 1321 566 1374 ἐπὶ
597 1319 698 1394 τὴν
726 1322 1096 1380 διδασκαλίαν-
1125 1327 1225 1397 τῆς
1253 1325 1478 1400 Γραφῆς
1505 1331 1600 1384 καὶ
1623 1332 1730 1391 τοὺς

1894 1334 2195 1404 νῑιυρθτίιιω
2225 1333 2422 1387 creari.
2458 1329 2766 1398 Utrumque
2820 1327 2966 1384 enim
3025 1327 3079 1380 in
3135 1325 3431 1393 Scriptura:

191 1410 364 1476 ἁγίους
395 1411 828 1483 ἀναδραμεῐται.
864 1417 948 1469 Τὰ
975 1418 1115 1472 αὐτὰ
1143 1419 1251 1490 γὰρ
1287 1421 1451 1474 πάλιν
1482 1422 1611 1491 ἐρῶ,
1675 1422 1728 1476 ὦ.

1894 1425 2170 1481 loctrinam
2203 1434 2528 1493 sanctosque
2557 1421 2772 1477 redibit.
2810 1419 3010 1475 Eadem
3060 1416 3206 1471 enim
3238 1430 3431 1470 rursus

189 1499 328 1553 οὐδὲν
370 1500 472 1552 ἀπ’
533 1505 779 1571 ἐμαυτοῦ
839 1507 971 1561 ἴδιον
1005 1504 1181 1575 εἷπον,
1212 1510 1345 1564 ἀλλὰ
1373 1512 1440 1565 τὰ
1470 1512 1620 1584 παρὰ
1651 1514 1726 1583 τῆι

1892 1517 1992 1572 lico
2025 1533 2042 1572 :
2072 1515 2218 1570 Nihil
2254 1530 2286 1569 a
2325 1529 2412 1569 me
2441 1525 2600 1583 atque
2628 1512 2909 1582 proprium
2945 1523 3034 1562 me
3085 1506 3311 1570 dixisse,
3337 1507 3429 1560 sed

188 1590 338 1654 ἁγίας
365 1590 604 1662 Γραφῆς
663 1596 758 1648 καὶ
806 1597 914 1650 τῶν
951 1599 1290 1655 διδασκάλων
1323 1601 1425 1672 τῆς
1464 1601 1558 1655 τοῦ
1613 1603 1725 1657 Θεοί

1894 1623 1992 1679 Iua:
2019 1608 2088 1662 ab
2124 1604 2404 1676 Scriptura
2427 1620 2584 1660 sacra
2616 1619 2680 1665 ac
2706 1601 2802 1657 Dei
2835 1599 3095 1657 Ecclesia:
3150 1594 3431 1667 magistris

200 1680 523 1751 Ἐκκλησιας
551 1686 794 1755 περὶτῆς
810 1687 994 1755 ὑγιοῦς
1019 1690 1130 1744 τῶν
1147 1693 1490 1762 Χριστιανῶν
1517 1695 1737 1760 πίστεως

1896 1702 2134 1756 locentur
2157 1699 2226 1754 de
2246 1711 2378 1753 sana
2403 1695 2840 1750 Christianorum
2873 1691 2999 1756 (ide,
3040 1689 3158 1744 haec
3207 1686 3433 1758 selegis-

190 1771 573 1842 διδασκόμενοι,
601 1777 771 1831 ταῦτα
807 1778 1196 1850 ἐξελεξάμεθα,
1233 1782 1270 1836 ἃ
1299 1785 1391 1836 καὶ
1417 1784 1503 1838 διὰ
1535 1787 1632 1856 τὴν
1653 1804 1727 1841 σοι.¹

193 1862 407 1887 ΑΨ---
451 1865 608 1887 ..γη
681 1870 706 1880 -
847 1871 859 1887 .
1046 1873 1062 1887 ς
1187 1872 1248 1887 -.
1461 1875 1476 1887 .
1547 1878 1560 1887 .
1601 1877 1626 1887 -

1897 1808 1959 1858 e;
1983 1793 2156 1860 eunte
2188 1791 2302 1860 ipsa
2338 1786 2605 1843 claritatis
2635 1799 2796 1840 causa
2831 1782 2953 1837 rudi
2984 1794 3235 1836 sermone
3294 1792 3431 1848 pan-

192 1862 407 1931 φήνειαν
448 1865 747 1933 ἰδιωτικῶς
775 1871 869 1924 καὶ
899 1872 1290 1939 κεφαλαιωδῶς
1345 1875 1489 1929 κατὰ
1513 1878 1572 1931 τὸ
1598 1877 1729 1935 δυνα

1897 1883 2053 1953 isque
2082 1865 2501 1952 perstringendo
2529 1876 2708 1948 quoad
2755 1873 2931 1938 licuit,
2959 1869 3303 1926 defunctorie
3355 1869 3433 1924 le—

192 1954 269 2006 τὺν
289 1955 347 2006 ἐν
382 1955 464 2026 τῷ
509 1959 747 2027 παρόντι
776 1962 1161 2032 σχεδιάσαντες
1191 1964 1513 2038 ὲξεθέμεθα.

1855 1972 2110 2041 .viorique
2142 1983 2308 2040 opera
2339 1968 2394 2022 in
2417 1965 2670 2037 praesenti
2712 1965 2851 2020 libro
2884 1960 3225 2032 exposuisse.

771 2596 1499 2832 JolNNIlS
1616 2598 2842 2833 illl’llllSSIO’l‘ll

1523 3178 2111 3305 ΝΟΤΙἹῚΑ

1215 3432 1458 3508 Fannio,
1488 3433 1738 3489 Bibliotlt.
1765 3433 1856 3491 Gr.
1893 3435 1977 3490 ed.
2015 3433 2227 3497 llarles,
2255 3443 2294 3487 t.
2317 3430 2410 3500 XI.

278 3769 515 3830 Joasses
558 3770 959 3845 Cyparissiota,
1005 3773 1332 3843 cognomine
1382 3769 1646 3840 Sapiens,
1690 3767 1920 3824 Palamie
1957 3768 2057 3840 ipsi
2092 3781 2316 3838 suppar,
2361 3777 2484 3838 post
2510 3783 2641 3822 ann.
2676 3765 2814 3823 1560
2844 3765 3063 3834 scripsit
3093 3764 3434 3835 Παλαμικῶν

222 3861 598 3929 παραϐάσεων,
633 3861 1082 3917 Palamiticarum
1125 3861 1603 3932 transgressionum
1643 3858 1813 3912 libros
1849 3857 1881 3910 1
1902 3895 1919 3923 ,
1950 3871 2015 3912 ex
2047 3857 2247 3926 quibus
2284 3857 2522 3927 primum
2555 3865 2612 3911 et
2648 3865 2905 3926 quarLum
2934 3856 3172 3924 vulgavit
3201 3852 3436 3909 Combe-

221 3944 360 4003 lisius
393 3949 584 4005 Graece
605 3958 660 4006 et
685 3949 877 4004 Latine
901 3949 956 4004 in
987 3949 1247 4003 Auctario
1277 3947 1603 4009 novissimo,
1639 3952 1790 4013 parte
1821 3943 2086 4010 secunda,
2122 3960 2175 4014 p.
2204 3946 2274 4001 68
2295 3945 2594 4001 et85-105.
2625 3942 2778 4020 [Inde
2807 3944 3000 4000 Latine
3033 3945 3086 3998 iu
3118 3943 3256 3998 Bibl.
3283 3959 3430 3997 max.

225 4033 364 4093 Patr.
389 4037 564 4107 Lugd.
589 4048 722 4092 tom.
754 4037 846 4103 2i,
881 4046 936 4106 p.
963 4033 1248 4107 476.489.]
1281 4035 1441 4090 Liber
1465 4033 1735 4089 secundus
1763 4040 1814 4088 et
1843 4032 2036 4088 tertius
2067 4033 2244 4089 adhuc
2273 4033 2460 4088 inediti
2492 4034 2682 4099 latent,
2715 4035 2858 4090 sicut
2883 4044 2935 4088 et
2958 4033 3059 4088 alia
3095 4033 3274 4102 spissa
3307 4033 3430 4102 ejus

223 4136 369 4192 opera
398 4137 637 4196 quatuor
677 4130 938 4181 adversus
977 4125 1227 4180 eumdem
1261 4123 1572 4186 Palamam,
1621 4129 1679 4175 ut
1721 4119 1776 4188 1)
1808 4119 1969 4200 Mum
2020 4120 2083 4184 8,
2137 4121 2400 4177 adversus
2447 4119 2678 4176 Palama:
2713 4130 2922 4178 tomum
2959 4120 3189 4192 ejusque
3229 4135 3430 4174 novam

225 4210 366 4265 ﬁdem
397 4229 414 4268 :
487 4214 560 4282 2)
595 4213 686 4268 alii
725 4213 876 4281 λόγοι
909 4213 941 4269 8
973 4209 1454 4266 criminationibus
1498 4209 1734 4262 Palamaa
1767 4208 1820 4276 in
1861 4207 2205 4263 adversarios
2237 4207 2304 4262 de
2332 4206 2566 4262 Lumine
2606 4207 2858 4264 increato
2902 4209 3329 4278 respondentes,
3371 4222 3437 4261 ac

227 4299 414 4367 aliquot
441 4301 839 4370 quazstionibus
898 4313 1116 4355 omnem
1156 4300 1224 4354 de
1263 4299 1354 4353 illo
1386 4295 1886 4352 considerationem
1921 4295 2368 4364 eompleetentes.
2441 4295 2496 4367 5)
2532 4296 2698 4364 Λόγοι
2730 4305 2840 4352 tres
2914 4297 3176 4367 (quorum
3223 4295 3434 4364 primus

228 4386 274 4438 in
333 4388 507 4457 capita
559 4388 626 4443 75
663 4389 1012 4460 dispescitur)
1059 4396 1251 4443 contra
1300 4384 1692 4440 Palamitarum
1737 4381 2141 4438 anniversarias
2171 4383 2226 4436 in
2261 4385 2610 4439 adversarios
2651 4383 2800 4439 diras
2826 4384 3390 4440 ctexauctoratiooes
3415 4427 3430 4447 ,

229 4473 332 4528 sive
358 4487 546 4531 contra
589 4477 806 4531 illorum
838 4476 1200 4532 ἀποστασίαν.
1275 4475 1328 4546 4)
1361 4489 1500 4545 opus
1522 4469 2082 4536 Anti-Palamiticum,
2108 4481 2274 4526 unum
2307 4479 2502 4526 caetera
2533 4469 2645 4528 fere
2675 4472 2860 4527 omnia
2897 4486 3126 4543 aequans
3154 4472 3437 4542 magnitu-

230 4561 363 4627 dine,
392 4574 445 4618 et
468 4573 596 4620 amo
619 4563 708 4618 illa
740 4567 904 4620 etiam
932 4566 1000 4620 ab
1023 4563 1392 4636 Cyparissiota
1421 4563 1783 4632 publicatum.

293 4650 473 4706 Exstat
505 4663 562 4708 et
588 4651 738 4707 aliud
768 4653 926 4708 istius
955 4651 1343 4722 Cyparissiotae
1377 4651 1485 4705 huc
1511 4658 1784 4720 spectans,
1821 4657 1874 4703 et
1902 4647 2061 4702 simul
2093 4647 2379 4718 mysticam
2411 4647 2635 4702 tradens
2664 4648 2996 4716 theologiam
3023 4689 3038 4713 ,
3069 4663 3208 4717 opus
3232 4648 3461 4703 subtile.

233 4721 279 4787 et
307 4738 594 4805 eruditum,
628 4740 771 4808 quod
823 4721 1144 4794 inscribitur
1181 4736 1440 4800 Ἐκθεσις
1474 4734 1770 4806 στοιχειώδι

1900 4739 2064 4808 quem)
2105 4737 2466 4805 θεολογικῶς),
2519 4737 2791 4806 Expositio
2834 4739 3175 4792 elementaria
3217 4755 3397 4793 eorum
3423 4777 3437 4799 ,

235 4838 334 4888 quae
354 4827 415 4882 de
441 4829 546 4883 Deo
577 4845 608 4882 a
632 4829 886 4897 theologis
919 4829 1190 4891 dicuntur,
1225 4827 1278 4880 in
1303 4825 1488 4881 decem
1517 4824 1751 4880 decades
1780 4825 2000 4889 tributa,
2079 4823 2131 4891 1)
2168 4825 2234 4878 de
2265 4824 2534 4896 theologia
2560 4826 2895 4898 symbolica;
2971 4827 3028 4893 2)
3062 4827 3130 4879 de
3157 4825 3430 4896 theologia
3502 4838 3510 4862 ε

237 4917 681 4984 demonstrativa;
757 4920 811 4991 3)
841 4920 907 4974 de
937 4919 1139 4974 divinis
1174 4915 1655 4983 enarrationibus;
1730 4915 1786 4986 4)
1825 4917 1891 4970 de
1920 4918 2119 4971 divinis
2157 4919 2473 4972 nominibus
2507 4932 2809 4987 eorumque
2846 4919 3064 4988 origine
3090 4928 3144 4973 et
3169 4919 3432 4974 informa-
3505 4977 3509 5002 ι

240 5005 402 5072 tione;
477 5009 532 5078 5)
566 5009 633 5063 de
663 5007 1093 5077 proprietatibus
1122 5005 1432 5060 divinorum
1465 5006 1784 5071 nominum;
1861 5002 1914 5074 6)
1953 5003 2020 5058 de
2057 5003 2494 5073 apparitionibus
2524 5003 2697 5058 divini
2735 5005 2999 5072 luminis;
3080 5007 3131 5076 7)
3165 5007 3232 5062 de
3255 5007 3436 5060 divina
3503 5051 3511 5073 ς

239 5096 665 5164 participatione;
739 5096 794 5165 8)
828 5094 896 5150 de
927 5093 1194 5149 inﬁnitate
1230 5093 1322 5146 Dei
1365 5091 1419 5144 in
1457 5094 1764 5157 creaturis;
1841 5090 1896 5161 9)
1930 5092 1996 5146 de
2028 5091 2296 5145 inﬁnitate
2329 5092 2380 5145 in
2417 5091 2562 5161 Deo;
2599 5092 2687 5164 10)
2725 5094 2791 5148 de
2825 5093 3010 5148 divina
3061 5095 3431 5164 simplicitate.

241 5176 337 5231 lloc
369 5198 498 5250 opus
529 5183 718 5238 Graece
744 5190 1014 5252 repertum
1049 5180 1314 5235 Messanae
1345 5178 1396 5232 in
1430 5179 1614 5234 Sicilia
1651 5179 1704 5232 in
1740 5179 2063 5235 bibliotheca
2093 5179 2152 5231 D.
2182 5177 2416 5234 Joannis
2449 5179 2729 5248 Lascaris,
2766 5181 3095 5238 Franciscus
3126 5182 3432 5237 Turrianus

241 5262 408 5322 Latine
429 5285 552 5324 cum
577 5269 800 5325 scholiis
825 5269 1030 5324 editum
1063 5267 1336 5322 dedicavit
1373 5266 1611 5323 Antonio
1653 5266 1978 5337 Augustino,
2020 5269 2266 5337 archiep.
2301 5268 2738 5338 Tarraconensi,
2782 5271 2942 5329 Rom.
2982 5272 3140 5333 1581,
3183 5271 3246 5337 4;
3291 5276 3433 5325 unde

239 5365 464 5412 retusum
497 5357 686 5418 Latine
713 5358 771 5413 in
793 5356 1145 5413 Bibliotbeeis
1173 5354 1393 5412 Patrum
1418 5354 1776 5422 Coloniensi,
1807 5366 1939 5412 tom.
1978 5355 2038 5410 ΧΙ
2073 5396 2088 5420 ,
2121 5366 2174 5411 et
2203 5355 2556 5425 Lugdunensi
2579 5397 2594 5423 ,
2628 5367 2759 5413 tom.
2792 5358 2931 5425 XXI,
2965 5376 3018 5427 p.
3052 5359 3177 5414 577.
3209 5357 3430 5429 (FABR.)

242 5442 464 5505 Paris..in
498 5452 631 5505 bibl.
656 5451 810 5519 pubi.
833 5451 956 5504 cod.
985 5449 1142 5516 i246,
1171 5459 1300 5503 sunt
1327 5447 1484 5504 Joan.
1507 5447 1886 5519 Cyparissiotze
1928 5451 1978 5519 1)
2012 5450 2412 5506 Palamicarum
2445 5453 2945 5524 transgressionum
2979 5454 3102 5507 libri
3135 5452 3187 5505 ιι
3218 5451 3429 5505 Secun-

242 5531 330 5589 dus
353 5535 618 5606 ineditus;
655 5539 742 5594 inc
780 5557 794 5592 :
839 5537 1117 5608 Πρόδηλον
1147 5537 1245 5606 μὲν
1267 5532 1360 5590 οὖν
1389 5555 1402 5601 ;
1446 5539 1641 5592 tertius
1669 5537 1771 5592 etia

1901 5539 2055 5592 tedit.
2087 5540 2239 5592 Ὀσιι
2266 5539 2366 5606 μὲν
2390 5536 2503 5594 οὖν.
2547 5539 2604 5600 2)
2648 5540 2793 5594 Libri
2826 5549 2951 5594 octo
2989 5542 3253 5595 adversus
3277 5539 3435 5593 Pala-

248 5635 392 5686 Μαι,
418 5628 643 5698 ejusque
676 5643 870 5681 novam
905 5626 1060 5681 ﬁdem
1087 5643 1101 5692 ;
1161 5626 1271 5680 inc.
1316 5625 1404 5688 Ὠς
1431 5627 1500 5679 ἂν
1520 5627 1573 5679 δὲ
1604 5629 1699 5681 καὶ
1726 5625 1795 5679 δι’
1820 5621 1918 5680 ὧν.
1955 5627 2010 5693 3)
2067 5627 2212 5680 Libri
2247 5637 2393 5692 octo,
2425 5628 2903 5683 criminationibus
2940 5627 3176 5683 Palama:
3214 5641 3439 5697 respon-

245 5705 441 5778 dentes;
483 5713 604 5767 init.
638 5714 708 5766 Τὸ
752 5716 934 5784 τρίτον
981 5713 1184 5783 βιϐλίον
1233 5713 1370 5776 πρὸς
1424 5715 1524 5774 τὰς
1574 5715 1695 5767 καθ’
1723 5716 1782 5784 ﬁt

1979 5715 2032 5783 4)
2072 5715 2217 5768 Libri
2247 5726 2357 5770 tres
2391 5725 2579 5772 contra
2625 5714 3012 5770 Palamitarnm
3075 5715 3437 5772 ἀποστασίανο

249 5791 352 5852 ittit.
386 5800 452 5854 Τὸ
499 5813 756 5872 τέταρτον
803 5802 1007 5874 βιϐλίον
1054 5803 1182 5872 πρὸς
1224 5804 1340 5864 τὰς.
1419 5803 1472 5870 ὅ)
1529 5803 1786 5858 Adversa:

1898 5803 2025 5858 ilum
2061 5803 2541 5858 Thessaloniceus.
2587 5802 3081 5861 Antirrbeticorum
3113 5805 3234 5860 libri
3273 5805 3435 5876 quin-
