3892 6546
447 451 553 523 663
1592 451 1924 515 JOANNIS
1958 449 2533 513 CYPAlilSSIOT/E
3140 496 3144 500 .
3552 456 3644 521 56‘

447 580 591 636 que;
636 564 741 618 iuc.
782 562 905 621 Τῶν
934 564 1034 633 μὲν
1060 562 1427 633 ἡγησαμένων
1460 560 1682 633 βιϐλίων
1716 564 1779 617 τό
1812 581 1872 619 τε
1905 582 1984 635 πρ

2114 580 2191 618 ον.
2232 562 2371 618 Add.
2401 559 2700 617 ﬂontfauc.
2732 560 2872 617 Bibl.
2925 561 3166 618 biblioth.
3232 563 3361 620 Mss.
3397 565 3582 635 p.-732
3609 569 3646 624 E

445 663 500 709 et
530 650 630 705 776
662 652 703 708 C
733 650 802 711 de
830 650 991 706 codd.
1028 649 1205 705 Paris.
1248 648 1471 719 (Ηλιῑι.)

1119 651 1205 705 ris.
1248 648 1471 719 (ΗΑιῑι.)
2618 642 2656 658 “

516 732 749 808 Scripsit
787 736 1155 809 Cyparissiota
1190 747 1310 806 post
1342 735 1631 808 Niccpliori
1674 738 1930 809 Grcgorse
1976 739 2212 806 obitum,
2238 739 2395 809 cujus
2420 738 2652 793 cadaver
2680 738 2963 795 Palamitis
2991 740 3227 795 ludibrio
3254 739 3492 796 habitum
3524 742 3648 799 indi-

443 836 638 896 guatur
662 826 799 880 libro
830 841 883 881 tv
915 825 1364 879 Palamiticarum
1412 827 1919 895 transgressionum,
1949 824 2037 880 ubi
2061 836 2262 880 statum
2290 827 2551 881 miserum
2594 828 2850 883 Ecclesiae
2877 826 3181 883 CPolitanae
3214 829 3317 881 sub
3350 828 3647 897 patriarchis

444 913 782 971 Palamiticis
811 930 905 983 per
933 914 1121 973 decem
1150 915 1485 984 quaestiones
1525 914 1791 983 depingit.
1833 913 2010 969 Natus
2051 914 2330 984 Gregora‘s
2358 929 2490 971 ann.
2528 914 2685 972 1295.
2720 930 2828 969 non
2876 924 3001 968 ante
3034 930 3167 969 ann.
3198 914 3336 969 i360
3370 915 3517 979 obiit,
3542 931 3647 970 cum

445 1004 690 1057 historias
718 1002 879 1057 telam
918 1017 1089 1072 usque
1117 1003 1187 1061 ad,
1218 1018 1345 1055 ann.
1378 1000 1519 1056 1559
1553 1011 1857 1071 pertextam
1883 1002 1952 1056 ab
1992 1016 2057 1056 eo
2090 1002 2408 1055 habeamus.
2445 998 2658 1070 (Fiam)
2695 1001 2759 1057 V.
2791 1000 2943 1056 Saxii
2986 1005 3177 1055 Onam.
3218 1003 3302 1055 lit.
3334 1000 3409 1065 ll,
3442 1016 3494 1071 p.
3524 1002 3649 1066 580,

448 1090 509 1142 ad
538 1104 669 1143 ann.
696 1088 830 1144 Chr.
867 1089 1025 1145 1570.
1056 1119 1125 1129 —
1157 1089 1359 1143 Uudin.
1391 1086 1604 1143 Comm.
1632 1088 1698 1142 de
1732 1084 1835 1142 SS.
1869 1087 2013 1142 Eccl.
2053 1096 2185 1142 tom.
2220 1087 2261 1143 ll
2284 1128 2301 1153 ,
2334 1089 2441 1144 col.
2478 1088 2618 1142 1062
2649 1103 2772 1158 seq.
2807 1089 2872 1143 ad
2907 1104 3037 1149 ann.
3082 1088 3254 1153 {360,
3290 1089 3382 1157 qui
3419 1089 3649 1152 adnotat,

450 1176 847 1245 Expositionem
885 1178 1322 1240 elementariam,
1364 1193 1415 1233 s.
1458 1178 1806 1232 materiarum
1852 1175 2039 1230 haberi
2071 1176 2257 1231 Graece
2284 1177 2336 1229 in
2378 1176 2511 1230 bibl.
2553 1176 2697 1244 regis
2741 1176 2966 1245 Hispan.
3000 1187 3052 1230 et
3093 1176 3279 1229 Romae
3306 1176 3443 1228 inter
3471 1171 3647 1239 libros,

442 1283 583 1337 quos
618 1269 924 1322 Turrianns
967 1268 1116 1321 dedit
1159 1269 1445 1334 societati;
1480 1279 1533 1323 et
1561 1266 1726 1322 Henr.
1756 1264 2047 1321 Wharton.
2075 1266 2127 1319 in
2158 1264 2407 1335 Append.
2443 1261 2510 1323 ad
2540 1262 2700 1318 Cavei
2730 1263 2873 1325 Hist.
2920 1264 3026 1319 litt.
3061 1260 3165 1319 SS.
3199 1260 3346 1317 Eccl.
3379 1260 3453 1330 ll,
3487 1278 3537 1334 p.
3566 1264 3653 1329 65,

444 1359 507 1411 ad
544 1373 674 1415 ann.
710 1357 867 1419 1560.
898 1356 1123 1425 (“Mil”)

1348 1742 2754 1877 ΚΥΠΑΡΙΣΣΙΩΤΟΥ

861 1998 1161 2119 ΤΩΝ
1242 1992 2188 2115 ΠΑΛΑΜΙΚΩΝ
2252 1990 3266 2107 ΠΑΡΑΒΑΣΕΩΝ

1791 2214 2305 2307 ΛΟΓΟΣΑᾏ

1292 2583 2855 2745 ΟΥΡΑΒΙΞδΙΟΤᾸΕ

727 2875 1911 2997 PALAMITICArRUM
2033 2872 3423 2993 TRANSGRESSIONUM

1780 3112 2179 3208 SERMO
2274 3120 2358 3205 L

2026 3334 2099 3353 αι*

521 3466 815 3531 Quod-non
848 3466 975 3520 licet
1002 3463 1231 3520 Joannis
1258 3462 1644 3535 Cyparissiotze
1671 3462 2008 3519 Palamicum
2040 3478 2203 3518 omne
2222 3478 2359 3533 opus
2389 3463 2440 3516 in
2472 3477 2593 3517 meo
2625 3461 2889 3517 Auctario
2922 3462 3169 3532 vulgare,
3221 3478 3288 3518 ac
3326 3463 3481 3531 quale
3509 3462 3671 3531 spisso

454 3556 728 3609 volumine
754 3554 979 3623 majore,
1003 3554 1193 3608 charta
1215 3552 1538 3622 bombycina
1568 3552 1833 3621 explicata
1864 3550 2251 3625 continetgaza
2275 3552 2476 3622 Regia;
2504 3567 2671 3605 unum
2705 3551 2881 3619 ipsum
2904 3551 3057 3621 justo
3083 3567 3178 3618 par
3203 3560 3369 3614 to’mo,
3404 3552 3446 3607 si
3469 3551 3667 3620 quando

455 3659 579 3699 cum
621 3641 810 3696 Latina
847 3641 1096 3695 versione
1130 3640 1274 3709 juris
1305 3639 1510 3709 publici
1542 3640 1657 3693 ﬁeri
1691 3638 2001 3709 contigerit,
2052 3639 2197 3693 docti
2226 3640 2459 3711 alicujus
2490 3641 2640 3695 curis
2681 3656 2745 3695 ac
2773 3650 2977 3696 marte:
3007 3641 3269 3711 quodque
3300 3657 3427 3695 vero
3460 3640 3535 3694 fas
3569 3654 3663 3692 non

455 3742 561 3796 est,
601 3730 705 3786 hoc
735 3732 789 3784 in
814 3730 1035 3799 pulvere
1068 3730 1331 3789 versanti,
1380 3728 1677 3782 Auctorem
1709 3736 1944 3791 tantum,
1997 3734 2052 3781 et
2074 3729 2164 3798 qui
2193 3729 2247 3782 in
2290 3744 2453 3783 manu
2485 3729 2583 3793 sit,
2622 3728 2744 3798 ejus
2767 3730 2898 3783 mihi
2926 3730 3104 3785 oblata
3135 3730 3295 3801 copia
3326 3728 3666 3784 insalutatum

458 3821 785 3889 relinquere,
817 3829 871 3872 et
912 3828 970 3872 ut
1000 3825 1186 3870 nostro
1212 3815 1420 3870 Caiecze
1489 3814 1680 3869 eadem
1704 3816 1817 3883 ipsa
1845 3815 2097 3883 palaestra
2150 3815 2251 3883 ipsi
2276 3815 2563 3884 aequalem,
2598 3814 3102 3885 Palamitarumque
3143 3815 3479 3885 proﬂiganda
3519 3815 3668 3882 impia

459 3920 882 3980 portentosoque
909 3904 1216 3974 nugacitate
1245 3904 1452 3973 pridem
1479 3904 1743 3966 sodalem,
1766 3917 1871 3956 non
1905 3912 1960 3957 et
1988 3902 2307 3965 antistitem,
2335 3918 2453 3955 mea
2490 3903 2591 3958 hac
2620 3902 3017 3972 Antipalamica
3052 3904 3454 3965 lucubratione,
3487 3901 3666 3955 leviore

455 4002 645 4057 saltem
677 3994 872 4049 addam
915 4008 1175 4047 munere:
1207 4006 1385 4061 operae
1414 3992 1647 4059 pretium
1709 3991 1915 4059 putavi,
1946 4000 2004 4045 ut
2034 4005 2100 4044 ex
2132 3998 2280 4043 tanta
2315 3990 2436 4059 ejus
2467 3990 2643 4057 λόγων
2669 3991 2851 4061 (quos
2887 4000 3043 4046 vocat
3075 3990 3327 4061 )segcte.
3366 4004 3427 4044 ac
3453 3989 3504 4043 in
3537 4000 3663 4057 quos

457 4085 605 4155 gutta
629 4082 866 4152 (Libros)
900 4079 1115 4146 dividit,
1156 4077 1251 4133 Vir
1292 4094 1415 4133 vere
1438 4078 1658 4149 sapiens
1682 4066 1856 4148 (quod
1893 4077 1941 4132 ei
1973 4076 2410 4147 singularissime
2446 4091 2646 4133 nomen
2682 4078 2969 4148 multiplex
3000 4079 3263 4144 eruditio,
3301 4079 3514 4147 altaque
3543 4073 3667 4129 divi-

463 4188 655 4226 narum
688 4170 1161 4235 humanarumque
1190 4181 1372 4221 rerum
1399 4166 1660 4237 cognitio,
1691 4165 1985 4235 magniﬁco
2020 4164 2180 4220 titulo
2216 4164 2441 4235 peperit)
2466 4180 2636 4219 unum
2670 4167 2916 4220 omnium
2950 4166 3186 4236 primum
3218 4181 3249 4221 e
3274 4176 3508 4237 quatuor
3529 4160 3668 4231 primi

392 4320 397 4323 τ
456 4261 601 4323 libri,
648 4260 849 4333 λόχων,
895 4256 991 4311 tibi
1028 4254 1150 4320 hic,
1186 4254 1357 4309 lector
1389 4267 1743 4322 reponerem:
1775 4251 1920 4322 quod
1948 4252 2062 4318 illo,
2098 4253 2367 4324 quidquid
2398 4262 2483 4309 est
2534 4252 2794 4309 Palamici
2828 4253 3083 4321 furiuris,
3118 4256 3351 4326 ejusque
3378 4254 3658 4325 originum.

454 4346 891 4401 tucutentissime
922 4359 1241 4413 expressum
1275 4343 1582 4413 elisumque
1627 4341 1705 4396 sis
1735 4340 2197 4411 deprehensuros,
2229 4350 2285 4395 et
2307 4350 2368 4397 ut
2396 4341 2442 4397 is
2483 4356 2647 4407 unus,
2683 4342 2926 4397 omnium
2964 4342 3086 4399 loco
3120 4344 3215 4398 tibi
3251 4358 3371 4398 esse
3400 4341 3578 4411 possit.
3617 4336 3660 4393 si

455 4434 619 4501 tundo
638 4450 761 4489 cum
797 4433 991 4495 Calcca
1029 4430 1347 4493 contuleris.
1388 4428 1507 4499 Ipsa
1532 4428 1775 4483 auctoris
1806 4438 1960 4495 aetas,
1985 4444 2051 4484 ex
2078 4428 2171 4483 illo
2200 4428 2295 4483 tibi
2325 4429 2473 4483 clara
2501 4429 2633 4497 erit;
2661 4430 2861 4484 nedum
2901 4430 3048 4500 quod
3076 4430 3150 4485 ita
3181 4439 3307 4500 post
3334 4430 3593 4483 Palamam
3623 4433 3670 4478 et

453 4521 745 4582 ls.d0rum,
768 4518 1271 4585 Palazuitarumque
1302 4513 1535 4568 Tomum
1561 4513 1726 4584 (haud
1763 4529 1923 4569 secus
1956 4530 2017 4569 ac
2037 4513 2283 4589 Calecas)
2311 4519 2524 4585 scribit,
2552 4520 2646 4575 sed
2677 4528 2733 4574 et
2760 4518 2906 4589 quod
2932 4533 3104 4575 annos
3129 4521 3455 4590 quingentos
3477 4526 3671 4587 septua-

474 4611 645 4679 ginta,
683 4623 747 4663 ac
802 4606 869 4660 iis
897 4605 1111 4675 plures,
1135 4605 1202 4657 ab
1242 4604 1726 4659 Iconomachorum
1754 4613 1930 4672 coepta
1960 4604 2173 4674 hzeresi,
2208 4608 2276 4661 ad
2300 4622 2457 4663 suam
2487 4607 2615 4661 inde
2643 4617 2859 4663 aetatem
2896 4609 3121 4663 statuit:
3155 4624 3270 4678 quo
3302 4608 3439 4662 falso
3470 4605 3671 4660 omnino

466 4696 646 4752 Coccii
679 4696 1020 4762 aliorumque
1075 4690 1314 4753 calculos
1346 4688 1587 4747 ostendit
1619 4693 1695 4757 (et
1725 4691 1769 4745 si
1794 4690 2146 4749 Colonienscs
2171 4695 2345 4749 secuti
2398 4694 2549 4764 sunt)
2583 4696 2785 4765 quibus
2828 4696 3207 4751 existimatum
3260 4706 3501 4763 spectare
3530 4691 3592 4745 ad
3622 4702 3667 4765 ιρι

456 4788 678 4841 circiter
708 4760 968 4839 sarculum
1006 4798 1019 4833 :
1060 4794 1127 4835 eo
1157 4778 1371 4833 scilicet
1401 4777 1545 4848 quod
1573 4776 1690 4847 ejus
1728 4780 1996 4835 duntaxat
2039 4781 2270 4838 decades
2304 4760 2577 4849 viderant;
2600 4760 2681 4838 ex
2712 4783 2914 4852 quibus
2945 4783 3012 4837 ad
3048 4783 3225 4838 etatis
3254 4760 3376 4852 ejus
3429 4760 3668 4851 epochatii

456 4873 507 4927 id
548 4885 715 4925 unum
750 4870 884 4924 certi
943 4868 1228 4931 habemus,
1284 4881 1387 4918 non
1422 4865 1731 4921 excessisse
1770 4864 2057 4937 Euthymii
2110 4878 2349 4934 aetatem,
2389 4885 2457 4926 ex
2480 4869 2641 4941 cujus
2676 4869 2940 4939 Panoplia
2983 4869 3202 4925 Maximi
3248 4871 3426 4925 locum
3474 4871 3522 4921 in
3555 4878 3671 4920 suos

460 4959 725 5026 derivarit
751 4957 1014 5011 alveolos.
1048 4954 1301 5010 Parturio
1330 4964 1385 5019 et
1413 4953 1707 5015 diatribam
1748 4954 1969 5011 evoluto
1996 4957 2141 5012 serio
2173 4958 2473 5027 volumine,
2512 4974 2577 5015 ne
2603 4959 2761 5030 quid,
2790 4958 2981 5014 lectori
3020 4959 3162 5014 desit
3190 4959 3299 5024 hic,
3335 4960 3470 5027 quod
3500 4956 3549 5010 in
3574 4968 3655 5032 rga

461 5062 606 5103 tuam
648 5048 919 5101 videatur.
1364 5045 1370 5053 ’

914 5153 1159 5221 INDEX
1213 5154 1568 5212 CAPITUM.
2063 5165 2104 5220 Α

2063 5165 2104 5220 Α
2489 5160 2703 5214 ΠΙΝΑΞ
2740 5160 2877 5214 ΤΩΝ
2898 5160 3345 5215 ΚΕΦΑΛΑΙΩΝ.

462 5255 506 5307 1.
547 5252 618 5306 De
646 5266 793 5320 pace,
826 5259 874 5302 et
910 5246 1045 5316 quod
1099 5264 1215 5300 eam
1249 5246 1502 5301 Pnlamas
1533 5246 1852 5311 dissoluerit,
1881 5247 1999 5316 [acti

2131 5248 2202 5303 α’.
2242 5248 2379 5316 Περὶ
2435 5249 2701 5317 εἰρήνης,
2753 5250 2852 5304 καὶ
2910 5250 3071 5317 ὅπως
3126 5252 3354 5317 ταύτην
3392 5246 3668 5317 παρέλυσε

491 5343 537 5394 ei
567 5340 633 5397 ad
658 5350 859 5408 tempus
893 5339 969 5391 rei
1001 5339 1148 5391 venia
1175 5354 1193 5403 ;
1230 5354 1292 5399 ac
1326 5353 1442 5407 qua:
1477 5353 1640 5395 causa
1670 5354 1990 5395 sermonum.

2204 5337 2513 5407 Πιιλαμᾶς,
2544 5340 2695 5407 πρὸς
2729 5343 2941 5411 καιρὸν
2981 5340 3391 5408 συγχωρηθείς
3418 5353 3430 5366 ·
3469 5335 3562 5389 καὶ
3593 5333 3670 5395 τίς

2207 5432 2246 5497 ἡ
2293 5430 2410 5483 τῶν
2454 5432 2652 5499 λόγων
2692 5432 2873 5487 altla.

454 5519 509 5577 2.
544 5516 662 5569 Non
690 5533 843 5585 posse
870 5515 1170 5571 Palamitas
1219 5518 1512 5589 quidquam
1566 5535 1765 5591 negare
1791 5516 1991 5574 Palam.

2142 5524 2210 5593 β’.
2260 5522 2383 5575 Ὅτι
2409 5524 2481 5575 οὺ
2539 5522 2831 5576 δύνανται
2873 5521 3203 5591 Παλαμῖται
3238 5511 3603 5588 ἀρνήσασθαι
3622 5525 3668 5562 τι

525 5610 975 5675 lucubrationum,
1005 5611 1082 5664 uel
1102 5610 1417 5680 cuiusquam
1441 5628 1643 5679 eorum,
1666 5615 1756 5686 qui
1777 5624 1894 5685 post
1913 5630 2033 5668 eum

2213 5614 2332 5669 τῶν
2380 5614 2486 5667 τοῦ
2521 5614 2772 5683 Παλαμᾱ
2802 5611 3299 5683 συγγραμμάτων,
3330 5610 3368 5676 ἡ
3397 5605 3504 5661 πᾶν
3531 5616 3670 5663 τινος

529 5702 745 5766 [uerunt

2210 5708 2327 5759 τῶν
2357 5706 2484 5773 μετ’
2523 5707 2730 5761 αὐτόν.

458 5792 517 5851 τι,
548 5791 822 5854 Quomodo
862 5791 1115 5847 I’alamas
1140 5797 1417 5851 eaitiusum
1454 5798 1640 5869 dogma
1680 5800 1742 5854 ab
1772 5816 1949 5855 errore
1980 5818 1995 5855 ε

2140 5806 2208 5868 γ’.
2247 5798 2448 5861 Ὅπως
2486 5798 2553 5849 ἐκ
2604 5796 2844 5863 πλάνης
2896 5798 2992 5851 καὶ
3037 5794 3437 5866 φιίονεικείας
3473 5785 3667 5857 ἤρξατο

530 5882 859 5947 {minutione
896 5888 1198 5953 attapicatus
1238 5892 1329 5943 sit.
2213 5889 2499 5960 IJaJaydc
2550 5888 2652 5944 τοῦ
2693 5889 2983 5963 hij-patec
3033 5890 3135 5946 τεῦ
3191 5886 3477 5954 01360va-
