3892 6552
403 441 516 504 ῦόἶ

1524 494 1537 506 .
1579 438 1904 502 JOANNIS
1940 437 2518 504 CYPABISSIOTE

3549 442 3645 511 668

412 553 560 610 «Pax
617 550 762 613 Dei,»
811 550 1009 622 inquit,
1061 565 1214 620 tqute
1263 562 1560 623 exsuperat
1613 569 1827 610 utunem
1849 562 1977 608 sen-

2095 571 2270 623 ρηται.
2348 555 2480 618 Καὶ,
2533 573 2554 608 ι
2608 553 2815 626 Εἰρήνη
2863 550 2960 609 τοῦ
3023 551 3181 622 Θεοῦ,
3228 573 3249 609 ι
3311 559 3494 627 φησὶν,
3547 579 3564 612 ι
3621 561 3646 624 ἡ

411 659 535 700 sum
563 643 652 711 ⁸;›
697 641 890 698 Pacem
924 644 1179 698 nimirum
1210 661 1354 712 eam,
1395 661 1514 715 quae
1544 657 1837 718 exsuperet
1870 665 1991 704 om-

413 751 542 790 nem
580 746 830 798 sensum,
855 750 1078 800 vocans,
1113 752 1221 805 qua
1249 751 1413 806 supra
1445 753 1609 807 quam
1646 739 1791 796 Deus
1812 739 1990 797 lactus

411 825 596 892 homo,
627 839 752 888 uos,
789 826 882 895 qui
908 825 1119 882 inimici
1165 842 1410 894 eramus,
1451 828 1554 884 sibi
1595 831 1712 898 ipse
1735 834 1986 886 reconci-

409 915 564 971 liavit
587 933 602 982 ;
626 931 735 986 quo
753 917 881 988 quid
902 918 1186 976 decentius
1207 927 1274 974 ad
1289 921 1546 976 eximiam
1575 923 1727 992 pacis
1743 934 1992 980 astruen-

411 1007 537 1062 dam
563 1010 976 1079 prastautiam?

482 1189 644 1244 Enim
702 1204 833 1246 vero
885 1191 1070 1246 audivi
1115 1200 1173 1247 et
1203 1208 1394 1262 pacem
1448 1197 1887 1268 progredientem
1925 1215 1989 1255 ac

414 1292 807 1350 revertentem,
835 1285 881 1340 si
914 1287 1172 1357 indignus
1201 1287 1390 1353 fuerit,
1417 1291 1510 1361 qui
1541 1307 1661 1346 eam
1697 1295 1987 1363 suspiciat,

410 1387 725 1462 quanquam
751 1375 862 1432 Pax
895 1378 992 1433 tibi
1017 1381 1038 1411 ⁸
1065 1419 1083 1446 ,
1132 1379 1241 1435 Pax
1274 1383 1392 1437 viro
1436 1395 1552 1463 tuq,
1584 1384 1691 1440 Pax
1720 1387 1831 1440 tilio
1863 1402 1988 1457 par-

411 1467 540 1521 vulo
563 1459 616 1533 7';
659 1483 971 1538 quanquam
1020 1472 1158 1526 Deus
1185 1474 1333 1543 pacis
1359 1476 1380 1506 ⁸
1440 1459 1741 1547 cunctaque
1771 1496 1868 1537 sus
1891 1477 2011 1536 de-'

411 1574 520 1628 que
553 1558 872 1632 Scriptum,
906 1565 1058 1634 pacis
1075 1577 1202 1622 sunt
1245 1569 1422 1636 plena.
1443 1569 1584 1635 Quin
1612 1572 1720 1625 imo
1751 1573 1851 1628 rite
1876 1575 1991 1630 ani-

413 1667 562 1706 mum
595 1654 1022 1720 attendentibus,
1077 1659 1256 1712 omnis
1287 1672 1490 1728 quanta
1544 1671 1643 1726 est,
1675 1677 1776 1732 pax
1814 1663 1904 1719 'sit
1933 1675 1987 1722 et

415 1745 728 1806 securitas;
770 1749 955 1803 nescio
1001 1761 1177 1804 tamen
1210 1754 1485 1821 quomodo
1534 1770 1686 1810 novre
1729 1774 1873 1812 nunc
1900 1760 1986 1814 in-

413 1846 669 1893 ventores
710 1837 833 1894 ﬁdei
861 1839 1019 1910 longa
1044 1846 1438 1910 protenderunt
1463 1849 1866 1917 oppositionum
1893 1853 1986 1908 de-
2020 1888 2063 1947 Β

416 1928 561 1996 liria,
589 1945 654 1984 eo
679 1930 888 1987 scilicet
936 1934 1041 1989 ﬁne
1089 1927 1154 1989 ut"
1183 1936 1472 2006 unionem,
1503 1953 1623 2010 qua.|
1657 1944 1708 1997 in
1740 1945 1853 2000 Deo
1876 1955 1985 2012 est,

417 2021 702 2088 divellant,
761 2039 970 2096 uosque
1017 2040 1046 2080 a
1083 2025 1402 2085 dulcissima
1463 2045 1592 2100 pace
1639 2034 1985 2106 abrumpant.

414 2106 631 2180 Ubique
662 2113 808 2166 enim
833 2125 956 2169 cum
993 2131 1223 2172 excessu
1255 2121 1397 2189 quod
1428 2127 1764 2179 contrarium
1799 2135 1881 2182 est
1907 2128 1994 2181 di-

412 2203 665 2274 ligentes,
700 2220 954 2277 magnum
983 2209 1134 2278 pacis
1163 2223 1364 2267 munus
1398 2215 1734 2284 dissolvere;
1779 2225 1991 2277 tantas-

414 2311 522 2366 que
550 2299 797 2354 omnium
845 2301 1118 2359 mentibus
1170 2303 1471 2373 iniecerunt
1502 2309 1760 2380 ineptias,
1797 2321 1855 2368 ut
1881 2329 1986 2370 non

412 2390 594 2444 solum
623 2405 653 2446 a
682 2393 982 2449 verissimis
1012 2393 1247 2452 decretis
1294 2414 1526 2456 avocare
1575 2403 1879 2471 studerent,
1907 2408 1990 2462 ni-

415 2481 606 2552 hilque
637 2497 828 2539 eorum
861 2501 983 2557 qua:
1011 2487 1076 2542 ad
1126 2488 1472 2547 Christianos
1507 2508 1536 2547 a
1566 2495 1836 2565 principio
1865 2498 1992 2554 atti-

415 2583 548 2630 nent
579 2575 962 2634 inconvulsum
997 2580 1175 2637 sinere
1227 2586 1640 2654 contenderent,
1681 2589 1772 2642 sed
1802 2603 1854 2644 et
1888 2609 1989 2650 nos

416 2666 566 2737 ipsos
596 2671 884 2739 perplexos
933 2673 1242 2740 redderent,
1276 2679 1473 2747 quibus
1505 2683 1772 2753 scripsere
1805 2683 1984 2755 libris,

417 2757 757 2826 dubitantes,
799 2775 932 2819 num
963 2767 1187 2824 omnino
1245 2770 1495 2830 homines
1542 2778 1830 2845 exsistant,
1867 2783 1989 2838 Dei-

413 2867 521 2922 que
554 2853 864 2923 ﬂgmeutum
893 2858 1082 2914 audire
1116 2861 1448 2928 sustineant,
1520 2869 1612 2934 qui
1649 2879 1796 2925 tanta
1831 2873 1884 2928 in
1925 2875 1988 2929 il-

411 2943 526 2999 lum
561 2947 989 3006 temulentorum
1036 2969 1188 3010 more
1217 2957 1577 3032 deblaterent.
1617 2962 1805 3036 Neque
1837 2969 1983 3023 enim

413 3037 575 3094 aliam
605 3042 860 3100 existimo
891 3045 1210 3116 Apostolum
1231 3050 1254 3082 '
1283 3049 1470 3109 dicere
1495 3055 1887 3126 defectionem,
1928 3063 1986 3118 in

412 3133 676 3190 extremis
731 3137 1069 3209 temporibus
1119 3139 1378 3206 futuram,
1433 3163 1592 3216 quam
1621 3151 1814 3222 utique
1844 3155 1987 3212 hanc

2094 649 2272 702 πάντα
2321 649 2446 704 νοῦν
2501 648 2878 719 ύπερέχουσαο
2912 668 2930 701 ι
2993 649 3224 720 εἰρήνην
3275 648 3442 718 αὐτὴν
3491 650 3649 720 δήπου

2093 743 2411 812 περιφανῶς
2459 741 2638 797 πάντα
2687 741 2815 796 νοῦν
2870 743 3254 813 ὑπερέχουσαν
3309 742 3509 808 καλῶν,
3540 746 3650 797 καθ’

2091 833 2160 903 ἢν
2213 834 2499 902 ἄνθρωπος
2548 837 2576 888 ὁ
2609 833 2912 904 Ὕπέρθεος
2955 837 3266 905 γενόμενος,
3324 836 3470 905 ἡμᾶς
3497 838 3650 891 ἔκπο-

2091 926 2442 994 ὶεμωθέντας
2489 925 2777 996 διήλλαξεν
2829 927 3012 998 ἑαυτῷ
3047 943 3062 958 ο
3108 919 3171 982 οῦ
3233 927 3288 979 τί
3333 927 3401 982 ἀν
3459 929 3654 995 γένοιτο

2092 1019 2546 1090 πρεπωδέστερον
2611 1020 2690 1082 εἰς
2751 1019 3101 1090 παράστασιν
3159 1016 3259 1073 τοῦ
3311 1019 3413 1086 τῆς
3443 1020 3653 1090 εἰρήνης

2091 1109 2407 1180 ὑπερφυοῦς
2427 1128 2445 1175 ς

2173 1206 2407 1274 Ἀκήκοα
2465 1205 2523 1258 δὲ
2569 1204 2664 1258 καὶ
2724 1203 2948 1275 εἰρήνην
3009 1201 3350 1271 προϊεμένην
3395 1202 3487 1254 καὶ
3519 1204 3647 1256 ἀντι.

2093 1299 2451 1368 στρέφουσαν,
2483 1297 2552 1351 ἂν
2595 1297 2672 1366 μὴ
2708 1296 2858 1360 ἄξιος
2921 1297 2953 1348 ὁ
3008 1293 3218 1363 ταύτην
3278 1294 3653 1364 ὑποδεχόμενος

2089 1389 2122 1466 ᾖ
2151 1408 2164 1422 ·
2197 1393 2245 1445 εἰ
2279 1393 2372 1444 καὶ
2397 1391 2603 1462 Εἰρήνη
2637 1405 2760 1442 σοι’
2786 1388 2992 1458 Εἰρήνη
3013 1387 3092 1457 τῷ
3119 1387 3273 1456 ἀνδρί
3298 1405 3391 1441 σου
3413 1403 3427 1418 ο
3463 1387 3651 1458 Εἰρήνη

2088 1485 2166 1555 τῷ
2195 1485 2465 1556 παιδαρίῳ
2499 1501 2511 1516 ο
2551 1486 2599 1537 εἰ
2639 1483 2802 1554 ﬂuat
2849 1483 2912 1538 ⁸0
2945 1481 3078 1546 Θεὸς
3126 1482 3228 1548 τῆς
3278 1483 3518 1550 εἰρήνης,
3570 1486 3653 1535 καὶ

2089 1577 2247 1631 πάντ’
2278 1577 2392 1633 ἀνω
2438 1577 2532 1632 καί
2574 1577 2727 1630 κάτω
2760 1574 2832 1628 τὰ
2867 1575 2968 1643 τῆς
3001 1574 3255 1644 Γραφῆς,
3281 1575 3504 1646 εἰρήνης
3540 1573 3656 1627 ἀνά-

2089 1673 2276 1726 πλεωό
2326 1670 2527 1740 μᾶλλον
2589 1669 2637 1722 δ’
2680 1668 2868 1724 ἅπασα
2915 1669 3028 1729 τοῖς
3069 1667 3253 1738 ὀρθῶς
3306 1667 3654 1738 προσανέχου-

2091 1781 2196 1831 σιν,
2229 1763 2420 1832 εἰρήνη
2469 1763 2563 1816 καὶ
2606 1761 2879 1828 ἀσφάλεια
2906 1776 2922 1792 ·
2961 1759 3076 1813 ἀλλ’
3128 1759 3232 1814 οὐκ
3267 1755 3366 1814 οἶδ’
3419 1761 3560 1823 ὅπως
3607 1762 3655 1814 οἰ

2087 1855 2188 1924 τήν
2219 1855 2347 1908 νέαν
2381 1853 2477 1908 νῦν
2527 1851 2847 1922 ἀνευρόντες
2896 1851 3079 1905 πίστιν
3111 1851 3364 1922 μακροὺς
3402 1851 3655 1918 ἐξέτειναν

2091 1941 2418 2000 ἀντιθέσεων
2452 1943 2672 2014 λήρους,
2703 1941 2792 2011 ἐφ’
2911 1941 3010 2012 τὴν
3043 1941 3144 2010 μὲν
3190 1943 3252 1994 ὲν
3291 1941 3371 2012 τῷ
3401 1939 3518 2011 Θεῷ
3551 1942 3656 1994 διο-

2093 2037 2394 2110 σηίισουσιν
2451 2035 2670 2098 ἕνωσιν,
2703 2034 2854 2105 ἡμᾶς
2907 2033 2954 2088 δ’
2995 2033 3378 2105 ἀπορῤήξουσι
3409 2030 3522 2102 τῆς
3555 2034 3656 2104 ήδοῗ.

2093 2143 2226 2198 στης
2265 2129 2490 2198 εἰρήνης
2514 2144 2528 2159 ο
2554 2127 2834 2198 πανταχοῦ
2889 2126 2998 2194 γάρ
3055 2125 3178 2193 μεθ’
3213 2125 3521 2196 ὑπερϐολῆς
3546 2125 3656 2178 τού-

2091 2223 2304 2276 ναντίον
2333 2223 2744 2290 ἀγαπήσαντες,
2765 2220 2828 2273 τὸ
2864 2219 3008 2288 μέγα
3040 2217 3139 2286 τῆς
3171 2218 3401 2287 εἰρήνης
3420 2216 3653 2270 διέλυσαν

2091 2315 2280 2386 χρῆμα
2302 2332 2318 2347 ·
2375 2315 2470 2366 καὶ
2497 2313 2789 2384 ’τοσαύτην
2822 2300 3092 2380 ἐνέθηκαν
3117 2310 3243 2373 ταῖς
3273 2311 3524 2365 ἁπάντων
3561 2309 3655 2377 ψυ-

2090 2407 2212 2478 χαῖς
2249 2405 2350 2474 τὴν
2381 2405 2662 2477 ἀκαιρίαν,
2689 2405 2766 2470 ὡς
2804 2403 2879 2476 μή
2916 2403 3079 2474 μόνον
3127 2402 3242 2455 τῶν
3286 2401 3654 2473 γνησιωτάτων

2091 2497 2400 2570 ἀποστῆσαι
2463 2498 2766 2552 σπουδάσαι
2829 2496 3138 2564 δογμάτων,
3184 2497 3284 2550 καὶ
3336 2492 3501 2566 μηδὲν
3555 2492 3654 2544 τῶν

2091 2594 2170 2654 εἰς
2195 2591 2558 2662 Χριστιανοὺς
2587 2589 2830 2662 ὲξαρχῆς
2861 2591 3182 2660 ἀνηκόντων
3221 2589 3478 2659 ἀκίνητον
3508 2589 3653 2641 ἐᾶσαι

2089 2684 2487 2753 φιλονεικῆσαι,
2513 2681 2630 2736 ἀλλ’
2673 2681 3011 2751 ἀμφιὸόλους
3047 2681 3144 2734 καὶ
3192 2667 3345 2750 ήμᾶς
3372 2679 3563 2741 αὐτοὺς
3601 2679 3655 2729 ἐν

2089 2774 2203 2836 τοῖς
2236 2774 2366 2844 περὶ
2390 2774 2573 2827 αὐτῶν
2617 2774 2963 2842 καταστῆσαι
3003 2771 3208 2840 λόγοις,
3249 2770 3651 2841 διαποροῦντας,

2089 2868 2246 2937 εἰπερ
2304 2865 2441 2925 ὅλως
2493 2863 2575 2928 εἰς
2634 2862 2959 2934 ἀνθρώπους
3012 2861 3237 2917 τελοῦσι
3292 2863 3387 2917 καὶ
3443 2862 3652 2931 πλάσμα

2088 2949 2345 3026 λέγεσθαι
2398 2954 2536 3010 Θεοῦ
2572 2956 2984 3026 καταδέχονται,
3045 2955 3292 3010 τοσαῦτα
3323 2955 3458 3027 πρὸς
3505 2953 3654 3007 αύτδν

2087 3051 2618 3122 ὲμπαροινήσαντες.
2682 3048 2818 3104 Οὐδὲ
2848 3049 2960 3121 γὰρ
2988 3049 3156 3120 ἀλλην
3189 3045 3349 3119 οἶμαι
3380 3047 3474 3102 τδν
3507 3048 3656 3102 Ἀπό-

2089 3145 2276 3199 στολον
2307 3143 2406 3215 τὴν
2455 3141 2792 3196 ἀποστασίαν
2827 3143 2882 3194 ὲν
2930 3141 3179 3212 ὲσχάτοις
3201 3140 3481 3213 εἰρηκέναι
3509 3142 3659 3209 γενή-

413 3227 657 3280 omnium
686 3243 882 3283 unam:
921 3245 1194 3300 quatenus
1228 3237 1433 3293 scilicet
1461 3240 1600 3307 aliae,
1641 3258 1832 3300 eorum
1863 3264 1986 3319 quae

2095 3238 2280 3292 σεσθαι
2329 3237 2561 3307 καιροῖς,
2615 3234 2731 3288 ἀλλ’
2785 3233 2818 3304 ἢ
2866 3235 3037 3294 δήπου
3109 3233 3321 3294 ταύτην
3375 3235 3482 3287 τῶν
3522 3235 3654 3287 ἁπα-

414 3311 512 3372 Dei
544 3321 902 3390 sunt-aliquid
939 3336 1223 3394 ponentes,
1264 3329 1409 3397 quod
1456 3334 1724 3404 reliquum
1749 3311 1985 3395 erat-su-

413 3405 623 3462 blatum
675 3409 828 3466 ibant
853 3453 868 3475 ,
903 3414 1018 3469 haec
1052 3425 1231 3472 autem
1284 3419 1758 3491 impudentissima
1793 3444 1987 3500 supcr-

397 3497 561 3552 alitio
589 3513 655 3553 ac
685 3501 891 3571 religio,
920 3505 1182 3575 quidquid
1247 3508 1336 3564 Dei
1379 3519 1483 3577 est,
1511 3526 1677 3570 semel
1714 3497 1989 3578 honorare

411 3605 652 3668 recusat.
713 3595 1036 3666 Quanquam
1088 3600 1233 3655 enim
1289 3609 1747 3676 concrepantibus
1806 3612 1988 3669 buccis

413 3688 618 3758 aliquid
653 3690 719 3744 dc
753 3691 846 3746 illo
899 3692 1148 3747 videatur
1187 3695 1391 3762 dicere,
1425 3699 1491 3751 iis
1527 3709 1706 3755 tamen
1740 3704 1834 3772 qui
1861 3720 1987 3759 sen-

413 3794 535 3833 sum
567 3782 869 3844 attendant,
901 3797 1113 3848 eorum,
1138 3800 1259 3855 qua:
1279 3787 1592 3857 loquuntur,
1615 3793 1984 3850 omnimodam

414 3875 750 3944 impietatem
781 3876 987 3940 statuit,
1011 3875 1216 3947 Deique
1236 3891 1316 3948 tut
1348 3879 1427 3934 sic
1451 3881 1649 3952 dicam)
1676 3885 1990 3942 exstinctio-

414 3979 571 4019 nem:
600 3981 720 4036 quae
751 3965 906 4034 plane
929 3981 1059 4032 una,
1091 3977 1284 4036 aperte
1318 3970 1520 4024 nudam
1570 3973 1738 4043 ipsam
1769 3991 1988 4044 puram-

417 4073 525 4128 que
557 4057 918 4115 defectionem
952 4061 1273 4129 designant,
1295 4063 1368 4118 ita
1404 4065 1689 4135 nimirum,
1726 4077 1989 4140 tantoque

415 4165 642 4205 excessu
698 4149 753 4204 in
797 4151 994 4206 bonum
1067 4153 1216 4221 pacis
1266 4155 1515 4222 procacia
1575 4156 1774 4213 invecti
1835 4172 1984 4226 sunt,

414 4254 727 4310 quanquam
763 4243 1034 4298 maximus
1069 4243 1211 4300 Deus
1247 4254 1303 4299 et
1327 4244 1578 4302 Salvator
1606 4261 1793 4304 noster
1830 4251 1990 4309 .Iesus

414 4331 670 4388 Christus
692 4329 758 4397 ’°,
790 4343 913 4404 post
933 4350 1093 4389 omne
1115 4335 1311 4390 salutis
1363 4347 1562 4392 nostra:
1593 4342 1866 4408 expletum
1895 4359 1990 4397 ne-

411 4426 620 4492 gotium
649 4467 664 4490 ,
701 4429 848 4494 quod
889 4428 1190 4497 discipulos
1237 4429 1302 4483 ad
1338 4432 1742 4501 praedicationis
1789 4451 1990 4492 munus

2091 3328 2201 3384 σῶν
2237 3332 2408 3399 μόνην
2433 3343 2451 3360 ο
2494 3327 2737 3396 παρόσον
2771 3327 2978 3379 ἐκεῖναι
3026 3324 3126 3394 μὲν
3165 3326 3222 3378 τὶ
3261 3326 3373 3378 τῶν
3409 3322 3503 3377 τοῦ
3527 3320 3655 3376 Θεοῦ

2088 3419 2394 3489 τιθέμεναι,
2427 3417 2578 3492 τᾶλλ’
2632 3416 2905 3488 ἀνῄρουν·
2941 3418 2974 3488 ή
3007 3415 3054 3470 δ’
3090 3416 3316 3486 ἀναιδὴς
3359 3415 3496 3487 αῦτη
3539 3413 3658 3484 θρη-

2092 3534 2249 3590 σκεία
2283 3533 2539 3600 καθάπαξ
2571 3532 2931 3586 ἀπαναίνεται
2962 3531 3014 3584 τὶ
3060 3529 3170 3584 τῶν
3201 3531 3298 3584 τοῦ
3325 3529 3460 3584 Θεοῦ
3503 3525 3655 3598 τιμῆ-

2092 3646 2204 3683 σαι.
2255 3627 2376 3680 Κᾶν
2415 3624 2526 3695 γὰρ
2563 3625 2677 3686 τοῖς
2705 3623 2900 3695 ψόφοις
2949 3623 3058 3676 τῶν
3102 3623 3390 3694 ὀνομάτων
3442 3623 3496 3676 τὶ
3542 3620 3660 3690 περί

2091 3719 2260 3774 αὑτοῦ
2331 3717 2511 3786 λέγειν
2561 3715 2717 3786 δοκῇ,
2773 3715 2909 3769 ἀλλά
2963 3716 3075 3777 τοῖς
3131 3713 3234 3783 τήν
3273 3713 3512 3768 διάνοιαν
3562 3711 3659 3764 τῶν

2090 3813 2406 3883 λεγομένων
2449 3811 2718 3865 σκοποῦσι
2767 3807 3006 3876 παντελῆ
3039 3807 3139 3876 τὴν
3169 3807 3368 3861 ἀθεῖαν
3401 3806 3658 3875 παρίστη-

2091 3921 2178 3959 σιν
2201 3920 2215 3934 ’
2248 3905 2285 3958 ἃ.
2306 3899 2368 3973 δὴ
2402 3903 2539 3972 μόνα
2585 3899 2903 3971 περιφανῶς
2931 3897 3147 3969 γυμνὴν
3175 3898 3350 3969 αὐτὴν
3376 3896 3470 3950 καὶ
3498 3896 3658 3965 ἄκρα-

2090 4013 2184 4048 τον
2220 3993 2320 4064 τὴν
2365 3992 2709 4046 ἀποστασίαν
2769 3991 3046 4045 δείκνυσιν
3083 4005 3097 4020 °
3143 3987 3290 4043 οὕτω
3339 3988 3459 4060 μεθ’
3503 3987 3655 4056 ὑπερ-

2092 4085 2253 4156 6ολῆς
2306 4086 2386 4148 εἰς
2428 4085 2486 4138 τὸ
2523 4085 2623 4153 τῆς
2675 4083 2901 4155 εἰρήνης
2953 4082 3257 4153 ἐξύϐρισαν
3318 4080 3540 4150 ἀγαθὸν,
3575 4079 3658 4134 καὶ

2092 4177 2271 4231 ταῦτα
2299 4178 2394 4230 τοῦ
2431 4176 2670 4245 μεγάλου
2695 4173 2833 4228 Θεοῦ
2880 4175 2973 4228 καί⁸
3014 4174 3271 4245 Σωτῆρος
3301 4173 3457 4244 ἡμῶν
3498 4169 3656 4242 ’1ησοῦ

2093 4268 2372 4338 Χριστοῦ,
2429 4265 2568 4337 μετὰ
2621 4265 2684 4318 τὸ
2717 4266 2900 4319 πᾶσαν
2958 4265 3320 4336 ἐκπληρῶσαι
3376 4267 3475 4336 τήν
3528 4264 3656 4332 ὑπὲρ

2092 4359 2251 4430 ήμῶν
2301 4359 2640 4428 οἰκονομίαν,
2684 4356 2872 4426 ἐπειδὴ
2917 4358 3044 4420 τοὺς
3078 4357 3326 4428 μαθητὰς
3359 4357 3450 4412 ἐπὶ
3479 4358 3538 4410 τὸ
3571 4357 3657 4425 κή-

2096 4466 2286 4519 ρυγμα
2351 4447 2726 4520 προύπεμπε,
2785 4448 3274 4517 προκαταστήσας,
3336 4446 3513 4501 αὐτῶν
3568 4443 3654 4503 τὰς

412 4519 800 4589 prmmittcbat,
820 4534 1010 4574 eorum
1048 4530 1172 4574 ante
1203 4537 1538 4590 componens
1559 4527 1792 4593 animos,
1825 4544 1988 4584 secu-

2095 4539 2348 4612 γνώμας,
2380 4519 2476 4594 καὶ
2514 4539 2610 4601 τὰς
2660 4536 2861 4608 ψυχὰς,
2922 4538 2979 4590 ἐν
3019 4535 3098 4607 τῷ
3139 4538 3308 4605 φᾶναι
3339 4534 3656 4609 προασφαλι-

411 4624 614 4679 rasque
639 4622 843 4665 mentes
869 4612 1120 4678 reddens,
1160 4613 1360 4683 quibus
1400 4617 1497 4681 ait,
1522 4617 1660 4672 (Pax
1695 4621 1850 4676 vobis
1886 4623 1982 4688 “,i

2096 4633 2357 4702 σάμενος,
2396 4651 2414 4683 ι
2452 4631 2658 4701 Εἰρήνη
2692 4631 2842 4700 ὑμῖν,
2889 4649 2907 4680 ι
2939 4630 3038 4682 οὐκ
3081 4629 3326 4698 ἐνέμεινε
3369 4630 3526 4700 μέχρι
3571 4624 3652 4680 τοῦ

411 4716 522 4757 non
552 4702 790 4757 cessavit
829 4704 1003 4759 donec
1027 4705 1141 4760 lucc
1173 4707 1409 4774 primum
1450 4709 1983 4784 dicere'injungcrct,

413 4809 536 4849 esse
560 4810 618 4849 se
645 4797 815 4864 magis
837 4809 1119 4851 auctorem
1152 4810 1312 4868 atque
1331 4800 1595 4856 arbit'um
1615 4806 1762 4875 pacis
1790 4809 1993 4862 contir-

416 4905 575 4943 muns
605 4889 677 4953 ¹¹,
703 4889 845 4957 quod
885 4892 936 4944 in
967 4892 1088 4946 aliis
1122 4892 1367 4949 dixerat:
1413 4893 1641 4950 tPacem
1686 4915 1861 4955 meam
1916 4903 1988 4956 do

416 4982 570 5036 vobis
597 4981 691 5046 ¹³,›
733 4985 834 5038 hoc
863 4983 1042 5037 denuo
1085 4982 1198 5053 ipse
1252 4987 1576 5055 adjungcus,
1608 4989 1798 5060 sicque
1830 5007 1991 5061 pero-

413 5075 608 5141 rando,
647 5076 788 5127 «Pax
822 5076 1030 5140 vobis,»
1059 5078 1108 5130 in
1137 5094 1262 5132 eum
1290 5080 1509 5133 modum
1535 5083 1766 5150 apostoli
1789 5099 1987 5141 munus

417 5167 526 5222 illis
582 5169 884 5234 concredit,
929 5185 1040 5222 rem
1094 5171 1306 5225 scilicrt
1347 5173 1512 5227 nullis
1571 5175 1704 5229 satis
1737 5177 1988 5234 laudibus

416 5263 828 5320 celebrandam:
863 5264 1045 5318 «Sicut
1080 5266 1230 5320 misit
1261 5282 1347 5320 me
1373 5265 1530 5320 Pater
1596 5283 1771 5331 meus,
1796 5279 1850 5324 ct
1887 5287 1989 5340 ego

417 5355 573 5409 mitto
593 5356 796 5423 vos",t
846 5365 901 5410 et
947 5355 1070 5411 illos
1119 5358 1327 5411 honore
1359 5354 1620 5423 alliciens,
1648 5370 1701 5411 et
1732 5359 1992 5428 dignitate

414 5458 641 5512 augens.

487 5536 585 5590 Sin
619 5545 799 5592 autem
840 5540 1004 5593 ctiam
1037 5550 1165 5594 ante
1193 5555 1409 5594 omnem
1440 5539 1643 5595 Christi
1726 5541 1990 5612 praedica-

420 5630 629 5687 tionem
665 5640 828 5702 atque
868 5631 935 5687 ad
966 5648 1086 5686 eam
1143 5635 1617 5703 pra-parationcm,
1683 5635 1830 5704 pacis
1861 5647 1992 5704 pro-

489 5767 775 5841 _'_|7‘_|tilipp.
828 5772 964 5837 tv,7.
1039 5771 1059 5803 ⁸
1097 5772 1282 5826 Matth.
1311 5790 1362 5832 ιι.
1399 5771 1462 5827 15
1495 5793 1506 5836 ;
1541 5773 1676 5827 Luc.
1744 5791 1795 5831 κ,
1836 5774 1888 5827 6.

424 5923 516 5973 u,
562 5909 652 5964 21.

1990 5775 2010 5806 ⁷
2047 5775 2062 5829 Ι
2097 5774 2210 5830 Par.
2251 5789 2347 5835 xu,
2400 5773 2506 5837 l8;
2551 5770 2613 5826 IV
2651 5771 2782 5843 Reg.
2835 5789 2906 5834 tv,
2960 5773 3011 5827 6.

420 5838 442 5871 ⁸
486 5838 524 5892 Il
555 5838 749 5923 Thess.
793 5859 853 5910 υ,
887 5846 940 5897 5.
1022 5843 1065 5874 ¹⁰
1103 5845 1206 5899 Tit.
1235 5861 1290 5909 ιι,
1327 5844 1418 5899 '23.
1501 5851 1534 5878 “
1562 5847 1722 5899 .loan.
1755 5862 1843 5910 ax,
1873 5846 1960 5908 l9.
1994 5846 2085 5900 “2|.

2091 4725 2270 4781 ταῦτα
2315 4724 2602 4794 προειπεῖν
2644 4723 2967 4790 ἐγνωκέναι,
3007 4721 3244 4791 βεϐαιῶν
3277 4721 3351 4785 ὡς
3393 4721 3546 4784 αὐτὸς
3596 4718 3652 4772 ἄν

2093 4820 2178 4888 εἴη
2209 4816 2412 4887 μᾶλλον
2440 4817 2468 4868 ό
2493 4816 2592 4882 τῆς
2627 4815 2850 4888 εἰρήνης
2883 4815 3147 4885 πρύτανις
3178 4856 3192 4877 ,
3235 4815 3375 4885 ὅπερ
3406 4816 3462 4866 ἐν
3490 4811 3654 4871 ἄλλοις

2093 4907 2323 4978 ἔφησεν,
2371 4926 2390 4958 ι
2432 4907 2668 4976 Εἰρήνην
2700 4906 2798 4976 τὴν
2840 4907 2978 4976 ἐμὴν
3023 4905 3220 4974 δίδωμι
3259 4905 3410 4974 ύμῖν,
3453 4923 3470 4955 ι
3513 4901 3652 4955 τοῦτο

2097 5000 2260 5054 πάλιν
2313 4998 2407 5052 καὶ
2456 4997 2617 5060 αὐτὸς
2658 4997 2926 5063 ἐπειπὼν,
2964 5016 2984 5050 ι
3025 4998 3234 5069 Εἰρήνη
3275 4999 3424 5069 ύμῖν,
3471 5015 3489 5048 ι
3526 4994 3652 5048 οὕτω

2097 5092 2198 5162 τὴν
2245 5090 2552 5158 ἀποστολὴν
2601 5090 2785 5153 αὐτοῖς
2833 5091 3163 5160 ἐγχειρίζει,
3193 5092 3254 5144 τὸ
3296 5087 3650 5159 πολυύμνητον

2098 5184 2278 5235 ἐκεῖνο
2302 5196 2318 5211 ·
2357 5200 2374 5232 ι
2409 5179 2610 5242 Καθὼς
2661 5180 2971 5234 ἀπέσταλκε
3008 5197 3074 5251 με
3105 5181 3132 5234 ὁ
3183 5179 3374 5248 Πατήρ
3411 5195 3530 5247 μου,
3564 5173 3650 5227 xi-

2100 5273 2181 5344 γὼ
2216 5274 2419 5345 πέμπω
2449 5272 2615 5342 ὑμᾶς,
2662 5290 2680 5322 ι
2732 5275 2824 5326 καὶ
2858 5273 3099 5343 τιμήσας
3141 5273 3339 5336 αὐτοὺς
3375 5271 3468 5324 καὶ
3507 5263 3649 5334 ἀξιώ-

2102 5385 2221 5431 σας.

2174 5549 2236 5601 Εἰ
2264 5546 2321 5599 δὲ
2363 5547 2457 5600 καὶ
2486 5544 2591 5614 πρὸ
2623 5545 2838 5598 πάντων
2865 5543 2972 5596 τῶν
3004 5541 3238 5613 Χριστοῦ
3271 5538 3641 5611 κηρυγμάτων,

2100 5640 2196 5692 καὶ
2243 5640 2342 5708 τῆς
2391 5638 2510 5690 κατ’
2567 5635 2708 5688 αὐτὰ
2761 5637 3141 5706 παρασκευῆς,
3186 5633 3246 5688 τὸ
3293 5633 3393 5701 τῆς
3441 5627 3640 5698 εἰρήνης

2215 5844 2424 5898 “Luc.
2475 5858 2533 5910 ε,
2597 5846 2646 5897 5.
2761 5845 2991 5899 l’Joan.
3068 5859 3153 5900 xtv
3230 5844 3316 5896 27.
