3790 6542
169 484 259 552 669

908 484 1544 548 PALAMITICARUM
1573 482 2327 549 TRANSGBESSIONUM
2365 482 2619 545 LIBER.

3284 475 3390 540 cro
3436 434 3441 437 ’

165 591 468 663 ἐπήγγελται
498 591 787 662 ἄσπασμα,
825 593 924 647 καὶ
952 594 1135 664 πάσης
1167 596 1300 650 αὐτὸ
1338 615 1440 664 της
1475 599 1533 651 ἐν
1562 600 1694 668 ἡμῖν

1840 608 2048 654 unttata
2081 599 2395 669 indictaque
2463 596 2721 655 salutatio
2771 604 2875 661 est,
2922 594 3089 665 inque
3117 594 3264 648 omni
3326 608 3386 648 re

163 683 530 757 ἱεροτελεστιας
592 684 990 755 προήγγελται,
1049 687 1199 748 τινες
1254 688 1323 743 ἂν
1376 685 1487 743 εἶεν
1540 692 1594 744 οἵ
1636 708 1701 759 γε

158 777 398 848 ⁴πρότερον
447 774 547 828 καὶ
593 774 693 830 νῦν
743 776 877 831 αὐτὸ
933 780 1236 849 παραλύειν
1279 783 1737 849 ἐσπουδακότες,ο

158 870 241 924 καὶ
290 866 454 937 μηδὲν
509 866 909 940 ἀγνωμοσύνης
964 872 1376 943 παραλιπόντες
1402 913 1417 938 ,
1478 875 1704 944 άναίδην

160 959 285 1013 οὕτω
310 956 448 1010 κατὰ
491 955 673 1026 πάσης
702 960 1056 1029 κεχωρήκασι
1105 962 1207 1031 τῆς
1251 965 1409 1033 ἡμων
1438 965 1663 1036 εἰρήνης
1687 1005 1702 1030 ,

152 1051 327 1116 ἐξῶσαι
386 1048 659 1118 πρότερον
716 1050 889 1122 αὐτὴν
946 1052 1347 1124 ἐνθυμηθέντες
1405 1056 1513 1110 ἀπδ
1545 1057 1703 1122 Θεοῦ,

155 1137 252 1194 εἶτα
280 1139 369 1193 καὶ
397 1138 509 1193 τῶν
525 1140 583 1193 ἐν
611 1141 742 1212 ἡμῖν
766 1143 1233 1211 σπουδασμάτων;
1260 1141 1385 1215 'Ap’
1415 1146 1514 1199 οὐκ
1544 1146 1705 1211 εὐθύς

152 1228 363 1299 ἓξαρχῆς
404 1229 505 1301 τὴν
545 1230 757 1285 ἑαυτῶν
810 1234 1123 1301 παριστῶσι
1159 1238 1289 1307 περὶ
1330 1237 1392 1291 τδ
1427 1237 1706 1309 ὁμόψυχον

153 1321 464 1392 ὑπεροψίαν,
527 1324 625 1376 καὶ
680 1325 827 1382 ὅπως
885 1325 1077 1397 ἔλαχον
1126 1330 1256 1397 περὶ
1309 1332 1371 1383 τὸ
1423 1329 1707 1383 δυσσεὸεῑν

150 1413 400 1484 αἱρεῖσθαι
468 1414 735 1483 φύσεωςς
790 1416 951 1470 Ἀλλὰ
1019 1420 1225 1488 ταύτης
1270 1421 1368 1489 μὲν
1420 1422 1519 1490 τῆς
1564 1424 1707 1477 κατὰ

148 1506 233 1571 τῆς
264 1502 485 1572 εἰρήνης
533 1504 761 1574 λύττης,
790 1508 876 1560 ἐπ’
906 1508 1094 1571 ἄλλοις
1138 1510 1289 1564 ἄλλοι
1334 1512 1476 1565 κατὰ
1515 1513 1705 1581 διαφό-

155 1612 259 1664 ρους
280 1593 582 1665 ἀρξάμενοι
622 1598 872 1667 χρόνους,
914 1590 1281 1664 τελευτῶντες
1312 1602 1391 1665 εἰς
1438 1602 1707 1672 Παλαμᾶν

152 1684 308 1759 ἦκον⁶
336 1687 533 1759 ἄνδρα,
582 1689 676 1743 τὸν
724 1691 849 1744 νοῦν
887 1692 1142 1746 ἀόἐσαιον
1168 1708 1182 1723 ⁸
1230 1694 1521 1747 ἀλλόκοτον
1578 1698 1707 1765 περὶ

152 1781 234 1848 τὴν
276 1779 576 1851 θρησκείαν
611 1798 628 1815 ·
682 1784 1088 1855 ἀπερίσκεπτον
1138 1788 1268 1855 περὶ
1320 1776 1381 1841 τὸ
1422 1790 1710 1856 παραστάν

151 1873 277 1926 ἅπαν
298 1887 311 1902 ο
343 1873 468 1942 ὅρον
503 1872 704 1928 τοῦτον
734 1875 1016 1943 ἐγνωκότα
1045 1876 1399 1946 φιλονεικίας,
1437 1880 1537 1948 ούχ
1583 1879 1642 1933 ὃν
1681 1878 1706 1949 η

152 1965 288 2034 φύσις
320 1965 455 2033 πρὸς
489 1965 597 2034 τὴν
641 1966 834 2037 χρείαν
874 1968 1261 2036 ἐπετήδευσεν.
1286 1968 1402 2023 ἀλλ’
1445 1971 1505 2025 ὃν
1540 1973 1569 2025 ὁ
1613 1971 1711 2041 τῆς

154 2057 272 2126 ζωῆς
316 2056 469 2125 αύτῷ
526 2058 724 2127 χρόνος
776 2058 1131 2130 ἐξεμέτρησε.
1206 2059 1474 2132 Τοιαύτην
1557 2058 1712 2126 οὗτος

157 2148 231 2217 τὴν
249 2147 421 2216 ψυχὴν
453 2149 800 2219 περιφέρων,
842 2153 939 2203 καὶ
966 2150 1142 2222 τούτῳ
1173 2153 1297 2216 τοὺς
1323 2153 1515 2217 ἄλλους
1547 2155 1710 2227 ὑπερ-

167 2240 381 2292 θλλέσθαι
413 2240 628 2310 ζητῶν,
655 2242 792 2295 ὅπου
820 2242 882 2296 τδ
905 2244 1060 2315 νικᾷν
1092 2243 1254 2297 πλέον
1290 2242 1382 2297 τὸν
1418 2250 1547 2315 περὶ
1578 2247 1717 2300 Θεοῦ

166 2333 370 2387 κὶνόννον
411 2334 592 2406 αἴρει,
647 2335 867 2407 περιῄει
913 2336 979 2391 τὸ
1021 2338 1239 2409 πρῶτον
1286 2341 1482 2409 καιρὸν
1516 2341 1719 2393 ἐπιδεξ-

160 2429 267 2494 ξεως
291 2428 770 2500 ἁνερευνώμενος,
807 2430 1116 2499 φιλοπονῶν
1163 2431 1293 2502 περὶ
1326 2432 1397 2486 τὰ
1432 2432 1714 2501 ἐλάχιστα.

156 2521 231 2571 καὶ
258 2519 332 2591 τῷ
376 2524 620 2591 κρατεῖν
667 2525 727 2577 ἐν
769 2522 986 2593 ἑκάστῳ
1023 2522 1171 2593 μάλα
1220 2523 1675 2594 φιλοτιμούμενος
1701 2538 1716 2553 ⁸

157 2612 308 2664 πάντα
337 2612 510 2665 κινῶν
540 2613 646 2667 καὶ
678 2615 847 2685 μηδὲν
875 2613 1234 2684 παραλείπων
1277 2613 1418 2682 ὑπὲρ
1442 2614 1538 2666 τοῦ
1580 2616 1721 2685 πρὸς

160 2704 348 2758 ἅπαντα
368 2706 668 2777 φιλαρχεῖν
695 2708 971 2776 αἱρεῖσθαι
996 2722 1014 2738 ο
1044 2707 1144 2761 καὶ
1168 2707 1278 2765 πᾶς
1316 2702 1384 2777 ἦν
1412 2705 1564 2776 αὐτῷ
1593 2705 1721 2758 σύλ-

154 2797 289 2866 λογος
338 2798 564 2869 ἡμέρας
616 2800 877 2871 ἐκάστης,
934 2800 1037 2854 εἴτ’
1084 2800 1150 2854 ἐκ
1200 2799 1463 2854 πλειόνων
1509 2800 1609 2853 εἶτ’
1662 2799 1720 2865 ἐξ

155 2890 430 2945 ἐλαττόνων
466 2894 879 2961 συνεκροτεῖτο,
924 2890 1159 2963 θορύϐου
1190 2891 1287 2945 καὶ
1317 2892 1564 2963 ταραχῆς
1593 2893 1724 2946 ἀνά-

154 2982 333 3047 πλεως.

1806 705 1983 757 sacra,
2024 706 2088 747 ac
2108 692 2497 765 mysteriorum
2527 688 3028 758 celebrationeipsa
3083 687 3226 756 apud
3282 702 3383 741 nos

1804 786 2225 853 prmnuntiatur,
2251 785 2474 854 quinam
2508 797 2628 838 esse
2658 780 2867 836 dicendi
2902 788 3050 845 sunt,
3082 777 3175 847 qui
3228 777 3385 847 prius

1806 891 2063 945 nuncque
2086 876 2206 943 ejus
2229 874 2434 931 bonum
2462 873 2846 936 dissolventes,
2869 871 3122 939 nihilque
3172 869 3384 939 impro-

1806 968 1992 1023 bitatis
2026 968 2255 1023 missum
2284 966 2569 1028 facientes.
2600 972 2747 1019 tanta
2781 962 3119 1033 impudentia
3152 960 3204 1014 in
3264 975 3385 1015 om-

1806 1077 1929 1117 nem
1959 1071 2197 1117 nostram
2224 1059 2456 1131 grassati
2479 1068 2830 1127 suntpacem,
2866 1057 2966 1111 hoc
2996 1056 3299 1126 cogitantes
3328 1063 3383 1106 ut

1807 1169 1836 1208 a
1869 1153 1975 1206 Deo
2004 1152 2178 1221 prius,
2208 1160 2430 1218 tumque
2446 1149 2606 1203 etiam
2629 1149 2697 1201 ab
2712 1146 2967 1200 humanis
2992 1144 3188 1199 studiis
3221 1153 3386 1211 atque

1808 1246 2051 1301 moribus
2088 1258 2206 1297 eam
2241 1236 2778 1312 proﬂigarent?Num
2802 1239 2964 1305 igitur
2987 1237 3168 1291 Statim
3190 1250 3218 1288 a
3238 1235 3386 1302 prin-

1807 1335 1973 1404 cipio,
2008 1348 2162 1388 suam
2194 1330 2509 1391 ostendunt,
2532 1328 2673 1396 quod
2711 1327 2777 1381 ad
2798 1324 3383 1385 concordiamattinet,

1809 1425 2139 1496 superbiam,
2165 1438 2337 1495 quove
2356 1422 2561 1491 praeliti
2583 1419 2800 1488 ingenio
2822 1418 2951 1478 sint,
2973 1426 3032 1470 ut
3059 1423 3252 1483 sponte
3290 1430 3389 1469 sua

1810 1520 2071 1589 impietati
2098 1516 2424 1571 concedant?
2448 1512 2647 1567 Verum
2679 1510 2825 1564 hunc
2856 1506 3077 1576 quidem
3124 1504 3389 1560 adversus

1810 1626 1998 1680 pacem
2032 1608 2294 1670 furorem,
2312 1607 2363 1660 in
2388 1606 2508 1660 aliis
2538 1605 2625 1659 alii
2649 1602 2878 1659 diversis
2902 1598 3240 1669 temporibus
3289 1614 3353 1649 au
3374 1627 3389 1636 -

1811 1701 2025 1769 spicati,
2060 1708 2334 1769 postremo
2366 1697 2431 1752 ad
2466 1696 2738 1751 Palamam
2791 1696 3157 1757 devenerunt;
3214 1688 3388 1744 virum

1811 1794 2040 1876 scilicet,
2062 1790 2391 1847 inconstanti
2416 1790 2597 1843 animo
2624 1782 3262 1857 ;superstitioneDeique
3276 1780 3391 1836 ωι-

1814 1896 1870 1940 tu
1898 1894 2269 1956 portentosum
2306 1902 2320 1951 ;
2358 1882 2619 1952 quidquid
2650 1879 2849 1949 negotii
2875 1885 3140 1941 vertatur,
3182 1876 3393 1939 impru-

1817 1981 2030 2035 dentem
2057 1973 2608 2031 acinconsideratum
2646 1986 2661 2025 :
2694 1968 2786 2039 qui
2836 1969 2983 2021 hunc
3027 1964 3395 2020 contentionis

1816 2070 1979 2126 tinem
2023 2066 2259 2129 noverit,
2295 2078 2401 2119 non
2437 2076 2595 2132 quem
2635 2069 2829 2115 natura
2870 2056 3033 2127 iusta:
3092 2054 3391 2108 necessita-

1817 2160 1889 2214 tis
1923 2171 2090 2213 cansa
2124 2156 2399 2216 statuerit,
2440 2150 2534 2206 sed
2570 2165 2731 2220 quem
2759 2147 2885 2201 vita:
2921 2144 3003 2200 illi
3042 2151 3259 2213 tempus
3282 2156 3398 2196 om-

1818 2265 1885 2305 ne
1913 2246 2265 2320 protenderit.
2290 2241 2632 2313 Ejuscemodi
2654 2239 2740 2292 ille
2760 2236 3003 2292 animum
3030 2232 3396 2291 eirumferens

1819 2344 2031 2408 hocque
2048 2338 2273 2408 reliquis
2295 2334 2602 2405 przecellere
2622 2344 2893 2401 quaerens,
2916 2341 3024 2397 quo
3037 2324 3263 2380 victoria
3283 2322 3399 2378 dis-

1816 2435 2095 2505 putatione
2124 2433 2187 2486 de
2216 2427 2327 2483 Deo
2368 2426 2547 2495 majus
2602 2422 2910 2503 periculum
2952 2417 3104 2481 facit,
3131 2414 3400 2470 circuibat

1818 2524 2053 2595 primum
2083 2520 2427 2575 occasionem
2461 2496 2667 2569 rimatis
2708 2512 2793 2567 sui
2827 2518 3041 2565 ostenta
3064 2507 3177 2574 udi,
3212 2507 3265 2561 in
3303 2506 3407 2561 mi-

1821 2616 1985 2669 nimis
2024 2624 2245 2680 operam
2296 2622 2627 2677 magnopere
2670 2603 2962 2662 adbibens,
3008 2597 3257 2670 atquein
3286 2612 3406 2651 om-

1823 2705 1982 2759 nibus
2018 2703 2221 2773 primas
2267 2698 2411 2754 ferre
2459 2698 2618 2752 etiam
2666 2702 2827 2765 atque
2881 2691 3045 2747 etiam
3104 2687 3400 2752 ambiens;

1822 2796 2030 2852 nullum
2050 2811 2157 2849 non
2177 2791 2362 2848 funem
2380 2804 2603 2846 movens
2620 2798 2780 2842 autve
2799 2785 3093 2857 quicquam
3114 2780 3396 2843 omittens,

1824 2899 1883 2943 ut
1918 2890 1973 2943 in
2009 2885 2266 2940 omnibus
2286 2895 2515 2953 prmesse
2534 2879 2668 2932 velle
2692 2891 2756 2932 ac
2774 2874 3044 2930 dominari
3082 2871 3397 2932 videretur;

1822 2977 2112 3046 omnisque
2148 2970 2500 3042 illi‘quotidie
2529 2976 2850 3031 conventus,
2895 2964 3013 3019 sive
3049 2965 3251 3033 plures,
3289 2961 3411 3015 sive

1824 3072 2111 3143 pauciores
2134 3066 2528 3128 conﬂuxerant,
2565 3059 2759 3132 plenus
2775 3055 3045 3112 tumultus
3057 3063 3109 3110 et
3126 3052 3412 3125 perturba-

1826 3164 1992 3219 tionis
2015 3163 2220 3216 abibat.

225 3254 370 3308 Ἐπεὶ
420 3255 479 3307 δὲ
544 3255 743 3323 καιρὸς
805 3253 1125 3326 ἐφειστήκει
1183 3256 1367 3309 πᾶσαν
1428 3256 1515 3324 ἐφ’
1565 3256 1720 3324 ἡμῶν

1898 3258 2194 3326 Postquam
2218 3268 2347 3308 vero
2372 3260 2589 3316 tempus
2614 3244 2931 3303 advenerat,
2950 3252 3012 3296 ut
3028 3239 3207 3296 omnis
3233 3238 3287 3293 in
3310 3251 3410 3292 no-

156 3348 367 3416 ὰνομῐαν
400 3347 856 3415 συντελεσθῆναι,
886 3348 985 3401 καὶ
1014 3348 1270 3418 γενέσθαι
1304 3348 1372 3403 τά
1411 3349 1535 3402 καθ’
1574 3351 1723 3419 ἡμᾶς

154 3441 271 3494 ὡσεὶ
299 3443 510 3511 Σόδομα
558 3442 656 3497 καὶ
689 3443 944 3514 Γόμορρα
969 3458 984 3474 ο
1017 3444 1117 3496 καὶ
1166 3444 1275 3495 πᾶν
1322 3443 1421 3513 μὲν
1464 3442 1722 3509 ἐξανδρα-

157 3535 459 3604 ποδισθῆναι
490 3535 561 3588 τὸ
591 3534 767 3603 γένος,
816 3536 1001 3587 πᾶσαν
1053 3536 1101 3587 δ’
1134 3534 1489 3605 ἐρημωθῆναι
1542 3535 1719 3600 πόλιν,

155 3627 242 3679 καὶ
290 3625 767 3697 καταπατηθῆναι
823 3626 894 3680 τὰ
950 3626 1117 3694 Ἀγια
1171 3626 1399 3695 Περσῶν
1472 3626 1723 3697 βεϐήλοις

157 3720 294 3782 ποσὶ,
324 3719 419 3771 καὶ
466 3718 577 3789 τὴν
602 3717 783 3770 αὐτῶν
830 3716 1207 3787 ἀντισηκῶσαι
1242 3719 1589 3788 παρανομίαν
1630 3718 1724 3771 καὶ

156 3812 433 3879 ἀσέλγειαν
459 3814 582 3875 τοῖς
616 3811 914 3880 ἡμετέροις
945 3809 1091 3863 ἔθεσι
1118 3810 1211 3862 καὶ
1241 3808 1581 3877 σεϐάσμασιν
1611 3804 1725 3879 (οἷα

156 3904 217 3956 τά
252 3905 345 3957 τοῦ
395 3904 540 3958 Θεοῦ
598 3904 874 3973 κρίματαῑ
916 3902 934 3969 l
995 3901 1337 3971 θρασύτερον
1386 3901 1416 3953 ὁ
1464 3900 1725 3972 ὑϐριστὴς

157 3997 529 4065 ἐμπεπτωκὼς
566 3990 741 4058 οὗτος,
776 3995 945 4059 Λυδὸς
986 3996 1146 4059 εὐθὺς
1170 3992 1238 4067 ἦν
1264 3996 1345 4057 εἰς
1387 3994 1592 4054 πεδίον.
1632 3996 1728 4048 καὶ

156 4088 299 4151 δαλὸς
339 4090 422 4152 εις
456 4087 774 4157 εὔπρηστον
806 4086 977 4157 ὓληνο
1024 4086 1119 4140 καὶ
1161 4086 1352 4156 ὥσπερ
1389 4089 1501 4149 τοῖς
1544 4086 1728 4150 ἄλλοις

158 4180 311 4255 ύτῶν
344 4180 624 4251 σωμάτων
657 4180 752 4233 καὶ
803 4178 913 4231 τῶν
956 4179 1256 4249 χρημάτων
1285 4177 1505 4248 ὅὶεθρος
1544 4178 1727 4231 διεπο-

159 4272 285 4343 νήθη
314 4276 409 4328 καὶ
454 4273 986 4343 πεπραγμάτευται,
1048 4270 1386 4343 μακρότερον
1419 4288 1522 4324 που
1551 4269 1729 4338 τούτῳ

158 4364 214 4416 τὸ
256 4366 364 4418 τῶν
420 4365 618 4437 ψυχῶν
663 4366 919 4434 ἐξήνυται
967 4363 1329 4435 δηλητήριον·
1366 4363 1442 4427 ὼς
1485 4363 1549 4416 ἂν
1608 4361 1731 4414 κατ’

160 4455 316 4525 ἄμφω
359 4459 461 4513 καὶ
517 4456 718 4528 ψυχαῖς
768 4454 1003 4510 θάνατον
1051 4459 1143 4510 καὶ
1203 4458 1453 4527 σώμασιν
1518 4454 1732 4509 ὄλισθον

162 4549 425 4617 ἐπάγοιεν.

1840 3346 1924 3401 bis
1957 3348 2438 3399 consummaretur
2486 3332 2835 3404 improbitas,
2895 3333 3187 3395 essentque
3228 3329 3412 3376 nostra

1839 3438 2091 3491 Sodomae
2125 3447 2188 3486 ac
2214 3428 2534 3485 Gomorrhte
2563 3424 2706 3479 haud
2739 3418 3027 3477 dissimilia
3058 3433 3074 3482 ;
3124 3423 3289 3483 atque
3358 3416 3411 3464 nt

1839 3541 1948 3585 tota
1982 3528 2201 3581 natione
2232 3524 2287 3577 in
2319 3522 2633 3577 servitutem
2662 3514 2900 3576 redacta.
2934 3510 3085 3566 nulla
3128 3522 3236 3562 non
3276 3503 3417 3560 civi-

1840 3631 1922 3675 tas
1955 3616 2313 3680 desolaretur,
2347 3628 2412 3667 ac
2446 3609 2645 3663 Sancta
2674 3604 2917 3676 profanis
2947 3601 3236 3656 Persarum
3262 3594 3416 3666 pedi-

1839 3718 1943 3772 bus
1973 3714 2451 3771 conculcarentur,
2488 3702 2795 3772 nostrisque
2826 3698 3070 3761 moribus
3103 3702 3266 3763 atque
3296 3689 3416 3745 cule

1838 3808 2003 3871 tibus,
2045 3804 2259 3858 illorum
2291 3798 2514 3871 perﬁdia
2546 3795 2836 3861 insanique
2864 3802 3082 3844 amores
3116 3787 3259 3857 (qua:
3320 3779 3413 3835 Dei

1836 3900 2086 3973 judicia!)
2125 3896 2239 3969 pari
2276 3894 2401 3965 jure
2431 3892 2792 3949 haberentur,
2820 3883 3013 3953 majori
3072 3878 3299 3935 audacia
3344 3876 3415 3930 ir-

1845 3972 2011 4051 ruens
2042 3995 2206 4048 bomo
2236 3984 2687 4061 contumeliosus,
2719 3980 2899 4050 Lydus
2928 3975 3110 4031 Statim
3140 3972 3193 4027 iu
3222 3983 3419 4038 campo

1839 4097 1978 4150 erat,
2008 4086 2205 4154 faxque
2275 4081 2341 4135 ad
2377 4090 2606 4148 stupas;
2664 4072 2906 4137 acsicut
2963 4067 3084 4122 aliis
3131 4077 3420 4133 corporum

1843 4184 2218 4247 bonorumque
2245 4172 2468 4230 exitium
2504 4170 2759 4236 tabesque
2786 4170 3071 4234 procurata
3092 4169 3253 4226 atque
3286 4170 3421 4223 prat-

1841 4279 1992 4343 stita,
2024 4272 2101 4327 sic
2131 4282 2295 4342 prope
2328 4266 2403 4321 illi
2443 4264 2603 4317 latius
2632 4257 2887 4315 diffusum
2922 4270 2985 4310 ac
3042 4258 3419 4321 exporrecmm

1846 4367 2149 4423 animarum
2186 4371 2486 4420 venenum;
2532 4366 2642 4423 quo
2692 4349 2948 4403 nimirum
2998 4344 3272 4411 utrinque,
3309 4349 3426 4391 tum

1845 4458 2134 4517 animabus
2151 4464 2402 4515 mortem,
2424 4429 2534 4504 tum
2562 4444 2884 4515 corporibus
2904 4440 3111 4496 ruinam
3135 4445 3439 4501 casumque.

1847 4555 2146 4611 induceret.

228 4643 391 4697 Γενεά
441 4659 531 4705 τις
571 4643 913 4710 ἀναφανεῖσα
961 4641 1482 4710 παραπικραίνουσα
1510 4659 1523 4674 ·
1574 4642 1720 4710 γενεὲ

1912 4647 2058 4703 Gens
2098 4640 2357 4698 nimirum
2382 4634 2626 4708 qumdam
2658 4643 2963 4700 emergens.
3010 4639 3143 4695 gens
3208 4632 3425 4675 exacer-

164 4732 581 4807 ἐξοιστραμένη.
618 4736 712 4787 καλ⁵
741 4732 874 4786 Θεὸν
907 4735 993 4785 ἐπ’
1020 4735 1080 4787 οὐ
1112 4733 1251 4797 θεοῖς
1284 4734 1697 4802 παρεικάζουᾶα
1719 4749 1735 4767 ο

165 4824 243 4876 διὰ
283 4826 442 4879 τοῦτο
492 4827 590 4879 καὶ
644 4826 777 4889 Θεδς
831 4826 1192 4895 παρεικάσειν
1250 4827 1448 4890 αὐτοὺς
1501 4827 1587 4877 ἐπ’
1638 4827 1738 4879 οὐκ

167 4916 299 4970 tam
344 4918 643 4989 διενοήθη,
693 4904 803 4971 και
840 4920 947 4989 μὴν
1003 4919 1308 4986 ἐξετέλεσε,
1367 4919 1567 4989 μικροῦ
1631 4919 1740 4971 πᾶν

169 5008 337 5097 αύτιῦν
362 5008 743 5081 ἐξαναστήσας
774 5014 872 5081 τῆς
900 5014 1003 5080 γῆς
1033 5013 1092 5063 τὸ
1122 5011 1372 5081 σύστημα
1395 5027 1407 5041 ’
1437 5011 1740 5081 καταπροέ-

172 5117 321 5168 μενος
356 5102 479 5169 μετ’
512 5102 686 5172 ὀργῆς
715 5102 858 5155 ἔθνει
891 5102 1159 5170 ἀσυνέτῳ,
1184 5105 1279 5155 καὶ
1308 5101 1529 5171 ἄρχοντι
1572 5116 1742 5171 πονη-

174 5195 371 5264 ροτάτῳ
403 5195 558 5259 παρὰ
601 5195 812 5258 πάντας
876 5196 1003 5258 τοὺς
1044 5194 1436 5256 κατοικοῦντας
1482 5194 1579 5265 τὴν
1618 5195 1740 5264 γῆν.

172 5286 278 5338 Καὶ
305 5286 398 5339 νῦν
444 5286 506 5339 τὸ
539 5286 890 5357 περιλεγρθὲν
923 5288 1023 5357 τῆς
1076 5286 1245 5356 ὀργῆς
1294 5280 1570 5347 λείψανον,
1606 5287 1745 5356 μηδὲ

175 5378 303 5444 μετὰ
348 5379 449 5448 τὴν
491 5379 705 5450 πληγὴν
734 5382 813 5442 εἰς
851 5382 1042 5450 πεῖραν
1092 5373 1249 5451 ἧκον,
1283 5380 1335 5431 εἴ
1382 5395 1485 5431 που
1540 5380 1591 5431 τι
1646 5379 1747 5446 τῆς

173 5469 387 5539 εἰρήνης
436 5468 580 5540 ἴχνος
622 5472 1056 5540 περιλελειπται,
1104 5470 1453 5539 καταρῤάξαι
1485 5470 1578 5522 καὶ
1612 5487 1739 5522 συν-

172 5560 349 5627 τρίψαι
370 5562 839 5631 προθυμούμενον,
864 5562 982 5633 μεθ’
1002 5563 1131 5631 ὅσης
1154 5562 1250 5630 τῆς
1277 5560 1549 5621 ἀναιδείας
1570 5560 1738 5625 σοϐεῖ,

173 5648 235 5699 τὰ
269 5651 448 5720 μάχης
495 5653 586 5703 καὶ
637 5649 867 5719 θορύϐου
918 5652 1012 5703 καὶ
1056 5651 1236 5718 πάσης
1268 5651 1438 5718 ἄλλης
1488 5650 1738 5719 ἀκαθαρ-

180 5740 289 5800 Oh;
346 5740 601 5794 ἀνάπλεω
656 5742 923 5811 περιάγον
982 5743 1074 5793 καὶ
1132 5738 1416 5809 θεατρίζον
1452 5741 1737 5811 6479,113-

251 5928 287 5956 ιδ
338 5924 491 5976 Deut.
532 5938 674 5983 xui,
716 5923 820 5985 27;
866 5921 1153 5984 xxxnﬂl.

1838 4738 2168 4804 baus;gcns
2200 4730 2382 4786 furore
2411 4727 2706 4797 exagitata,
2773 4724 3051 4788 Deumque
3121 4715 3173 4768 in
3209 4712 3274 4767 iis
3333 4709 3443 4779 qui

1836 4843 1943 4881 non
1974 4834 2100 4879 sunt
2137 4821 2233 4887 dii,
2268 4818 2573 4875 assimilans
2599 4817 2641 4848 "
2672 4826 2864 4882 ;quam
2896 4817 2951 4864 et
2979 4816 3257 4877 propterea
3290 4800 3447 4853 Deus.

1838 4920 1891 4972 in
1926 4931 2033 4969 non
2065 4920 2223 4983 gente
2239 4907 2544 4964 assimilare
2575 4900 2885 4967 constituit,
2918 4908 2973 4954 et
3002 4912 3130 4952 vero
3174 4892 3432 4965 perte-cit,

1840 5012 1924 5064 vix
1951 5022 2057 5062 non
2092 5018 2307 5060 onmem
2339 5014 2526 5055 eorum
2555 5008 2756 5052 emtum
2784 5011 2813 5049 e
2844 5005 2990 5048 terra
3028 4988 3437 5049 exterminans;

1845 5105 2064 5157 tradens
2101 5112 2222 5150 cum
2250 5096 2330 5147 ira
2372 5087 2836 5161 gentiinsipienti,
2896 5083 3129 5149 ducique
3186 5078 3421 5131 scelera»

1843 5195 2055 5250 tissimo
2078 5202 2240 5258 super
2310 5199 2502 5240 omnes
2548 5182 2881 5236 habitatores
2909 5186 3089 5230 terrae.
3164 5169 3435 5235 Nuncque

1845 5288 2010 5342 etiam
2044 5281 2188 5351 quod
2220 5279 2314 5332 ira:
2341 5274 2619 5331 residuum
2655 5278 2758 5332 est,
2795 5282 2863 5322 ne
2902 5272 3024 5334 pust
3058 5262 3270 5331 plagam
3301 5258 3426 5326 qui-

1842 5378 1966 5433 dem
1997 5391 2062 5429 ex
2088 5370 2339 5445 periculo
2354 5366 2596 5429 cautius,
2626 5361 2801 5417 sicubi
2841 5356 3133 5426 vestigium
3195 5349 3414 5417 aliqtttrl

1850 5468 2001 5539 pacis
2031 5441 2647 5534 reliquum‘est,elidere
2670 5469 2732 5506 ac
2765 5460 3044 5506 conterere
3076 5446 3232 5498 avide
3275 5441 3428 5503 cogi-

1849 5569 1991 5623 tans,
2014 5569 2215 5628 quanta
2248 5553 2373 5607 licet
2410 5547 2741 5618 impudentia
2765 5543 3076 5605 submovet,
3096 5538 3251 5606 plena
3278 5532 3439 5587 St'lli-—
3510 5534 3515 5539 '
3588 5520 3591 5521 ⁷

1848 5664 1933 5708 cet
1964 5652 2115 5712 εἰπε,
2152 5647 2527 5712 tumultusque
2556 5655 2620 5694 ac
2650 5638 2788 5692 alius
2845 5633 3024 5687 omnis
3059 5623 3439 5685 immunditia}

1851 5743 2224 5809 circumagens
2276 5738 2545 5807 dogmata.
2581 5731 2744 5783 inr‘uc
2782 5724 2931 5780 orbis
2984 5724 3254 5779 theatrum
3300 5727 3429 5785 pro-

3256 5876 3301 5889 εκ.
