3892 6542
265 347 364 412 67⁵1

1014 347 1266 410 PALAM
1277 345 1648 408 [TICARUM
1697 341 2449 405 TBANSGRESSIONUM
2509 340 2766 405 LIBER.
3401 336 3510 403 678

263 474 358 544 μὲν
388 470 798 540 Θεσσαλονίκης
823 472 1120 539 ἱερώτατον
1153 467 1581 540 μητροπολίτην,
1635 469 1728 520 καὶ
1771 469 1828 519 ἐν

1958 465 2107 519 .acris
2139 463 2406 535 theologis
2430 465 2861 538 consentientem
2890 461 3218 524 invenimus.
3264 477 3328 519 ac
3352 461 3516 518 Chri-

259 567 468 627 τούτοις
504 563 799 632 σύμφωνον
821 563 934 626 τοῖς
957 563 1125 633 ίεροῖς
1160 561 1435 629 θεολόγοις
1463 560 1719 630 εῦρομεν,
1738 561 1834 615 καὶ

260 658 567 726 συνήγορον
587 652 824 722 Χριστοῦ
870 653 1057 724 χάριτι
1072 652 1195 730 ’τῆς
1229 654 1352 705 κατ’
1392 652 1675 705 εὐσέϐειαν
1704 652 1836 722 ἀλη-

257 747 424 809 θείας.
465 765 486 798 ι

337 837 728 907 Ἀναφαίνεται
757 835 938 890 τοίνυν
967 838 1037 889 τά
1070 835 1415 905 καιριώτατα
1443 834 1545 904 τῆς
1578 833 1836 897 ἀσεϐείας

262 931 322 983 ἐκ
347 931 462 984 τῶν
492 928 592 982 τοῦ
633 930 872 1000 Παλαμᾶ
909 930 1300 1001 συνειλοχότων
1347 929 1633 998 μακαρίων
1691 925 1838 980 ἐκεί-

258 1044 360 1077 νων
394 1024 640 1092 ἀνδρῶν,
676 1023 820 1092 ἆπερ
850 1024 940 1077 καὶ
969 1026 1127 1094 ἡμεῖς
1161 1021 1444 1093 προϊόντες
1466 1020 1833 1090 ἐκθησόμεθα·

257 1116 351 1168 καὶ
392 1117 462 1183 τῇ
526 1115 796 1185 λῃστρικῇ
845 1114 1022 1168 ταῦτα
1069 1112 1836 1188 παραθεμένωνρσυναγωγῇ,

260 1205 394 1272 πρὶς
426 1205 660 1274 ἔλεγχον
709 1205 811 1275 τῆς
872 1206 1124 1274 ἀνομίας,
1183 1203 1836 1276 πολυπραγμονήσαντες,

258 1294 331 1356 ὣς
361 1312 537 1361 φασιν
560 1292 732 1360 οὗτοι,
790 1297 882 1350 καὶ
925 1297 1050 1350 καθ’
1088 1294 1719 1366 ἕκαστον,ἐξητακότες,
1751 1291 1842 1349 εὖ·

257 1406 351 1458 ρον
379 1391 510 1449 ταῖς
554 1388 843 1457 ἀληθείαις
910 1389 1010 1458 μέν
1054 1388 1368 1456 συμφωνεῖν
1406 1388 1640 1452 ἑαυτοῖς,
1674 1403 1842 1457 προσ-

258 1482 462 1536 κείσθω
517 1483 576 1536 es
632 1501 651 1533 ι
698 1483 796 1535 καὶ
840 1477 922 1546 οἷς
973 1481 1240 1536 διέϐαλον.
1280 1499 1298 1531 ι
1356 1480 1498 1550 Τρία
1554 1480 1734 1532 τοίνυν
1777 1481 1840 1532 ἐκ

258 1573 466 1626 τούτων
521 1575 830 1646 σκέψασθαι
868 1574 1074 1645 ῥᾴδιον,
1105 1574 1186 1628 ὅτι
1210 1591 1269 1626 τε
1293 1572 1391 1642 τῆς
1430 1574 1654 1624 ἐκείνων
1696 1567 1839 1642 ἦσαν

258 1671 777 1740 καταγεγραμμένα
815 1667 1000 1738 χειρός
1026 1683 1040 1700 ο
1071 1666 1166 1720 καὶ
1223 1666 1306 1719 ὅτι
1352 1663 1656 1733 ἀδιάϐλητα
1682 1664 1838 1717 ταῦθ’

245 1750 420 1828 εὗρον
447 1776 464 1791 ·
501 1759 603 1814 καὶ
653 1760 858 1829 τρίτον,
911 1759 1192 1829 συνήγορα
1238 1757 1337 1826 τῆς
1394 1755 1513 1810 κατ’
1561 1755 1844 1810 εὐσέϐειαν
1881 1797 1922 1854 Β

262 1849 554 1919 ἀληθείας.
581 1850 728 1903 Ἀλλ’
762 1853 827 1903 ἐκ
856 1849 956 1918 μὲν
1001 1849 1097 1902 τοῦ
1153 1849 1373 1917 πρώτου
1407 1847 1704 1915 συμϐαλεῖν
1732 1846 1847 1918 ἔχο-

265 1957 382 2010 μεν,
418 1941 527 2011 οὐχ
561 1941 653 2008 ὑφ’
694 1943 898 2013 ἐτέρων
933 1941 1110 1996 ἄλλων
1158 1940 1186 1993 ὁ
1245 1940 1381 2010 πρὶς
1410 1973 1412 1976 ν
1437 1939 1536 2010 τὴν
1590 1938 1846 1992 ἀσέϐειαν

261 2033 483 2102 ἔλεγχος
514 2032 887 2102 ἐθριάμϐευεν
917 2032 1033 2086 ἀλλ’
1078 2031 1111 2101 ἢ
1170 2033 1333 2102 μόνον
1379 2032 1489 2085 τῶν
1555 2031 1846 2103 μακαρίων

263 2124 492 2177 ἐκείνων
564 2125 797 2194 ἀνδρῶν,
837 2124 1005 2196 μηδὲν
1071 2123 1552 2191 ύποστελλομὲνων
1583 2124 1683 2193 τὴν
1735 2123 1846 2177 τῶν

263 2216 586 2269 διωκόντων
617 2215 946 2287 ὑπεροψίαν,
1003 2218 1097 2270 καὶ
1132 2217 1230 2286 τὴν
1260 2216 1429 2284 ἄλλην
1449 2215 1674 2270 ἐκείνων
1716 2217 1849 2287 ’περὶ⁵

263 2305 317 2357 τὴ
354 2293 596 2374 κρατεῖν
658 2304 953 2369 ἐξουσίαν’
1013 2304 1130 2359 ἀλλ’
1171 2303 1418 2374 ἀκριϐῶς
1464 2305 1528 2357 ἐκ
1585 2303 1698 2356 τῶν
1745 2301 1846 2372 τῆς

263 2393 495 2458 ἀνομίας
547 2393 771 2462 βιϐλίων
798 2393 868 2446 τὰ
907 2393 1005 2464 τῆς
1040 2392 1269 2462 ἀνομίας
1315 2390 1844 2462 παρῤησιαζόντων·

266 2485 356 2540 τοῦ
382 2486 441 2540 δέ
470 2502 547 2554 γε
571 2486 849 2556 δευτέρου,
881 2485 974 2540 καὶ
1003 2485 1116 2538 οῐου
1146 2485 1498 2556 φρονήματος
1535 2479 1677 2556 ἦσαν
1701 2483 1849 2536 ἐκεῖ·

268 2594 344 2629 νοι
372 2592 389 2607 ο
416 2573 468 2628 εί
513 2575 628 2648 γὰρ
654 2576 720 2630 τὰ
761 2575 871 2628 τῶν
925 2575 1186 2629 ἐναντίων
1243 2574 1545 2645 ἀδιάϐλητα
1590 2577 1850 2644 παρεῖχον

269 2667 398 2736 ύρᾷν
427 2665 822 2734 ἐκλεγόμενοι,
853 2665 907 2718 τί
934 2665 1000 2720 ἂν
1018 2665 1212 2738 ἔδρων,
1245 2666 1303 2717 ἐν
1330 2659 1412 2727 οἷς
1438 2664 1508 2716 τὰ
1556 2664 1710 2733 παρὰ
1741 2663 1850 2716 τῶν

273 2757 550 2827 θεολόγων
571 2751 912 2828 προῦτεινον,
932 2758 1068 2812 ὅπου
1091 2773 1154 2825 γε
1179 2756 1274 2808 καὶ
1299 2756 1359 2807 τὸ
1387 2755 1658 2824 συλλαϐὴν
1678 2755 1850 2822 ὑπερ-

273 2846 430 2916 ϐῆναι
454 2847 532 2901 οὗ
573 2831 822 2919 φορητὴν
849 2847 1032 2917 τίθησι
1057 2848 1156 2920 τὴν
1194 2846 1250 2898 ἐν
1280 2849 1394 2907 τοῖς
1450 2845 1614 2906 θείοις
1676 2862 1854 2914 παρα-

275 2939 478 3011 τροπὴν
516 2930 750 3007 ἐνεῖναι;
790 2939 1001 3002 Ἀλλως
1044 2958 1103 2993 τε
1144 2941 1280 3010 μηδέ
1335 2940 1511 3009 στόμα
1535 2939 1630 2992 τοῦ
1660 2937 1852 2990 λοιποῦ

275 3031 596 3103 Παλαμϊται
625 3029 806 3104 διᾶραι
840 3033 1083 3103 τολμῷεν
1113 3034 1200 3096 ἂν,
1231 3032 1458 3084 ἐκείνων
1523 3029 1702 3084 αὐτῶν
1737 3029 1851 3082 δει-

1955 558 2021 612 sti
2059 560 2228 626 gratia
2257 559 2531 613 veraeiidei
2558 557 2886 627 pietatisque
2915 556 3275 612 defensorem.
3308 574 3327 608 ι

2006 815 2245 883 Apparet
2269 815 2434 885 igitur
2461 817 2649 873 hea'os
2674 818 2794 874 illos
2821 820 2990 884 viros,
3017 835 3080 874 ex
3137 819 3292 876 libris
3351 819 3513 876 Pala-

1943 919 2042 958 mze
2091 907 2372 974 collegisse
2427 911 2704 978 potissima
2767 911 3064 980 impietatis
3109 912 3334 982 capita,
3391 929 3519 982 qua}

1942 1013 2046 1053 nos
2079 1014 2298 1069 quoque
2354 1004 2708 1071 sequentibus
2765 1005 3222 1074 enuntiabimus;
3280 1020 3516 1076 cumque

1938 1088 2244 1143 latrocinali
2282 1093 2577 1145 conventui
2621 1095 2684 1146 ad
2742 1095 3138 1164 coarguendam
3191 1096 3518 1165 improbita-

1943 1188 2049 1236 tem
2083 1180 2307 1236 fuisst-ut
2339 1184 2639 1252 proposita,
2671 1185 2962 1254 diligenter
3019 1187 3300 1252 rimantes,
3371 1198 3431 1241 ut
3457 1189 3515 1241 hi

1935 1271 2263 1341 loquuntur,
2287 1284 2338 1326 et
2360 1274 2569 1344 singula
2603 1277 3001 1342 examinantes,
3051 1278 3328 1333 invenisse
3362 1293 3514 1335 reve-

1939 1381 2002 1420 ra
2035 1367 2148 1436 ipsa
2174 1367 2368 1434 scipsis
2389 1368 2700 1422 consentire
2737 1387 2752 1422 :
2801 1367 3034 1424 addatur
3060 1386 3225 1426 vero:
3262 1389 3284 1423 ι
3320 1373 3382 1425 Et
3434 1373 3519 1426 his

1945 1472 2082 1526 quos
2112 1457 2608 1512 calumniabantur.
2654 1479 2672 1509 ι
2699 1459 2773 1514 Ex
2807 1461 2891 1516 his
2927 1463 3092 1532 igitur
3121 1461 3278 1518 facile
3306 1473 3388 1518 est
3418 1464 3520 1520 tria

1945 1549 2214 1617 dispicere
2254 1567 2268 1603 :
2307 1549 2450 1619 quod
2482 1561 2534 1604 et
2566 1552 2712 1606 illius
2755 1567 2908 1608 erant
2937 1557 3249 1627 conscripta
3310 1571 3470 1610 manu
3504 1575 3520 1622 ;

1944 1643 2198 1712 quodque
2225 1644 2497 1714 inculpata
2530 1645 2643 1699 haec
2668 1653 3013 1713 invenerunt,
3064 1661 3128 1702 ac
3152 1649 3336 1716 tertio,
3376 1647 3524 1717 quod

1949 1735 2133 1803 pietati
2169 1749 2422 1804 verzeque
2452 1735 2572 1788 ﬁdei
2597 1737 2966 1811 astipulantia.
3005 1738 3273 1793 (Ia-terum
3304 1755 3370 1792 ex
3409 1740 3523 1808 pri-

1951 1841 2041 1879 mo
2059 1825 2274 1896 quidem
2299 1828 2572 1898 conjicere
2607 1829 2897 1891 habemus.
2921 1845 3028 1884 non
3059 1831 3127 1885 ab
3149 1831 3291 1896 aliis,
3330 1832 3525 1886 trium—

1946 1919 2055 1988 pho
2085 1920 2400 1988 productam
2429 1921 2726 1990 impietatis
2765 1925 3202 1991 coargutionem,
3229 1925 3322 1979 sed
3381 1926 3522 1979 duu-

1949 2018 2147 2064 taxata
2209 2011 2508 2067 beatisillis
2560 2013 2714 2081 viris,
2762 2015 2853 2082 qui
2904 2015 3040 2068 nihil
3107 2028 3522 2086 persecutorum

1945 2102 2258 2170 superbiam
2297 2113 2663 2170 morarentur,
2697 2121 2797 2162 nec
2825 2107 3089 2177 reliquam
3128 2109 3344 2163 illorum
3411 2111 3515 2163 do-

1950 2191 2194 2247 minandi
2229 2195 2525 2263 potentiam
2555 2211 2569 2259 ;
2595 2197 2686 2251 sed
2725 2197 2816 2266 qui
2851 2210 3000 2252 certa
3033 2203 3261 2254 ve-ritate
3321 2215 3385 2253 ex
3415 2201 3520 2253 im-

1948 2283 2167 2352 pietatis
2199 2283 2375 2351 libris,
2405 2301 2527 2356 quae
2555 2288 2850 2357 impietatis
2883 2301 3068 2344 essent
3096 2293 3270 2359 palam
3328 2293 3527 2362 produ-

1949 2388 2156 2433 cerent.
2187 2381 2261 2432 Ex
2285 2379 2454 2434 altero
2498 2396 2624 2434 vero
2654 2382 2941 2452 cuiusnam
3001 2384 3077 2439 illi
3132 2387 3414 2439 sementim
3465 2403 3530 2440 ac

1950 2470 2118 2524 animi
2152 2481 2356 2526 essent.
2397 2472 2450 2526 Si
2483 2473 2625 2526 enim
2656 2475 2732 2537 hi,
2753 2475 2844 2544 qui
2875 2491 2934 2530 ea
2976 2490 3376 2546 excerpserunt,
3409 2495 3530 2548 (ιιιιιι

1951 2563 2392 2618 adversariorum
2419 2574 2598 2629 erant,
2636 2566 2908 2634 inculpata
2951 2569 3121 2624 videri
3162 2571 3522 2637 exhibebant,

1953 2654 2210 2724 quidnam
2239 2654 2433 2708 facturi
2467 2667 2674 2720 essent,
2700 2658 2751 2713 in
2784 2659 2983 2728 quibus
3009 2675 3127 2729 qua:
3154 2673 3308 2715 erant
3371 2663 3530 2715 ιιιιευ-

1953 2747 2195 2818 logorum
2221 2749 2636 2816 proponebant;
2664 2750 2754 2804 ubi
2799 2751 2875 2804 vel
2925 2753 3185 2822 syllabam
3221 2755 3529 2822 transgredi

1950 2852 2053 2892 nec
2082 2837 2355 2893 ferendam
2385 2839 2602 2909 quidem
2627 2841 2681 2895 in
2709 2841 2910 2896 divinis
2939 2843 3378 2908 depravationem
3451 2845 3535 2897 iu-

1955 2928 2127 2983 ducit.
2149 2930 2422 2987 Praeterea
2457 2948 2520 2985 ne
2542 2948 2604 2986 os
2656 2935 2874 3004 quidem
2941 2935 3197 3006 deinceps
3259 2934 3537 2990 Palamita:

1954 3022 2139 3077 ausint
2169 3025 2402 3092 aperire,
2431 3025 2538 3079 illis
2565 3025 2698 3096 ipsis
2751 3027 3190 3092 ostendentibus,
3242 3029 3375 3082 nihil
3435 3044 3536 3082 nos

277 3123 589 3192 κνυμένων,
608 3121 683 3186 ὡς
707 3123 807 3193 οὐχ
835 3123 925 3191 ὑφ’
957 3123 1112 3196 ἡμῶν
1146 3123 1628 3192 συκοφαντοῦνται.
1660 3122 1852 3192 Ὁρᾶτε

1962 3131 2057 3188 per
2082 3115 2410 3170 calumniam
2437 3117 2543 3174 illis
2579 3119 2880 3188 imponere.
2936 3117 3129 3176 Videte
3175 3122 3318 3176 cnim
3367 3138 3533 3192 quam

277 3216 381 3287 γὰρ
441 3215 575 3288 μεθ’
625 3215 932 3288 ὑπερϐολῆς
1019 3216 1483 3288 ίσχυριζομένους,
1548 3215 1853 3287 συζητῆσαι

278 3309 446 3363 ταῦτα
469 3309 770 3375 πολλάκις,
797 3308 896 3363 καὶ
932 3310 1184 3378 ἀνευρεῖν
1242 3309 1502 3380 ἀκέραια.
1546 3309 1786 3363 Ἐκείνου
1810 3307 1854 3361 δ’

278 3397 366 3469 αὗ,
392 3404 479 3458 ὅτι
522 3404 614 3457 καὶ
640 3403 737 3467 τὰς
760 3404 1030 3466 τοσαύτας
1077 3401 1386 3472 τερατείας,
1418 3401 1597 3472 ἇσπερ
1651 3405 1715 3455 ἐκ
1748 3403 1857 3455 τῶν

280 3492 370 3545 τοῦ
394 3495 630 3563 γενναῖα
653 3493 903 3561 δόγματα
937 3494 1381 3561 συγγεγραφότος
1428 3491 1728 3544 ἀκούσεσθε
1763 3494 1858 3561 ρη-

286 3586 502 3654 μάτων,
533 3586 646 3648 τοῖς
701 3585 751 3638 θ’
805 3585 972 3655 ίεροῖς
1031 3583 1322 3650 θεολόγοις,
1374 3584 1488 3645 τοῖς
1540 3581 1586 3634 τ’
1634 3582 1857 3652 ἀληθέσι

287 3676 414 3746 περὶ
443 3674 591 3729 Θεοῦ
635 3675 894 3746 δόγμασι,
955 3675 1269 3744 συμφωνεῖν
1311 3674 1737 3744 κατεπαίρονται
1775 3673 1862 3724 λέ-

284 3783 419 3836 γειν,
446 3765 679 3821 καὶούκ
725 3763 1084 3820 εὐλαϐοῦνται
1143 3763 1280 3834 πρὸς
1338 3763 1593 3817 τοσοῦτον
1633 3763 1860 3832 μέγεθος

286 3858 544 3920 ἀσεϐείας
572 3857 671 3929 τὴν
709 3858 1104 3930 ἐπηρτημὲνην
1135 3857 1246 3910 ἀπὶ
1292 3855 1532 3926 Χριστοῦ
1592 3855 1707 3917 τοῖς
1771 3873 1863 3908 συ-

288 3951 596 4018 κοφάνταις
649 3949 883 4019 ποινήν·
951 3949 1062 4018 ὅσῳ
1127 3946 1316 4000 λοιπὸν
1391 3944 1511 4014 μετ’
1555 3943 1862 4009 ’ἐξετάσεως

287 4039 453 4092 ταῦτα
484 4037 873 4107 παρεδέξαντο,
902 4039 1110 4108 καὶτῆς
1139 4037 1262 4090 κατ’
1293 4036 1573 4089 εὐσέϐειαν
1604 4036 1863 4104 ἀληθείας

290 4130 440 4202 ἔσχον
484 4129 1033 4201 συνήγορα,τοσούτῳ
1064 4129 1282 4191 πάντως
1311 4127 1709 4195 ἀναγκάζονται
1738 4127 1864 4179 τού-

291 4236 399 4284 τοις
431 4221 727 4290 ἐμμένειν,
761 4218 877 4272 ἀλλ’
906 4218 1024 4272 οὐδέ
1056 4235 1203 4281 τινος
1262 4217 1450 4288 ἐτέρου
1513 4217 1623 4270 τῶν
1671 4217 1865 4287 ἐκείνῳ
1906 4241 1910 4245 -

293 4313 851 4389 κατηκολουθηκότων
899 4310 1246 4382 ἀρνήσασθαι
1299 4327 1353 4364 τι
1410 4310 1697 4380 προσήκει.
1739 4309 1868 4363 Ἰσί-

1959 3204 2124 3268 serio,
2179 3215 2495 3274 quantoque
2547 3219 2773 3261 excessu
2839 3206 3128 3268 ailirment,
3175 3207 3290 3262 haec
3338 3211 3538 3277 sat-pius

1958 3295 2322 3366 disquisiisse,
2346 3297 2665 3366 sinceraque
2704 3297 2999 3352 invenisse.
3036 3300 3111 3352 Ex
3173 3300 3333 3354 tertio
3382 3299 3538 3353 deui-

1958 3404 2085 3458 que,
2125 3389 2270 3459 quod
2308 3398 2362 3444 et
2408 3398 2554 3443 tanta
2593 3397 2864 3459 portenta,
2924 3405 3226 3462 nugasquc,
3281 3407 3418 3462 quas
3469 3407 3538 3448 cx

1960 3483 2105 3537 illius
2135 3483 2316 3536 verbis
2348 3483 2587 3536 audituri
2622 3483 2778 3548 estis,
2805 3482 2897 3552 qui
2961 3483 3163 3538 nobilia
3210 3487 3537 3554 conscripsit

1959 3575 2235 3645 dogmata,
2272 3576 2444 3630 sacris
2475 3576 2766 3646 theologis,
2796 3578 3045 3645 verisque
3076 3575 3141 3629 de
3171 3577 3279 3632 Deo
3311 3578 3537 3648 dogma-

1964 3665 2030 3720 tis
2056 3666 2368 3732 convcnire,
2406 3661 2637 3735 superbe
2665 3668 2868 3720 audent
2897 3666 3102 3733 dicere,
3137 3681 3266 3732 nec,
3298 3668 3363 3721 ad
3414 3677 3537 3722 tan-

1963 3771 2069 3814 tam
2100 3759 2633 3830 impietatismolem,
2691 3760 3089 3830 impendentem
3123 3775 3154 3814 a
3185 3760 3404 3815 Christo
3445 3777 3537 3814 ca-

1963 3854 2381 3908 lumniatoribus
2409 3869 2621 3922 pmnam
2649 3853 3265 3924 reformidant;quanto
3285 3853 3538 3922 deinceps

1965 3947 2170 4014 majore
2203 3945 2454 4000 examine
2484 3946 2597 3998 inec
2643 3954 2988 4013 receperunt.
3018 3960 3082 4000 ac
3134 3945 3320 4015 pietati
3373 3963 3540 4000 Vera:-

1965 4054 2070 4107 que
2102 4038 2364 4090 doctrinae
2391 4037 2675 4105 astipulari
2739 4047 3049 4102 senserunt,
3107 4047 3256 4091 tanto
3311 4055 3538 4108 prorsus

1966 4142 2190 4182 neceSse
2216 4127 2418 4179 habent
2453 4127 2556 4179 illis
2585 4127 2902 4192 itnmauere,
2931 4142 3030 4181 nec
3063 4130 3386 4196 cujusquam
3455 4129 3532 4182 al-

1969 4217 2134 4272 terius
2167 4217 2315 4272 illius
2343 4221 2658 4286 sequacium
2715 4233 2880 4286 posse
2935 4200 3028 4272 eos
3079 4219 3282 4288 aliquid
3320 4233 3538 4288 negare.

1966 4309 2209 4366 Isidorus
2244 4311 2418 4376 enim,
2453 4311 2554 4364 elsi
2606 4323 2853 4365 mortuus
2882 4319 3110 4366 estante
3135 4310 3289 4365 Tomi
3317 4326 3541 4367 consar-

293 4403 463 4477 δωρος
499 4405 634 4475 γὰρ,
671 4406 720 4458 εί
748 4404 844 4458 καὶ
898 4403 1367 4474 προτετελεύτηκε
1416 4402 1525 4455 τῶν
1552 4401 1644 4454 τοῦ
1685 4401 1853 4472 Τόμοι

1970 4400 2180 4455 ciuatas
2208 4416 2399 4469 nugas,
2428 4401 2628 4469 quibus
2654 4409 2833 4453 tamen
2864 4402 3041 4469 quoad
3079 4401 3211 4455 vixit
3240 4409 3296 4456 et
3325 4403 3534 4456 scribe-

298 4499 651 4571 ἐρεσχελιῶν,
675 4497 793 4552 ἀλλ’
822 4497 922 4568 οὐχ
951 4491 1116 4569 ἧττον
1145 4489 1226 4558 οἷς
1256 4494 1470 4566 ἔγραφὲ
1489 4511 1548 4548 τε
1578 4495 1671 4546 καὶ
1716 4493 1853 4563 ὠμο-

1971 4491 2142 4548 batet
2187 4493 2569 4554 conﬁtebatur,
2635 4491 2788 4546 Tomi
2843 4503 3038 4547 auctor
3090 4493 3208 4548 fuit.
3264 4493 3538 4550 Coccinus

295 4590 464 4660 λόγει,
501 4591 836 4662 δημιουργὸς
865 4587 934 4664 ἦν
970 4590 1062 4644 τοῦ
1099 4589 1306 4659 Τόμου.
1360 4590 1655 4653 Κόκκινοςο
1681 4589 1737 4642 δὲ
1774 4590 1853 4641 καπ

1972 4599 2102 4640 vero
2124 4593 2178 4639 et
2208 4583 2383 4648 Nilus,
2409 4595 2765 4653 praterquam
2797 4584 2940 4653 quod
2967 4585 3018 4638 in
3044 4587 3180 4640 vivis
3205 4597 3379 4652 erant,
3410 4589 3540 4657 ipsi-

297 4680 510 4747 Νεῖλος,
541 4684 680 4752 πρὸς
710 4681 789 4752 τῷ
822 4683 1116 4752 περιεῖναι,
1149 4681 1243 4748 καὶ
1272 4680 1570 4749 αὐτουργοὶ
1625 4680 1717 4733 τοῦ
1763 4680 1868 4732 Τό-

303 4793 398 4843 μου
422 4777 732 4847 ἐτύγχανον
769 4775 943 4839 ὄντες.
970 4771 1260 4828 ’Δδύνατον
1290 4771 1487 4825 οὐκοῦν
1523 4773 1646 4834 τοὺς
1671 4772 1739 4824 τὰ
1770 4769 1867 4824 τοῦ

302 4863 481 4933 Τόμου
516 4865 878 4934 περιέποντας
906 4860 1248 4934 ἀρνήσασθαι
1275 4878 1328 4913 τι
1354 4860 1462 4914 τῶν
1495 4859 1868 4931 συγγραμμά-

301 4971 402 5009 των
418 4955 533 5009 τῶν
562 4956 659 5009 τοῦ
687 4957 868 5027 Τόμου
896 4953 1274 5025 δημιουργῶν.

371 5048 494 5102 Ἔτι
526 5049 721 5103 πολλαὶ
759 5049 859 5117 μέν
882 5049 1060 5118 ὅρκων
1095 5045 1233 5099 είσὶν
1269 5043 1404 5097 ίδέαι
1431 5044 1544 5107 τοῖς
1603 5041 1870 5112 προσανέ-

303 5167 454 5223 χουσι
477 5166 491 5180 ο
521 5143 727 5218 μείζων
759 5142 814 5195 δὲ
840 5143 902 5194 τὸ
929 5141 985 5194 τί
1025 5138 1437 5210 προσεπιθεῖναι
1477 5135 1588 5189 τῶν
1629 5137 1869 5206 τιμωμέ-

306 5262 405 5298 νων
434 5240 682 5316 ῄτινιοῦν
711 5235 906 5300 εἰκόνι,
933 5233 1028 5286 καὶ
1059 5230 1268 5284 λαϐεῖν.
1301 5228 1488 5300 Πολλῷ
1535 5228 1580 5283 δ’
1607 5228 1688 5281 ἔτι
1749 5228 1867 5298 μείς-

306 5336 432 5403 ζων,
461 5337 509 5388 εί
533 5333 630 5388 καὶ
675 5331 851 5392 ἄλλως
881 5327 1223 5397 παράνομον,
1255 5325 1304 5377 εί
1340 5322 1418 5392 τῷ
1445 5321 1661 5392 φρικτῷ
1697 5339 1868 5391 προσ-

307 5426 540 5496 εγγίσειε
569 5419 964 5489 θυσιαστηρίῳ.
993 5415 1156 5470 ’Δλλὰ
1183 5414 1353 5468 ταῦτα
1373 5416 1867 5481 παρανομήσαντες

308 5517 635 5586 Παλαμῖται,
666 5511 744 5579 τῷ
777 5508 987 5579 μείζονι
1015 5507 1124 5561 τῶν
1152 5507 1334 5575 ὅρκων
1379 5504 1448 5559 τὰ
1487 5503 1582 5557 τοῦ
1621 5502 1865 5572 βλασφή-

315 5626 405 5678 μου
465 5609 647 5679 Τόμου
684 5604 936 5672 στέργειν
1000 5600 1320 5669 ὑπίσχοντο.
1381 5597 1774 5669 Περιείληπται
1820 5595 1865 5647 δ’

312 5700 366 5750 ἐν
391 5699 563 5768 τούτῳ
585 5694 745 5750 πάντ’
804 5690 1064 5762 ἀληθείας
1101 5688 1320 5758 ἔχεσθαι
1349 5689 1417 5741 τὰ
1473 5685 1568 5739 τοῦ
1605 5685 1862 5754 Παλαμᾶ,

314 5790 402 5844 καὶ
429 5791 464 5847 ἃ.
490 5787 623 5860 παρ’
654 5785 814 5858 ἡμῶν
844 5783 1122 5855 ἀφῄρηται
1151 5780 1354 5834 τούτων
1407 5779 1546 5850 πρὸς
1598 5777 1820 5848 ἔλεγχον
1847 5792 1863 5810 ο

1971 4684 2078 4731 met
2113 4675 2342 4730 Tomum
2371 4684 2822 4746 composuerunt.
2858 4675 3024 4743 Igitur
3049 4678 3162 4732 lit-ri
3186 4694 3294 4732 non
3340 4686 3538 4748 potest,

1971 4774 2030 4821 ut
2058 4767 2151 4836 qui
2179 4764 2410 4820 Tomum
2445 4766 2647 4829 colant,
2688 4767 2891 4836 aliquid
2946 4778 3144 4837 negent
3208 4769 3542 4826 lucubratio-

1970 4874 2099 4914 num
2125 4872 2316 4912 eorum
2339 4859 2432 4927 qui
2457 4858 2611 4912 Tomi
2634 4869 2881 4914 auatores
2911 4861 3262 4916 exstiterunt.

2039 5035 2307 5092 Praeterea
2369 5034 2540 5089 multa
2601 5043 2746 5098 sunt,
2801 5037 3212 5092 attondentibus
3269 5039 3542 5106 animum,

1966 5129 2405 5202 juramentorum
2435 5142 2653 5200 genera.
2690 5129 2916 5183 Interea
2974 5139 3156 5185 autem
3205 5134 3384 5197 majus
3433 5143 3542 5198 est,

1969 5240 2092 5280 cum
2118 5222 2248 5292 quid
2275 5237 2462 5276 eorum
2494 5236 2612 5291 quae
2639 5221 2963 5290 plurisl‘iunt
3027 5225 3427 5294 alicuiimagini
3449 5243 3542 5282 su-

1970 5313 2308 5383 praponitur,
2337 5321 2502 5382 atque
2533 5311 2762 5366 tollitur.
2788 5311 2868 5365 Ad
2899 5313 3012 5366 ha‘c
3038 5327 3166 5365 vero
3192 5313 3350 5384 longe
3376 5315 3541 5372 etiam

1971 5408 2170 5478 majus,
2195 5405 2240 5462 si
2270 5403 2551 5459 tremendo
2591 5405 2746 5457 altari
2780 5407 3111 5472 (quanquam
3137 5404 3188 5459 id
3223 5405 3398 5476 nefas)
3445 5423 3540 5475 ap-

1969 5498 2431 5572 propinquaverit.
2463 5497 2662 5552 Verum
2687 5494 2965 5549 Palatttilae
2993 5496 3123 5551 huic
3149 5497 3368 5553 obnoxii
3409 5499 3539 5555 facti

1971 5591 2184 5657 sceleri,
2218 5591 2652 5660 juramcntorum
2714 5590 2954 5640 maximo
3007 5587 3165 5642 Iidem
3229 5591 3536 5646 obstrinxe-

1969 5693 2119 5748 ruut,
2146 5695 2267 5752 qua:
2302 5688 2428 5735 sunt
2459 5677 2758 5747 blasphemi
2791 5675 2943 5731 Tomi
2995 5694 3054 5731 se
3107 5681 3536 5747 amplcxaturos.

1968 5776 2292 5832 Coutinetur
2332 5780 2516 5828 autem
2543 5771 2595 5826 in
2630 5769 2748 5840 illo,
2773 5786 2888 5840 quae
2919 5781 3046 5827 sunt
3071 5771 3308 5831 Palama:
3353 5778 3540 5832 oumia
