3892 6546
441 322 554 387 679

1596 317 1924 379 JOANNIS
1964 318 2538 381 CYPARISSIOTIE

3566 315 3659 379 68'.)

443 437 658 491 veritati
715 434 966 501 haerere;
1014 441 1177 503 alque
1229 434 1365 487 adeo
1393 432 1506 486 haec
1553 441 1769 500 quoque
1814 446 1935 502 qua
1986 447 1996 486 :

2120 432 2382 487 ἀδύνατον
2407 435 2516 503 ἄρα
2545 431 2769 497 τούτους
2796 428 3143 502 ἀρνήσασθαί
3199 445 3254 482 τι
3287 426 3360 498 μὴ
3400 426 3658 498 ὁμολογεῖν

445 527 602 580 nobis
634 523 948 580 confutandi
983 522 1155 588 gratia
1182 529 1437 590 excerpta
1466 529 1617 576 sunt.
1672 520 1863 588 Itaque
1894 519 2009 574 lieri

446 628 549 664 non
589 620 784 680 potest,
814 619 876 664 ut
910 619 1105 681 negent
1133 623 1192 664 se
1221 622 1329 662 non
1360 609 1643 662 admittere
1699 607 1903 676 aliquid
1948 608 2012 661 li-

445 703 665 754 brorum
704 701 954 765 Palamaz,
983 715 1292 770 quanquam
1354 700 1590 753 maxima
1616 699 1723 754 illis
1751 699 1872 754 dica
1921 713 2010 754 so-

443 795 604 849 lerter
645 792 1048 864 inquirentibus
1077 793 1205 848 inde
1236 792 1532 859 scribatur,
1579 791 1682 846 nisi
1723 790 1861 848 forte
1916 806 2012 862 pa-

441 886 546 939 lam
567 899 688 940 rcos
724 899 786 940 se
815 884 1037 954 perjurii
1070 884 1402 938 constituere
1437 883 1622 938 velint.

511 974 591 1028 Ad
625 975 736 1027 haec
758 974 890 1028 dicit
924 973 1144 1029 divinus
1197 973 1578 1043 Apostolusu
1629 971 1687 1026 Si
1740 981 1860 1043 quae
1911 973 2010 1029 de-

437 1064 634 1127 struxi,
685 1063 882 1120 iterum
931 1065 1046 1119 haac
1114 1063 1345 1128 aedifico,
1399 1065 1873 1134 prevaricatorem
1921 1081 2007 1123 me

436 1156 710 1211 constituo
739 1154 805 1209 ’⁵.
837 1173 856 1207 ι
909 1155 1372 1221 Quemadmodum
1411 1153 1598 1224 igitur,
1648 1169 1768 1224 qua:
1815 1171 2006 1211 eversa

435 1258 564 1304 sunt
596 1263 659 1303 ac
675 1249 950 1303 destructa
982 1247 1276 1312 :edilicare,
1311 1247 1818 1316 praevaricationem
1871 1263 2005 1303 con-

434 1341 608 1396 stituit
644 1359 658 1396 :
693 1342 771 1396 sic
816 1340 1074 1395 nimirum
1129 1339 1383 1405 etiam,si
1439 1340 1564 1410 quis
1601 1354 1663 1394 ea
1705 1354 1826 1408 quae
1878 1349 2006 1396 sunt

431 1431 694 1487 aedificata
733 1431 1002 1498 destruat,
1028 1431 1082 1485 in
1107 1429 1250 1484 idem
1274 1430 1477 1485 crimen
1539 1429 2003 1499 praevaricationis

435 1521 682 1575 incurrit.
713 1520 879 1589 Igitur
912 1519 1248 1590 impossibile
1279 1529 1382 1582 est,
1455 1527 1510 1572 ut
1543 1534 1664 1589 qua:
1694 1519 1768 1572 illi
1833 1518 1887 1573 in
1938 1518 2004 1572 li-

435 1613 652 1664 brorum
677 1609 909 1666 Palamze
947 1611 1202 1682 gratiam,
1240 1621 1502 1680 quantum
1563 1610 1629 1664 ad
1668 1611 1790 1665 illos
1852 1624 2004 1680 spec-

433 1711 572 1764 tant,
645 1701 1002 1767 mdilicavcre,
1045 1713 1314 1756 conentur
1358 1702 1647 1772 aliquando
1669 1701 1999 1758 destruere:

2113 523 2221 575 τῶν
2275 523 2369 576 τοῦ
2395 525 2638 593 Παλαμᾶ
2671 522 3152 592 συγγραμμάτων,
3203 519 3306 573 κᾶν
3335 519 3392 572 ἐν
3426 521 3541 581 ταῖς
3575 535 3660 586 με-

2111 615 2328 679 γίσταις
2380 613 2582 676 αἰτίαις
2642 614 2755 672 τοῖς
2811 610 3074 665 σκοποῦσι
3121 608 3324 679 τελοίη,
3382 609 3428 660 εἰ
3488 608 3654 678 μήπου

2112 705 2392 775 βούλοιντο
2415 707 2603 774 σαφῶς
2633 706 2930 777 ἐπιορκεῖν.

2186 970 2311 1022 Ἔτι
2343 971 2370 1021 ὁ
2407 969 2549 1030 θεῖος
2595 967 2917 1029 Ἀπόστολος
2943 967 3130 1036 φησὶν,
3160 985 3178 1018 ι
3210 966 3273 1019 Et
3313 965 3350 1019 5.
3382 965 3653 1032 κατέλυσα,

2107 1062 2282 1116 ταῦτα
2329 1059 2493 1114 πάλιν
2514 1059 2805 1128 οἰκοδομῶ,
2851 1058 3179 1129 παραϐάτην
3233 1056 3467 1126 ἐμαυτὸν
3522 1056 3656 1107 συνί-

2111 1171 2300 1238 στημι.
2332 1173 2351 1206 ι
2395 1154 2609 1223 ’Ὥσπερ
2641 1153 2736 1207 οὖν
2766 1153 2827 1206 τὸ
2858 1152 2926 1205 τὰ
2973 1150 3320 1222 πορθηθέντα
3371 1148 3654 1215 οἰκοδομεῖν

2106 1247 2205 1315 τὴν
2237 1245 2547 1315 παράϐασιν
2593 1244 2933 1314 συνίστησιν,
2966 1243 3109 1296 οῦτοι
3145 1243 3243 1294 καὶ
3293 1242 3363 1293 τὰ
3401 1239 3658 1310 ᾠκοδομηο

2110 1337 2269 1406 μένα,
2299 1337 2352 1390 εί
2395 1353 2479 1398 τις
2502 1336 2787 1400 καταλύοι,
2842 1339 2924 1400 εἰς
2978 1337 3070 1388 τὸν
3113 1334 3280 1389 αὑτὸν
3333 1332 3486 1401 λόγον
3541 1333 3652 1402 ἥκει

2105 1428 2208 1498 τῆς
2297 1428 2686 1498 παραϐάσεως.
2785 1428 3072 1482 ’Δδύνατον
3157 1423 3357 1479 οὐκοῦν
3444 1424 3650 1486 τούτους

2105 1518 2254 1589 ἅπερ
2297 1519 2656 1592 ᾠκοδόμησαν
2721 1520 2863 1591 ὑπὲρ
2920 1519 3030 1573 τῶν
3082 1517 3179 1572 τοῦ
3239 1518 3473 1588 Παλαμᾶ
3531 1535 3652 1583 συγ-

2106 1612 2475 1681 γραμμάτων,
2556 1613 2750 1681 ἐφόσον
2831 1613 3017 1676 αύτοῖς
3096 1610 3446 1681 προσέχουσι,
3495 1608 3652 1662 ταῦττ

2106 1698 2407 1753 καταλῦσαί
2469 1716 2600 1754 ποτε
2684 1702 3054 1772 πειραθῆναιο
3139 1702 3192 1754 εἰ
3266 1700 3344 1771 μὴ
3395 1697 3652 1770 βούλοιντο

434 1791 536 1845 nisi
557 1793 655 1846 bac
694 1795 854 1847 etiam
889 1803 1038 1862 parte
1073 1793 1238 1847 velint
1276 1793 1486 1862 séipsos
1550 1794 1996 1862 praevaricatores

2104 1793 2197 1846 καὶ
2248 1793 2388 1846 κατὰ
2442 1791 2598 1846 τοῦτο
2633 1793 2696 1846 τὸ
2728 1771 3256 1864 μέροςίπαρασάτας
3289 1791 3513 1852 ἑαυτοὺς
3542 1806 3652 1841 συν-

431 1885 784 1940 constituere.

1037 1971 1264 2029 CAPUT
1297 1971 1364 2027 ιιι

430 2086 776 2154 Auspicatum
813 2101 924 2140 esse
949 2078 1532 2164 Palamam'exitiosum
1564 2083 1756 2155 dogma
1795 2085 1860 2138 ab
1911 2101 1998 2138 er-

917 2172 1033 2209 rore
1069 2172 1133 2208 ac
1159 2168 1508 2208 οοιιιειιιιοιιε.

505 2246 579 2302 Ne
601 2261 729 2302 vero
756 2247 945 2318 procul
977 2249 1045 2312 ab
1065 2261 1231 2316 scopo
1259 2247 1508 2317 sagittam
1530 2246 1831 2310 mittamus,
1863 2259 1998 2315 pau-

428 2337 510 2392 cis
531 2338 854 2408 quibusdam
900 2338 1210 2407 praemissis,
1256 2337 1604 2393 ostendemus
1634 2336 1776 2390 unde
1835 2337 1997 2392 ducto

427 2431 654 2484 exordio
677 2430 731 2484 in
763 2444 880 2484 eam
920 2429 1439 2485 Palamasinvcctus
1483 2429 1750 2484 insaniam
1783 2428 1874 2494 sit,
1933 2443 1998 2483 ac

427 2535 490 2574 ex
519 2521 719 2589 quibus
756 2520 1012 2574 feruentis
1043 2535 1298 2589 magnum
1334 2519 1631 2588 impietatis
1663 2519 1840 2588 ignem
1905 2534 1996 2576 ac-

429 2613 697 2666 cenderit.
735 2611 926 2666 Sciunt
955 2627 1166 2677 onmes,
1195 2625 1316 2680 qua:
1339 2610 1416 2664 illi
1442 2610 1760 2664 Barlaamus
1806 2610 1995 2664 crimi-

429 2705 482 2758 ni
514 2712 745 2759 verteret
777 2718 920 2758 :non
956 2703 1026 2756 ita
1057 2702 1288 2768 scilicet,
1321 2713 1378 2756 ut
1408 2716 1625 2756 onmem
1678 2703 1842 2755 vitam
1873 2717 1992 2756 mo-

429 2795 693 2848 uastiram
729 2804 892 2864 atque
922 2793 1164 2848 czelibem
1192 2793 1670 2864 (quemadmodum
1693 2793 1804 2862 ipse
1832 2791 1992 2863 dixit)

425 2892 722 2937 arcesseret
753 2899 818 2936 ac
869 2882 1168 2952 sugillaret,
1209 2883 1304 2937 sed
1363 2891 1422 2936 ut
1479 2896 1576 2937 eos
1635 2881 1991 2952 vituperaret,

425 2977 625 3043 quibus
657 2977 802 3030 serio
841 2990 985 3030 curae
1017 2985 1181 3040 esset,
1203 2989 1327 3028 cum
1359 2975 1410 3027 in
1443 2973 1670 3044 reliquis
1711 2976 1993 3045 segniores

423 3077 620 3132 essent,
682 3082 782 3121 nec
834 3074 1103 3122 accurata:
1148 3065 1492 3136 disciplinae,
1542 3076 1600 3122 ut
1648 3066 1718 3137 in:
1758 3068 1993 3122 tenebris

426 3161 691 3227 tantisper
720 3158 1124 3224 clauderentur,
1182 3159 1541 3228 nonuiblque
1589 3173 1780 3228 parum
1847 3159 1993 3216 velut

425 3253 660 3321 deliquio
692 3252 994 3320 ettSpirare,
1022 3252 1151 3320 quin
1181 3252 1437 3322 spiritum
1474 3252 1620 3306 intus
1648 3267 1789 3320 aegre
1827 3251 1996 3308 duce-

425 3361 482 3396 re
516 3344 852 3408 \iderentur,
888 3342 1195 3412 intentique
1223 3345 1440 3397 oculum
1497 3344 1721 3399 immoto
1760 3345 1997 3399 ﬁrmius-

422 3453 528 3507 que
556 3437 815 3491 umbilico
845 3436 1099 3506 deﬁgere,
1143 3436 1338 3507 quibus
1371 3434 1528 3490 facile
1567 3437 1818 3503 peractis,
1849 3439 1994 3493 clare

423 3528 602 3582 statim
655 3539 962 3584 monstrosa
1035 3543 1286 3598 vanaque
1334 3542 1396 3581 ac
1456 3529 1739 3582 mendacia
1793 3539 1992 3598 praesto

421 3629 630 3676 essent.
684 3620 889 3690 Ecquid
921 3619 1070 3674 inde?
1119 3620 1577 3690 lgncmclirebant
1608 3620 1828 3684 videre,
1851 3619 1994 3675 intra

423 3713 629 3767 viscera
656 3719 923 3782 extraque
949 3711 1342 3766 consistentem
1367 3729 1382 3776 ;
1410 3711 1709 3782 pulsusque
1726 3713 1991 3782 quosdam

423 3803 670 3857 insolitos
697 3813 749 3856 et
771 3813 952 3856 motus
988 3802 1192 3866 cordis,
1228 3817 1328 3857 nec
1360 3817 1466 3857 non
1500 3802 1711 3858 calores
1727 3805 1992 3873 quosdam

420 3911 486 3948 ac
517 3896 665 3948 velut
689 3892 956 3963 igniculos
977 3908 1044 3947 ex
1088 3908 1221 3948 naso
1252 3894 1425 3957 exire,
1465 3902 1816 3964 posteaquam
1879 3894 1993 3949 haec

421 3985 634 4055 aliaque
663 3995 775 4039 tum
811 3985 1089 4049 fecissent,
1130 3997 1242 4040 tum
1301 3986 1450 4058 passi
1512 3997 1715 4052 essent,
1768 3988 1990 4056 sentire,

420 4095 545 4134 cum
573 4089 681 4134 tres
713 4092 1014 4151 quatuorve
1041 4090 1154 4134 tum
1200 4091 1406 4149 essent,
1457 4083 1549 4153 qui
1612 4083 1738 4138 buic
1771 4097 1991 4154 operam

420 4169 721 4238 disciplina:
747 4172 940 4226 darent
969 4187 986 4237 ;
1019 4171 1215 4242 reliqui
1251 4187 1400 4238 vero,
1426 4184 1484 4229 ut
1532 4175 1646 4246 ipse
1685 4191 1750 4230 ex
1807 4178 1993 4233 multis

422 4263 553 4318 viris
586 4265 785 4332 pietate
809 4265 1116 4323 illustribus
1156 4267 1366 4334 audivi,
1401 4268 1514 4323 haec
1569 4268 1990 4338 detestarentur,

423 4366 756 4424 prorsusque
789 4355 1120 4425 deriderent,
1148 4359 1408 4429 plerique,
1445 4374 1512 4414 ne
1538 4359 1754 4429 quidem
1803 4361 1991 4416 auditu

425 4445 630 4515 aliquid
664 4447 731 4502 de
754 4447 862 4502 illis
893 4451 1253 4518 accepissent.
1871 4493 1878 4500 .

493 4537 620 4590 Haec
649 4536 816 4608 igitur
849 4537 1173 4611 Barlaamus
1209 4556 1240 4595 a
1268 4541 1504 4610 quodam
1535 4557 1660 4596 cum
1696 4543 1888 4599 doetus
1940 4553 1996 4600 et

423 4643 617 4698 passus
642 4639 804 4694 esset,
837 4631 1060 4686 minime
1081 4640 1230 4687 certe
1260 4633 1400 4698 tulit,
1436 4649 1722 4704 operasque
1755 4636 1990 4706 pretium

420 4719 651 4789 putavit,
679 4729 736 4775 ut
769 4723 1096 4778 venerandis
1118 4724 1437 4792 parentibus
1462 4724 1808 4780 educationis
1857 4741 1994 4794 pra:-

421 4811 530 4866 mia
569 4813 854 4879 redderet:
912 4814 1006 4870 sed
1057 4815 1534 4885 coutemplationis
1581 4826 1786 4872 struem
1843 4817 1991 4871 illam

419 4919 484 4958 ac
519 4905 794 4973 negotium
822 4906 1076 4971 traducit,
1127 4907 1501 4963 seductionem
1551 4924 1615 4964 ac
1653 4923 1852 4964 noxam
1907 4923 1996 4964 sa-

419 4994 652 5049 tanicam
693 5009 916 5060 vocans,
948 4997 1203 5069 pleraque
1236 4999 1355 5068 ejus
1388 4999 1587 5064 morbi,
1637 5000 1838 5070 quibus
1861 5001 1999 5055 scri-

419 5087 528 5156 ptis
557 5101 844 5157 aggressus
867 5097 970 5151 est,
1038 5089 1102 5144 ad
1164 5088 1524 5147 Massalianos
1583 5093 1882 5148 revocavit.
1936 5093 1991 5146 In

418 5179 536 5248 ejus
580 5181 952 5250 itaquelibros
987 5196 1112 5236 cum
1153 5182 1435 5239 incidisset
1461 5184 1743 5250 Palamas,
1774 5201 1869 5240 seu
1896 5198 1995 5255 po—

419 5275 529 5342 tius
556 5275 764 5328 furatus
790 5281 956 5339 esset,
995 5272 1242 5343 perfosso
1273 5275 1525 5329 Cubiculo
1559 5277 1648 5328 ubi
1683 5275 1736 5328 iu
1792 5277 1993 5346 angulo

420 5363 671 5420 latentem
704 5365 902 5421 librum
925 5375 1089 5431 atque
1130 5365 1406 5421 occultum
1468 5368 1881 5438 pervestigaret,
1927 5384 1994 5424 ex

419 5455 648 5510 adverso
717 5457 1051 5527 impietatem
1131 5458 1455 5524 conscribit,
1505 5474 1701 5529 nempe
1766 5461 1990 5525 docens,

422 5549 571 5604 nullo
600 5565 788 5606 errore
817 5552 1068 5608 laborare
1100 5566 1400 5624 verumque
1430 5567 1550 5608 esse
1600 5554 1801 5608 erroris
1857 5552 1987 5608 illud

491 5729 540 5760 “
613 5727 789 5784 Galal.
821 5743 888 5796 tl,
923 5728 1014 5786 18.

2016 4449 2068 4508 D

2103 1885 2276 1956 ιστᾷν.

2697 1975 2948 2030 ΚΕΦᾹΛ.
2980 1974 3053 2028 1".

2101 2091 2293 2156 Ὅπως
2317 2089 2384 2142 ἐκ
2408 2086 2646 2154 πλάνης
2683 2087 2780 2142 καί
2820 2087 3195 2156 φιλονεικίας
3220 2088 3439 2153 ἤρξατο
3471 2088 3650 2141 Παλα-

2340 2157 2456 2228 μᾶς
2500 2157 2604 2210 τοῦ
2627 2157 2918 2228 δόγματος
2949 2157 3055 2211 τοῦ
3086 2157 3386 2225 ὀλεθρίου.

2177 2251 2270 2314 Ὠς
2295 2249 2361 2304 ἂν
2392 2251 2448 2302 δὲ
2477 2249 2551 2320 μὴ
2584 2249 2774 2320 πόρρω
2829 2246 3034 2302 σκοποῦ
3079 2247 3398 2318 βάλλοιμεν,
3455 2246 3648 2319 βραχέα

2099 2343 2223 2396 τινὰ
2252 2342 2716 2412 προστησάμενοι,
2773 2339 3017 2410 δείξομεν
3061 2339 3189 2394 ὅθεν
3241 2339 3309 2392 ἂν
3338 2338 3435 2408 τὴν
3485 2341 3648 2407 ἀρχὴν

2099 2434 2192 2487 ἐπὶ
2223 2434 2380 2486 τοῦτο
2407 2434 2605 2502 μανίας
2631 2432 2916 2503 παρήλασε
2974 2430 3266 2499 Παλαμᾶς,
3295 2432 3388 2482 καὶ
3425 2428 3483 2494 ἐξ
3533 2430 3647 2482 οἴων

2096 2523 2206 2577 τῶν
2238 2523 2506 2594 ἀφορμῶν
2555 2523 2615 2575 τὸ
2651 2524 2794 2592 μέγα
2839 2525 2936 2592 τῆς
2991 2523 3251 2586 ἁσεεεὲας
3310 2522 3478 2591 ἀνῆψε
3527 2519 3646 2586 πῦρ.

2101 2616 2310 2669 Ἵσασιν
2341 2615 2601 2681 ἄπαντες,
2634 2607 2718 2678 οἷς
2765 2614 2913 2684 αὐτῷ
2944 2615 3213 2685 Βαρὶαὰμ
3259 2614 3526 2667 ἐνεκάλει·
3559 2613 3647 2684 οὐχ

2096 2707 2171 2770 ὡς
2189 2706 2351 2769 αὐτὸς
2391 2703 2587 2776 ἔφησε,
2620 2705 2758 2776 πρὸς
2813 2706 3032 2759 ἅπαντα
3085 2704 3182 2758 τὸν
3236 2703 3519 2775 μοναδικὸν
3563 2703 3646 2755 καὶ

2096 2800 2274 2868 ἄζυγα
2331 2797 2448 2868 βίον
2494 2797 2594 2869 τὴν
2646 2799 2983 2868 κατηγορίαν
3039 2799 3250 2850 ἐκεῖνον
3275 2778 3647 2865 ἐνστήσασθαι,

2096 2893 2217 2946 ἀλλ’
2271 2885 2354 2954 οἷς
2388 2890 2654 2960 ἐπιμελὲς
2691 2886 2760 2961 ἦν
2798 2891 2950 2944 τᾶλλ’
2982 2888 3391 2960 ἁδιαφοροῦσιν,
3429 2890 3482 2940 έν
3537 2889 3648 2940 σκό-

2097 3001 2179 3038 τει
2231 2983 2430 3054 μικρὸν
2462 2982 2854 3038 ἀποκλείεσθαι
2885 3000 2899 3014 ·
2951 2981 3045 3035 καὶ
3085 2981 3262 3053 βραχύ
3295 3000 3346 3035 τι
3375 2980 3650 3035 διαλείπονο

2095 3093 2195 3139 τας
2219 3077 2462 3140 ἐκπνεῖν,
2516 3077 2760 3130 είσπνεῖν
2798 3074 2998 3144 μᾶλλον
3051 3074 3509 3146 παραειάζεσθαι,
3562 3072 3647 3127 καὶ

2097 3164 2176 3235 τῷ
2221 3163 2490 3234 ὀφθαλμῷ
2548 3165 2844 3234 προσέχειν
2896 3161 3130 3226 άκλινῶς
3186 3161 3418 3233 ἐρείδειν
3449 3160 3519 3229 τῷ
3560 3161 3648 3227 ὀμ-

2098 3251 2377 3326 φαλῷ·ὦν
2408 3256 2649 3326 εὐχερῶς
2689 3253 3051 3316 ὰνυσθέντων.
3111 3253 3172 3304 τὸ
3224 3253 3320 3324 τῆς
3379 3252 3645 3323 τερατείας

2097 3349 2354 3420 ἄντικρυς
2398 3350 2578 3420 ἐπῄει.
2617 3347 2726 3402 Καὶ
2762 3347 2813 3400 τί
2861 3347 2923 3399 τὸ
2977 3345 3268 3412 ἐντεῦθεν;
3319 3344 3430 3413 φῶς
3479 3343 3646 3410 ἔλεγον

2094 3444 2251 3513 ὀρᾷν,
2293 3443 2444 3504 ἐντὸς
2501 3441 2610 3495 τῶν
2668 3440 2991 3509 σπλάγχνων
3040 3439 3135 3492 καὶ
3201 3437 3361 3501 ἐκτὸς
3417 3435 3647 3489 συνιστά-

2099 3551 2283 3604 μενον,
2323 3535 2418 3586 καὶ
2465 3532 2718 3602 παλμούς
2757 3549 2908 3594 τινας
2976 3531 3187 3600 ἀήθεις,
3248 3530 3345 3584 καὶ
3389 3529 3646 3597 κινήματα

2097 3625 2348 3696 καρδίας,
2378 3624 2474 3678 καὶ⁸
2512 3625 2722 3696 θέρμας
2758 3624 2822 3677 ἐκ
2878 3623 2978 3692 τῆς
3018 3621 3164 3691 ῥινὸς
3208 3620 3456 3692 ἐξιούσας
3503 3622 3645 3670 Enat-

2098 3718 2416 3782 σθάνεσθαι,
2453 3717 2592 3787 μετὰ
2640 3716 2702 3770 τδ
2760 3713 2934 3768 ταῦτά
2991 3729 3052 3766 τε
3100 3713 3198 3766 καὶ
3254 3711 3423 3766 τᾶλλα
3465 3710 3645 3779 δρᾶσαι

2097 3809 2192 3863 καὶ
2243 3809 2456 3872 παθεῖν,
2490 3808 2732 3879 τριῶνῆ
2786 3808 3064 3877 τεττάρων
3121 3805 3292 3858 ὄντων
3346 3801 3643 3876 τηνικαῦτα,

2094 3899 2172 3954 τῶ
2185 3919 2204 3952 ν
2235 3901 2333 3969 τὴν
2362 3899 2626 3970 ἐργασίαν
2661 3897 2868 3968 ταύτην
2892 3897 3192 3967 μετιόντων
3215 3911 3229 3926 ⁸
3257 3896 3369 3958 τοῖς
3398 3893 3644 3954 δ’ἄλλοις.

2095 3993 2168 4065 ῶς
2209 3991 2372 4054 αὐτὸς
2397 3995 2460 4045 ἐκ
2491 3991 2704 4044 πολλῶν
2731 3990 3017 4058 ἐπιφανῶν
3045 3990 3146 4059 τὴν
3165 3990 3368 4059 ἀρετὴν
3384 3986 3643 4058 ἠκηκόειν.

2095 4084 2444 4155 ἀπηχθάνετό
2489 4102 2547 4137 τε
2589 4083 2783 4147 ταῦτα,
2833 4085 2926 4135 κοιλ⁵
2987 4083 3156 4149 γέλως
3207 4077 3276 4150 ἦν
3313 4079 3545 4150 μακρόν
3601 4075 3646 4126 οἶ

2096 4177 2312 4238 πλείους
2363 4177 2420 4230 δὲ
2491 4177 2587 4230 καὶ
2657 4175 2830 4247 μηξέν
2905 4175 3030 4244 περὶ
3104 4173 3309 4226 τούτων
3382 4170 3644 4229 ἐπαῖοντες

2095 4264 2255 4339 ἦσαν.

2166 4540 2336 4594 Τοῦτο
2360 4539 2540 4594 τοίνυν
2569 4537 2836 4610 Βαρλαὰμ
2863 4536 2970 4591 ὑπό
3013 4552 3158 4602 τινος
3191 4539 3282 4590 καὶ
3323 4532 3505 4605 μαθὼν
3557 4529 3641 4583 καὶ

2096 4633 2302 4699 παθὼν,
2347 4632 2550 4703 ἥκιστά
2595 4647 2658 4699 γε
2709 4632 2942 4701 τροφεῖα
2989 4628 3166 4691 καλῶς
3203 4625 3506 4682 ἐκτιννύναι
3541 4621 3638 4679 τοῖς

2096 4722 2195 4792 τῆς
2226 4721 2577 4783 διδασκαλίας
2622 4719 2875 4788 γονεῦσιν
2893 4720 3126 4790 ἦνεγκεν
3143 4734 3157 4747 ·
3183 4717 3297 4769 ἀλλ’
3322 4709 3637 4782 ἐκπομπεύει

2096 4819 2157 4869 τὸ
2177 4817 2366 4886 χρῆμα
2420 4814 2518 4883 τῆς
2571 4813 2824 4882 θεωρίας
2869 4813 3078 4882 πλάνην
3125 4811 3171 4862 δ’
3205 4807 3492 4863 ἀποκαλῶν
3519 4801 3638 4856 αὐτὸ

2096 4912 2191 4962 καὶ
2231 4907 2533 4976 σατανικὴν
2582 4907 2875 4975 ἐπήρειαν,
2931 4905 3000 4955 τὰ
3041 4903 3269 4955 πλεῖστα
3301 4901 3394 4954 τοῦ
3453 4900 3637 4959 πάθους

2095 5003 2174 5064 εἰς
2203 4999 2628 5060 Μασσαλιανοίις
2673 4997 2929 5065 ἀνέφερε,
2985 4995 3052 5047 δι’
3113 4987 3187 5047 ὧν
3245 4991 3634 5059 συνεγεγράφει.

2095 5095 2218 5156 Τοῖς
2257 5093 2435 5160 λόγοις
2465 5089 2670 5162 ἄρ”οὒν
2717 5087 2957 5157 ἐντυχὼν
3007 5087 3291 5156 Παλαμᾶς,
3351 5081 3541 5155 μᾶλλον
3587 5078 3636 5129 δὲ

2097 5184 2406 5253 κεκλοφὼς,
2433 5181 2684 5252 διορύξας
2710 5183 2809 5249 τὴν
2841 5179 3022 5233 οἰκίαν
3071 5179 3204 5230 ὃπου
3255 5193 3315 5244 γε
3344 5175 3403 5227 τὸ
3453 5170 3635 5243 βιϐλίον

2095 5277 2524 5345 διερευνώμενος
2576 5276 2900 5343 ἀνίχνευσεν
2965 5269 3360 5338 ἐγκεκρύφθαι.
3407 5267 3463 5330 ἐξ
3507 5267 3634 5317 ἀντι·

2099 5369 2254 5420 θέτου
2289 5369 2622 5438 λογογραφεῖ
2664 5367 2760 5436 τὴν
2805 5364 3086 5426 ἀσέῦειαν,
3113 5362 3348 5424 ἀπλανὲς
3374 5357 3467 5428 μὲν
3511 5349 3631 5405 εἶναι

2096 5461 2156 5512 τὸ
2185 5458 2297 5528 φῶς
2330 5461 2507 5511 ἐκεῖνο
2538 5457 2638 5526 τῆς
2666 5457 2873 5525 πλάνης
2902 5454 3315 5522 ὑποτιθέμενος,
3367 5447 3632 5517 ἐλαχίστην

2098 5551 2155 5602 δὲ
2187 5551 2277 5605 καὶ
2308 5550 2535 5622 μηδενὸς
2581 5550 2738 5614 ἀξίαν
2772 5548 2902 5619 πρὸς
2931 5547 3062 5601 αὑτό
3105 5563 3169 5613 γε
3223 5545 3395 5596 δοκεῖν
3441 5529 3628 5606 τὴντοῦ
