3892 6612
158 627 232 691 639

834 619 1020 678 PALA
1032 620 1081 678 Μ
1093 617 1463 678 ΙΤΙΟᾹΗΗΜ
1513 615 2260 678 TRANSGRESSIONUM
2316 612 2384 673 Li
2401 613 2562 674 BER.

3199 607 3307 674 690

153 737 229 804 ἐγώ
256 735 383 802 εἰμι’
447 729 504 784 οὐ
559 729 664 799 γὰρ
710 728 1008 802 χωρίζετσῖ
1066 731 1226 800 μουή
1277 730 1490 797 οεὸτης,
1519 730 1638 783 καθ’

1766 729 1943 793 lieam,
1974 727 2155 784 verbis
2185 726 2446 796 loquitur.
2481 726 2657 793 Atque
2691 723 2743 778 id
2768 738 2794 778 a
2824 721 3090 806 principio
3128 721 3303 791 palam

148 830 262 898 ἥντῇ
302 825 530 894 κοινωνίᾳ
563 821 670 874 θεῶ
731 822 858 884 τοὺς
890 821 1236 891 θεωμένους.
1285 821 1425 889 Ἐγώ
1464 823 1577 890 εἰμι
1607 823 1634 874 ὸ

149 921 290 989 rapti»)
309 919 390 969 καὶ
414 915 648 984 ἐνεργῶν
685 914 786 985 τὴν
811 914 1028 969 θέωσιν,
1054 914 1165 981 Οὐχ
1197 912 1330 983 ὁρᾷς
1356 913 1424 964 τὰ
1459 914 1635 966 πάντα

145 1015 186 1064 ἐν
202 1009 316 1079 ἐμοὶ,
340 1009 426 1060 καὶ
472 1009 567 1076 ἐμὲ
597 1007 704 1076 πρὸ
747 1008 1001 1066 πάντων;
1043 1007 1206 1058 Ἀλλὰ
1231 1007 1319 1060 διὰ
1367 1007 1426 1060 σὲ
1456 1007 1637 1060 πάντα

144 1101 308 1167 γίνομαι
337 1099 389 1173 ἐν
413 1097 492 1150 σοι
517 1113 532 1127 ο
558 1095 644 1149 διὰ
681 1096 741 1148 σὲ
779 1097 875 1148 καὶ
907 1095 1103 1166 ὁρατός
1135 1111 1219 1148 σοι
1249 1096 1499 1165 γίνομαι.
1538 1113 1556 1146 ι

185 1355 270 1428 ’Δρ
298 1353 382 1412 οὖν
407 1359 832 1428 παραλέλειπται
878 1379 928 1413 τι
980 1362 1144 1430 μέρος
1176 1359 1480 1428 θεολογίας,
1510 1361 1537 1414 ὃ
1565 1362 1639 1430 μὴ

139 1453 191 1520 τῷ
219 1453 332 1518 φωτὶ
355 1451 522 1520 τούτῳ
552 1454 908 1521 προσήρμοσε
936 1468 952 1517 ;
975 1453 1119 1523 πλὴν
1147 1453 1257 1522 γὰρ
1280 1453 1375 1505 τοῦ
1402 1454 1476 1525 μὴ
1499 1447 1638 1504 εἶναι

139 1544 278 1595 οὐσίαν
302 1542 445 1606 Θεοῦ,
478 1543 647 1596 τᾶλλα
699 1545 876 1598 πάντα
927 1545 1108 1614 φέρων
1168 1545 1435 1614 ἐπέθηκεν
1469 1545 1638 1612 αὐτῷ.

137 1634 275 1697 Οὕτως
311 1636 336 1686 ὀ
371 1635 532 1698 δεινὸς
587 1638 679 1688 καὶ
730 1636 1052 1706 ἑπίτριπτος
1102 1637 1414 1708 ἄνθρωπος,
1473 1638 1640 1707 μηδὲν

135 1728 210 1778 τῶν
236 1728 508 1797 εἰρηκότων
557 1727 781 1781 ἐκείνων
827 1728 992 1782 θείων
1025 1731 1319 1801 φροντίσας
1358 1731 1639 1800 ιῖατέρων,

134 1816 278 1870 τούτου
309 1820 418 1887 μὲν,
456 1836 473 1870 ι
513 1819 802 1890 Μακάριος
831 1823 856 1874 ὁ
889 1821 1013 1882 νοῦς
1044 1822 1271 1886 ἐκεῖνος,
1293 1821 1505 1892 ὃςὲντῇ
1537 1840 1640 1875 πα-

139 1908 340 1975 ραστάσει
388 1910 485 1979 τῆς
547 1915 858 1982 προσευχῆς
913 1912 1129 1966 τελείαν
1161 1905 1442 1983 ἀμορφίαν
1481 1914 1642 1984 ἐκτή-

137 2016 246 2064 σιτο,
277 2018 294 2048 ›
321 2001 431 2064 καὶ,
479 2018 496 2050 ι
538 2001 632 2066 Μὴ
664 2003 1008 2074 σχηματίσῃς
1039 2004 1102 2056 τὸ
1145 2004 1300 2057 Θεῖον
1341 2007 1397 2058 ὲν
1431 2005 1642 2075 σεαυτῷ

137 2090 528 2158 προσευχόμενος,
569 2068 872 2162 μηδὲνπρὸς
899 2068 1114 2164 μορφήν
1138 2113 1258 2148 τινα
1281 2068 1645 2168 συγχωρήσῃς
1678 2068 1717 2122 Β

137 2180 390 2250 τιπωθῆναε
425 2199 514 2235 σου
550 2184 641 2236 τὸν
673 2185 798 2238 νοῦν
819 2199 830 2212 ·
863 2186 980 2239 ἀλλ’
1007 2187 1183 2248 ἀΰλως
1213 2187 1290 2256 τῷ
1319 2189 1468 2258 ἅθλῳ
1488 2190 1647 2260 πρόσ-

136 2271 238 2334 εὶθε,
266 2275 348 2324 καὶ
375 2275 504 2343 σννή
522 2289 655 2336 σεις*
696 2291 716 2326 ι
744 2276 954 2328 ἐκείνου
981 2277 1060 2339 δὲ,
1103 2297 1120 2328 ι
1172 2279 1390 2342 Πάντας
1425 2280 1521 2348 μὲν
1543 2281 1648 2350 ὁρᾷ

134 2361 312 2426 ὸθεὸς,
347 2366 508 2432 ὁρῶσι
543 2365 602 2417 δὲ
632 2367 720 2418 τὸν
753 2367 885 2419 Θεὸν
917 2369 965 2420 οἱ
998 2370 1164 2438 μηδὲν
1210 2371 1444 2440 ὁρῶντες
1482 2374 1540 2424 ἐν
1575 2374 1648 2442 τῷ

137 2454 498 2520 τξιοσεύχεσθαι·
545 2475 563 2508 »
601 2455 760 2508 ἄλλου
794 2457 871 2522 δὲ,
906 2458 989 2510 ὅτι
1022 2477 1039 2509 ι
1090 2461 1202 2512 Πᾶν
1228 2462 1288 2512 τὸ
1321 2462 1378 2512 ἐν
1409 2462 1649 2532 σχήματι

135 2545 420 2612 φαινόμενον,
450 2550 562 2600 εἴτε
595 2549 669 2609 ὡς
708 2551 842 2617 φῶς,
887 2551 994 2603 εἴτε
1031 2552 1107 2612 ὡς
1151 2553 1282 2622 πῦρ,
1324 2555 1387 2606 ὲκ
1432 2557 1529 2624 τῆς
1559 2554 1652 2607 τοῦ

139 2634 288 2700 ἐχθροῦ
337 2641 696 2708 κακοτεχνίας
742 2642 987 2708 γίνεσθαι
1036 2647 1064 2696 ὸ
1106 2645 1390 2707 Θεσπέσιος
1446 2647 1689 2709 Παῦλος

139 2727 281 2794 σαφῶς
304 2729 564 2796 διδάσκει,
596 2733 673 2791 εἰς
713 2733 942 2801 ἄγγελον
970 2737 1144 2804 φωτὸς
1172 2737 1348 2803 λέγων
1376 2753 1655 2806 μετασχη-

139 2818 429 2881 μλτὶζεσθαι.
483 2841 502 2874 ›
538 2824 616 2876 Ob
641 2823 725 2875 δεῖ
771 2823 864 2877 οῦν
894 2827 985 2878 ἐπὶ
1029 2828 1202 2897 ταύτῃ
1241 2831 1306 2898 τῇ
1332 2829 1505 2881 ἑλπίδι
1535 2833 1656 2882 τινὰ

135 2909 199 2959 τὸν
236 2911 524 2982 ἀσκητικὸν
580 2916 823 2983 μετιέναι
865 2916 1002 2986 βίον.
1068 2921 1178 2973 Καὶ
1228 2924 1508 2973 Διονυσίου
1563 2923 1656 2974 τοῦ

138 3004 344 3070 μεγὰλου,
381 3027 398 3059 ι
450 3009 616 3062 Κατὰ
656 3011 846 3063 τοῦτον
913 3016 1004 3062 καὶ
1056 3014 1218 3080 ἡμεῖς
1271 3014 1525 3080 γενέσθαι
1567 3017 1657 3068 τὸν

139 3093 403 3165 ῠτὲρφωτον
428 3102 714 3170 εὐχόμεθα
747 3103 968 3172 γνόφον,
1017 3107 1112 3158 καὶ
1150 3106 1216 3158 δι’
1247 3107 1523 3173 ἀγνωσίας
1563 3110 1660 3162 καὶ

135 3187 344 3258 ἀϐλεψίας
386 3193 518 3245 ἰδεῖν
567 3195 660 3245 καὶ
697 3194 900 3261 γνῶναι
945 3196 1037 3249 τὸν
1063 3197 1202 3266 ὑπὲρ
1237 3199 1363 3252 θέαν
1391 3202 1483 3253 καὶ
1517 3201 1657 3267 γνῶ.

138 3292 212 3337 σιν,
235 3281 361 3351 αὐτῷ
381 3284 457 3351 τῷ
493 3285 567 3350 μὴ
601 3285 752 3348 ἰδεῖν,
777 3286 912 3355 μηδὲ
955 3288 1178 3354 γνῶναι.
1205 3288 1374 3342 Τοῦτο
1409 3293 1516 3362 γάρ
1545 3295 1660 3347 ἐστι

136 3370 179 3418 τὸ
205 3371 350 3436 ὄντως
388 3377 544 3439 ἰδεῖν,
579 3377 712 3428 αὐτὸ
744 3378 803 3429 τὸ
841 3378 916 3448 μὴ
953 3379 1079 3432 ἰδεῖν
1115 3381 1250 3449 μηδὲ
1283 3383 1507 3449 γνῶναι.
1555 3405 1574 3435 »

186 3654 378 3710 Τούτων
416 3659 681 3730 ἁπάντων
709 3662 1150 3733 ὑπερφρονήσας,
1183 3665 1276 3717 καὶ
1321 3665 1662 3734 κατορχησά-

134 3763 258 3810 μενος
281 3749 451 3806 θείους
486 3753 646 3821 ὄρους
679 3755 772 3805 καί
800 3757 1011 3822 λόγους,
1048 3756 1140 3810 τὸν
1170 3756 1226 3808 ὃν
1261 3759 1358 3826 μὲν
1388 3759 1550 3825 ἡμεῖς
1579 3757 1664 3808 ἶσ-

135 3855 212 3904 tm
256 3847 688 3911 τρισυπὸστατον
735 3849 830 3899 καὶ
875 3851 1105 3918 ἀόρατον
1133 3850 1263 3903 Θεὸν
1292 3851 1518 3914 ἄνωθεν,
1569 3850 1664 3903 τοῦ

136 3933 273 3996 μέσου
300 3937 527 4002 ἀπάγει,
563 3939 658 3990 καὶ
706 3939 896 3992 τοῦτον
948 3943 1048 4012 τῆς
1104 3943 1225 3996 καθ’
1281 3945 1434 4013 ἡμᾶς
1463 3944 1667 4014 ἀφιστᾷ

134 4023 410 4095 ἰιθικήσεως
435 4046 452 4061 ο
494 4030 686 4099 ἕτερον
711 4031 756 4083 δ’
791 4033 952 4096 αὐτὸς
981 4034 1235 4104 ἀνίστησι
1269 4037 1420 4103 παρὰ
1449 4035 1547 4104 τὴν
1577 4035 1666 4086 οὺ-

134 4114 230 4168 οξιν
261 4120 347 4172 τοῦ
393 4121 562 4186 Θεοῦ,
610 4123 817 4193 ληπτὸν
849 4124 1150 4195 ὀφθαλμοῖς
1198 4130 1526 4195 σωματικοῖς
1576 4127 1667 4180 καὶ

134 4209 344 4265 ὰνούσιον
381 4215 548 4268 Θεὸν.
599 4202 834 4270 Αὐτόθεν
871 4217 916 4267 δ’
944 4217 1010 4270 ἄν
1038 4235 1124 4280 τις
1154 4221 1392 4284 σκοπῶν,
1430 4223 1522 4275 καὶ
1559 4209 1668 4278 των

133 4298 248 4353 οὕτω
294 4308 821 4374 καινοτομηθέντων,
853 4309 1012 4360 τοῦτο
1041 4310 1194 4362 λάϐοι
1225 4314 1541 4381 περιφανῶς
1565 4329 1579 4344 '
1612 4317 1670 4368 ὲν

139 4393 215 4455 μὲν
241 4395 338 4463 γὰρ
365 4399 445 4467 τῷ
473 4400 670 4463 εἰπεῖν,
713 4417 731 4448 ι
778 4399 947 4452 Obcf:
981 4401 1116 4453 Θεοῦ
1148 4405 1246 4455 οὐκ
1273 4402 1406 4467 ἔστι,
1434 4409 1526 4458 καὶ
1562 4407 1670 4479 γὰρ

135 4483 376 4555 ὰνέπαφος
409 4490 619 4557 ἐκείνη,
673 4509 690 4540 »
743 4489 912 4557 ἔδειξε
949 4493 1023 4561 μὴ
1061 4487 1381 4547 εἶναιτοῦτο
1405 4496 1496 4549 τὸν
1522 4515 1674 4570 τρισ-

139 4575 407 4633 υτιόστατον
433 4581 570 4632 Θεόν
597 4597 611 4611 ·
674 4584 729 4635 ὲν
763 4583 818 4635 δὲ
845 4583 923 4654 τῷ
947 4586 1360 4654 ἀποφήνασθαι,
1399 4605 1417 4639 ι
1469 4591 1673 4659 "Ayva-

136 4665 206 4728 λη
230 4670 321 4723 οὐκ
349 4672 553 4730 ἔστιν.»
581 4671 782 4741 ἀπάγει
807 4675 965 4726 τοῦτο
995 4676 1175 4744 πάσης
1202 4677 1518 4748 ἡστινοσοῦν
1551 4699 1670 4734 κτι-

1740 822 1786 877 ei
1822 821 1994 876 dicit:
2046 819 2160 890 Ego
2208 835 2373 885 sum;
2411 817 2518 871 noli
2569 817 2785 882 timere,
2836 830 2937 884 ego
2993 831 3137 870 sum.
3188 813 3306 867 Non

1742 915 1885 968 enim
1920 928 1949 966 a
1979 927 2064 966 mc
2094 919 2380 982 separatur
2413 899 2620 973 Deitas,
2652 907 2808 976 cujus
2837 905 3166 961 commercio
3193 906 3306 960 dei-
3351 953 3354 956 .

1743 1007 1844 1061 lico
1883 1020 2000 1069 eos,
2037 1004 2129 1074 qui
2161 1003 2508 1058 deiﬁcantur.
2554 1001 2663 1070 Ego
2693 1016 2812 1055 sum
2860 1001 2949 1068 qui
2993 1001 3210 1064 adsum,
3249 1013 3313 1054 ac

1711 1107 1941 1170 .prmsto
1979 1097 2202 1152 deitatis
2240 1110 2464 1149 munus.
2496 1093 2638 1149 Num
2688 1093 2842 1146 vides
2875 1093 2928 1146 in
2977 1107 3062 1146 me
3101 1092 3309 1152 omnia.

1741 1207 1804 1243 ac
1835 1205 1918 1243 me
1948 1179 2179 1258 priorem
2216 1185 2516 1240 omnibus?
2552 1182 2844 1236 Enimvero
2883 1183 2959 1235 tui
2996 1180 3193 1250 gratia,
3255 1182 3311 1254 in

1742 1289 1792 1332 te
1815 1277 1994 1332 omnia
2022 1278 2108 1330 tio.
2138 1274 2238 1330 Tui
2271 1289 2436 1330 causa
2465 1274 2627 1327 etiam
2660 1272 2892 1326 visibilis
2929 1271 3023 1326 tibi
3054 1271 3307 1324 reddor.»
3355 1333 3358 1340 ι

1812 1368 2069 1422 Ullumne
2089 1369 2254 1437 igitur
2273 1366 2539 1435 reliquum
2566 1373 2649 1418 est
2685 1363 2996 1417 divinorum
3023 1362 3250 1416 attribut
3275 1382 3317 1402 ·-

1744 1477 1862 1514 rmn
1896 1461 2221 1520 membrum,
2251 1459 2394 1528 quod
2425 1474 2530 1510 non
2580 1455 2704 1509 huic
2731 1455 2837 1509 luci
2871 1454 3170 1524 aptaverit‘l
3201 1453 3318 1510 Uno

1743 1553 1885 1608 enim
1913 1553 2013 1605 hoc
2042 1552 2280 1620 dempto,
2312 1549 2455 1618 quod
2479 1564 2584 1601 non
2621 1547 2709 1600 Dei
2734 1546 2968 1601 essentia
2999 1547 3088 1610 sit,
3122 1554 3316 1600 cuncta
3357 1529 3364 1535 ’

1742 1646 1816 1700 illi
1847 1645 2056 1699 tribuit.
2086 1645 2174 1701 Sic
2212 1644 2464 1697 nimirum
2505 1643 2668 1696 homo
2717 1642 3038 1695 temerarius
3061 1653 3124 1693 ac
3146 1621 3316 1694 δέδιε-
3362 1652 3365 1654 ·

1742 1745 1917 1802 ratus,
1939 1736 2070 1790 nihil
2097 1737 2306 1788 divinos
2325 1735 2444 1788 illos
2470 1732 2656 1787 Patres
2683 1747 2904 1796 eurans,
2930 1732 3021 1802 qui
3042 1732 3119 1786 sic
3149 1732 3316 1786 locuti
3359 1711 3367 1720 ’

1744 1831 1871 1896 sint,
1898 1831 1984 1884 ille
2012 1829 2251 1898 quidem.
2286 1849 2303 1878 ι
2346 1827 2502 1882 Beata
2537 1842 2712 1891 mens,
2749 1842 2867 1896 quae
2897 1825 3174 1896 iungenda
3194 1840 3320 1880 ora~

1746 1924 1894 1976 tione
1919 1921 2074 1976 nacta
2107 1929 2209 1984 est,
2241 1929 2299 1974 ut
2325 1920 2472 1973 omni
2503 1919 2738 1989 perfecte
2765 1911 2940 1973 forma
2964 1925 3136 1972 vacet.
3169 1934 3185 1968 »
3212 1913 3275 1968 Et
3304 1931 3317 1965 :
3359 1989 3362 1992 _

1751 2014 1857 2068 «Ne
1897 2015 2036 2067 inter
2064 2010 2565 2076 orandum,,Dcum
2599 2012 2651 2064 in
2691 2020 2741 2064 te
2773 2010 3067 2065 simulacro
3126 2023 3328 2076 reprae-

1748 2106 2066 2168 sentaveris,
2099 2119 2199 2159 nec
2230 2105 2335 2157 ulla
2371 2111 2604 2157 mentem
2658 2102 2835 2157 forma
2859 2101 3089 2173 figurari
3120 2099 3323 2170 permi-

1751 2199 1920 2260 seris;
1950 2195 2044 2249 sed
2093 2196 2478 2258 immateriate,
2515 2195 2584 2258 ei,
2614 2195 2707 2262 qui
2743 2205 2896 2249 extra
2932 2208 3146 2246 onmem
3201 2192 3318 2244 nia-

1751 2288 1940 2342 teriam
1986 2299 2089 2351 est,
2116 2289 2334 2350 accede,
2362 2298 2414 2341 et
2449 2288 2776 2358 intelliges.»
2803 2286 2900 2342 ilic
2932 2301 3060 2340 vero
3090 2302 3102 2339 :
3149 2283 3322 2338 «Deus

1752 2379 1966 2446 quidem
1992 2393 2180 2433 omnes
2209 2379 2374 2440 videt,
2408 2378 2458 2432 vi
2481 2381 2591 2432 lent
2613 2386 2790 2431 autem
2824 2378 3015 2443 Deum,
3041 2377 3133 2446 qui
3163 2391 3326 2428 orans-

1753 2471 1822 2524 do
1845 2469 1976 2523 nihil
2014 2470 2213 2523 vident.
2247 2488 2264 2520 »
2315 2469 2470 2524 Alius
2501 2479 2761 2538 praeterea
2794 2485 2808 2522 :
2858 2467 3155 2537 «Quidquid
3188 2468 3240 2520 in
3263 2466 3325 2519 ii-

1754 2578 1885 2632 gura
1909 2570 2154 2632 apparet,
2191 2564 2306 2617 sive
2346 2571 2405 2616 ut
2435 2561 2639 2626 lumen,
2692 2561 2805 2617 sive
2843 2573 2902 2614 ιιι
2929 2561 3092 2630 ignis,
3130 2574 3195 2614 ex
3224 2557 3318 2612 ini.

1757 2655 1880 2708 miei
1916 2654 2317 2726 machinatione
2343 2669 2485 2717 esse,
2517 2654 2692 2723 palam
2725 2653 2884 2707 docet
2921 2651 3137 2705 divinus
3161 2650 3328 2717 'Apo-
3375 2703 3378 2708 ,

1758 2747 1948 2808 Stolus,
1975 2747 2101 2799 dum
2137 2746 2210 2800 ait
2241 2745 2618 2800 transformari
2667 2744 2719 2798 in
2750 2745 2998 2814 angelum
3050 2743 3186 2797 lucis
3225 2742 3323 2795 ”.»

1760 2839 1874 2893 llau
1899 2840 1910 2890 ι
1939 2840 2102 2908 igitur
2134 2841 2342 2904 deceat,
2376 2849 2435 2891 ut
2480 2854 2540 2891 ea
2592 2853 2689 2908 spe
2719 2839 3006 2906 quisquam
3048 2834 3170 2890 vita:
3199 2834 3328 2888 reli-

1760 2931 1923 2998 giosae
1947 2932 2252 2995 palmstram
2288 2939 2558 2984 exerceat.
2598 2929 2828 2998 Magnus
2852 2914 2980 2982 item
3019 2927 3328 2996 Dionysius:

1769 3023 1912 3076 «Nos
1945 3037 2161 3090 quoque
2188 3021 2251 3076 ad
2288 3021 2405 3090 ejus
2436 3021 2683 3091 caliginis
2719 3021 2939 3074 modum
2976 3020 3147 3088 aptari
3180 3028 3334 3086 Opta-

1762 3130 1908 3172 ntus.
1943 3113 2255 3168 excedentis
2282 3115 2386 3166 vim
2421 3129 2639 3166 onmem
2683 3113 2927 3176 luminis,
2967 3127 3029 3165 ac
3061 3112 3332 3180 perigno-

1763 3207 1994 3260 rantiatn
2025 3206 2346 3275 videndique.
2367 3207 2690 3270 absentiam,
2729 3207 2909 3258 videre
2939 3220 3002 3258 ac
3027 3203 3186 3267 scire,
3207 3217 3330 3254 eum

1763 3301 1854 3369 qui
1901 3315 2116 3353 onmem
2153 3300 2370 3354 excedit
2411 3300 2585 3352 visum
2624 3314 2686 3351 ac
2720 3299 3028 3358 scientiam,
3084 3298 3198 3365 ipso
3231 3297 3334 3349 hnc

1690 3416 1729 3469 ο
1763 3393 1905 3460 quod
1941 3407 2047 3442 non
2077 3391 2361 3444 videamus
2393 3406 2570 3460 neque
2619 3391 2882 3446 sciamus.
2932 3391 2983 3442 id
3032 3388 3176 3442 enim
3209 3402 3336 3441 vere
3385 3461 3390 3464 Ι

1764 3484 1944 3535 videre
1997 3492 2098 3547 est,
2132 3482 2311 3550 ipsum
2345 3497 2451 3534 non
2503 3480 2706 3544 videre,
2746 3496 2844 3533 nec
2896 3479 3058 3540 scire,
3093 3492 3186 3532 seu
3240 3490 3334 3532 co-

1763 3588 2044 3642 gnoscere.
2062 3591 2078 3622 »

1837 3665 1932 3720 His
1962 3667 2217 3720 omnibus
2258 3665 2454 3735 spretis
2509 3665 2710 3732 regulis
2751 3678 2816 3717 ae.
2862 3662 3208 3716 sermonihus
3240 3660 3334 3714 iis-

1764 3776 1871 3830 que
1911 3759 2197 3822 insultans,
2231 3775 2354 3813 cum
2404 3758 2618 3827 quidem
2643 3772 2804 3826 quem
2847 3756 2985 3810 trine
3013 3756 3333 3809 subsisten-
3393 3741 3398 3752 ’

1767 3861 1873 3906 tem
1904 3851 2320 3906 acini-isibilem
2375 3852 2596 3920 antiqua
2635 3850 2930 3904 traditione
2977 3849 3140 3902 Deum
3185 3848 3340 3902 uovi-
3399 3919 3401 3922 ρ

1768 3958 1914 4008 Inus,
1947 3959 1976 3997 e
2011 3943 2191 3996 medi.»
2251 3942 2520 4011 proﬂigat,
2556 3953 2602 3996 ιιι
2643 3941 2711 3994 ab
2753 3941 3116 3994 humanarum
3155 3956 3336 3993 rerum
3396 3925 3400 3932 ’

1768 4036 2160 4105 gubernatione
2215 4033 2488 4101 ahjnngit;
2545 4035 2711 4087 alsnm
2782 4047 2910 4086 vero
2965 4034 3080 4100 ipse
3137 4032 3340 4086 excitat

1768 4136 1964 4198 praeter
2025 4127 2116 4178 Dei
2152 4127 2446 4180 essentiam
2481 4127 2650 4179 oculis
2672 4126 2948 4193 corporeis
2977 4125 3342 4194 c0mprehen-
3403 4117 3406 4120 ”

1769 4233 1912 4274 sum:
1933 4234 1995 4271 ac
2017 4217 2110 4285 qui
2133 4216 2272 4269 Deus
2297 4231 2488 4283 expers
2515 4217 2763 4269 esst'tttize
2797 4216 3048 4277 exsistat,
3078 4229 3174 4267 seu
3208 4215 3336 4268 sul»-

1770 4310 1970 4365 Stantia
2016 4323 2230 4361 carens.
2269 4304 2399 4361 lude
2454 4314 2639 4359 autem
2679 4309 2802 4374 quis
2833 4306 3215 4368 considerans,
3246 4317 3342 4356 no-

1771 4417 2004 4468 vamque
2035 4401 2177 4454 hanc
2205 4398 2505 4454 tltiCll'iltalll
2537 4397 2763 4458 rimans,
2789 4397 2928 4450 istud
2958 4405 3143 4465 aperte.
3177 4391 3334 4448 acce-

1772 4496 1940 4567 perit;
1978 4493 2208 4548 dicendo
2234 4507 2489 4560 namque,
2533 4490 2656 4543 (Dei
2695 4490 2930 4544 essentia
2988 4505 3096 4542 non
3130 4498 3245 4551 est;
3273 4503 3353 4539 et-
3409 4473 3414 4478 ’

1775 4587 1922 4642 enim
1949 4587 2037 4639 illa
2079 4585 2286 4654 palpari
2347 4600 2452 4636 non
2487 4591 2720 4652 potest,»
2767 4582 3018 4658 lostendit
3073 4596 3181 4634 non
3222 4595 3348 4633 esse

1777 4681 1879 4733 hoc
1923 4678 2092 4731 Deum
2129 4678 2268 4730 trine
2309 4673 2727 4729 subsistentem.
2781 4672 3110 4727 Adit-mando
3141 4682 3362 4736 autem,
3413 4663 3416 4668 ’

139 4762 243 4828 στῆς
263 4763 440 4825 οὐσίας
462 4780 476 4794 ·
493 4765 550 4816 ὲν
575 4764 629 4816 δὲ
653 4764 732 4834 τῷ
762 4767 1132 4836 προσγράψαι,
1151 4787 1170 4819 ι
1192 4747 1549 4834 Δεσποτικοῦς
1569 4775 1661 4845 γὰρ

1773 4782 1804 4824 ἰ
1846 4769 2084 4836 Angelus
2137 4783 2242 4821 non
2277 4774 2383 4828 est,
2454 4766 2522 4819 al»
2558 4765 2704 4818 omni
2736 4765 2930 4834 quovis
2969 4765 3128 4818 modo
3171 4773 3345 4817 creata

138 4851 270 4919 φέρει
304 4859 681 4926 χαρακτῆρας,
711 4860 804 4910 καὶ
839 4859 921 4912 ὅτι
949 4860 1029 4925 ὃν,
1069 4863 1164 4914 καὶ
1192 4862 1266 4933 μὴ
1322 4865 1673 4934 συμϐολικὸν,

139 4943 330 5015 ἀεὶγὰρ
357 4945 440 5008 ὃν,
481 4948 646 5000 αὔλόν
677 4965 736 5001 τε
761 4951 855 5002 καὶ
908 4951 982 5020 νῷ
1015 4950 1310 5022 θεωρητὸν,
1345 4973 1363 5005 »
1398 4958 1674 5028 Δεσπότην

140 5031 252 5086 alta
297 5036 551 5091 ἄκτιστον
602 5035 743 5092 εἶναι
795 5039 1142 5096 διατείνεται.
1182 5044 1269 5097 Ἐν
1313 5044 1369 5098 δὲ
1408 5045 1485 5116 τῷ
1528 5047 1675 5102 τᾶλλ’

139 5125 560 5198 ἐπισυναγαγεῖν,
588 5134 622 5185 ἆ
648 5149 704 5184 τε
727 5132 939 5197 τούτοις
960 5136 1412 5207 συμμιγνύμενον
1436 5139 1558 5211 δρᾷ,
1586 5144 1680 5195 καὶ

141 5213 264 5287 ᾶπερ
304 5221 584 5292 ὁρώμενον
634 5224 842 5293 ὁμιλεῖ,
880 5228 974 5278 καὶ
1004 5227 1140 5280 Θεὸν
1189 5229 1320 5281 αὐτὸ
1349 5230 1441 5284 τοῦ
1479 5237 1679 5298 παντὸς

141 5311 382 5380 ἀνέδειξεν
410 5318 626 5386 ὁρατὸν,
665 5318 843 5370 πάντα
877 5318 946 5370 τὰ
974 5317 1069 5371 τοῦ
1102 5320 1264 5388 μόνου
1302 5321 1436 5375 Θεοῦ
1467 5306 1682 5393 κομπά-

145 5403 282 5459 ζοντα
311 5413 403 5461 καὶ
436 5410 1014 5480 ὑπερηφανευόμενον.
1049 5412 1284 5481 Φανερὸν
1319 5414 1411 5467 οὖν
1461 5416 1524 5468 ὲκ
1553 5418 1678 5470 τού-

140 5506 234 5542 των
269 5495 302 5563 ἡ
334 5499 474 5549 πᾶσα
508 5498 737 5569 τάνδρὸς
765 5499 1040 5569 τερατεία.
1069 5502 1164 5554 καὶ
1212 5503 1293 5555 ὅτι
1327 5504 1458 5558 Θεὸν
1491 5505 1677 5577 ἕτερον

143 5587 278 5653 περὶ
321 5591 412 5659 τὴν
435 5607 594 5660 τρισυ
608 5591 899 5642 πόσττατον
938 5592 1030 5644 καὶ
1052 5592 1460 5661 παντοδύναμον
1490 5596 1681 5650 οὐσίαν

139 5676 286 5736 θεὸς
315 5695 370 5729 τε
398 5681 717 5750 πρεσϐεύει,
753 5683 846 5735 καὶ
893 5683 960 5749 τῇ
998 5679 1093 5733 νῦν
1142 5685 1484 5752 παραδίδωσι
1520 5704 1685 5752 προσ-

144 5771 307 5820 κυνεῖν
347 5772 660 5842 Ἐκκλησία.

1783 4860 2082 4916 substantia
2114 4858 2323 4913 eximit.
2356 4858 2510 4924 Quod
2551 4873 2679 4912 vero
2707 4857 3022 4927 subiungit:
3054 4875 3071 4907 ι
3106 4857 3345 4910 Domini-

1783 4969 1879 5010 cos
1921 4954 2066 5008 enitn
2095 4952 2195 5006 fert
2238 4950 2606 5013 characteres,
2646 4949 2900 5019 quodque
2947 4950 3215 5003 cxsistens
3246 4959 3346 5008 est,

1784 5061 1885 5101 nec
1912 5043 2268 5114 symbolicum
2323 5050 2426 5104 est,
2459 5053 2722 5109 extraque
2776 5040 3059 5094 materiam
3110 5050 3162 5092 et
3205 5040 3348 5109 quod
3413 5029 3416 5032 ’

1789 5146 1968 5192 mente
2012 5133 2259 5188 videatur
2290 5149 2354 5186 ac
2399 5131 2787 5199 intelligatur,»
2835 5129 3120 5183 Dominum
3167 5127 3352 5196 ipsum

1787 5230 2087 5284 increatum
2121 5241 2241 5279 esse
2272 5224 2521 5277 aiiirtnat.
2551 5222 2666 5287 Qua
2704 5221 2916 5275 tandem
2974 5223 3187 5273 ratione
3224 5219 3353 5270 relic

1787 5336 1894 5391 qua
1912 5320 2136 5388 colligit,
2163 5333 2284 5386 qua:
2319 5317 2467 5371 hisce
2491 5314 2841 5370 commistutn
2867 5312 3095 5376 iaciunt,
3142 5320 3194 5363 ct
3231 5325 3352 5376 qua:

1788 5413 1962 5469 oculis
2013 5412 2392 5478 conspicuum,
2427 5409 2696 5477 loquitur,
2744 5407 2907 5460 etiam
2948 5419 3124 5458 rerum
3190 5402 3352 5470 tujits

1791 5503 2158 5558 universitatis
2211 5499 2376 5553 Demn
2423 5500 2594 5553 oculis
2641 5495 3029 5567 aspectabilem
3087 5494 3346 5554 ostendit,

1787 5603 1979 5650 cuncta
2011 5608 2130 5662 qua:
2155 5601 2281 5647 sunt
2301 5594 2459 5647 unius
2484 5592 2573 5646 Dei
2596 5600 2906 5660 crepantem
2924 5596 3086 5655 atque
3117 5586 3369 5646 supmlze-

1790 5688 2132 5758 gloriantem.
2164 5683 2447 5738 Manifesta
2484 5685 2646 5752 igitur
2682 5697 2743 5735 ex
2781 5682 2898 5734 istis
2925 5687 3008 5732 est
3043 5677 3222 5731 omnis
3251 5676 3351 5728 viri

1790 5779 2121 5847 impostura,
2165 5784 2219 5829 et
2248 5777 2390 5845 quod
2424 5785 2535 5828 tum
2583 5773 2699 5843 ipse
2749 5759 2916 5824 Deniii
2955 5771 3120 5823 alium
3162 5780 3360 5835 prater

146 5861 270 5916 trine
302 5865 675 5922 subsistentem
702 5881 763 5920 ac
787 5864 1209 5934 omnipotentem
1239 5865 1592 5924 substantiam
1614 5869 1832 5938 sentiat,
1861 5878 1976 5925 tum
2014 5868 2062 5924 ei
2087 5885 2205 5940 quae
2223 5882 2366 5924 nunc
2395 5877 2496 5933 est,
2531 5865 2803 5932 Ecclesiae,
2827 5860 3161 5918 adorandum
3192 5873 3354 5931 atque

149 5955 406 6015 tolendum
425 5962 618 6015 tradat.

210 6060 253 6090 "
291 6058 310 6110 ι
364 6062 480 6118 Cor.
519 6079 574 6128 ιι,
615 6063 699 6116 14.
