3892 6542
209 468 302 530 6‘33

942 469 1582 533 PALAMITICARUM
1621 463 2379 530 TRANSGRESSIONUM
2417 463 2672 525 LIBER.

3350 452 3458 517 69i

205 584 302 650 λος,
323 579 436 636 ἀλλ’
460 580 649 636 ὑλικὸν
674 581 767 636 καὶ
784 584 1103 655 παχυμερὲς
1126 604 1138 650 ;
1171 604 1189 636 ι
1211 584 1491 640 καὶταῦτα
1521 582 1617 637 τοῦ
1639 585 1767 637 Θεο-

1898 591 2147 632 orrenum
2180 573 2309 646 quid
2345 590 2410 630 ac
2438 589 2686 629 crassum
2718 578 2804 627 Bai.
2826 571 2852 625 ?
2876 588 2894 621 ι
2931 566 3095 635 quue
3123 580 3248 621 cum
3275 561 3458 619 Thro-

202 670 345 743 λόγου
374 671 657 742 λεγοντος,
695 691 714 727 ι
761 674 936 729 Τοῦτο
970 676 1027 730 ἐν
1080 678 1293 747 νοητοῖς
1341 671 1484 730 εἶναι
1514 676 1576 729 τὸ
1602 675 1772 747 ἀκρό-

199 762 342 821 τατον
368 766 486 836 φῶς
514 767 787 837 (δηλονότι
814 768 906 823 τὴν
937 770 1119 841 Θεὸν),
1142 771 1282 843 ὅπερ
1310 770 1466 841 ἦλιος
1495 771 1553 823 ἐν
1576 769 1770 837 αἰσθη-

196 861 317 921 τοῖς.
360 877 378 911 ι
417 860 665 929 Φανερδν
711 861 815 932 μὲν
860 861 955 916 οῦν
983 865 1067 918 ὅτι
1106 863 1176 916 τά
1215 861 1412 917 ἑαυτοῦ
1443 862 1622 932 ὀνείδη
1676 862 1771 917 καὶ

195 951 281 1015 τάς
312 953 444 1020 παρ’
470 953 641 1006 αὐτοῦ
677 956 1227 1015 κατασκευασθείσας
1262 955 1614 1028 βλασφημίας
1658 958 1772 1019 τοῖς

196 1046 360 1107 ἄλλοις
400 1046 822 1115 προστρίϐεται.
868 1042 1183 1119 Οὗτοςγάρ
1212 1050 1365 1104 ἐστιν
1393 1052 1422 1104 ό
1447 1050 1773 1113 ἀναπλάσας

194 1136 295 1206 9:3;
336 1137 394 1189 ὲν
426 1138 737 1193 ὑποστάσει
788 1141 1181 1209 πνευματικῶς
1216 1140 1476 1212 ὁρᾶσθαι,
1506 1141 1605 1196 καὶ
1644 1138 1772 1211 μήτ’

190 1227 364 1281 οὐσίαν
414 1226 564 1284 εἶναι
614 1230 788 1300 θείαν,
833 1232 961 1302 μήτ’
994 1234 1316 1304 ἀγγελικὴν,
1342 1234 1516 1309 ταύτῃ
1549 1234 1644 1289 καὶ
1673 1235 1774 1306 τὴν

196 1321 385 1389 μεταξὺ
416 1322 563 1377 Θεοῦ
590 1342 649 1377 τε
684 1326 779 1379 καὶ
808 1326 1047 1394 ἀγγέλου
1072 1329 1485 1398 συστησάμενος
1509 1328 1770 1399 ὕπαρξιν.

193 1416 645 1488 Συγκεχωρήσθω
678 1418 724 1470 δ’
754 1419 905 1488 ὅμως
955 1419 1056 1489 τῆς
1116 1418 1397 1489 διαϐολῆς,
1446 1416 1775 1493 πράγματος

197 1507 458 1577 συνήθους
492 1510 648 1580 αὐτῷ
673 1511 763 1565 διά
783 1511 962 1565 πάντα
982 1530 998 1548 ο
1024 1514 1212 1566 ἐκεῖνα
1242 1513 1299 1566 δὲ
1329 1513 1467 1585 μόνα
1499 1514 1776 1569 σκοπείτω

193 1618 287 1665 τις,
319 1601 353 1656 ἃ
379 1603 481 1655 καὶ
517 1604 578 1657 ιν
607 1603 688 1673 τῷ
713 1604 817 1676 πρὸ
847 1603 1039 1659 τούτου
1065 1605 1486 1679 διεληλύθαμεν,
1505 1607 1606 1677 τῆς
1631 1610 1778 1663 κατά

192 1691 320 1781 Θεοῦ
378 1694 758 1764 συκοφαντίας
808 1696 1281 1769 παραληρήματα.
1338 1699 1429 1761 Ὦς
1463 1697 1611 1751 ἔοικε
1643 1699 1775 1767 γὰρ,

193 1786 249 1838 τὸ
294 1786 486 1840 ὗλικδν
522 1786 688 1842 τοῦτο
724 1788 888 1860 μόνον
922 1791 1020 1844 καὶ
1070 1791 1397 1862 παχυμερὲς
1451 1791 1775 1863 ἀνατρέπει,

192 1879 254 1931 τὰ
282 1878 326 1933 δ’
373 1879 519 1935 ἀλλα
559 1881 740 1938 πάντα
787 1887 1066 1956 συγχωρεῖ
1092 1884 1172 1953 τῷ
1203 1883 1398 1939 τούτου
1453 1885 1592 1955 φωτὶ
1622 1884 1781 1955 λέγε-

196 1973 329 2028 σθαι.

262 2067 383 2120 Ἔτι
423 2067 490 2121 οῦ
530 2084 668 2139 φησι
720 2068 991 2140 Παλαμᾶς
1028 2069 1160 2142 περὶ
1187 2068 1283 2124 τοῦ
1338 2070 1473 2125 Θεοῦ
1509 2072 1685 2140 Λόγου
1724 2071 1785 2125 τὸ

199 2158 334 2213 Θετον
363 2159 707 2230 Εὖαγγέλιον
738 2165 1047 2247 εἰρηκέναι,
1086 2184 1105 2218 ι
1148 2160 1260 2220 Ἦν
1288 2165 1350 2221 τὸ
1378 2167 1495 2236 φῶς
1545 2169 1607 2221 τὸ
1654 2167 1787 2236 ἀλη-

200 2252 357 2317 θινὺν,
392 2273 413 2307 ε
452 2255 557 2309 καὶ
587 2255 658 2310 τά
684 2256 811 2325 ἑξῆς
839 2272 853 2287 ·
879 2256 1017 2313 ἀλλά
1051 2259 1180 2330 περὶ
1214 2259 1308 2313 τοῦ
1340 2258 1787 2322 ἀναπλασθέντος

201 2346 287 2398 καὶ
314 2346 726 2413 φαπασθὲντος
751 2348 926 2419 αὐτῷ,
957 2349 1210 2422 καθάπερ
1238 2352 1557 2423 ἡκηκόειτε,
1582 2351 1784 2421 φωτός.

201 2438 333 2504 Φησὶ
358 2438 473 2510 γὰρ
505 2441 568 2493 ὲν
601 2442 715 2504 τοῖς
757 2442 967 2508 αὐτοῖς,
1004 2442 1149 2510 λόγῳ
1194 2443 1446 2516 τετάρτῳ
1470 2435 1531 2497 οὗ
1558 2443 1592 2515 ἡ
1619 2442 1784 2513 ἀρχὴ,

216 2529 701 2601 ’Υποψιθιφίσας
730 2532 945 2587 τοίνυν
966 2533 1083 2603 τὴν
1104 2536 1191 2601 εις
1213 2534 1278 2590 τὸ
1297 2536 1455 2607 μέγα
1478 2534 1791 2605 φῶςοιτοι-

205 2620 406 2692 γαροῦν
438 2622 503 2675 τὸ
539 2621 656 2691 φῶς
690 2624 869 2676 ἐκεῖνο
916 2624 1189 2692 σύμϐολόν
1217 2643 1278 2679 τε
1307 2629 1407 2680 καὶ
1454 2626 1568 2695 φῶς
1601 2626 1791 2697 ἀληθι-

207 2715 310 2777 νὸν,
336 2715 435 2768 καὶ
465 2716 572 2771 οὐκ
598 2716 853 2785 ἀληθινὸν
884 2716 1099 2782 ἁπλῶς,
1123 2718 1240 2772 ἀλλ’
1272 2720 1406 2775 αὐτὸ
1446 2721 1507 2773 τδ
1537 2720 1790 2791 ἀληθινὸν

210 2805 417 2878 ὑπῆρχε
458 2809 604 2879 φῶς,
626 2809 701 2873 ὥς
735 2811 831 2864 καὶ
878 2812 904 2863 ό
957 2810 1131 2881 μέγας
1161 2812 1448 2877 Βασίλειος
1476 2813 1645 2885 φησίν
1680 2830 1693 2843 ·
1727 2815 1790 2868 Ei

209 2896 457 2965 ἀληθινὸν
512 2899 631 2969 φῶς
665 2895 733 2971 ἦν
763 2904 790 2954 ὁ
820 2901 971 2967 Υἱὸς,
1021 2898 1091 2975 ἦν
1119 2903 1181 2957 τὸ
1211 2903 1421 2973 φῶςίτδ
1472 2903 1731 2976 ἀληθινὸν
1762 2904 1792 2960 ὃ

212 2991 432 3058 φωτίζει
463 2995 649 3048 πάντα
672 2994 962 3062 ἄνθρωπον
983 2996 1285 3068 ἐρχόμενον
1305 2997 1387 3061 είς
1408 2998 1500 3052 τὸν
1525 2997 1785 3068 κόσμον»

212 3085 273 3154 τῇ
328 3086 559 3154 συνήθει
618 3087 721 3140 κάν
774 3087 953 3155 τούτῳ
990 3087 1278 3158 χρώμενος
1327 3088 1572 3161 διαϐολῇ,
1601 3090 1794 3161 ῶσπερ

214 3178 335 3242 περὶ
360 3177 457 3233 δύο
486 3178 687 3247 φώτων
715 3179 991 3251 ἀληθινῶν
1018 3181 1111 3235 τὸν
1144 3183 1323 3252 μέγαν
1352 3183 1794 3254 διαλαμϐάνοντα

1876 669 2032 739 logos
2074 668 2220 723 dicat
2246 666 2350 739 (9.):
2380 686 2398 719 ι
2430 667 2545 722 Hoc
2569 666 2625 719 in
2659 661 3092 735 intclligibilibns
3114 672 3236 714 esse
3262 669 3457 727 supre-

1877 776 2026 817 mum
2061 763 2277 815 lument
2319 759 2512 831 (Deum
2549 755 2780 826 scilicet)
2819 753 2997 823 «quod
3027 760 3111 808 est
3133 750 3215 806 sol
3240 749 3292 804 in
3329 763 3460 804 scn-

1876 854 2181 910 sibilibus»
2244 852 2602 907 Manifestum
2641 850 2808 918 igitur
2844 855 2951 908 est,
2986 859 3087 901 sua
3123 843 3301 911 ipsum
3335 854 3461 910 pro—

1876 949 1996 1012 bra,
2024 958 2074 1004 et
2106 962 2245 1019 quas
2269 947 2419 1003 cudit
2449 944 2843 1015 hlasphemias,
2861 939 2985 997 aliis
3008 938 3281 993 tribuere.
3308 934 3462 990 Illius

1877 1040 2022 1095 enim
2055 1048 2430 1095 cmnmentnm
2488 1045 2593 1099 est,
2631 1035 2776 1107 quod
2839 1034 3023 1086 lumen
3058 1029 3112 1084 in
3154 1027 3458 1084 substantia

1878 1132 2198 1203 spiritaliter
2234 1132 2505 1193 videatur,
2533 1144 2600 1184 ac
2642 1142 2820 1199 neque
2857 1125 3040 1181 dixina
3094 1125 3339 1179 essentia
3367 1123 3460 1186 sit,

1876 1239 1977 1279 nec
2002 1222 2277 1293 angelica;
2317 1220 2518 1292 quique
2540 1217 2766 1291 proinde
2808 1232 2920 1272 rem
2942 1216 3102 1276 banc.
3131 1212 3298 1267 Deum
3323 1212 3466 1264 inter

1880 1325 2047 1384 atque
2096 1311 2387 1382 angelum,
2456 1308 2728 1366 statuerit.
2791 1306 3141 1361 Enimveroa
3177 1303 3466 1359 calumniae

1876 1407 2000 1463 labe
2024 1420 2222 1476 purum
2249 1418 2372 1460 esse
2398 1402 2666 1469 sinamus,
2690 1414 2807 1469 qua:
2839 1414 2927 1455 res
2956 1398 3033 1453 illi
3062 1398 3141 1453 sic
3166 1395 3371 1465 ubique
3397 1410 3463 1447 ex

1880 1504 2044 1576 genio
2071 1510 2159 1559 cst
2195 1515 2260 1556 ac
2300 1506 2603 1556 consueta:
2645 1498 2760 1551 haec
2792 1509 2924 1549 vero
2953 1493 3132 1548 solum
3163 1490 3288 1562 quis
3322 1505 3462 1544 cons

1881 1594 2087 1653 sideret
2110 1610 2233 1666 qua:
2247 1590 2519 1665 superiori
2537 1590 2714 1661 capite
2732 1587 3152 1645 edisseruimns.
3173 1580 3468 1640 calumnia:

1878 1688 1934 1745 in
1963 1689 2131 1745 Deum
2154 1687 2367 1745 deliria.
2399 1685 2559 1750 Nam,
2588 1693 2650 1740 ut
2681 1683 2917 1748 videtur,
2938 1695 3109 1736 unum
3146 1681 3252 1733 hoc
3290 1685 3464 1730 terro-

1880 1796 2377 1853 nnmcrassaeque
2441 1778 2767 1836 substantiae
2809 1774 3029 1839 evertit,
3076 1772 3289 1841 reliqua
3340 1783 3468 1823 vero

1884 1874 2072 1931 omnia
2096 1883 2156 1930 ut
2181 1873 2400 1930 dicatur
2426 1885 2590 1928 suum
2624 1868 2759 1925 illud
2792 1867 2979 1925 lumen
3014 1863 3291 1924 concedit.

1956 2080 2035 2137 Ad
2070 2081 2185 2136 haec
2207 2079 2282 2135 ait
2312 2077 2583 2142 Palamas,
2637 2091 2747 2132 non
2779 2074 2988 2129 dixisse
3018 2069 3374 2140 Erangelium
3402 2068 3469 2122 de

1886 2174 1999 2229 Deo
2034 2172 2211 2229 Verbo
2240 2190 2253 2226 :
2296 2190 2315 2224 ‹
2361 2170 2496 2225 Erat
2518 2169 2612 2224 lux
2635 2185 2755 2225 vera
2794 2167 2859 2230 ³³,
2894 2176 2947 2221 et
2995 2179 3118 2235 qua:
3135 2169 3469 2234 sequuntur,

1886 2267 1980 2322 sed
2005 2264 2075 2320 de
2100 2264 2186 2318 illa
2216 2278 2381 2336 quam
2414 2262 2679 2317 conlinxit
2705 2275 2768 2316 ac
2789 2259 2973 2314 videre
2989 2256 3295 2319 existimat,
3327 2254 3472 2309 lucc.

1887 2358 1977 2413 Ait
1998 2358 2145 2413 enim
2184 2357 2237 2411 in
2269 2356 2483 2416 iisdem.
2514 2366 2765 2409 sermoiic
2793 2361 3009 2422 quarto,
3026 2348 3183 2417 cujus
3210 2345 3425 2401 initium
3455 2363 3470 2405 ;

1890 2449 2340 2506 Submurmuraus
2361 2445 2499 2500 enim
2514 2461 2632 2516 qua:
2646 2452 2723 2499 est
2742 2444 2795 2496 in
2823 2457 3067 2510 magnum
3090 2438 3264 2493 lumen
3287 2452 3306 2490 :
3331 2457 3347 2488 ι
3362 2438 3439 2493 Ita
3454 2466 3472 2476 -

1891 2559 1999 2613 que
2025 2543 2207 2597 lumen
2230 2540 2387 2606 illttd,
2421 2548 2535 2593 tum
2569 2537 2877 2610 symbolum
2906 2544 3009 2601 est,
3046 2542 3160 2588 tum
3198 2532 3290 2586 lux
3320 2545 3469 2584 vera.

1891 2636 2001 2691 Nec
2031 2636 2232 2707 quovis
2254 2633 2417 2689 modo
2441 2632 2532 2685 lux
2560 2645 2708 2694 vera,
2747 2628 2842 2685 sed
2871 2628 2988 2697 ipsa
3021 2627 3112 2679 lux
3146 2640 3270 2679 vera
3332 2632 3474 2689 erat,

1890 2727 2141 2782 utietiatn
2162 2725 2236 2779 ait
2255 2739 2485 2792 magnus
2506 2720 2767 2776 Basilius:
2797 2717 2854 2775 Si
2882 2733 3010 2773 vera
3032 2717 3118 2771 lux
3143 2715 3335 2779 Filius,
3359 2724 3477 2768 erat

1892 2819 1983 2875 lux
2009 2819 2098 2874 illa
2123 2832 2272 2885 vera,
2304 2831 2427 2887 qua:
2470 2813 2743 2868 illuminat
2784 2826 3001 2865 omnem
3067 2809 3343 2863 hominem
3381 2822 3476 2860 vc-

1892 2909 2373 2966 nienteminltunc
2408 2905 2694 2970 mundum;
2744 2922 2762 2955 ι
2815 2903 2903 2958 hic
2946 2916 3168 2972 quoque
3196 2904 3477 2954 “conisucta

1895 3019 2028 3059 usus
2044 3000 2339 3067 calumnia,
2366 2999 2513 3052 velut
2544 2997 2611 3052 de
2641 2995 2843 3064 duplici
2878 2994 3121 3049 locutum
3159 2992 3282 3046 lucc
3319 3008 3475 3051 wrn,

1894 3098 2074 3152 virum
2103 3108 2359 3165 magnum
2409 3090 2586 3162 ponit;
2637 3104 2737 3144 nec
2776 3087 2973 3157 quovis
3033 3086 3193 3139 modo
3244 3084 3477 3153 duplici,

1897 3188 1992 3246 sed
2013 3185 2085 3241 ita
2117 3192 2178 3239 ut
2202 3182 2298 3238 Dei
2334 3181 2597 3244 Verbum,
2628 3179 2715 3232 lux
2751 3177 2901 3246 prior
2926 3175 2997 3230 sit
3026 3183 3079 3228 et
3106 3172 3478 3244 particularis;

140 3332 147 3339 ἢ
216 3267 389 3339 τίθησι
416 3285 434 3300 ο
468 3270 567 3323 καὶ
596 3271 697 3341 οὐχ
725 3271 913 3336 ἀπλῶς
949 3271 1063 3335 δύο.
1099 3273 1235 3328 ἀλλά
1264 3277 1358 3327 τον
1405 3275 1505 3344 μὲν
1534 3275 1629 3330 τοῦ
1659 3276 1791 3331 Θεοῦ

1899 3279 2041 3352 quod
2078 3292 2207 3333 vero
2229 3276 2319 3330 ille
2343 3275 2527 3329 lumen
2550 3268 3000 3331 comminiscitur
3032 3282 3097 3322 ac
3144 3267 3327 3321 videre
3381 3280 3483 3333 pu-

216 3361 381 3427 Δόγον
421 3364 740 3434 ἡγούμενον
770 3365 887 3434 φῶς
924 3366 1181 3437 ἀληθινὸν
1213 3369 1311 3422 καὶ
1363 3369 1612 3439 μερικδν,
1647 3371 1708 3424 τὸ
1738 3370 1796 3426 δὲ

219 3454 340 3524 παρ’
368 3454 544 3509 αὑτοῦ
584 3456 892 3525 φαντασθὶν
941 3457 1059 3527 φῶς
1094 3458 1364 3529 ἑπόμενον
1401 3460 1496 3513 καὶ
1527 3460 1795 3516 καθόλουο

217 3546 411 3602 ὡσανεὶ
444 3549 661 3618 ἔλεγεν,
690 3551 751 3607 El
806 3552 955 3606 ἐστιν
1008 3551 1319 3623 ἄνθρωπος,
1353 3553 1471 3609 ἐστι
1511 3555 1606 3608 καὶ
1633 3554 1797 3619 ζῶον.

229 3639 384 3694 Ἀλλά
429 3643 655 3712 μερικδν
686 3642 805 3713 φῶς
831 3640 970 3698 εἶναι
1009 3646 1103 3698 τὸν
1138 3644 1345 3717 Κύριον
1387 3646 1563 3712 οὐδεὶς
1588 3662 1678 3701 πω
1706 3647 1805 3717 μέ-

221 3750 307 3801 χρι
338 3734 438 3787 καὶ
478 3736 724 3805 τήμερον
771 3736 994 3808 εἴρηκεν
1019 3754 1034 3769 ·
1082 3737 1512 3809 ἀπολελυμένως
1540 3739 1651 3811 γὰρ
1680 3740 1803 3793 ἑαυ·

223 3825 310 3877 τὸν
337 3824 640 3894 ὀνομάσας,
670 3844 690 3879 ι
744 3825 890 3898 Ἐγώ
928 3828 1051 3897 ειμι
1078 3828 1141 3882 τὸ
1170 3828 1307 3898 φῶς,
1347 3846 1367 3881 ι
1403 3829 1667 3900 οὐδεμίαν
1695 3847 1804 3885 πα-

229 3918 394 3987 ρῆκεν
433 3917 699 3973 ὑπόνοιαν
723 3920 836 3983 τοῖς
860 3918 967 3974 ἀπὸ
998 3917 1094 3974 τοῦ
1132 3920 1360 3992 μερικδν
1397 3920 1562 3976 αὐτὸν
1612 3921 1804 3976 ὑποτί-

228 4008 411 4064 θεσθαι
441 4010 559 4077 φῶς
603 4010 946 4081 βλασφημεῖν
980 4012 1349 4083 αἱρουμένοις.
1384 4014 1497 4084 Οὐχ
1526 4012 1670 4067 οὕτω
1694 4014 1806 4069 λοι-

231 4100 325 4151 πδν
360 4099 585 4171 νοητὲον
612 4098 713 4172 τὴν
735 4098 831 4154 τοῦ
865 4098 1103 4170 μεγάλου
1138 4100 1299 4171 ῥῆσιν
1327 4117 1342 4133 ·
1367 4100 1487 4156 ἀλλ’
1506 4100 1624 4166 ἑνὸς
1652 4102 1805 4166 ὄντος

228 4190 317 4244 τοῦ
347 4191 530 4261 φωτὸς
565 4191 660 4246 τοῦ
688 4191 967 4262 ἀληθινοῦ,
1016 4192 1093 4262 τῷ
1128 4194 1413 4259 ἑξισάζοντ
1495 4192 1799 4265 κεχρῆσθαι

232 4284 546 4353 συμϐαίνειν
578 4285 687 4338 τῶν
713 4284 954 4356 τρόπων.
1014 4284 1105 4350 Ὠς
1134 4286 1200 4339 ἀν
1251 4286 1301 4339 εί
1349 4285 1560 4356 ἔλεγεν,
1590 4287 1653 4340 Ei
1693 4286 1804 4357 γάρ

232 4374 511 4446 ἄνθρωπός
545 4376 714 4442 ἐστιν,
739 4376 856 4431 ἐστι
883 4378 980 4431 καὶ
1011 4376 1152 4443 ζῶον
1177 4376 1397 4448 λογικδν
1446 4378 1640 4451 θνητόν
1666 4396 1681 4411 ⁶
1713 4380 1807 4434 οὐ·

236 4467 319 4521 δὲν
347 4467 537 4539 ἓτερον
573 4467 861 4537 δηλοῦντος
883 4469 979 4525 τοῦ
1014 4469 1331 4543 ἀνθρώπου,
1360 4472 1479 4527 ἀλλ’
1507 4473 1541 4545 ἢ
1572 4473 1634 4528 τὸ
1663 4472 1805 4541 ζῶον

234 4553 442 4621 λογικὸν
481 4552 695 4627 Θνήτόν.

305 4649 424 4703 Ἔτι
453 4648 518 4703 οὔ
546 4667 679 4720 φησι
705 4650 971 4722 Παλαμᾶς
997 4652 1097 4723 τὴν
1134 4652 1459 4726 ὖπερούσιον
1493 4656 1685 4713 οὐσίαν
1706 4660 1804 4715 καὶ

238 4737 459 4811 δύναμιν
499 4741 592 4795 τὸν
644 4742 741 4797 ἕνα
788 4746 1223 4815 τρισυπόστατον
1254 4750 1409 4812 Θεὸν,
1434 4751 1542 4805 τῶν
1593 4754 1806 4822 ἐφετῶν

239 4825 368 4886 εἶναι
394 4833 459 4887 τὸ
486 4835 790 4904 ἀκρότατον
810 4851 827 4867 ο
862 4836 1000 4891 ἀλλά
1032 4838 1125 4892 τὸν
1151 4839 1227 4904 ὡς
1258 4841 1373 4909 φῶς
1410 4840 1563 4914 αὐτῷ
1596 4861 1806 4912 φανταο

242 4921 425 4975 σθέντα
449 4922 685 4991 δαίμονα
721 4925 819 4977 καὶ
855 4927 1044 4992 κακῶς
1076 4928 1170 4982 ὑπ’
1209 4930 1377 4984 αὑτοῦ
1412 4932 1807 5005 θεοποιηοέντα

240 5014 494 5086 τήμερον.
528 5017 669 5088 Φησὶ
694 5018 807 5088 γάρ
834 5020 893 5073 ὲν
925 5018 1067 5091 λόγῳ
1102 5022 1181 5091 τῷ
1211 5024 1382 5092 αὐτῷ,
1418 5043 1436 5077 ι
1476 5025 1537 5079 Ei
1569 5026 1679 5098 γὰρ
1713 5030 1808 5082 καὶ

242 5108 346 5175 φῶς
371 5109 486 5178 ἔχει
521 5110 624 5180 τὴν
678 5112 1022 5182 ἐπωνυμίαν,
1053 5112 1191 5167 ἀλλὰ
1238 5118 1334 5168 καὶ
1380 5116 1498 5185 φῶς
1545 5119 1806 5190 ἀληθινὸν

241 5202 512 5257 καλεῖται·
551 5204 754 5276 μᾶλλον
809 5206 866 5260 δὲ
912 5206 1047 5260 αὐτὸ
1096 5208 1158 5260 τὸ
1211 5207 1466 5278 ἀληθινὸν
1505 5209 1643 5278 φῶς.
1670 5209 1699 5264 δ
1727 5210 1805 5275 ὡς

245 5299 448 5369 ἱμάτιον
498 5304 527 5355 ό
579 5303 713 5367 Θεὸς
768 5303 1158 5360 ἀναϐάλλεται.
1210 5305 1322 5359 Καὶ
1370 5305 1457 5359 ἵνα
1503 5306 1606 5358 τάν
1653 5285 1806 5377 μέσοῳ

243 5392 581 5467 ἀδιάρθρωτα
626 5398 724 5451 καλ⁸
775 5397 1103 5468 ἀσύμϐλητα
1134 5398 1316 5469 παρῶ,
1362 5418 1381 5453 ι
1419 5399 1539 5464 Φῶς
1586 5419 1606 5452 ι
1650 5402 1804 5470 φησὶ,

250 5505 267 5539 ι
298 5490 407 5551 τοῖς
436 5489 618 5556 ἀγίοις
642 5488 942 5559 ὁρώμενον,
974 5491 1074 5544 καὶ
1100 5490 1312 5553 τούτοις
1338 5492 1397 5546 ὲν
1439 5491 1738 5559 πνεύματι.
1781 5510 1801 5544 ι

245 5574 346 5633 Εἶτ’
390 5582 584 5649 ἐπάγει
612 5581 834 5635 ἐναντία
886 5582 1102 5647 πάντως
1156 5583 1362 5656 ἐαυτῷ*
1405 5602 1425 5639 r
1466 5585 1585 5649 Φῶς
1692 5585 1809 5639 ἑνε-

318 5762 365 5795 ¹³
415 5762 573 5821 Joan.
598 5781 639 5833 ι,
670 5765 757 5823 l9.
834 5761 881 5797 ³⁸
906 5762 1069 5821 Joan.
1097 5782 1196 5837 xit,
1233 5762 1324 5822 66.

311 5946 552 6019 (3)01“.
578 5949 663 6025 ξι.
686 5965 751 6006 cx
779 5946 1024 6004 Platone.

1903 3382 2000 3437 tat,
2027 3385 2264 3442 sequens
2297 3383 2361 3423 ac
2401 3364 2751 3420 universalis.
2792 3362 2870 3415 Ac
2899 3359 2945 3415 si
2990 3359 3201 3414 diceret
3251 3374 3265 3410 :
3301 3356 3358 3411 Si
3399 3366 3486 3410 est

1902 3466 2083 3527 homo,
2107 3464 2272 3518 etiam
2292 3459 2492 3515 animal
2544 3466 2648 3512 est.
2683 3455 2996 3516 Enimvero,
3045 3451 3339 3519 Dominum
3393 3449 3483 3503 lu-

1901 3572 2018 3614 cem
2082 3570 2204 3612 esse
2274 3551 2687 3624 particularem,
2727 3562 2890 3602 nemo
2939 3546 3203 3600 hactenus
3268 3543 3408 3596 dixit
3462 3559 3478 3596 :

1902 3662 2028 3702 cum
2065 3660 2125 3700 se
2153 3646 2299 3701 enim
2332 3643 2448 3714 ipse
2482 3641 2733 3697 absolute
2763 3636 3128 3693 nominaverit
3172 3653 3185 3688 :
3227 3633 3339 3704 Ego
3363 3649 3482 3686 sum

1904 3737 1997 3794 tua:
2034 3738 2102 3805 ",
2132 3737 2334 3792 nullam
2372 3750 2561 3791 ansam
2592 3732 2844 3804 praebuit,
2872 3729 3074 3801 quibus
3105 3726 3484 3803 blasphemate

1903 3832 2262 3888 constitutum
2320 3831 2411 3897 sit,
2446 3837 2505 3882 ut
2546 3825 2878 3898 particulam
2934 3824 3111 3893 ipsum
3152 3822 3333 3874 lumen
3365 3818 3486 3872 exi-

1905 3925 2153 3982 stiment.
2180 3922 2290 3979 Nec
2316 3923 2430 3994 jam
2466 3924 2540 3977 ita
2597 3918 2915 3989 accipienda
2958 3916 3136 3987 magni
3166 3914 3349 3969 Basilii
3383 3929 3484 3965 an-

1904 4016 2130 4073 etoritas
2160 4030 2223 4070 ac
2259 4014 2552 4081 sententia,
2608 4011 2703 4067 sed
2737 4027 2863 4067 cum
2907 4025 3013 4065 una
3066 4009 3139 4063 sit
3194 4007 3283 4060 lux
3332 4020 3481 4071 vcta,

1904 4108 2223 4180 exaequandi
2252 4107 2414 4162 modo
2453 4120 2585 4161 llStls
2613 4113 2697 4160 est
2728 4103 3088 4171 terminisque
3134 4100 3186 4154 in
3214 4102 3354 4152 idcm
3388 4115 3485 4150 \‘a-

1907 4200 2162 4263 lentibus,
2191 4214 2257 4254 ac
2288 4199 2334 4253 si
2378 4198 2587 4253 diceret
2622 4193 2795 4251 :Nam
2837 4194 2883 4249 si
2932 4195 3092 4247 homo
3143 4201 3249 4254 est,
3301 4201 3385 4246 est
3434 4197 3491 4242 et

1906 4292 2109 4348 animal
2149 4302 2309 4347 utens
2352 4289 2587 4357 ratione,
2641 4286 2904 4350 mortale;
2954 4300 3078 4339 cum
3136 4284 3297 4337 homo
3351 4282 3490 4337 nihil

1906 4385 2055 4441 aliud
2089 4384 2377 4457 signiticet,
2412 4397 2577 4454 quam
2616 4379 2824 4436 animal
2857 4377 3121 4435 rationale
3150 4376 3401 4457 mortale.

1982 4644 2252 4711 Praeterea
2285 4666 2395 4707 non
2421 4649 2554 4706 dicit
2600 4647 2872 4711 Palamas,
2895 4642 3493 4715 supersubstantialem

1911 4747 2275 4805 substantiam
2307 4755 2473 4814 atque
2501 4732 2782 4805 virtutem,
2817 4739 2985 4794 Deum
3015 4738 3159 4793 trine
3187 4736 3497 4791 subsisten-

1912 4851 2046 4908 tem,
2079 4853 2398 4909 supremum
2420 4834 2798 4906 appetibilium
2823 4847 2965 4896 esse,
2992 4832 3087 4886 sed
3118 4846 3281 4899 quem
3324 4829 3490 4882 lumi-

1913 4937 2000 4991 nis
2052 4932 2234 5003 spccie
2276 4937 2619 4985 commentus
2684 4935 2770 4980 est
2835 4926 3165 4985 dmmoncm.
3214 4930 3269 4977 et
3328 4935 3490 4989 quem

1917 5026 2060 5083 male
2088 5026 2249 5080 hodie
2281 5024 2448 5078 Deum
2481 5019 2847 5078 consecravit.
2882 5016 2973 5071 Ait
2994 5018 3141 5071 enim
3172 5015 3228 5069 in
3288 5012 3483 5066 eodem

1914 5115 2168 5195 sermone
2202 5136 2217 5174 :
2255 5140 2272 5172 ι
2306 5118 2633 5187 Quanquam
2668 5113 2812 5169 enim
2844 5113 3029 5167 lumen
3066 5106 3491 5179 appellatioucm

1913 5214 2095 5281 habet,
2129 5229 2315 5267 verum
2346 5214 2439 5267 lux
2477 5224 2695 5282 quoque
2724 5222 2848 5261 vera
2906 5214 3279 5273 nuncupatur.
3317 5198 3495 5265 Quin-

1912 5306 2025 5361 imo
2053 5306 2169 5376 ipsa
2203 5308 2290 5359 lux
2321 5318 2475 5371 vera,
2502 5317 2666 5374 quam
2698 5300 2844 5355 Deus
2890 5296 3069 5352 induit
3127 5294 3274 5349 sicut
3322 5291 3492 5345 vcsti-

1914 5408 2184 5454 mentum.
2221 5416 2241 5450 ι
2268 5397 2343 5452 .Et
2398 5406 2459 5452 ut
2492 5394 2778 5465 interjecta
2820 5389 3141 5446 indistincta
3206 5384 3494 5451 incompa-

1914 5506 2113 5563 Ctaque
2134 5491 2424 5547 omittam:
2456 5508 2475 5542 ι
2528 5488 2767 5556 Lumen,
2792 5485 2995 5554 inquit,
3021 5479 3167 5552 quod
3204 5494 3236 5533 a
3286 5477 3494 5532 sanctis

1917 5585 2157 5654 videtur,
2190 5583 2365 5654 iisque
2394 5583 2447 5639 in
2479 5581 2697 5653 spiritu.
2737 5597 2756 5632 ι
2802 5575 3011 5632 Deinde
3040 5570 3345 5643 subjungit,
3367 5585 3490 5641 qua:
