3892 6572
202 500 270 563 691
889 504 1564 576 ‘PALAMITICABUM
1596 514 2354 584 TRANSGRESSIONUM
2394 521 2653 586 LIBER.

3293 521 3402 589 (ἱθῦ

199 608 385 705 ἀληθινὸν
439 610 790 705 διατείνεται.
826 618 896 672 Τὸ
929 621 983 673 δὲ
1029 622 1215 691 ὄγδοον
1271 626 1406 694 πρὸς
1453 629 1706 692 ἐκείνοις,

1824 628 2079 686 Octavum
2110 643 2401 702 praeterea,
2434 647 2750 705 supremum
2779 632 3156 704 appetibilium
3191 635 3397 690 omnis-

197 702 237 753 τὸ
256 701 523 769 ἀκρότατον
555 704 665 757 τῶν
709 708 918 776 ἐφετῶν
963 715 1056 764 καὶ
1086 714 1267 768 πᾶσαν
1307 716 1406 789 τὴν
1438 719 1712 790 μακαριό-

196 810 288 860 τητα
312 793 396 847 τὸν
422 796 667 852 τοιοῦτον
693 794 835 854 εἶναι
861 801 996 857 Θεὸν
1028 808 1334 879 ἐπισχυροϊ.

242 886 351 954 Πρὸς
396 887 535 942 Θεοῦ
593 888 707 958 (τοῦ
763 902 1200 966 τρισυποστάτου
1262 904 1431 972 φημὶ,
1474 904 1568 956 καὶ
1605 902 1711 959 πά-

195 979 252 1033 lat
284 980 366 1049 μὲν
398 984 564 1036 πᾶσιν
598 984 719 1050 ἐνὸς
755 993 909 1061 κοινῇ
934 992 1374 1062 πρεσϐευομένου
1404 996 1563 1064 Θεοῦ,
1595 999 1711 1051 νυνὶ

195 1073 231 1125 δὲ
251 1075 332 1136 τοῖς
359 1074 718 1146 διωκομένοις
748 1081 881 1151 ἡμῖν
918 1084 1083 1152 μόνου
1117 1084 1300 1155 Θεοῦ),
1330 1087 1385 1141 τί
1411 1089 1586 1158 τούτῳ
1614 1107 1715 1143 κα·-

194 1165 422 1220 ταλέλοιπε
452 1170 719 1240 Παλαμᾶς
747 1176 884 1244 πρὸς
926 1176 988 1228 τὸ
1027 1178 1162 1231 Θεὸν
1200 1174 1373 1247 εἷναις
1414 1183 1477 1234 Εἰ
1512 1182 1622 1250 γὰρ
1653 1182 1714 1235 τὸ

192 1258 428 1323 φῶςτοῦτο
454 1261 515 1313 τὸ
544 1262 617 1331 μὴ
655 1262 713 1316 ὃν
748 1265 906 1319 οὐσία
957 1268 1093 1322 Θεοῦ
1121 1270 1267 1339 λέγει
1306 1273 1404 1342 μὲν
1437 1273 1542 1342 πρὸ
1579 1275 1714 1328 πάν-

192 1367 265 1401 των
292 1349 416 1405 εἶναι
472 1358 565 1407 καὶ
613 1358 672 1410 ὲν
704 1358 853 1429 αὑτῷ
888 1360 955 1413 τὰ
987 1362 1165 1416 πάντα
1190 1380 1203 1395 ·
1241 1364 1472 1435 ὁρᾶσθαι
1525 1364 1582 1419 δέ
1638 1365 1712 1428 ὡς

190 1446 282 1495 Θεὸν
303 1448 389 1496 καὶ
421 1448 676 1502 ἑνοῦσοαι
716 1454 829 1516 τοῖς
892 1455 1048 1519 πᾶσι,
1083 1457 1177 1507 καὶ
1215 1455 1583 1527 δημιουργεῖν
1617 1458 1747 1513 καὶ,

192 1537 382 1605 συνέχειν
412 1544 477 1594 τὰ
508 1542 705 1607 πάντα,
728 1544 789 1595 τὸ
818 1545 1122 1615 ἀκρότατον
1179 1552 1273 1602 καὶ
1328 1550 1579 1621 ἀληθινὸν
1616 1549 1712 1603 καὶ

190 1629 301 1690 τέλος
332 1631 517 1702 πάσης
540 1635 948 1708 μακαριότητος
974 1639 1105 1693 αὐτὸ
1141 1643 1410 1711 τυγχάνον
1440 1641 1520 1708 ὃν,
1551 1642 1715 1695 ποίαν

191 1722 318 1790 ἀφῆκε
339 1723 601 1793 λατρείαν
629 1727 709 1795 τῷ
745 1728 916 1781 πάλαι
969 1732 1394 1802 πρεσϐευομένω
1428 1731 1570 1803 Θεῷ,
1618 1733 1712 1786 καὶ

187 1810 228 1862 ὃν
247 1812 619 1883 ὑπερκείμενον
671 1819 833 1882 αὐτὸς
865 1822 1132 1876 ἀποκαλεῖ
1189 1824 1324 1894 πρὸς
1374 1825 1714 1896 ἀντιδιαστο·

186 1903 253 1974 λὴν
276 1906 348 1958 τοῦ
387 1907 481 1961 νῦν
523 1910 817 1981 ὑφειμένου
850 1913 985 1966 Θεοῦ
1012 1932 1026 1979 ;
1072 1918 1309 1986 Φανερὸν
1346 1917 1455 1973 οὖν
1488 1918 1551 1972 ἐκ
1581 1919 1710 1974 τού-

184 2014 259 2050 των
278 2000 345 2053 ὅτι
369 2005 917 2077 πᾶσανῦφελὸμενος
958 2011 1094 2064 Θεοῦ
1126 2012 1403 2084 λατρείαν,
1427 2019 1491 2088 τῇ
1522 2019 1711 2075 τούτου

185 2091 318 2184 φέρων
354 2095 642 2165 ὑπέθηκεν
694 2100 769 2163 ὡς
808 2104 1115 2175 φαντασίᾳ⁶
1155 2107 1248 2159 καὶ
1290 2110 1497 2181 ταύτην
1543 2114 1713 2184 μόνην

183 2183 432 2252 πρεσϐεύει
463 2189 733 2258 πρύτανιν
764 2196 858 2247 καὶ
891 2196 1172 2268 διοικητὴν
1206 2200 1301 2254 τοῦ
1346 2204 1568 2268 παντός.

231 2364 327 2421 Ἔτι
361 2371 521 2423 πᾶσα
549 2371 773 2445 λατρεία
803 2377 897 2428 καὶ
930 2379 1302 2449 προσκύνησις
1352 2381 1417 2455 τῇ
1450 2401 1715 2454 τρισυπο-

186 2460 323 2530 oratiu
348 2464 483 2531 παρ’
511 2466 673 2534 ἡμῶν
695 2471 1035 2537 προσάγεται
1066 2473 1249 2539 φύσει,
1273 2476 1347 2539 ὡς
1375 2477 1582 2548 σωτῆρι
1617 2482 1714 2535 καὶ
1760 2486 1769 2497 ’⁵

187 2552 459 2625 δημιουργῷ
494 2559 735 2625 πάντων,
777 2562 912 2615 καθὸ
944 2566 1131 2630 φασιν,
1169 2584 1187 2617 ι
1236 2568 1491 2622 Ἀκτιστε
1552 2569 1712 2636 φύσις

187 2644 210 2712 ἡ
235 2647 317 2697 τῶν
338 2648 478 2700 ὅλων
500 2648 851 2721 δημιουργός.
894 2672 913 2706 ι
946 2655 1043 2708 ’Ἂν
1072 2656 1128 2708 δὲ
1154 2657 1211 2709 τὸ
1233 2659 1549 2729 Παλαμικὸν
1573 2663 1711 2732 φῶς,

187 2736 289 2806 ὅπερ
317 2740 403 2792 οὐκ
450 2741 599 2795 ἐστιν
641 2745 672 2813 ἡ
717 2745 877 2799 οὐσία
935 2748 1029 2800 τοῦ
1082 2748 1245 2813 Θεοῦ,
1300 2753 1473 2807 ταῦτα
1532 2757 1715 2811 πάντα

189 2832 295 2881 ποιεῖ
321 2834 405 2886 καὶ
447 2837 925 2905 πραγματεύεται,
980 2842 1154 2913 τούτῳ
1207 2844 1441 2911 μάλιστα
1482 2850 1577 2901 καὶ
1615 2850 1715 2920 τὴν

190 2923 512 2995 προσκύνησιν
544 2928 636 2980 καὶ
664 2929 761 3000 τὴν
822 2930 1078 3003 λατρείαν
1126 2936 1425 3006 ἀπονέμειν
1476 2943 1712 3014 ἀνάγκη,

189 3016 256 3065 xxi
272 3018 354 3069 οὐκ
381 3021 593 3091 ἐκείνῃ.

243 3111 339 3165 Ἔτι
361 3114 500 3167 κατὰ
540 3119 693 3185 τρεῖς
720 3120 955 3189 τρόπους
1011 3125 1061 3175 οί
1116 3125 1397 3195 ἄνθρωποι
1446 3128 1525 3197 τῷ
1575 3130 1717 3203 Θείῳ

189 3211 506 3279 προσανέχειν
537 3214 965 3281 ἀναγκάζονταιο
995 3218 1059 3273 ἐκ
1084 3238 1143 3272 τε
1173 3222 1283 3275 τῶν
1310 3224 1713 3294 παρελθόντων,

1816 742 1925 796 que
1956 728 2229 784 beatitatis
2260 729 2565 794 cumulum,
2600 727 2911 784 istiusmodi
2944 727 3164 784 asserit.

1885 907 1990 964 Per
2024 908 2192 963 Deum
2223 923 2357 979 rogo
2394 908 2589 979 (Deum
2623 910 2884 965 nimirum
2920 910 3062 964 trine
3085 908 3393 966 subsisten-

1815 1010 1945 1063 tcm.
1971 1016 2035 1056 ac
2060 1016 2220 1071 quem
2254 1016 2447 1057 omnes
2482 1003 2847 1056 communiter
2872 1018 3038 1055 unum
3072 1000 3242 1056 Deum
3267 1016 3394 1055 sen-

1813 1092 2003 1156 tirent,
2048 1107 2303 1161 nuncque
2337 1091 2497 1147 nobis
2527 1092 2621 1161 qui
2652 1094 3094 1161 persecutionem
3147 1093 3392 1160 patimur

1815 1184 1968 1239 solus
1994 1183 2134 1239 Deus
2186 1182 2461 1254 exsistat),
2511 1183 2773 1252 quidnam
2832 1182 2908 1237 illi
2964 1181 3214 1238 Paiamas
3262 1182 3395 1238 fecit

1815 1276 2084 1341 reliquum
2119 1286 2178 1330 ut
2219 1274 2363 1330 Deus
2390 1275 2652 1330 audiret?
2691 1273 2826 1329 Nam
2880 1274 2924 1329 si
2982 1274 3166 1328 lumen
3218 1274 3392 1340 istud,

1815 1367 1962 1435 quod
1989 1381 2097 1421 non
2132 1366 2327 1421 estDei
2354 1367 2615 1431 essentia,
2644 1374 2772 1420 ante
2827 1365 3010 1419 omnia
3064 1380 3183 1419 esse
3232 1364 3392 1430 dicit,

1784 1460 1950 1515 setin
1981 1460 2099 1530 ipso
2119 1474 2243 1515 esse
2280 1459 2488 1524 omnia,
2539 1469 2704 1528 atque
2754 1459 2922 1512 videri
2983 1466 3043 1513 ut
3095 1454 3288 1522 Otum,
3338 1466 3396 1512 et

1817 1554 1958 1607 nniri
1992 1554 2275 1617 omnibus,
2335 1561 2388 1607 et
2446 1567 2637 1606 creare
2672 1553 2857 1607 omnia
2905 1562 2960 1607 et
3022 1567 3390 1618 conservare;
3465 1614 3469 1617 _

1815 1660 1938 1699 eum
1968 1656 2288 1715 supremum
2335 1652 2390 1698 et
2414 1658 2602 1697 verum
2640 1643 2740 1697 ‘sit
2769 1658 2835 1697 ac
2889 1642 3069 1697 omnis
3117 1641 3395 1698 beatitatis

1816 1736 1962 1801 linis,
1990 1752 2283 1806 quemnam
2324 1737 2527 1791 cultum
2558 1735 2790 1804 reliquit
2830 1735 2939 1797 Dm
2971 1730 3179 1803 pridem
3226 1748 3391 1788 vene—

1822 1832 2090 1885 rationem
2122 1828 2365 1892 habenti,
2400 1838 2453 1882 et
2476 1844 2638 1898 quem
2678 1829 2797 1896 ipse
2831 1827 3160 1881 eminentem
3209 1834 3391 1890 vocat,

1818 1936 1927 1990 quo
1959 1920 2331 1989 distinguatur
2362 1919 2430 1972 ab
2463 1933 2527 1972 eo
2552 1918 2641 1984 qui
2676 1933 2820 1971 nunc
2842 1926 2945 1979 est,
2970 1915 3216 1970 inferiori
3239 1914 3395 1968 Deo?

1817 2012 2164 2067 Manifestum
2198 2012 2381 2081 itaque
2401 2020 2504 2075 est,
2539 2011 2717 2064 ablata
2749 2010 2858 2065 Deo
2883 2009 3032 2064 omni
3081 2009 3393 2063 veneratio-

1817 2120 1887 2159 ne
1917 2120 1981 2160 ac
2016 2104 2264 2169 numine,
2293 2101 2411 2169 ejus
2436 2109 2497 2156 ut
2524 2103 2710 2156 lumen
2739 2109 2825 2156 est
2886 2100 3186 2155 simulacro
3231 2099 3393 2152 detu-

1816 2199 1995 2254 lisse:
2035 2198 2248 2266 hocque
2286 2209 2452 2250 unum
2514 2196 2710 2249 docere
2775 2208 2959 2246 rerum
3019 2188 3388 2245 univcrsitatis

1816 2290 2084 2346 arbitrum
2107 2303 2171 2343 ac
2205 2292 2622 2357 gubernatorem
2648 2298 2789 2340 esse.

1886 2383 2155 2437 Prazterea
2207 2381 2252 2436 si
2278 2379 2456 2433 omnis
2498 2376 2678 2433 cultus
2741 2385 2795 2431 et
2851 2372 3122 2439 adoratio,
3181 2379 3391 2426 natura:

1818 2478 1960 2532 trine
1990 2474 2365 2532 subsistentia
2390 2472 2549 2528 nobis
2595 2468 2860 2533 defertur,
2894 2476 2955 2522 ut
2982 2481 3088 2537 qua
3140 2465 3387 2520 omnium

1818 2573 1969 2629 salus
1991 2570 2061 2624 sit
2086 2584 2150 2623 ac
2175 2568 2402 2629 creatio,
2431 2565 2892 2637 quemadmodum
2919 2563 3093 2625 aiunt,
3129 2580 3147 2612 ι
3176 2558 3395 2616 increa-

1822 2677 1872 2720 ta
1894 2671 2111 2725 natura,
2152 2676 2275 2731 quae
2334 2660 2716 2714 universorum
2752 2656 2986 2711 creatrix
3020 2670 3099 2709 cs.
3154 2672 3173 2706 ι
3213 2651 3396 2721 Siqui-

1817 2761 1940 2815 dem
1964 2758 2154 2829 igitur,
2185 2754 2520 2810 Palamicum
2560 2754 2740 2807 lumen
2768 2760 2967 2805 cuncta
2999 2748 3115 2803 ιιωο
3171 2753 3396 2818 prmstat

1817 2868 1881 2908 ac
1914 2862 2196 2921 operatur,
2234 2849 2363 2903 huic
2407 2848 2642 2902 maxime
2678 2843 3052 2900 adorationem
3078 2843 3396 2909 cultumque

1820 2946 2125 3002 tribuamus
2151 2958 2375 2999 necesse
2398 2951 2500 3007 est,
2531 2956 2637 2995 non
2675 2939 2778 2994 illi.

1890 3130 1969 3184 Ad
1995 3130 2110 3182 haec
2146 3126 2395 3181 homines
2423 3121 2598 3177 tribus
2623 3119 2798 3175 modis
2828 3132 3054 3174 necesse
3101 3115 3300 3170 habent
3331 3121 3393 3168 ut

1819 3221 2064 3275 animum
2091 3217 2202 3272 Deo
2243 3216 2537 3271 adhibeant
2570 3229 2674 3267 :ex
2737 3212 3052 3281 praeteritis,
3107 3208 3253 3279 quod
3309 3221 3392 3263 re-

189 3300 250 3392 ξτι
270 3299 608 3373 δημιουργὸς,
645 3307 707 3361 ἐκ
737 3326 796 3361 τε
824 3310 932 3364 τῶν
969 3314 1305 3380 ἐνεστώτων,
1368 3317 1453 3371 ὅτι
1506 3320 1712 3389 σωτήρ*
1742 3332 1785 3392 ο
1823 3326 1945 3365 rum
1983 3308 2235 3364 οοηάίιοτ
2263 3307 2377 3371 Sil;
2412 3322 2476 3359 ⁸⁵⁸
2542 3302 2898 3374 Ρηεεθηῑῖδυδ
2945 3300 3091 3370 qm"1
3147 3306 3394 3352 servam"

188 3390 236 3442 ἐκ
262 3409 309 3445 τε
339 3396 440 3448 τῶν
477 3399 801 3467 μελλόντων,
847 3403 931 3455 ὅτι
958 3422 1015 3457 τε
1069 3406 1302 3476 φοϐερὸς
1340 3409 1431 3462 διὰ
1472 3409 1572 3481 τὴν
1636 3412 1715 3464 δι-

189 3487 468 3557 καιοσύνην·
504 3491 598 3543 καὶ
652 3494 733 3545 ὅτι
786 3494 937 3558 τέλος
983 3499 1143 3560 αὐτὸς
1202 3499 1310 3553 τῶν
1366 3502 1595 3568 ἐφετῶν.
1652 3505 1715 3558 Εἰ

186 3578 361 3644 τοίνυν,
401 3581 474 3643 ὣς
522 3601 655 3651 φησι
722 3587 1005 3657 Παλαμᾶς,
1080 3592 1361 3661 ἀνέπαφός
1414 3596 1530 3647 ἐστι
1587 3600 1715 3650 τού-

187 3683 270 3721 των
343 3674 373 3743 ὴ
444 3674 564 3730 Θεία
640 3678 817 3746 οὐσία,
900 3681 1022 3735 οὐδὲ
1093 3684 1264 3754 ταύτῃ
1354 3688 1714 3759 προσανέχειν

189 3774 387 3830 σναγκη.
1621 3792 1624 3795 λ

244 3852 365 3914 Ἔτι,
390 3856 518 3909 εἰτὸ
555 3858 869 3927 Παλαμικξν
919 3862 1055 3929 φῶς,
1090 3865 1184 3916 καὶ
1213 3867 1350 3935 ὅπερ
1384 3867 1546 3931 αὐτὸς
1565 3868 1716 3931 ἐντὸς

190 3944 266 4033 xui.
295 3947 432 4011 ἐκτὸς
482 3951 594 4002 τῶν
647 3952 972 4023 σπλάγχνων
1022 3958 1418 4026 συνιστάμενον
1484 3961 1713 4033 καθορᾷ,

187 4032 316 4086 τοῦτό
345 4039 452 4093 ἐστι
486 4043 596 4094 τῶν
622 4043 837 4110 ἐφετῶν
865 4046 926 4097 τὸ
962 4046 1191 4117 ἔσχατον
1241 4051 1334 4102 καὶ
1384 4052 1414 4104 ὁ
1478 4053 1586 4116 πᾶς
1618 4032 1717 4118 τῆς

190 4132 550 4199 μακαριότητος
576 4136 758 4203 λόγος,
793 4140 1137 4211 ἀπελήλαται
1162 4143 1257 4195 τοῦ
1309 4144 1478 4213 μέσου
1543 4146 1717 4200 καθά·-

192 4218 279 4282 παξ
296 4223 376 4273 καὶ
397 4223 510 4279 θεία
539 4228 716 4293 οὐσία,
746 4232 840 4282 καὶ
870 4234 978 4285 πᾶν
1006 4232 1186 4287 ὁτιοῦν
1216 4233 1402 4303 ἕτερον
1428 4236 1555 4305 περὶ
1584 4238 1716 4289 ταύ-

190 4325 269 4378 της
298 4316 415 4382 ἡμῖν
441 4323 848 4391 πιστευόμενον,
903 4326 1064 4394 μόνον
1095 4327 1333 4381 δ’ἐκείνο
1362 4327 1518 4391 Θεός.
1554 4329 1717 4384 Ἀλο-

194 4406 385 4474 γἰὀ’γάρ
406 4410 491 4462 τοῦ
540 4413 772 4484 ἐσχάτου
816 4418 910 4469 καὶ
964 4418 1277 4472 τελευταίου
1332 4421 1439 4474 τῶν
1498 4421 1717 4489 ἀγαθῶν

191 4490 736 4573 ὲῖχατώτερονζητείν.
759 4506 968 4578 Ὀρθῶς
999 4510 1106 4579 ἄρα
1140 4510 1236 4563 καὶ
1264 4513 1428 4582 ἡμεῖς
1456 4512 1717 4582 ἐλέγομεν

190 4584 360 4655 ταύτην
387 4592 617 4663 ἀκριϐῶς
647 4595 781 4653 εἶναι
815 4601 913 4671 τὴν
966 4604 1327 4664 ἀποστασίαν,
1362 4605 1429 4675 ἢν
1479 4607 1508 4658 ό
1538 4605 1719 4675 μακά-

1819 3403 1912 3470 sit,
1953 3416 2130 3471 exque
2162 3399 2382 3464 futuris,
2414 3402 2559 3467 quod
2592 3405 2813 3466 propter
2843 3392 3116 3462 justitiam
3155 3399 3395 3445 tremen-

1818 3498 1921 3553 dus
1948 3498 2039 3561 sit,
2094 3493 2351 3562 quodque
2404 3493 2531 3544 item
2571 3488 2696 3542 linis
2764 3484 3138 3555 appetibilium
3190 3483 3282 3538 sit.
3333 3480 3391 3535 Si

1818 3590 2036 3661 quidem
2070 3587 2253 3658 igitur,
2292 3593 2350 3639 ut
2375 3592 2567 3637 auctor
2598 3591 2681 3636 est
2714 3579 2979 3645 Paiamas,
3039 3576 3220 3632 divina
3264 3574 3396 3643 sub:

1818 3683 2145 3740 Stantiahaac
2198 3694 2305 3732 non
2331 3678 2562 3742 attingat
2622 3674 2689 3729 ab
2734 3673 2922 3743 eisque
2989 3669 3250 3723 immunis
3295 3668 3391 3732 sit,

1819 3791 1919 3831 nec
1945 3774 2020 3829 illi
2050 3773 2293 3827 animum
2329 3769 2590 3824 adhibere
2626 3781 2851 3820 necesse
2882 3764 2977 3819 sit.
3126 3820 3131 3827 _

1890 3868 2157 3922 Prattcrea
2186 3864 2229 3918 si
2252 3861 2587 3918 Palamieum
2620 3860 2827 3916 lumen,
2878 3855 3139 3925 quodque
3169 3851 3259 3906 ille
3308 3848 3391 3902 in-

1822 3970 1904 4013 tra
1948 3969 2214 4027 extraque
2246 3955 2453 4009 viscera
2473 3951 2785 4013 consistens
2813 3950 2977 4010 videt,
3009 3948 3113 4001 hoc
3176 3944 3394 3998 scilicet

1821 4065 2135 4119 supremum
2223 4046 2592 4116 appetibilium
2655 4054 2739 4098 est
2811 4052 3027 4109 toaaque
3107 4033 3435 4091 beatitatis~

1820 4142 1982 4205 ratio,
2016 4141 2228 4194 sublata
2286 4137 2453 4193 seruet
2486 4152 2515 4192 e
2567 4134 2746 4189 medio
2774 4143 2858 4187 est
2887 4141 2999 4185 tum
3043 4128 3231 4183 divina
3294 4140 3384 4179 es-

1819 4234 2016 4297 sentia,
2051 4242 2165 4286 tum
2202 4229 2462 4299 quidquid
2488 4227 2634 4281 aliud
2676 4226 2743 4280 de
2767 4224 2855 4279 illa
2890 4237 2921 4277 a
2976 4220 3138 4275 nobis
3200 4216 3390 4273 credi-

1818 4337 1932 4391 tur,
1962 4339 2063 4381 uec
2090 4331 2285 4395 praeter
2314 4319 2449 4377 illud
2471 4318 2616 4375 ullus
2647 4316 2790 4372 alius
2817 4316 2964 4370 Deus
3018 4319 3125 4367 est.
3179 4309 3392 4363 Absur-

1819 4421 1947 4474 dum
1980 4429 2214 4485 namque
2242 4422 2442 4476 est,,eo
2471 4411 2617 4481 quod
2672 4420 2991 4477 supremum
3052 4411 3392 4457 extremum-

1819 4526 1927 4583 que
1956 4509 2225 4563 bouorum
2249 4511 2355 4570 est,
2394 4503 2626 4556 ulterius
2662 4497 2863 4568 aliquid
2890 4507 3159 4565 quaerere.
3220 4486 3390 4541 Recte

1822 4603 1990 4676 igitur
2013 4615 2115 4656 nos
2135 4612 2353 4670 quoque
2384 4596 2726 4658 dicebamus,
2775 4604 2899 4645 esse
2926 4590 3067 4642 hanc
3118 4598 3243 4641 vere
3291 4582 3392 4635 de-

193 4685 479 4787 ξιοςεξρηκι
535 4690 749 4757 Παῦλος
803 4694 859 4747 ἐν
912 4697 1164 4767 ἐσχάτοις
1227 4674 1715 4769 παρρησιάσασθαι

1824 4674 2139 4755 lectionem,
2159 4705 2322 4761 quam
2352 4689 2489 4743 dixit
2515 4688 2707 4742 beatus
2733 4683 2939 4741 Paulus
2992 4684 3045 4736 in
3073 4675 3391 4733 novissimis

191 4779 216 4811 ἧς
224 4783 255 4797 ’νη
271 4779 383 4835 ἢςδῐί.

1825 4784 2159 4839 “mnos-itm:
2189 4797 2305 4825 nec”
2328 4782 2643 4836 inoliutram
2668 4776 2713 4811 "
