3892 6546
226 521 308 589 τοι
956 525 1600 594 PALAMITICARUM
1637 530 2407 602 TRANSGRESSIONUM
2441 539 2697 603 LIBER.
3348 541 3456 608 702

224 644 312 712 τῆς
338 639 692 706 ἀποστάσεως
717 641 1061 714 εἰσπηδήσας
1087 645 1116 696 ό
1139 645 1430 716 Παλαμᾶς,
1454 647 1550 699 καὶ
1579 647 1640 699 τὸ
1667 647 1766 716 μὲν

1903 647 2020 703 ione
2049 651 2282 708 adorsus
2314 653 2568 710 Palamas
2596 673 2610 722 ;
2645 669 2711 710 ac
2733 669 2858 710 cum
2894 654 3129 724 primunt
3157 661 3269 709 tres
3316 670 3452 724 qua-

223 738 417 810 πρῶτον
444 737 595 806 τρεῖς
621 735 654 806 ἦ
676 735 944 807 τέτταρας
991 737 1170 805 ἐαυτῷ
1201 736 1567 807 μαθητεύσας,
1599 737 1774 801 ἐνίους

1903 755 2068 797 uorve
2123 742 2431 814 discipulos
2501 747 2604 801 sibi
2662 747 3026 817 adiunxisset,
3088 755 3256 813 atque
3305 746 3444 798 adeo

223 834 271 886 δὲ
306 830 529 885 καὶτῶν
553 830 614 882 ὲν
664 828 742 898 τῷ
777 829 934 899 Ἰερῷ
989 829 1107 902 δρει
1161 831 1610 900 παρυποκλέψας,
1656 827 1777 882 ἑπι-

1903 830 2156 885 ιοηηυιιίε
2185 833 2239 886 in
2275 845 2460 889 monte
2491 834 2694 890 Sancto
2717 835 3077 905 obrepsisset,
3105 833 3210 890 hoc
3273 836 3442 890 nimi-

223 923 470 995 εοὼμενος
499 924 576 988 ὠς
603 924 712 995 ἄρα
747 924 1015 995 Βαρλαὰμ.
1065 925 1166 989 τὰς
1221 924 1529 995 ἑκασταχοῦ
1579 923 1776 990 θεοφα-

1907 935 1996 972 um
2029 919 2314 978 Barlaamo
2336 924 2551 979 crimini
2576 934 2818 990 vertens,
2843 940 2906 979 ac
2937 925 3064 981 inde
3087 925 3269 980 dicam
3317 924 3456 980 scri-

220 1016 368 1081 νείας,
397 1015 490 1069 καὶ
517 1016 623 1080 τὰς
666 1016 848 1070 ἄλλοτ’
885 1017 1051 1081 ἄλλας
1075 1016 1603 1088 πραγματευθείσας
1661 1017 1776 1076 τοῖς

1903 1029 2010 1069 iens
2045 1052 2062 1077 .
2122 1023 2378 1084 tanquam
2445 1016 2581 1084 ille,
2632 1017 2844 1073 divinas
2888 1033 3120 1088 usquam
3181 1017 3455 1072 exhibitas

220 1111 417 1163 πώποτε
448 1109 750 1181 μακαρίοις
790 1111 1114 1180 ὲλλάμψεις,
1140 1109 1418 1180 διασύρει,
1469 1109 1563 1162 καὶ
1595 1108 1777 1161 πᾶσαν

1903 1107 2290 1177 κρυπτίιίοηθε,
2345 1108 2590 1181 aliasque
2655 1111 2779 1166 aliis
2835 1111 3009 1168 beatis
3067 1111 3212 1173 .‘viris
3288 1110 3458 1168 factas

219 1204 493 1272 ἀνατρέπει
531 1202 839 1273 μοναχικὴν
867 1201 1240 1257 κατάστασιν·
1264 1203 1360 1256 καὶ
1417 1199 1643 1262 τούτους
1691 1197 1780 1252 διὰ

1903 1200 2014 1254 'iris
2081 1200 2484 1258 illustrationes
2546 1203 2884 1268 traduceret,
2929 1219 2996 1259 ac
3060 1204 3454 1260 monachorum

216 1295 400 1349 τούτων
446 1293 753 1364 ὐποσύρας,
810 1295 905 1348 καὶ
960 1295 1313 1364 ὕποσημῆναι
1381 1293 1450 1347 δι’
1498 1291 1780 1359 ἁπλότητα

1903 1293 2195 1348 nstitutum
2220 1310 2384 1349 omne
2420 1304 2740 1364 statumque
2767 1306 3064 1350 everteret.
3119 1294 3325 1364 Hisque
3361 1310 3456 1348 ar-

220 1386 632 1455 παρασκευάσας
661 1387 754 1439 τὸν
786 1385 1176 1454 σχεδιασθέντα
1199 1386 1341 1440 κατά
1367 1385 1466 1456 τῆς
1495 1384 1781 1447 εὐσεϐείας

1903 1387 2026 1443 ibus
2061 1387 2167 1441 illis
2196 1387 2459 1452 seductis,
2497 1402 2561 1442 ac
2602 1403 2696 1458 per
2746 1386 3178 1458 simplicitatem,
3237 1398 3297 1443 ut
3347 1388 3456 1442 Το-

222 1479 382 1549 Τόμον
406 1479 642 1545 Ξκεϊνον,
688 1479 749 1534 δν
786 1480 882 1532 καὶ
910 1480 976 1533 ἐκ
1007 1479 1104 1532 τοῦ
1133 1479 1303 1532 τόπου
1337 1477 1658 1548 ἐπωνυμίας
1689 1492 1785 1529 σα-

1903 1495 2030 1534 num
2086 1479 2238 1533 illum
2280 1479 2544 1535 adversus
2591 1479 2846 1549 pietatem
2899 1479 3252 1534 tumultuaria
3312 1495 3455 1549 pene

222 1570 323 1638 ςῶς
355 1571 621 1640 ἠξίωσεν·
663 1572 854 1625 ἔπειτα
893 1573 989 1626 καὶ
1019 1571 1113 1624 ἐπὶ
1145 1571 1246 1642 τὴν
1308 1570 1570 1639 Μεγάλην
1628 1568 1784 1621 πόλιν

1903 1585 2043 1641 ipera
2069 1569 2385 1636 conﬂatum,
2419 1571 3113 1634 subscriberent,inductis
3145 1569 3455 1640 (cui'etiam

220 1664 420 1728 ἐλάσας,
474 1665 573 1719 καὶ
628 1663 682 1717 τί
752 1664 853 1732 μὲν
912 1663 1238 1727 ὑποδεικνὺς
1281 1663 1342 1717 τδ
1386 1663 1485 1730 τῆς
1529 1660 1785 1724 ἀσεϐείας

1903 1679 1949 1718 ιε
1982 1663 2106 1719 loco
2130 1664 2309 1734 palam
2341 1662 2764 1732 appellationem
2802 1662 3023 1734 indidit)
3077 1661 3146 1716 ad
3206 1661 3455 1724 Magnam

220 1754 342 1825 όμοῦ
364 1756 458 1808 καὶ
490 1755 716 1823 ἀπάτης
741 1757 1153 1826 γραμματεῖον,
1203 1755 1258 1808 τί
1285 1754 1344 1808 δὲ
1370 1752 1500 1818 τοὺς
1555 1752 1784 1824 ὴκολου-

1903 1757 2148 1826 leinceps
2182 1757 2464 1826 profectus
2491 1756 2790 1820 civitatem,
2831 1771 2920 1820 ae,
2990 1769 3098 1826 qua
3161 1753 3461 1823 lmpletatis

223 1847 440 1914 θηκότας
473 1846 762 1908 ἀναιδείας
788 1846 1128 1916 ὑπέκκαυμα
1161 1846 1259 1900 καὶ
1281 1845 1596 1916 ἀδολεσχίας
1619 1862 1786 1915 παριο

1903 1847 2051 1903 timnl
2083 1847 2398 1917 errorisque
2431 1845 2671 1900 libellum
2701 1845 3019 1908 ostendens,
3054 1859 3158 1913 qua
3199 1857 3461 1914 sequaces

223 1939 368 2002 στῶν,
397 1939 578 1990 ἐκεῖνο
604 1936 926 2009 περιφανῶς
958 1937 1098 2008 πρὸς
1167 1937 1344 2000 ἐνίους
1385 1937 1494 1990 τῶν
1539 1935 1785 1990 δυνατῶν

1903 1940 2292 2010 tdjunctosque
2327 1938 2629 1994 monachos
2685 1937 3034 2008 impudentia:
3089 1936 3460 2002 garrulitatis-

218 2028 478 2099 ἐξήνυσεν,
516 2030 545 2084 ὃ
609 2046 780 2099 φησιν
826 2032 854 2083 ό
891 2031 1071 2099 μέγας
1121 2029 1445 2092 Ἀπόστολος
1473 2045 1488 2060 ο
1521 2045 1540 2080 ι
1590 2028 1784 2081 Ἔσται

1903 2048 1991 2104 lue
2028 2031 2328 2088 fomentum
2362 2031 2651 2098 exhibens,
2685 2031 2736 2086 id
2791 2029 2954 2100 plane
3013 2030 3155 2099 apud
3228 2029 3462 2084 nonnul-

219 2124 412 2192 καιρὸς,
439 2123 532 2177 ὅτε
577 2123 682 2192 τῆς
710 2121 1064 2194 ὑγιαινούσης
1107 2121 1456 2183 διδασκαλίας
1535 2120 1636 2174 οὐκ
1688 2121 1787 2174 ἀν-

1908 2142 1970 2182 os
2001 2134 2314 2194 magnatum
2348 2123 2546 2189 eil‘ecit,
2581 2124 2730 2194 quod
2761 2122 2895 2178 dicit
2939 2139 3173 2188 magnus
3230 2123 3460 2192 Aposto-

226 2215 443 2279 ἕξονται,
481 2212 622 2267 ἀλλά
677 2215 820 2269 κατὰ
877 2215 978 2278 τὰς
1044 2213 1180 2278 ιδίας
1227 2213 1529 2284 ἐπιθυμίας
1569 2212 1786 2275 ἑαυτοῖς

1910 2233 1972 2273 ns
2006 2235 2020 2272 :
2062 2217 2206 2272 «Erit
2230 2226 2446 2286 tempus
2475 2232 2599 2272 cum
2637 2231 2823 2272 sanam
2861 2215 3163 2271 doctrinam
3196 2229 3302 2268 non
3335 2230 3458 2270 sus-

222 2305 653 2376 ιπισωρεύσουσι
689 2305 1076 2371 διδάσκάλους,
1113 2305 1443 2378 κνηθόμενοι
1464 2307 1562 2375 τὴν
1593 2306 1784 2374 ἀκοήν.

225 2400 320 2452 Καὶ
340 2401 442 2452 ἀπὸ
482 2399 588 2469 μὲν
652 2400 755 2466 τῆς
817 2398 1077 2469 ἀληθείας
1136 2397 1236 2470 τὴν
1291 2398 1464 2467 ἀκοὴν
1518 2397 1786 2467 ἀποπρό·

224 2491 402 2561 ψουσι·
443 2494 540 2547 ἐπὶ
585 2492 645 2546 δὲ
687 2493 815 2556 τοὺς
844 2491 1050 2563 μύθους
1106 2491 1572 2562 ὲκτραπήσονται.
1608 2509 1627 2543 ι
1678 2488 1788 2543 Καὶ

223 2584 328 2636 οὐδὲ
358 2583 587 2647 τούτους
628 2581 821 2647 ἅπλῶς
869 2584 964 2636 καὶ
1021 2582 1096 2644 ὡς
1159 2582 1372 2652 ετυχεν,
1428 2579 1545 2634 ἀλλ’
1597 2579 1674 2643 ῶς
1719 2578 1788 2632 ἂν

225 2675 342 2744 ἡμῖν
375 2675 594 2747 ῥηθείη,
658 2675 846 2739 πόνοις
906 2674 1173 2746 πρότερον
1234 2674 1464 2746 μακροῖς
1503 2673 1597 2727 καί
1651 2674 1788 2726 πᾶσι

226 2770 324 2834 τοῖς
357 2769 665 2838 ἀρέσκουσι
691 2769 830 2841 πρὸς
853 2770 956 2842 τὴν
987 2769 1088 2840 τῆς
1104 2770 1282 2840 ἀρχῆς
1313 2768 1526 2838 κλοπὴν
1548 2769 1644 2828 καὶ
1692 2782 1791 2819 πε-

229 2861 506 2931 ριποίησιν.

289 2953 422 3017 Τοὺς
456 2949 554 3008 οὖν
610 2950 791 3016 οὕτως
821 2951 1300 3022 ἐπισωρευθέντας
1347 2952 1564 3014 ἑαυτοῖς
1606 2949 1790 3004 διδασ-

229 3040 429 3107 κάλους,
455 3042 569 3096 τῶν
599 3041 882 3114 τροπαίων
916 3040 1318 3111 διηνυσμένων,
1347 3041 1429 3104 είς
1458 3039 1788 3110 Ἐκκλησίαν

231 3138 685 3206 καταστήσαντες,
745 3133 844 3189 καὶ
893 3134 1103 3203 ταύτην
1133 3132 1229 3187 τοῦ
1283 3131 1420 3186 Θεοῦ
1487 3132 1789 3202 ὀνομάσαν-

229 3242 328 3290 τες,
378 3230 588 3290 πάντας
622 3225 945 3281 ἐλαύνουσιν
999 3227 1093 3278 ἐπὶ
1151 3225 1253 3296 τὴν
1303 3225 1622 3294 θρησκείαν·
1659 3242 1678 3277 ι
1722 3225 1789 3277 Ἦ

1888 2311 2178 2377 tinebunt,
2231 2308 2325 2365 sed
2362 2308 2662 2363 secundum
2687 2307 2956 2362 desideria
3005 2321 3102 2362 sua
3163 2319 3459 2361 coacerva-

1887 2404 2023 2458 bunt
2051 2402 2154 2457 sibi
2190 2395 2503 2473 magistros,
2538 2400 2740 2471 quibus
2771 2415 2933 2454 aures
2982 2400 3251 2469 pruriant.
3318 2397 3382 2453 Et
3428 2413 3460 2450 a

1887 2496 2118 2549 veritate
2143 2493 2362 2564 quidem
2394 2492 2642 2547 auditum
2685 2499 2953 2555 averterit,
3002 2495 3067 2544 ad
3097 2491 3309 2546 fabulas
3365 2505 3463 2544 an-

1889 2597 1996 2644 tem
2046 2585 2517 2642 convertentur”.
2553 2603 2571 2636 ι
2605 2583 2789 2654 Neque
2821 2584 2921 2637 bos
2956 2581 3154 2652 quovis
3192 2583 3356 2638 modo
3399 2597 3464 2636 ac

1888 2689 2112 2742 temere,
2141 2677 2260 2742 sed.
2280 2684 2341 2732 ut
2371 2678 2494 2746 quis
2522 2675 2691 2740 dicat,
2725 2673 2790 2729 ad
2839 2673 3214 2744 principatum
3275 2672 3462 2727 furtim

1888 2772 2253 2830 invadendum
2279 2784 2516 2838 eumque
2546 2768 2872 2839 parandum,
2903 2765 3077 2833 longis
3107 2763 3258 2834 prius
3309 2765 3465 2820 labo-

1890 2863 2067 2926 ribus,
2095 2877 2162 2917 ac
2188 2859 2403 2916 cunctis
2442 2874 2564 2929 qua:
2589 2857 2862 2924 placeant,
2887 2856 3220 2912 instructos.
3357 2925 3360 2928 l

1960 2954 2063 3010 Eos
2085 2955 2251 3024 igitur
2283 2966 2426 3021 quos
2453 2950 2554 3006 sibi
2589 2949 2884 3018 magistros
2914 2947 2988 3002 ita
3013 2954 3462 3006 coacervassent,

1890 3044 2126 3116 peractis
2157 3042 2399 3114 tropmis,
2446 3040 2500 3094 in
2532 3038 2775 3095 Ecclesia
2827 3039 3251 3103 constituentes.
3299 3056 3462 3110 quam

1892 3136 1986 3192 Dei
2018 3142 2438 3205 nuncupassent,
2491 3145 2685 3187 omnes
2714 3131 2782 3184 ad
2807 3131 3015 3184 cultum
3037 3145 3099 3183 ac
3135 3127 3458 3195 religionem

1891 3236 2117 3299 cogunt.
2150 3227 2222 3281 ita
2262 3225 2566 3280 clamantes
2593 3236 2659 3278 ac
2689 3223 2969 3279 edicentes
2996 3238 3010 3275 :
3052 3217 3208 3272 «Haec
3233 3225 3376 3270 tenet
3400 3229 3466 3269 ac

242 3319 519 3387 Ἐκκλησία
580 3318 762 3373 ταῦτα
835 3318 1152 3390 πρεσϐεύει.
1189 3337 1208 3371 ι
1292 3317 1648 3388 κεκραγότες.
1710 3317 1787 3368 Δι’

1903 3320 2044 3376 locet
2095 3315 2388 3372 Ecclesia.»
2439 3311 2808 3380 Quamobrem
2838 3326 2942 3367 nos
2993 3323 3211 3378 quoque
3252 3307 3466 3361 huncce

237 3409 370 3480 άπερ
399 3411 492 3464 καὶ
521 3412 692 3481 ἡμεῖς
708 3410 800 3463 τὸν
820 3411 1068 3481 παρόντα
1115 3407 1574 3479 συνεστησάμεθα
1610 3407 1790 3476 λόγον,

236 3503 596 3572 παριστῶντες
618 3502 693 3556 τά
708 3503 809 3573 τῆς
839 3501 1175 3573 Ἐκκλησίας
1201 3501 1406 3568 ταύτης
1437 3501 1585 3560 ὅπως
1629 3497 1795 3570 προέ-

235 3595 315 3664 ση,
345 3599 436 3650 καὶ
471 3597 548 3660 ὡς
577 3597 642 3650 ού
672 3597 921 3664 δικαίως,
942 3597 1054 3650 οὐδ’
1079 3597 1243 3660 όσίως
1311 3595 1390 3666 τῷ
1439 3596 1794 3666 προσρήματι

237 3689 394 3758 τούτῳ
420 3689 668 3756 λέγεται.

297 3781 586 3852 Προσέχειν
624 3782 676 3836 δ’
702 3780 878 3846 ἀξιον,
909 3781 984 3845 ὡς
1011 3781 1074 3835 οὗ
1135 3781 1278 3834 κατὰ
1326 3779 1548 3834 πάντων
1583 3779 1717 3849 ἡμῖν
1766 3779 1796 3832 ό

237 3870 377 3939 λόγος
399 3874 680 3945 προῆκται
731 3873 842 3928 τῶν
896 3873 993 3927 νῦν
1041 3873 1250 3944 ταύτην
1299 3870 1792 3942 συμπληρούντων,

238 3961 357 4015 ἀλλά
389 3965 512 4032 περὶ
546 3964 732 4033 μόνων
759 3963 969 4016 τούτων
1011 3961 1218 4032 ταύτην
1247 3961 1350 4032 τὴν
1385 3960 1562 4032 ἀρχὴν
1596 3977 1797 4029 συστη-

242 4055 489 4124 σαμένων,
556 4055 956 4126 εὐαριθμήτων
997 4055 1160 4107 τινῶν
1220 4054 1412 4119 όντων,
1467 4054 1562 4106 καὶ
1608 4052 1796 4122 σχεδὸν

241 4145 402 4200 αὐτῶν
436 4147 547 4201 τῶν
601 4149 740 4216 ἡμῖν
806 4147 900 4200 ἐπὶ
952 4147 1234 4218 μαρτυρίᾳ
1281 4147 1793 4217 μνημονευομένων.

241 4236 362 4291 Οὔτε
388 4240 490 4310 γὰρ
517 4239 654 4312 περὶ
678 4239 784 4292 τῶν
818 4239 909 4292 τὸν
941 4238 1177 4310 ἀριθμὸν
1206 4238 1367 4308 μόνον
1405 4237 1796 4309 συμπληρούν·
1841 4293 1850 4310 ,

242 4343 336 4380 των
361 4331 569 4401 ἀνάγκη
631 4329 836 4400 λέγειν,
892 4330 1017 4385 οὔτε
1073 4331 1218 4395 τινος
1254 4331 1364 4384 τῶν
1413 4332 1470 4384 ὲν
1521 4331 1795 4400 ἀξιώμασι

244 4417 658 4491 διαπρεπόντων,
687 4423 786 4476 τοῦ
819 4421 1015 4492 καιροῦ
1047 4423 1210 4476 τοῦτο
1243 4423 1339 4476 καὶ
1371 4423 1474 4493 τῆς
1507 4421 1796 4493 συνηθείας

245 4517 779 4582 καταναγκάσαντος·
826 4513 950 4568 οὔτε
1008 4515 1114 4584 μὴν
1152 4513 1262 4569 τῶν
1321 4513 1628 4584 δημοτικῶν
1703 4515 1798 4569 ἀν-

1897 3418 2186 3466 tractatuun
2214 3406 2426 3462 idcirco
2446 3405 2881 3475 composuimus,
2903 3411 2964 3457 ut
2979 3400 3119 3455 banc
3143 3396 3466 3459 Ecclesiant,

1896 3517 2003 3574 qua
2060 3498 2392 3572 provexerit,
2439 3497 2656 3553 ratione
2713 3495 3098 3555 ostendamus,
3169 3504 3273 3545 nec
3321 3489 3472 3557 justo

1895 3605 2189 3663 sancteque
2213 3608 2332 3648 eam
2371 3591 2476 3649 sibi
2507 3590 2786 3645 vindicare
2830 3585 3276 3658 appellationem,
3310 3595 3471 3638 mon-

1896 3699 2157 3744 stremus.

1968 3779 2024 3834 ltl
2059 3794 2193 3834 vero
2239 3777 2602 3832 observemus
2635 3787 2818 3845 operte
2852 3765 3090 3842 pretium
3123 3775 3234 3829 est,
3268 3782 3373 3820 non
3414 3765 3473 3821 itt

1896 3885 2089 3926 omnes
2114 3868 2205 3941 qui
2239 3883 2358 3922 eam
2393 3881 2536 3921 nunc
2565 3865 2864 3934 complent,
2897 3877 2998 3916 nos
3038 3874 3351 3916 sermonem
3391 3858 3475 3911 in-

1899 3962 2144 4025 tendere,
2193 3958 2289 4015 sed
2331 3960 2398 4014 de
2428 3957 2534 4013 illis
2567 3956 2832 4011 duntaxat
2887 3953 3062 4024 loqui.
3122 3950 3217 4020 qui
3264 3951 3475 4004 huncce

1897 4052 2264 4123 principatum
2295 4049 2741 4104 constituerunt:
2772 4044 2929 4114 pauci
2955 4043 3167 4098 scilicet
3198 4039 3479 4103 homines,

1897 4159 1961 4199 ac
1998 4142 2178 4198 il'lere
2209 4143 2303 4210 qui
2339 4140 2500 4195 nobis
2535 4139 2678 4194 inter
2729 4137 3044 4193 testimonia
3077 4143 3474 4188 memorantur.

1896 4233 2082 4305 Neque
2109 4234 2254 4288 enim
2274 4247 2410 4303 opus
2439 4240 2598 4286 estut
2622 4232 2690 4285 de
2711 4229 2818 4283 illis
2849 4228 3117 4291 dicamus,
3153 4225 3247 4294 qui
3297 4223 3479 4278 solum

1897 4341 2187 4384 numerum
2246 4324 2540 4393 complent,
2580 4336 2681 4377 nec
2728 4335 2860 4376 vero
2895 4318 2963 4373 de
2994 4318 3121 4373 ullis
3153 4330 3342 4370 eorum
3382 4314 3482 4383 qui

1900 4415 2310 4489 magistratibus
2335 4414 2558 4482 fulgent,
2580 4427 2704 4468 cum
2725 4419 2780 4466 et
2799 4421 3039 4477 tempus,
3061 4415 3116 4460 et
3138 4401 3487 4462 consuetudo

1899 4509 1973 4563 ita
1999 4515 2195 4576 c0gant
2235 4520 2301 4560 ac
2347 4519 2522 4574 neque
2574 4503 2644 4557 de
2677 4499 3038 4572 popularibus
3095 4496 3351 4566 vulgique
3385 4494 3484 4548 bo-

246 4599 388 4671 δρῶν,
407 4603 564 4674 ἔργον
593 4610 690 4660 τὶν
726 4604 863 4674 βίον,
885 4608 980 4660 καὶ
1011 4605 1070 4658 οὐ
1096 4605 1196 4676 τὴν
1219 4604 1329 4658 τῶν
1351 4606 1639 4676 δογμάτων
1665 4606 1796 4677 πρό-

1903 4601 2166 4663 tninibus,
2217 4597 2421 4667 quibus
2467 4611 2631 4666 opus,
2670 4595 2780 4649 vita
2833 4601 2962 4656 est;
3007 4604 3118 4646 non
3161 4589 3480 4659 dogmatum

247 4706 375 4745 νοιαν
401 4697 763 4766 ποιουμένων.

317 4786 397 4850 Ὦς
420 4787 484 4842 ἂν
515 4789 572 4843 δὲ
599 4789 869 4860 πρότερον
893 4788 986 4842 τδν
1016 4788 1117 4858 τῆς
1149 4788 1484 4859 Ἐκκλησίας
1528 4789 1624 4842 τοῦ
1657 4788 1794 4842 Θεοῦ

253 4877 448 4948 γνῶμεν
487 4882 636 4950 ὅρον,
675 4881 840 4950 ’Δγία
884 4880 978 4934 τοῦ
1012 4880 1147 4934 Θεοῦ
1175 4881 1478 4959 Ἐκκλησία
1504 4884 1623 4936 ἐστὶ
1655 4882 1798 4937 κατά

255 4967 311 5022 τὰ
352 4971 722 5044 θεοπαράδοτα
761 4976 919 5041 λόγια
961 4974 1183 5040 σύναξις
1246 4976 1369 5044 ίερὰ
1421 4975 1481 5028 ού
1530 4976 1689 5046 μόνον
1733 4978 1799 5029 ὲκ

254 5059 494 5118 πλειόνων
529 5069 626 5118 καὶ
657 5065 950 5136 μακαρίων
997 5066 1233 5137 ἀνδρῶν,
1268 5066 1403 5119 ἀλλὰ
1426 5067 1521 5120 καὶ
1555 5066 1616 5130 ἐξ
1635 5067 1796 5120 ἐλατ-

255 5155 542 5221 τόνων,ὲπὶ
573 5160 650 5230 τῷ
702 5159 927 5230 ὀνόματι
989 5160 1084 5212 τοῦ
1139 5159 1400 5230 ἀληθινοῦ
1464 5160 1643 5229 φωτὸς
1712 5157 1806 5212 τοῦ

258 5250 565 5316 φωτίζοντος
655 5255 834 5307 πάντα
892 5251 1181 5322 ἄνθρωπον
1241 5253 1535 5322 ἐρχόμενον
1585 5252 1665 5316 είς
1712 5252 1805 5305 τὸν

261 5340 445 5410 κόσμον
486 5344 840 5398 συνελθοῦσα.
911 5345 970 5398 '0
1004 5344 1113 5415 γὰρ
1163 5344 1304 5414 ίερδς
1339 5344 1510 5414 ἔφησέ
1551 5361 1652 5396 που
1714 5343 1803 5395 λό-

263 5447 366 5497 ἵεις,
417 5455 433 5486 ι
467 5436 778 5508 Ὀπουυείσὶ
821 5437 915 5490 δύο
975 5437 1010 5509 ἢ
1057 5439 1208 5507 τρεῖς
1257 5438 1589 5506 συνηγμένοι
1619 5438 1698 5499 είς
1745 5434 1807 5488 τὸ

263 5519 376 5590 ὲμδν
398 5526 586 5598 ὄνομα,
613 5531 732 5583 ἐκεῖ
758 5531 875 5600 είμι
909 5530 967 5582 ὲν
1003 5529 1156 5599 μέσῳ
1184 5527 1387 5584 αὐτῶν.
1423 5547 1442 5580 ι

328 5616 435 5670 Ἔτι
493 5620 648 5689 Ἀγία
702 5620 798 5676 τοῦ
848 5621 984 5676 Θεοῦ
1032 5623 1182 5674 ἐστιν
1270 5621 1564 5691 Ἐκκλησία
1619 5620 1804 5682 θίασος

271 5702 724 5785 ἱερὸς,σχοίνισμα
772 5713 1138 5786 κληρονομίας
1207 5712 1468 5785 Χριστοῦ·
1531 5712 1809 5765 Βασίλειον

274 5793 562 5868 ἱεράτευμα,
585 5804 711 5870 λαὸς
743 5805 1056 5877 περιούσιος
1081 5804 1240 5868 Θεου,
1272 5805 1365 5857 ἐπὶ
1393 5809 1458 5875 τῇ
1497 5805 1673 5875 πέτρᾳ
1696 5804 1806 5856 τῶν

1814 4665 1872 4720 τ’
1900 4707 2032 4748 cura
2064 4705 2127 4744 ac
2151 4665 2460 4760 diligentia.

1977 4784 2047 4839 Ut
2081 4793 2259 4837 autem
2299 4781 2449 4850 prius
2485 4778 2746 4834 Ecclesiae
2776 4775 2869 4832 Dei
2907 4777 3178 4830 rationem
3210 4773 3478 4831 sciamus.

1901 4885 2088 4932 sancta
2136 4873 2230 4926 Dei
2273 4871 2514 4927 Ecclesia
2572 4877 2677 4932 est,
2721 4869 2876 4937 juxta
2906 4869 3164 4922 divinitus
3194 4864 3389 4919 tradita
3426 4873 3481 4917 et

1903 4968 2206 5022 aPatribus
2245 4973 2464 5034 accepta
2504 4963 2934 5030 eloquia,sacra
2971 4958 3341 5028 congregatio,
3384 4970 3482 5009 ne-

1904 5061 2033 5116 dum
2064 5075 2129 5113 ex
2163 5057 2416 5127 pluribus
2441 5071 2504 5110 ac
2535 5055 2712 5110 beatis
2740 5054 2872 5108 viris
2901 5066 3261 5120 consurgens,
3287 5047 3380 5103 sed
3410 5062 3479 5100 ex

1905 5155 1974 5209 iis
1997 5153 2185 5215 etiam,
2217 5150 2312 5220 qui
2340 5150 2582 5204 minores
2607 5159 2758 5210 sunt,
2811 5147 2867 5200 in
2910 5145 3136 5198 nomine
3162 5143 3272 5196 veri
3310 5141 3480 5195 lumi-

1905 5244 2012 5304 nis,
2043 5242 2186 5312 quod
2225 5240 2500 5295 illuminat
2526 5254 2745 5293 omnem
2781 5238 3057 5291 hominem
3091 5234 3398 5288 venientem
3424 5230 3480 5284 in

1906 5335 2167 5389 tnnndum
2198 5333 2242 5364 ³⁸
2273 5349 2289 5398 ;
2356 5332 2496 5386 dixit
2557 5331 2702 5385 enim
2742 5327 2980 5399 quodam
3018 5327 3142 5380 loco
3195 5321 3478 5377 Verbum:

1909 5429 2044 5484 ιυὺί
2075 5436 2206 5482 sunt
2239 5428 2347 5480 dno
2380 5425 2462 5479 vel
2512 5434 2621 5478 tres
2647 5419 2964 5490 congregati
2995 5419 3048 5472 in
3075 5415 3297 5472 nomine
3333 5427 3478 5476 meo,

1908 5521 1982 5576 ibi
2008 5534 2129 5574 sum
2162 5518 2213 5572 in
2247 5518 2426 5572 medio
2454 5530 2644 5569 eorum
2671 5513 2770 5570 ⁵ο.»

1909 5617 1951 5678 ,1-
1983 5611 2248 5666 l’rzeterea
2269 5619 2454 5664 sancta
2476 5607 2568 5660 Dei
2594 5603 2834 5659 Ecclesia
2860 5609 2964 5664 est,
2986 5613 3140 5656 sacer
3160 5604 3480 5660 conventus,

1914 5705 2194 5762 funiculus
2222 5703 2554 5760 basreditatis
2572 5699 2776 5755 Christi
2798 5696 2868 5760 “,
2889 5694 3070 5766 regale
3091 5688 3481 5752 sacerdmium,

1911 5799 2143 5870 populus
2162 5795 2542 5868 acquisitionis
2568 5793 2662 5848 Dei
2693 5791 2760 5856 ",
2785 5790 2838 5844 in
2868 5797 3020 5860 petra
3048 5781 3486 5857 apostolicarunt

336 5973 432 6033 "ll
459 5980 590 6038 Tim.
619 6001 688 6053 tv,
721 5987 772 6040 3.
850 5986 893 6017 "
919 5981 1072 6039 Joan.
1112 5999 1151 6050 ι,
1184 5983 1238 6038 9.
1317 5983 1361 6015 ⁸⁰
1385 5981 1576 6038 .‘lattlt.
1617 5996 1775 6049 xvnt,
1806 5979 1897 6035 ‘20.
1973 5978 2013 6012 ⁶¹
2038 5979 2192 6034 Deut.
2229 5990 2407 6043 xxxn,
2440 5974 2493 6030 9.
2571 5969 2828 6027 "lPetr.
2851 5984 2912 6036 tt,
2937 5969 2992 6023 9.
