3892 6600
357 555 469 619 703

1521 551 1844 614 JOANNIS
1881 549 2446 613 CYPARlSSlOT/E

3489 505 3587 608 an

351 676 814 741 paternarumque
871 667 1229 724 traditionum
1298 665 1523 722 fundata
1549 665 1594 698 “
1625 682 1640 732 ;
1672 664 1920 732 nihilque

2047 663 2406 716 ἱποστολικῶν
2435 666 2531 718 καὶ
2561 664 2840 732 πατρικῶν
2893 661 3242 733 παραδόσεων
3274 652 3586 730 τεθεμελιω·

353 762 611 816 novitatis
661 761 974 825 admittens,
1011 761 1076 815 ad
1109 760 1399 817 evertenda
1445 770 1565 827 qua:
1589 772 1620 811 a
1656 753 1924 826 principio

353 853 594 920 suscepit
623 852 904 923 dogmata.
929 851 1008 907 Ac
1029 853 1224 922 partim
1249 850 1414 914 cavit,
1454 858 1749 917 monetque
1780 847 1926 902 salu-

356 943 490 996 taris
513 941 738 998 Sermo:
768 960 786 994 ι
815 940 1087 997 Docentes
1115 957 1263 1005 eos,»
1291 940 1491 1008 inquit,
1521 951 1773 992 «servare
1799 950 1926 991 om-

355 1034 470 1098 nia,
503 1047 839 1104 quaecunque
861 1033 1112 1088 mandavi
1141 1032 1300 1088 vobis
1327 1032 1396 1097 “,
1433 1051 1453 1084 ι
1483 1030 1683 1101 partim
1707 1029 1926 1084 divinus

355 1125 686 1192 Apostolus:
746 1125 1042 1181 «Profaoas
1066 1140 1264 1181 vocum
1317 1123 1583 1178 novitates
1613 1121 1791 1176 devita
1819 1122 1918 1173 ι’.»

356 1222 436 1270 Ac
469 1230 660 1271 rursus
691 1233 707 1271 :
749 1215 895 1270 «Etsi
926 1215 1240 1286 angelusjde
1272 1215 1414 1270 coelo
1445 1211 1925 1282 evangelizaverit,

356 1315 720 1376 praeterquam
739 1307 886 1378 quod
910 1307 1462 1378 accepistis,etsiego
1512 1305 1738 1374 Paulus,
1783 1307 1930 1358 Ans-

360 1398 542 1452 thenta
575 1399 647 1452 sit
675 1398 774 1459 ⁸⁸.»

427 1488 511 1542 Ad
545 1491 681 1552 haec,
715 1497 906 1544 sancta
947 1489 1044 1545 Dei
1075 1489 1318 1544 Ecclesia
1350 1498 1456 1555 est,
1493 1487 1798 1543 divinarum
1827 1487 1931 1540 hn-

361 1594 756 1649 manarumque
809 1595 992 1636 rerum
1024 1581 1284 1650 magistra
1312 1596 1327 1644 ;
1359 1588 1433 1640 et,
1472 1589 1531 1634 Ill
1565 1588 1755 1633 auctor
1813 1592 1930 1630 ma-

361 1685 503 1740 gnus
523 1671 816 1739 Apostolus
839 1680 952 1726 est:
994 1671 1307 1739 «Captivam
1339 1672 1391 1723 in
1420 1670 1699 1724 Christum
1723 1667 1931 1722 ducens

366 1777 585 1815 omnem
622 1763 1011 1830 cogitationem
1051 1763 1151 1825 ⁸⁷.»
1188 1763 1242 1816 in
1277 1777 1598 1816 communes
1623 1761 1830 1816 scilicet
1861 1760 1930 1814 de

2033 755 2192 824 μὲν-η,
2228 755 2321 808 καὶ
2357 755 2946 825 μηδέντικαινοφανὲς
2998 753 3085 806 ἐπ’
3137 751 3424 822 ἀναιρέσει
3489 739 3614 807 τῶν

2029 846 2264 916 ἐξαρχῆς
2323 847 2742 915 παραδεχομένη
2791 845 3102 914 δογμάτων.
3141 844 3218 896 Τὸ
3279 843 3378 912 μὲν
3419 843 3524 914 γὰρ
3567 848 3594 899 δ

2029 941 2297 1008 σωτήριος
2330 939 2786 1009 προησφαλίσατο
2813 938 3008 1004 Λόγος,
3046 955 3064 986 ι
3104 934 3466 998 Διδάσκοντες
3501 935 3595 990 αὖ-

2026 1030 2175 1094 τοὺς,
2217 1049 2236 1083 ι
2299 1033 2454 1101 φησὶ,
2523 1049 2541 1081 ι
2581 1032 2771 1102 τηρεῖν
2833 1031 3032 1093 πάντα,
3087 1028 3186 1081 ὅσα
3249 1027 3595 1095 ἐνετειλάμην

2029 1124 2194 1192 ὑμῖν·
2230 1141 2247 1173 ι
2293 1123 2356 1174 τὸ
2385 1122 2479 1175 δ’ὁ
2527 1123 2664 1184 θεῖος
2706 1122 3047 1185 Ἀπὸστολος,
3104 1138 3122 1171 ι
3169 1117 3289 1180 Τὰς
3351 1116 3598 1185 βεόήλους

2029 1215 2398 1280 καινοφωνίας
2445 1214 2784 1282 περιίστασο.
2827 1233 2846 1264 ι
2909 1214 3018 1267 Καὶ
3063 1211 3249 1269 πάλιν,
3295 1227 3314 1260 ι
3362 1209 3483 1262 Κᾶν
3510 1208 3600 1279 ἄγ-

2029 1305 2188 1370 γελος
2227 1305 2286 1369 ἐξ
2313 1305 2542 1374 ούρανοῦ
2571 1305 2997 1375 εὐαγγελίσηται
3031 1302 3162 1372 παρ’
3184 1303 3212 1354 ὃ
3242 1299 3594 1371 παρελάὸετε,
3627 1297 3630 1300 ’

2030 1396 2134 1449 κᾶν
2169 1396 2278 1462 ἐγὼ
2307 1394 2540 1457 Παῦλος.
2573 1395 2820 1463 ἀνάθεμα
2849 1394 3012 1448 ἔστω.
3051 1411 3070 1444 ι

2103 1488 2222 1540 Ἔτι
2259 1488 2414 1554 Ἀγίι
2464 1487 2559 1540 τοῦ
2612 1487 2748 1540 Θεοῦ
2772 1489 2920 1538 ἐστιν
2957 1486 3256 1554 Ἐκκλησία
3291 1483 3602 1546 διδάσκαλος

2031 1577 2191 1631 θείων
2220 1579 2311 1630 καὶ
2343 1578 2699 1646 ἀνθρωπίνων
2732 1576 3114 1645 πραγμάτιον·
3173 1577 3270 1628 καὶ
3322 1574 3464 1626 κατὰ
3517 1573 3600 1623 τὸν
3704 1593 3708 1597 ~

2034 1670 2133 1736 μὲν
2177 1669 2521 1734 Ἀπύστολον,
2563 1689 2580 1719 ι
2619 1667 3100 1736 αἰχμαλωτίζουσα
3143 1669 3255 1719 πᾶν
3305 1665 3487 1733 νόημα
3529 1663 3623 1746 είς⁴

2030 1763 2267 1830 Χριστόν
2288 1777 2301 1790 ·
2337 1781 2356 1812 ι
2393 1762 2639 1814 τουτέστι
2670 1763 2804 1832 πρὸς
2826 1762 2922 1824 τὰς
2969 1763 3153 1816 κοινὰς
3184 1761 3317 1829 περὶ
3367 1757 3498 1810 Θεοῦ
3525 1759 3604 1809 ὲν-

367 1853 476 1908 Deo
504 1854 742 1912 rationes
768 1872 782 1908 :
811 1864 971 1924 atque
1000 1870 1064 1910 ex
1097 1854 1302 1918 illis,ut
1332 1855 1408 1908 ait
1433 1855 1647 1908 divinus
1673 1852 1924 1920 Basilius,

2047 1851 2186 1914 vola;
2212 1869 2224 1883 ·
2260 1853 2369 1904 κάκ
2390 1850 2622 1914 τούτων,
2653 1851 2728 1912 ὡς
2752 1853 2780 1902 ὁ
2808 1850 2951 1911 θεῖος
2979 1852 3112 1920 φησί
3142 1851 3450 1910 Βασίλειος,
3509 1847 3599 1914 ἁρ-

369 1957 586 2008 onmem
639 1944 1000 2012 quaestionum
1035 1942 1242 1998 ducens
1277 1943 1565 2011 originem,
1601 1957 1772 2011 eoque
1811 1959 1930 1995 rur-

368 2051 462 2090 sus
494 2035 696 2091 rel'erre
726 2035 976 2090 Studens.
1005 2033 1158 2100 Quod
1191 2036 1235 2091 si
1267 2036 1497 2090 verbum
1528 2035 1744 2103 aliquod
1784 2035 1930 2089 Scri-

368 2138 538 2198 ptura:
569 2128 845 2192 inciderit,
889 2129 968 2182 uti
1002 2141 1190 2183 sancta
1243 2144 1305 2183 ac
1335 2129 1658 2183 universalis
1691 2127 1929 2198 synodus

364 2220 822 2275 Chalcedonensis
867 2221 1079 2285 statuit,
1113 2237 1218 2275 non
1251 2201 1731 2291 aliter’exponens,
1763 2234 1930 2289 quam

369 2311 617 2368 Ecclesiae
646 2313 852 2367 lumina
890 2326 954 2366 ac
995 2312 1243 2380 magistri
1276 2313 1431 2365 libris
1465 2313 1579 2365 suis
1610 2326 1673 2363 ac
1706 2308 1930 2377 scriptis

363 2413 769 2471 exposuerunt:
807 2405 861 2457 in
889 2403 1037 2457 nullo
1077 2403 1338 2456 terminos
1383 2403 1492 2471 jam
1521 2403 1728 2471 positos
1749 2410 1933 2456 trans-

364 2498 636 2565 gredirns,
693 2506 788 2551 aut
811 2512 840 2551 a
866 2497 1117 2551 Pati-ibus
1146 2506 1422 2564 acoeptam
1451 2494 1826 2549 traditionem.

435 2669 737 2736 Postremo,
775 2679 965 2724 sancta
997 2668 1090 2723 Dei
1143 2668 1384 2726 Ecclesia
1409 2679 1513 2735 est,
1576 2670 1779 2726 Christi
1808 2685 1935 2726 coro

366 2763 514 2832 poris
563 2763 936 2818 membrorum
998 2763 1306 2833 integritas,
1366 2764 1432 2816 ad
1476 2778 1643 2818 unum
1704 2764 1973 2820 reducta-

367 2865 551 2926 caput,
594 2857 749 2925 juxta
773 2859 915 2923 quod
933 2857 1136 2911 dictum
1173 2870 1204 2910 a
1246 2854 1475 2910 Domino
1535 2865 1660 2912 est:
1694 2857 1788 2911 «Et
1829 2858 1938 2910 erit

316 2950 321 2954 ’
367 2963 536 3001 unum
573 2947 734 3008 ovile.
762 2963 902 3002 unus
924 2957 1106 3018 pastor
1133 2947 1254 3004 “.i.

435 3037 632 3093 Comes
663 3052 790 3091 vero
816 3037 1125 3092 necessario
1149 3047 1255 3102 est,
1284 3038 1362 3094 sic
1387 3038 1616 3107 pulchre
1633 3052 1699 3092 ex
1735 3036 1940 3092 dirinis

366 3131 600 3200 eloquiis
645 3128 882 3185 deﬁnita
933 3139 1136 3186 sanctae
1194 3131 1288 3187 Dei
1355 3132 1632 3199 Ecclesiae,
1695 3130 1938 3190 «fructus

2031 1941 2236 2010 χυμένη
2278 1942 2455 1992 πάντα
2488 1940 2690 2010 ζητεῖν,
2723 1942 2978 2010 καὶπρὸς
3009 1941 3179 2001 αὐτὰς
3211 1939 3378 1990 πάλιν
3406 1938 3601 1989 amm-

2031 2033 2223 2102 θιστᾷν
2269 2034 2567 2102 πειρᾶται·
2605 2032 2708 2086 κᾶν
2765 2033 3036 2103 γραφικδν
3090 2033 3314 2102 ἐμπέσῃ
3360 2049 3410 2082 τι
3439 2031 3599 2101 ῥῆμα,

2031 2123 2106 2185 ὡς
2136 2125 2167 2191 ή
2200 2126 2256 2175 ὲν
2287 2125 2588 2188 Χαλκηδόνι
2625 2126 2756 2194 ἁγία
2788 2127 2880 2180 καὶ
2913 2126 3277 2195 οἰκουμενικὴ
3322 2124 3600 2193 διωρίσττο

2035 2212 2273 2276 σύνοδος,
2314 2214 2388 2284 μὴ
2418 2215 2596 2278 άλλως
2632 2215 3014 2285 ἐρμηνεύουσα
3038 2215 3220 2280 τοῦτο,
3253 2215 3286 2284 ἢ
3335 2213 3411 2271 ὡς
3439 2215 3486 2265 οἱ
3510 2213 3602 2279 τῆς

2049 2304 2372 2374 Ἐκκλησίας
2394 2307 2682 2378 φωστῆρες
2728 2309 2823 2360 καὶ
2887 2307 3204 2360 διδάσκαλοι
3237 2307 3327 2358 διά
3388 2305 3494 2357 τῶν
3534 2304 3608 2356 oi-

2035 2396 2199 2449 κείων
2238 2399 2689 2469 συγγραμμάτων
2721 2399 3054 2466 παρέθεντο’
3091 2399 3146 2450 ἐν
3199 2398 3382 2451 οὐδενὶ
3435 2413 3606 2464 παρα·-

2035 2487 2300 2541 6αίνουσα
2331 2489 2454 2552 τοὺς
2487 2490 2586 2560 ἤδη
2621 2488 2874 2552 τεθέντας
2900 2489 3082 2560 ὅρους,
3139 2487 3174 2558 ἢ
3229 2487 3331 2558 τὴν
3396 2489 3459 2538 ἐκ
3501 2486 3602 2539 τῶν

2038 2580 2182 2634 Πατέ
2190 2596 2298 2650 ρων
2329 2580 2628 2650 παράδοσιν

2110 2674 2256 2737 Ἔτι,
2299 2673 2458 2738 Ἀγία
2489 2671 2582 2724 τοῦ
2613 2673 2751 2726 Θεοῦ
2810 2673 2959 2725 ἐστιν
2994 2669 3302 2741 Ἐκκλησία
3362 2669 3602 2739 σώματος

2035 2765 2321 2834 ὁλομέλεια
2341 2765 2432 2817 τοῦ
2452 2763 2712 2834 Χριστοῦ,
2730 2765 2821 2816 ἐπὶ
2851 2764 2981 2833 μίαν
3003 2762 3322 2832 ἀναγομένη
3353 2759 3603 2830 κεφαλὴν,

2035 2858 2182 2910 κατὰ
2199 2839 2259 2910 τὸ
2288 2858 2581 2927 εἰρημένον
2609 2857 2712 2909 ὑπὸ
2739 2857 2831 2908 τοῦ
2865 2855 3096 2927 Κυρίου,
3121 2875 3139 2908 ι
3177 2857 3295 2911 Καὶ
3326 2854 3604 2924 γενήσεται

2040 2951 2136 3019 μία
2166 2949 2387 3020 ποίμνη,
2420 2945 2502 3012 εἷς
2534 2951 2758 3018 ποιμήν.
2796 2967 2814 3001 ι

2109 3041 2343 3096 Ἐπεται
2371 3041 2428 3093 δὲ
2456 3041 2517 3105 ἐξ
2551 3041 2799 3109 ἀνάγκης
2852 3043 2924 3110 τῇ,
2970 3038 3152 3102 καλῶς
3190 3039 3260 3093 ἐκ
3299 3037 3407 3090 τῶν
3434 3036 3606 3104 θεουρ-

2039 3131 2152 3200 γῶν
2175 3131 2462 3202 ὁρισθείσῃ
2494 3131 2692 3198 λογίων
2729 3130 2864 3202 ἁγίᾳ
2897 3130 2991 3184 τοῦ
3037 3129 3176 3183 Θεοῦ
3227 3126 3519 3198 Ἐκκλησία
3578 3127 3607 3177 δ

369 3217 662 3288 Spiritus.»
687 3216 784 3272 llic
814 3233 942 3274 vero
963 3229 1047 3273 est
1071 3228 1294 3274 auctore
1313 3221 1438 3276 divo
1466 3223 1724 3290 Apostolo
1745 3242 1764 3279 :.
1787 3222 1936 3280 Cha-

2047 3224 2251 3294 καρπὸς
2273 3222 2374 3275 τοῦ
2412 3223 2750 3292 Πνεύματος.
2785 3223 2847 3275 '0
2869 3223 2925 3276 δέ
2973 3224 3114 3286 ἐστι,
3152 3221 3296 3274 κατὰ
3333 3219 3426 3271 τὸν
3475 3218 3608 3269 θεῖον

368 3311 529 3376 ritas,
578 3311 861 3380 gaudium,
897 3325 1026 3380 pax,
1076 3310 1270 3368 lenitas
1301 3311 1632 3381 benignitas,
1697 3314 1936 3379 bonitas,

369 3400 534 3465 ﬁdes,
566 3402 954 3468 mansuetudo,
1003 3403 1364 3459 continentia.
1418 3403 1702 3462 Adversus
1755 3405 1942 3462 istius-

369 3490 515 3552 modi
557 3505 666 3544 non
724 3500 810 3546 est
855 3492 938 3546 lex
970 3491 1048 3554 "°,
1088 3501 1150 3546 ut
1199 3492 1345 3556 quod
1397 3491 1674 3561 spiritales
1734 3495 1844 3551 sint
1868 3496 1937 3557 5°,

365 3583 622 3654 omnique
651 3584 769 3654 lege
790 3585 1120 3654 superiores,
1173 3594 1226 3641 et
1270 3588 1336 3642 ad
1364 3604 1504 3657 quos
1527 3589 1700 3657 magis
1735 3595 1944 3656 spectet

374 3684 432 3727 ut
464 3675 580 3744 lnge
613 3677 864 3731 sauciant
883 3693 963 3731 .ac
991 3679 1326 3748 prmcipiaot,
1358 3695 1518 3749 quam
1543 3690 1598 3735 ut
1627 3680 1805 3751 legum
1829 3679 1942 3736 dis-

369 3767 568 3836 ciplina
606 3767 834 3824 creditis
867 3767 970 3838 ipsi
1006 3769 1336 3839 dirigantur.

1001 3866 1319 3942 CAPUTIL

369 3992 511 4049 Num
539 4004 751 4074 propter
775 3997 912 4050 hunc
961 3995 1217 4074 talemmc
1248 3998 1449 4074 “illum,
1484 3999 1573 4074 qui
1605 4001 1945 4074 patriarcha:

581 4067 856 4132 exsistant,
895 4077 1081 4120 sancta
1113 4067 1207 4122 Dei
1239 4067 1471 4123 Ecclesia
1496 4067 1722 4126 dicitur.

443 4157 542 4212 His
565 4157 640 4212 ita
663 4159 980 4214 constitutis
1000 4174 1066 4214 ac
1095 4157 1400 4230 explicatis,
1421 4164 1770 4218 considerare
1785 4165 1946 4220 debet

370 4250 554 4307 omnis
612 4249 984 4314 Christianus,
1039 4267 1289 4322 quaenam
1346 4255 1592 4308 vocanda
1632 4255 1702 4310 sit
1757 4265 1946 4312 sancta

371 4343 466 4398 Dei
522 4343 784 4412 Ecclesia,
843 4361 908 4401 ac
935 4345 1158 4416 quinam
1189 4348 1281 4418 qui
1334 4348 1388 4403 in
1421 4363 1484 4403 ea
1519 4349 1795 4420 fulgeant:
1834 4368 1946 4408 non

370 4437 497 4504 quia
525 4437 794 4507 quispiam
824 4447 1044 4507 arrepto
1076 4439 1276 4494 throno
1297 4441 1414 4510 pari
1449 4455 1616 4496 sensu
1655 4442 1940 4498 hominum

371 4527 682 4582 sodalitium
737 4527 1014 4590 conﬂavit.
1053 4530 1255 4598 quibus
1315 4531 1470 4601 prius
1526 4531 1694 4601 hujus
1725 4533 1942 4591 liliusve

369 4621 646 4689 opinionis
675 4631 865 4677 auctor
886 4623 1184 4687 exstiterit,
1211 4623 1550 4693 ejuscemodl
1583 4627 1945 4685 existimanda

372 4721 562 4767 sancta
621 4713 713 4769 Dei
745 4713 1010 4770 Ecclesia.
1045 4715 1161 4771 Hoc
1209 4717 1360 4771 enim
1424 4718 1552 4772 dato
1575 4758 1590 4782 ,
1619 4733 1648 4772 a
1679 4719 1946 4792 principio

370 4806 648 4862 videretur
677 4815 732 4862 et
755 4807 1080 4864 Arianorum
1109 4810 1466 4882 congregatio
1496 4821 1687 4867 sancta
1715 4811 1808 4869 Dei
1839 4812 1944 4870 Ec-

371 4899 571 4955 clesia:
606 4901 844 4971 itemque
887 4900 1392 4969 Monothelitarum,
1441 4917 1504 4959 ac
1555 4901 1946 4962 lconomacho-

371 5005 516 5055 rom,
555 5007 677 5047 cum
711 4991 865 5047 niulti
899 4994 1092 5048 talium
1129 4995 1448 5066 diversique
1490 4997 1687 5055 Sedem
1723 5000 1946 5069 arripu-

367 5083 532 5150 erint,
563 5092 726 5153 atque
752 5083 838 5140 his
862 5085 957 5154 qui
993 5101 1140 5142 nunc
1173 5100 1540 5156 emerserunt,
1559 5090 1720 5164 longe
1755 5091 1944 5163 plures

369 5174 606 5247 synodos
635 5176 1040 5244 constituerint,
1064 5192 1395 5251 omnemque
1436 5189 1708 5237 terrarum
1759 5183 1944 5237 orbem

371 5266 602 5320 malitia:
637 5265 758 5322 labe
806 5267 1080 5337 complexi
1109 5270 1242 5334 sint,
1293 5285 1420 5325 cum
1473 5273 1632 5340 pauci
1694 5273 1942 5339 quidam,

373 5362 586 5434 ipsique
630 5365 781 5418 nullo
838 5365 1012 5434 pretio
1040 5364 1372 5423 adversariis
1407 5367 1573 5424 habiti
1619 5369 1813 5439 reliqui
1863 5386 1948 5424 es-

373 5463 515 5522 sent,
547 5453 639 5528 qui
679 5464 828 5511 recta
873 5461 1136 5528 dogmata
1192 5467 1248 5515 et
1283 5457 1653 5530 intelligerent
1709 5469 1762 5516 et
1790 5461 1948 5517 doce-

371 5556 518 5601 rent.
1521 5567 1530 5572 '

442 5722 732 5792 Praeterea,
790 5726 948 5796 juxta
977 5741 1097 5782 eam
1129 5740 1293 5797 quam
1327 5725 1756 5796 assignavimus,
1812 5745 1945 5784 san-
1994 5785 1997 5788 .

453 5904 498 5979 ἓ
522 5904 655 5979 Eph.
677 5904 972 5979 πετο-ᾖε
998 5905 1184 5979 Matth.
1219 5923 1406 5968 xxvm.
1437 5907 1530 5964 20.
1610 5908 1655 5942 “
1685 5909 1703 5965 1
1741 5907 1882 5966 Tim.
1916 5927 1986 5978 vn,
2009 5911 2097 5967 20.
2180 5911 2224 5946 ⁸⁸
2254 5911 2424 5968 Galat
2464 5931 2502 5979 ι,
2539 5915 2591 5968 8.

379 5974 421 6006 δ’
451 5973 620 6030 Galat.
659 5990 710 6042 ν,
739 5974 828 6044 2‘2,
853 5976 943 6032 23.
995 5979 1062 6046 7"
1089 5977 1108 6032 l
1137 5977 1261 6035 Cor.
1291 5993 1349 6044 ιι,
1388 5978 1472 6034 15.
1775 6009 1784 6020 ο

2057 3317 2400 3382 Ἀπόστολον,
2456 3316 2689 3386 Ἀγαπη,
2757 3315 2928 3385 χαρὰ,
2986 3315 3204 3385 εἰρήνη,
3239 3312 3605 3384 μακροθυμία,

2044 3410 2376 3480 χρηστότης,
2392 3407 2740 3477 ἀγαθωσύνη,
2767 3408 2973 3474 πίστις,
3006 3408 3275 3477 πραότης,
3301 3404 3601 3474 ἐγκράτεια.

2047 3503 2208 3556 Κατὰ
2223 3491 2332 3556 τῶν
2354 3504 2612 3557 τοιούτοιν
2628 3505 2726 3557 οὐκ
2749 3503 2865 3556 ἔστι
2887 3507 3050 3577 νόμος
3068 3520 3082 3535 ο
3104 3503 3201 3557 ἅτε
3235 3499 3610 3572 πνευματικῶν

2043 3595 2232 3656 ὄντων,
2272 3599 2365 3647 καὶ
2420 3595 2587 3665 νόμου
2649 3595 2849 3659 παντὸς
2889 3594 3474 3666 ὐπεραναδεόηκότων,
3519 3589 3607 3643 καὶ

2047 3687 2364 3756 νομοθετεῖν
2402 3689 2608 3757 μᾶλλον
2638 3688 2794 3760 ἢτοῖς
2817 3689 2880 3743 ἐκ
2909 3687 3020 3742 τῶν
3071 3692 3256 3758 νόμων
3301 3684 3605 3740 εὐθύνεσθαι

2045 3779 2520 3849 πεπιστευμένων.

2657 3895 2910 3950 ΚΕΦᾹΛ.
2939 3895 3015 3949 η’.

2041 4005 2108 4059 El
2133 4003 2230 4060 διὰ
2251 4005 2357 4059 τὸν
2389 4006 2559 4060 δεῖνα
2587 4015 2687 4062 καὶ
2720 4008 2826 4062 τὸν
2883 4005 3054 4060 δεῖνα
3104 4003 3607 4074 πατριαρχεύονω

2258 4075 2396 4146 ἁγία
2424 4077 2530 4132 τοῦ
2561 4078 2710 4132 Θεοῦ
2779 4079 3113 4144 Ἐκκλησία
3144 4076 3405 4146 λέγεται.

2121 4168 2343 4222 Τούτων
2376 4170 2782 4239 διορισθέντων,
2845 4173 3070 4223 σκοπεῖν
3128 4171 3396 4242 προσήκει
3446 4168 3608 4222 πάντα

2041 4259 2395 4329 Χριστιανὸν,
2423 4259 2544 4313 τίνα
2575 4278 2631 4314 τε
2667 4261 2748 4314 δεῖ
2780 4261 2964 4315 καλεῖν
3012 4260 3175 4330 ἁγίαν
3206 4261 3302 4316 τοῦ
3331 4259 3463 4314 Θεοῦ
3496 4261 3605 4313 Ἐκ-

2051 4350 2304 4412 κλησίαν,
2349 4353 2446 4404 καὶ
2477 4351 2698 4415 ὁποίους
2735 4352 2861 4414 τοὺς
2903 4355 2962 4406 ὲν
3015 4354 3153 4424 αὐτῇ
3185 4352 3603 4424 διαλάμποντας,

2050 4443 2146 4496 καὶ
2183 4441 2258 4513 μὴ
2285 4442 2366 4496 ὅτι
2391 4461 2473 4506 τις
2497 4443 2798 4497 ὑπελάῦετο
2836 4444 2928 4497 τοῦ
2956 4443 3148 4516 θρόνου
3173 4485 3190 4510 ,
3242 4446 3470 4517 φατρίαν
3506 4443 3602 4496 τῶν

2050 4533 2575 4604 δμογνωμονούντων
2632 4528 3065 4606 συστησάμενος,
3098 4537 3222 4590 τάδε
3252 4537 3284 4608 ἢ
3317 4537 3441 4591 τάδε
3482 4532 3602 4603 πρό-

2049 4641 2210 4696 τερον
2242 4629 2457 4695 φρονεῖν
2505 4628 2832 4690 ἀναπείσας,
2873 4629 2998 4691 τοὺς
3035 4628 3312 4694 τοιούτους
3367 4625 3498 4680 εἶναι
3524 4641 3601 4677 νο-

2054 4716 2233 4786 μίζειν
2262 4717 2423 4786 ἁγίαν
2453 4715 2547 4771 τοῦ
2594 4716 2732 4770 Θεοῦ
2782 4716 3133 4788 Ἐκκλησίαν.
3199 4719 3263 4772 Ei
3319 4717 3425 4786 γὰρ
3474 4709 3603 4766 τοῦτ’

2048 4803 2139 4879 ἦν,
2173 4807 2410 4879 ἐξαρχῆς
2433 4809 2610 4861 ἐδόκει
2649 4807 2715 4862 ἂν
2742 4808 2838 4862 καὶ
2886 4809 2921 4879 ἡ
2976 4810 3085 4862 τῶν
3131 4809 3422 4880 Ἀρειανῶν
3456 4819 3632 4878 quva--

2049 4899 2208 4970 γωγη
2243 4901 2375 4964 ἁγία
2410 4899 2505 4954 τοῦ
2527 4899 2676 4954 ,Θεοῦ
2719 4900 3039 4972 Ἐκκλησία⁸
3081 4904 3175 4955 καὶ
3238 4903 3271 4972 ὴ
3315 4900 3418 4953 τῶν
3445 4899 3601 4953 Μονο-

2051 4992 2326 5063 θελητῶν,
2377 4994 2474 5048 καὶ
2528 4996 2562 5064 ἠ
2624 4992 2735 5046 τῶν
2770 4993 3195 5062 Είκονομὰχων·
3253 4989 3455 5044 πολλῶν
3508 4988 3596 5055 μὲν

2052 5085 2316 5138 τοιούτων
2345 5085 2442 5139 καὶ
2469 5085 2749 5155 διαφόρων
2777 5084 3204 5156 ὲπειλημμένων
3239 5083 3333 5137 τοῦ
3375 5081 3550 5152 θρόνου
3580 5091 3594 5106 ο
3625 5151 3628 5154 ”

2057 5176 2499 5248 μυριοπλασίους
2531 5177 2588 5228 δὲ
2612 5177 2721 5229 τῶν
2749 5176 2846 5229 νῦν
2871 5175 3041 5230 ὄντων
3071 5176 3320 5238 συνόδους
3352 5185 3598 5239 συστησα-

2055 5271 2253 5340 μένων,
2303 5270 2484 5322 πᾶσαν
2507 5269 2568 5322 δὲ
2600 5269 2700 5339 τὴν
2745 5269 3078 5340 οἰκουμένην
3123 5267 3513 5339 περιλαϐόντων
3535 5261 3592 5328 τῇ

2051 5360 2153 5428 τῆς
2192 5359 2392 5421 κακίας
2431 5359 2612 5429 λύμῃ,
2657 5355 3048 5430 εὐαριθμήτων
3091 5359 3149 5412 δέ
3173 5375 3351 5421 τινων,
3382 5355 3468 5408 καὶ
3497 5351 3624 5410 τοῖς¹

2053 5448 2354 5512 ἀντιθέτοις
2377 5451 2434 5503 ὲν
2460 5450 2636 5504 οὐδενὶ
2681 5449 3036 5520 τεταγμένων
3085 5449 3194 5503 τῶν
3229 5443 3594 5515 ὑπολελειμμέ·

2053 5559 2184 5608 νων,
2216 5543 2296 5604 εἰς
2317 5543 2379 5594 τὸ
2409 5543 2477 5594 τὰ
2527 5541 2665 5612 ὀρθά
2726 5541 2822 5594 καὶ
2863 5545 3004 5596 νοεῖν
3054 5544 3148 5596 καὶ
3185 5541 3443 5596 διδάσκειν
3484 5535 3591 5600 δόγ-

2059 5653 2226 5707 ματα.
2559 5652 2570 5666 ·
3493 5673 3496 5677 ,

2132 5729 2279 5794 Ἔτι,
2309 5731 2453 5785 κατὰ
2481 5733 2575 5785 τὸν
2599 5730 2824 5785 δοθέντα
2859 5731 2968 5801 τῆς
2995 5730 3155 5794 ἀνίας
3211 5729 3300 5784 τοῦ
3323 5722 3449 5780 Θεοῦ
3486 5719 3586 5770 Ἐκ·

2699 5915 2739 5945 ’⁸⁷
2759 5911 2801 5967 11
2833 5911 2961 5978 Cor,
2994 5928 3046 5978 ιι,
3075 5912 3125 5966 ὅ.
3207 5908 3414 5964 "Joan.
3443 5918 3485 5961 κ,
3519 5896 3585 5947 “5'
