3892 6606
238 349 312 413 τος,
938 334 1027 396 PA
1041 332 1579 396 mnum/mum
1632 331 2402 418 TﬁANSGRESSIONUM
2449 335 2685 398 LIBER
3333 296 3438 398 ἰοῖ

230 461 412 534 πλησίας
437 457 584 523 λόγον
637 453 721 506 δεῖ
774 451 865 505 τὸν
911 449 1121 520 ταύτης
1181 449 1584 520 προϊστάμενον
1640 449 1774 508 καὶ,

1895 463 1922 502 a
1951 447 2040 504 Dei
2101 448 2356 504 Ecclesiae
2389 450 2678 514 rationem,
2738 462 2918 518 operae
2970 445 3208 517 pretium
3255 458 3338 503 est
3378 459 3440 503 ut

228 555 402 626 φρονεῖν
431 549 514 603 καὶ
547 545 822 600 διδάσκειν
881 544 1039 612 ὀρθά.
1095 544 1193 596 Ἂν
1242 542 1298 595 δὲ
1338 543 1453 604 τοῖς
1509 541 1744 594 τεθεῖσιν

1889 540 1939 593 ui
1979 541 2053 594 illi
2085 541 2408 609 praeﬁcitur,
2439 551 2550 597 tum
2588 556 2708 612 qum
2739 548 2887 596 recta
2921 549 3049 596 sunt
3082 539 3435 604 sentiat,tum

224 639 662 713 ἀντιπολιτεύηται,
709 637 836 690 οὐδὲ
883 639 993 698 τοῖς
1026 636 1293 706 ὁρισθείσι
1341 633 1742 703 περικλείεται,

1888 639 1902 686 t
1927 632 2136 687 doceat.
2171 631 2265 687 Sin
2295 643 2478 688 autem
2502 633 2798 698 contraria,
2827 632 2895 688 iis
2928 647 3049 695 quae
3079 632 3255 703 posita
3286 642 3437 699 sunt,

223 742 297 794 καὶ
324 737 449 790 οὕτω
493 734 552 787 τὸ
581 735 703 786 κατ’
743 731 906 785 αὐτὸν
934 731 1035 783 οὐκ
1094 728 1243 782 ἐστιν
1281 728 1413 795 ἁγία
1473 725 1568 780 τοῦ
1607 723 1746 778 Θεοῦ

1888 727 1938 780 ia
1987 724 2220 789 incedat,
2258 742 2358 782 nec
2408 727 2551 782 intra
2581 742 2645 782 ea
2680 741 2802 796 qua!
2835 726 3056 780 delinita
3113 735 3261 790 sunt.
3317 739 3442 781 sese

231 828 498 899 Ἐκκλησία.
529 824 740 878 Οὔκουν
763 841 825 888 γε
844 821 954 875 οὐδ’
1005 824 1032 874 ὁ
1063 819 1308 882 τοιοῦτος
1359 818 1748 890 προσηκόντως

1888 815 2146 895 ontineat,
2178 817 2257 872 sic
2283 832 2504 887 quoque
2526 818 2590 872 ad
2631 833 2756 873 eum
2790 817 2936 886 quod
2970 817 3186 882 attinet,
3213 831 3322 872 non
3354 826 3443 873 est

220 924 268 978 at
293 919 572 974 διακούσειε
607 918 708 986 τῆς
744 917 896 985 ίερᾶς
927 913 1131 984 ταύτης
1162 913 1434 985 κλήσεως·
1495 912 1645 965 δοκεῖ
1691 910 1749 965 δὲ

1888 915 2042 962 aucta
2090 907 2184 984 Dei
2216 908 2485 963 Ecclesia.
2531 909 2697 979 Igitur
2747 924 2812 964 ne
2840 909 2964 962 talis
2999 909 3219 978 quidem
3279 923 3438 964 sacra

221 1015 352 1086 μόνον
373 1011 442 1082 μὴ
472 1009 709 1073 τοιοῦτος
743 1007 840 1062 ὥν.

272 1195 381 1248 Ἔτι
408 1192 574 1262 θύραν
599 1189 651 1243 οἱ
675 1189 783 1260 πρὸ
811 1188 968 1258 ήμῶν
1008 1186 1104 1258 μὴ·
1136 1186 1295 1256 μόνον
1329 1186 1616 1240 καλεῖσθαι
1652 1187 1752 1256 τήν

200 1269 303 1342 ’τῶν
330 1284 448 1354 περὶ
469 1280 706 1354 Χριστοῦ
742 1281 906 1338 θείων
966 1280 1256 1348 δογμάτων
1317 1277 1484 1349 ὀρθὴν
1539 1277 1752 1331 ἔννοιαν

215 1375 423 1447 ὰριθῶς
443 1374 702 1439 έξέδοντο,
730 1372 868 1427 ἀλλὰ
898 1371 993 1424 καὶ
1020 1372 1121 1441 τήν
1142 1370 1260 1440 μετ’
1281 1370 1753 1440 ἑκκλησιαστικῆς

213 1468 560 1530 καταστάσεως
585 1470 680 1520 καὶ
709 1464 1004 1533 κανονικῆς
1066 1463 1325 1528 εὐταξίας
1366 1464 1459 1515 ἐπὶ
1513 1462 1583 1515 τὰ
1635 1465 1755 1515 θεῖα

199 1562 429 1634 πρόοδον.
466 1561 524 1615 '0
547 1562 732 1614 τοίνυν
787 1559 855 1612 δι’
899 1556 1226 1628 ἀμφοτέρων
1269 1555 1478 1608 τούτων
1536 1555 1757 1622 εἰσαγό-

197 1677 347 1730 ¹μενος
373 1659 460 1711 ἐπὶ
499 1658 560 1710 τὸ
589 1656 864 1725 ποίμνιον,
908 1651 1177 1725 πρὸδηλον
1209 1653 1292 1705 ὅτι
1321 1651 1412 1704 διὰ
1460 1651 1560 1720 τῆς
1585 1651 1758 1719 θύρας

196 1750 481 1817 εἰσάγεται,
517 1750 616 1802 καὶ
673 1749 880 1816 ποιμήν
929 1747 1111 1798 ἐστιν·
1148 1743 1175 1796 ὁ
1203 1741 1250 1795 δ’
1273 1740 1499 1797 ἄλλοθεν
1530 1741 1756 1795 ἀναϐαί-

1852 999 1957 1054 hoc
1996 1001 2192 1053 merito
2213 999 2446 1070 gaudeat
2482 999 2865 1071 appellatione,
2899 1001 3190 1070 solumque
3222 1000 3441 1056 videtur

1854 1105 1962 1144 non
1999 1089 2120 1145 talis
2145 1097 2446 1146 conventus
2477 1107 2620 1148 esse.

1925 1183 2005 1236 Ad
2046 1181 2162 1236 haec
2219 1182 2444 1247 ostium,
2512 1183 2606 1249 qui
2681 1197 2782 1236 nos
2835 1195 3009 1249 pracee
3042 1195 3183 1245 sere,
3243 1182 3443 1237 nedum

1858 1284 2061 1329 rectam
2081 1275 2147 1329 dc
2174 1275 2372 1330 divinis
2394 1273 2597 1330 Christi
2618 1274 2912 1346 dogmatis,
2936 1273 3080 1329 serio
3101 1284 3440 1339 statuerunt,

1857 1377 2340 1438 cxposueruntque
2392 1368 2572 1421 vocari
2623 1367 2977 1430 sententiam,
3032 1370 3124 1422 sed
3156 1366 3317 1422 etiam
3349 1367 3446 1439 qui

1863 1463 2236 1518 ecclesiastica
2311 1462 2780 1518 constitutioneet
2833 1461 3098 1515 canonico
3164 1461 3356 1515 ordine
3379 1459 3449 1514 ad

1863 1550 2047 1604 divina
2072 1565 2363 1620 processus
2391 1561 2496 1606 est.
2522 1549 2627 1616 Qui
2659 1551 2825 1622 igitur
2851 1553 3060 1605 utrovis
3092 1551 3288 1606 horum
3321 1566 3449 1608 mu-

1864 1657 1998 1697 nere
2031 1642 2085 1696 in
2119 1658 2334 1712 gregem
2387 1645 2773 1712 introducitur,
2807 1645 2855 1698 is
2895 1644 3073 1715 palam
3106 1660 3201 1714 per
3247 1646 3446 1700 ostium

1864 1732 2191 1801 ingreditur,
2248 1733 2506 1804 gregique
2557 1743 2808 1803 aptatur;
2865 1735 2958 1804 qui
2993 1745 3175 1789 autem
3206 1736 3453 1790 ascendit

210 1860 296 1895 νων
344 1839 578 1911 κλέπτης
609 1840 728 1893 ἐστὶ
765 1838 861 1893 καὶ
917 1835 1145 1908 λῃστὴς,
1195 1834 1273 1897 ὡς
1321 1834 1349 1885 ὁ
1385 1834 1530 1903 ἱερὸς
1587 1833 1757 1903 ἔφησε

1888 1823 2101 1888 ιιὶιιιιάο,
2153 1822 2244 1878 l'ur
2283 1835 2367 1880 est
2393 1835 2447 1880 et
2473 1826 2634 1893 latro,
2689 1836 2744 1880 ut
2771 1827 2947 1882 sacris
2988 1827 3230 1883 oraculis
3266 1827 3453 1898 prodi-

209 1936 360 2003 λόγος.

758 2019 1015 2074 ΚΕΦΑΛ.
1044 2016 1120 2074 [⁸⁷.

206 2141 264 2195 ΕΙ
304 2138 433 2208 ἁγία
478 2137 591 2192 τοῦ
631 2134 780 2208 Θεοιξ
832 2132 1174 2208 Ἐκκλησία
1221 2130 1404 2208 ήιδιὰ
1448 2130 1759 2208 σύγχυσιν

260 2201 359 2264 καῖ’
372 2207 601 2279 μισθὸν
625 2204 962 2274 προδοσίας
1001 2202 1114 2271 τὴν
1142 2201 1343 2272 ἀρχὴν
1377 2201 1688 2254 συστᾶσα.

262 2304 371 2355 Ὀτι
400 2302 503 2370 δ’ή
552 2299 659 2351 τῶν
703 2296 1034 2365 Παλαμιτῶν
1104 2295 1311 2366 φατρία
1366 2293 1608 2362 ἀγεννῶς
1655 2291 1756 2359 τὴν

204 2396 356 2466 ἀρχὴν
379 2393 640 2463 συνέστη,
671 2393 991 2470 συγχύσεως
1049 2384 1184 2442 οὖσα
1237 2386 1448 2458 καρπὸς
1480 2386 1577 2438 καὶ
1621 2400 1760 2453 προ-

204 2490 364 2552 δοσίας
422 2487 640 2558 μισθὸς,
684 2486 834 2540 ἴσασι
895 2484 1134 2548 πάντες⁹
1190 2485 1282 2536 καὶ
1336 2483 1606 2551 μαρτυρεῖ
1667 2478 1760 2532 νῦν

205 2581 598 2649 ὲξαναλωθέντα
621 2579 950 2651 πράγματα.
979 2577 1178 2630 Φαῦλοι
1217 2574 1325 2645 γὰρ
1353 2574 1640 2645 τοπρῶτον
1665 2574 1762 2642 τὴν

207 2673 428 2742 μεγάλην
467 2671 922 2742 περινοστοῦντες
958 2669 1136 2730 πόλιν,
1159 2667 1465 2735 διελέγοντο
1512 2667 1612 2734 μὲν
1649 2668 1762 2728 τοῖς

204 2767 342 2828 ἐκτὸς
364 2767 600 2834 ἄρχουσι
649 2763 780 2832 περὶ
819 2762 1148 2832 προδοσίας*
1215 2758 1652 2828 συνηγωνίζοντο
1705 2758 1762 2809 δὲ

203 2857 298 2919 τοῖς
326 2856 482 2919 .ἑν.ὸς
521 2854 904 2918 στασιάζουσι,
937 2854 1029 2904 καὶ
1061 2851 1200 2916 πρὶς
1225 2847 1458 2917 τοῦργον
1491 2849 1766 2902 ἐπέσπευ-

205 2945 298 3001 δον.
335 2949 587 3017 Λαμπρὰ
609 2947 654 3000 δ’
697 2945 1060 3006 ἀνεστακότες
1091 2945 1158 2998 τὰ
1189 2946 1289 3013 τῆς
1326 2943 1584 3006 ἀπιστίας
1636 2945 1764 3012 τρός

205 3055 343 3102 παια,
404 3041 662 3096 πείθουσι
728 3039 820 3092 τὸν
873 3036 1302 3107 βεϐασιλευκότα
1359 3036 1551 3104 μισθὸν
1606 3036 1766 3090 ἀλλον

1861 1925 1974 1970 ttlm
2001 1925 2084 1972 est
2106 1915 2175 1969 ⁵¹.
2457 1949 2461 1954 -

2447 2021 2679 2079 CAPUT
2710 2023 2793 2080 lll.

1866 2135 2008 2191 Num
2059 2146 2245 2190 sancta
2309 2134 2403 2190 Dei
2432 2135 2695 2199 Ecclesia,
2722 2155 2840 2207 quia
2873 2139 2934 2193 ob
2985 2143 3343 2208 confusionem
3389 2159 3454 2197 ac

1980 2208 2302 2270 proditionis
2319 2210 2606 2262 mercedem
2637 2211 2991 2278 principatum
3031 2215 3326 2272 constituit.

1934 2303 2094 2368 Quod
2130 2311 2313 2356 autem
2356 2301 2741 2372 Palantitarum
2789 2304 3126 2369 sodalitium,
3187 2307 3446 2376 degeneri

1864 2407 2062 2451 comtu
2100 2409 2373 2461 sensuque
2413 2395 2734 2464 prieipatum
2767 2397 3135 2461 constituerit,
3164 2400 3448 2454 confusio-

1865 2489 1951 2542 nis
1969 2489 2175 2542 fructus
2225 2485 2499 2540 exsistens
2527 2502 2590 2540 ac
2618 2487 2945 2563 proditionis
2987 2503 3215 2551 merces,
3285 2503 3452 2557 npve-

1866 2589 1992 2635 runt
2015 2595 2225 2644 οιιιιιοε,
2254 2593 2317 2633 ac
2339 2587 2621 2634 testantur.
2644 2594 2764 2649 qua:
2781 2594 2927 2634 nunc
2951 2595 3037 2634 res
3055 2581 3279 2648 perdita:
3301 2590 3454 2638 sunt.

1867 2675 1988 2726 Mali
2020 2675 2166 2728 enim
2204 2675 2438 2742 primum
2475 2688 2723 2740 magnam
2779 2672 3260 2727 circunmbeuutcs
3309 2673 3451 2726 civi-

1871 2777 2064 2832 tatem,
2095 2781 2220 2820 cum
2275 2767 2509 2820 tribunis
2536 2767 2629 2834 qui
2665 2775 2820 2819 extra
2848 2777 3026 2829 erant,
3058 2767 3125 2820 de
3145 2767 3450 2833 proditione

1870 2874 2181 2914 sermonem
2239 2858 2613 2921 conferebant,
2637 2859 3035 2928 ‘seditiosisquc
3091 2859 3229 2912 intra
3257 2859 3448 2913 urbem

1871 2951 2002 3005 socii
2037 2951 2385 3013 accedebant,
2422 2962 2584 3019 atque
2617 2954 2666 3003 in
2696 2967 2806 3022 rem
2856 2953 3042 3006 utilem
3101 2950 3321 3020 operati:
3380 2952 3462 3005 eis

1882 3045 2134 3099 conferre
2170 3046 2532 3114 satagebant;
2567 3047 2874 3114 magnilicis
2920 3062 3049 3099 νυνι)
3083 3044 3459 3098 οιιτὶιιιιίειίιι·

207 3129 394 3199 μηδένα
439 3131 706 3196 ἐθελῆσαι
763 3133 1067 3201 παρασχεῖν
1124 3133 1311 3192 αὐτοῖς
1373 3132 1482 3183 τῶν
1539 3131 1768 3202 μακρῶν

1888 3139 2216 3193 credulitatis
2243 3139 2482 3207 lippa-is.
2508 3146 2759 3192 auctores
2811 3146 2940 3190 sunt
2988 3138 3035 3190 ei
3090 3137 3181 3205 qui
3239 3137 3461 3189 functus

207 3223 414 3276 ἐκείνων
448 3221 712 3291 ἀγώνων,
743 3222 859 3276 ἀλλ’
894 3223 1109 3293 ἢμόνον
1138 3225 1238 3294 τὴν
1281 3224 1380 3293 τῆς
1421 3225 1772 3312 xciv/proliﬁc;

207 3315 532 3386 ἀνάρρησιν
564 3315 747 3383 λόγοις
799 3316 1068 3386 πρότερον
1129 3316 1292 3370 αὐτὸν
1328 3315 1775 3386 ἐξαπατήσαντες

206 3405 435 3470 πιθανοῖς
478 3407 622 3478 πρὸς
651 3406 934 3463 ἀσέϐειαν.
969 3408 1030 3461 Ὀ
1051 3407 1110 3461 δὲ
1148 3408 1646 3479 προσδαψιλεύεται
1677 3410 1775 3467 σὺν

204 3501 260 3567 τῇ
311 3501 646 3570 καινοτομίᾳ
668 3499 764 3552 καὶ
793 3499 892 3570 τὴν
919 3500 1016 3569 τῆς
1041 3500 1377 3568 Ἐκκλησίοις
1406 3498 1775 3569 προστασίανο

205 3591 290 3646 καὶ
315 3591 456 3645 οὔτω
504 3593 567 3646 τδ
626 3593 946 3663 Παλαμικὸν
1008 3593 1108 3666 τὴν
1157 3594 1333 3664 ἀρχὴν
1387 3595 1579 3665 εἴληφε
1624 3595 1776 3648 συνέ-

207 3679 360 3752 δριον,
424 3685 773 3745 ὑπέκκαυμα
825 3684 1117 3755 προδοσίας
1173 3683 1234 3739 ὃν
1288 3686 1384 3740 καὶ
1457 3686 1780 3758 συγχύσιως

206 3775 444 3834 ἔπαθλον.

275 4043 333 4097 Ei
363 4045 420 4100 δὲ
453 4007 554 4098 κοί
617 4046 898 4116 μακρόθεν
955 4047 1388 4102 ἐπισκέπτεσθαι
1450 4049 1624 4102 ταῦτα
1677 4050 1784 4104 δέοι

211 4139 298 4192 καὶ
324 4139 676 4193 καθέκαστον
699 4139 1006 4210 ἐπιζητεῖν,
1051 4141 1148 4209 τὴν
1179 4142 1308 4210 περὶ
1338 4141 1514 4195 ταῦτα
1544 4159 1787 4213 συγγρα-

212 4233 392 4297 φεῖσαν
424 4230 507 4302 τῷ
543 4232 770 4300 μεγάλῳ
790 4233 888 4301 τῆς
943 4232 1209 4301 ἀληθείας
1261 4236 1545 4305 ἀγωνιστῇ
1610 4235 1788 4304 Νικη-

213 4324 354 4393 φόρῳ
384 4324 545 4377 διίτω
573 4341 656 4388 τις
697 4325 880 4392 βίόλον
907 4342 922 4356 ο
949 4327 1044 4378 καὶ
1079 4325 1237 4379 πάντ’
1266 4327 1516 4396 ἀκριϐῶς
1555 4329 1783 4393 εἴσεται,

217 4416 436 4484 μηδενὸς
472 4418 532 4468 ὲν
565 4417 800 4478 ἐκείνοις
830 4417 1132 4470 ἀποδέοντα
1163 4418 1274 4471 τῶν
1305 4420 1384 4481 είς
1413 4419 1788 4490 ἀλήθειανκαὶ

214 4507 399 4571 καλλος
437 4505 501 4562 εὖ
525 4509 876 4579 ἠσκημένων.
929 4509 1144 4564 Οὔκουν
1188 4525 1253 4579 γε
1315 4511 1348 4581 ή
1402 4512 1464 4563 ἐκ
1528 4515 1787 4566 τοιούτων
1820 4512 1862 4566 D

213 4603 388 4671 ἀρχῶν
412 4603 666 4658 συστᾶσα
717 4603 923 4674 φατρία
955 4604 1183 4668 δικαίως
1217 4606 1284 4660 ἂν
1335 4605 1467 4675 ἁγία
1502 4608 1596 4659 τοῦ
1652 4605 1788 4660 Θεοῦ

219 4694 436 4748 καλοῖτο
475 4695 804 4765 Ἐκκλησία.

287 4786 435 4851 Ἔτι,
466 4787 570 4857 τῆς
595 4790 676 4850 εἰς
706 4787 804 4858 τὴν
833 4787 1188 4842 διδασκαλίαν
1238 4789 1466 4860 προόδου
1500 4791 1594 4844 καὶ
1618 4791 1791 4860 ἀρχῆς

218 4878 312 4948 τήν
338 4879 570 4949 εἰρήνην
595 4880 623 4932 ὁ
650 4878 841 4950 Σωτὴρ
871 4880 1162 4950 προέταξε.
1192 4881 1377 4950 Φήσας
1410 4883 1517 4951 γὰρ
1573 4883 1792 4952 τοπρῶ-

219 4983 332 5036 τον,
374 4989 391 5022 ι
439 4970 686 5042 Εἰρήνην
750 4972 850 5040 τὴν
905 4974 1044 5042 ἐμὴν
1094 4973 1289 5043 δίδωμι
1336 4974 1488 5044 ὑμῖν,
1530 4992 1550 5026 ι
1621 4975 1794 5028 ἔπειτ’

221 5064 438 5131 ἐπάγει,
478 5082 499 5115 ι
559 5062 760 5127 Καθὼς
816 5065 1125 5118 ἀπέσταλκέ
1195 5083 1262 5135 με
1301 5067 1328 5119 ὁ
1388 5065 1798 5136 Πατὴρ,.κάγὼ

221 5153 424 5221 πέμπω
451 5154 621 5224 ὑμᾶς.
675 5172 695 5205 ι
746 5153 984 5222 Φανερὺν
1037 5149 1132 5207 οὖν
1169 5154 1244 5216 ὡς
1302 5155 1337 5222 ή
1397 5153 1489 5205 τοῦ
1549 5155 1798 5222 Σωτῆρος

223 5247 413 5318 εἰρήνη
453 5247 639 5316 πάσης
676 5245 778 5316 τῆς
810 5246 950 5300 κατὰ
979 5245 1140 5313 λόγον
1177 5244 1592 5316 ἀρχιερωσύνης
1622 5263 1798 5316 προηο

224 5343 423 5406 γεῖται.
468 5339 610 5394 Ἀλλ’
649 5342 683 5410 ή
746 5341 856 5394 τῶν
913 5337 1246 5410 Παλαμιτῶν
1301 5337 1529 5407 φατρία,
1580 5338 1646 5390 ἐκ
1701 5337 1799 5392 τοῦ

230 5433 479 5488 mth
540 5432 641 5504 τῆς
699 5435 946 5504 εἰρήνης,
1005 5433 1250 5493 στάσεως
1284 5432 1382 5483 καὶ
1417 5430 1662 5502 ταραχῆς
1703 5432 1801 5502 τὴν

227 5525 404 5595 ἀρχὴν
438 5525 673 5596 εἰλήφει·
705 5523 964 5587 ἐναντίως
982 5521 1075 5576 οὖν
1108 5525 1174 5594 τῇ
1201 5521 1294 5575 τοῦ
1335 5521 1471 5575 Θεοῦ
1511 5522 1645 5592 ἁγία
1680 5521 1804 5576 Ἐκ-

229 5620 434 5694 κλησίᾳ
458 5622 556 5693 τήν
579 5621 754 5694 ἀρχὴν
790 5621 1050 5692 συνέστη.

301 5801 344 5830 ⁸⁸
380 5799 533 5851 Joan.
570 5817 620 5862 ιι,
664 5799 708 5852 Ι.

792 5802 836 5831 δ’
861 5797 994 5854 Χοιιιι
1053 5817 1160 5867 xw,
1196 5800 1284 5858 9.7.
1364 5804 1409 5835 ⁸⁸
1443 5802 1598 5858 Jnan.
1636 5822 1726 5872 sv,
1757 5806 1848 5864 22.

1880 3231 2110 3300 imperio
2143 3238 2281 3290 erat,
2317 3239 2376 3282 ut
2409 3229 3152 3294 unamhaneillislongormn
3181 3231 3454 3292 laborum,

1882 3340 1980 3378 nec
2019 3337 2145 3377 vero
2175 3322 2336 3382 aliam
2375 3320 2503 3374 velit
2543 3321 2836 3389 rependere
2863 3320 3193 3379 mercedem,
3245 3331 3304 3372 ut
3358 3323 3464 3373 sci-

1881 3419 2005 3472 licet
2031 3431 2168 3482 nova
2193 3429 2385 3472 eorum
2413 3414 2656 3468 doctrina
2693 3412 2998 3481 publicctur
3051 3429 3066 3476 ;
3129 3425 3252 3464 eum
3311 3412 3464 3481 prius

1881 3509 2235 3565 suasibilibus
2257 3509 2434 3564 verbis
2466 3507 2772 3571 seductum,
2814 3508 2880 3560 az!
2944 3507 3282 3576 impietatem
3347 3517 3463 3558 tra-

1882 3601 2109 3656 xissent.
2137 3601 2185 3655 Is
2220 3616 2348 3655 vero
2380 3600 2588 3667 majore
2621 3599 2946 3652 liberalitate
2974 3601 3039 3650 ml
3073 3599 3455 3662 novationcm,

1883 3694 2045 3750 etiam
2082 3693 2338 3750 Ecclesia:
2369 3693 2746 3761 prarfecturam
2781 3692 3031 3754 adiunxit
3067 3708 3081 3756 ;
3147 3691 3313 3758 inque
3341 3706 3464 3744 eum

1887 3790 2132 3852 modum,
2152 3787 2391 3857 primum
2411 3795 2651 3854 coeptum
2682 3797 2757 3838 est
2784 3782 3121 3837 Palamtcum
3141 3783 3465 3846 concilium,

1888 3879 2213 3952 proditionis
2271 3876 2444 3932 fomes
2485 3879 2760 3933 cxsistcus
2810 3891 2874 3931 ac
2932 3876 3274 3932 confusionis
3335 3889 3476 3945 pra:-

1890 3975 2082 4027 mium.

1961 4065 2052 4120 Sin
2089 4079 2217 4118 vero
2243 4064 2405 4117 etiam
2439 4063 2551 4116 haec
2588 4063 2774 4130 procul
2806 4062 3204 4118 consideranda
3240 4059 3369 4152 sint,
3405 4075 3469 4114 ac

1901 4158 2028 4212 vt-lit
2057 4155 2329 4224 quispiam
2364 4154 2578 4222 singula
2638 4158 2935 4214 discutere.
3003 4155 3048 4207 is
3112 4167 3238 4207 vero
3273 4152 3472 4206 librum

1892 4259 2195 4320 percurrat,
2239 4262 2400 4315 quem
2471 4261 2704 4316 magnus
2727 4246 2976 4300 veritatis
3009 4245 3153 4313 pugil
3207 4243 3476 4311 Nicepho-

1893 4359 1985 4397 rus
2017 4339 2368 4407 conscripsit,
2404 4353 2468 4390 ex
2498 4353 2604 4405 quo
2639 4347 2827 4391 exacte
2854 4338 3037 4392 omnia
3074 4337 3307 4398 noverit,
3340 4350 3466 4389 cum

1893 4437 1948 4490 in
1978 4435 2063 4488 his
2089 4473 2103 4495 ,
2135 4431 2270 4484 nulli
2299 4443 2488 4484 eorum
2525 4429 2618 4499 qni
2652 4429 2817 4498 probe
2861 4429 3146 4482 veritatem
3219 4427 3476 4481 excolue-

1893 4536 2020 4582 runt
2047 4541 2110 4581 ac
2141 4537 2330 4579 ornate
2363 4526 2722 4591 scripserunt,
2754 4523 2931 4590 impar
2947 4520 3118 4574 videri
3145 4521 3333 4590 possit.
3360 4517 3476 4573 Non

1895 4623 2062 4693 igitur
2082 4623 2228 4692 quod
2263 4622 2462 4676 talibus
2489 4618 2786 4675 conﬂatum
2839 4615 3105 4685 auspiciis
3142 4613 3474 4669 'sndalitiunt

1894 4728 1998 4782 est,
2031 4719 2224 4770 merito
2254 4729 2440 4772 sancta
2471 4714 2562 4768 Dei
2595 4714 2837 4768 Ecclesia
2865 4725 3109 4766 vocetur.
3240 4696 3246 4704 ’

1969 4809 2255 4867 Praeterea,
2287 4807 2605 4860 ordinanda:
2638 4806 2903 4858 dortrinae
2936 4803 3291 4872 iucundoque
3329 4804 3481 4873 prin-

1897 4898 2122 4966 cipatui,
2161 4897 2410 4952 S.tlvat0r
2433 4911 2621 4966 pacem
2661 4896 2943 4965 praemisit.
2967 4894 3103 4949 Cum
3164 4898 3310 4949 enim
3365 4895 3482 4965 pri-

1905 5007 2052 5043 mum
2082 4989 2312 5044 dixrs.~et
2341 5007 2354 5042 :
2381 4987 2602 5042 «Parem
2635 5001 2811 5042 meam
2843 4988 2913 5041 do
2940 4988 3096 5042 vobis
3121 4990 3188 5052 ",
3234 5006 3252 5038 ι
3298 4998 3482 5056 postea

1908 5085 2094 5141 subdit
2128 5104 2140 5140 :
2164 5106 2181 5136 ι
2210 5085 2363 5140 Sicut
2393 5085 2541 5139 misit
2574 5100 2658 5138 tne
2679 5083 2860 5147 Pater,
2880 5093 3048 5153 etego
3068 5085 3222 5138 mitto
3240 5099 3333 5137 vos
3354 5084 3420 5137 ⁸³.
3456 5101 3476 5136 ι

1908 5177 2252 5234 Manifestum
2281 5178 2442 5248 igitur
2462 5187 2568 5242 est,
2596 5175 2897 5231 Salvatoris
2937 5191 3146 5245 pacem,
3182 5176 3327 5229 onmi
3375 5191 3486 5230 nte-

1909 5272 2014 5323 rito
2047 5270 2239 5338 praeire
2259 5270 2585 5325 sacerdotio.
2621 5269 2785 5338 Atqui
2820 5266 3213 5321 Palamitarum
3278 5267 3480 5322 sodali-

1910 5374 2012 5430 tas,
2044 5372 2232 5417 contra
2257 5378 2321 5416 ac
2352 5376 2380 5414 a
2412 5376 2564 5432 pace,
2598 5375 2627 5414 a
2657 5361 2925 5416 seditione
2953 5357 3299 5426 tumultuque
3326 5358 3482 5414 duxit

1909 5455 2193 5516 exordium
2230 5470 2244 5519 ;
2281 5453 2570 5510 contrariis
2599 5468 2726 5523 ergo
2783 5449 2873 5506 Dei
2939 5447 3192 5505 Ecclesia:
3243 5448 3489 5506 moribus

1911 5548 2090 5618 primo
2133 5545 2366 5602 conﬂata
2398 5556 2501 5601 est.
3049 5585 3054 5590 -
3241 5538 3248 5545 ’
