3892 6578
263 341 365 407 70]

944 336 1581 401 PALAMITICARUM
1612 336 2363 401 TRANSGRESSTON'UM
2400 338 2655 403 LIBER.

3360 338 3475 407 710

254 459 451 527 μένους,
506 446 741 519 Χριστοῦ
783 464 869 515 τε,
914 450 1009 502 καὶ
1070 452 1174 518 τῆς
1228 446 1350 501 κατ’
1392 446 1556 503 αὐτὸν
1606 447 1795 518 πάσης

1906 447 2295 517 tbscindentes,
2320 466 2419 507 nec
2445 467 2551 506 non
2578 450 2802 522 paribus
2826 466 2923 509 eos
2951 453 3204 512 censuris
3256 458 3464 526 pomis-

251 548 525 619 ίερωσύνης
553 546 931 606 ἐκκόπτοντες,
964 541 1056 595 κοιλ⁸
1089 543 1205 606 τοῖς
1257 545 1397 605 τσοις
1437 540 1635 604 αὐτοὺς
1684 557 1788 595 κα-

247 640 653 700 θυποὸάλλοντες
685 635 1005 707 ἐπιτιμίοις,
1036 634 1182 688 οὕτω
1236 636 1402 703 φασὶν
1448 635 1507 688 ἐν
1558 633 1788 706 Πράξει,

242 731 299 806 ἧς
327 736 356 803 vi,
388 733 553 803 ἀρχή,
579 731 926 794 Ἀκούσατε,
978 728 1167 799 φυλαί
1198 727 1309 798 τῆς
1336 726 1451 798 τῆς
1477 729 1571 782 καί
1599 728 1791 799 γλῶσ.

242 843 334 879 σαι
364 842 377 856 ·
420 845 437 877 ι
470 825 584 879 Καὶ
618 820 840 893 πρῶτον
867 819 1071 875 αὐτίκα
1101 819 1195 872 τὸν
1245 818 1326 880 είς
1361 819 1673 890 ύποψήφιον
1696 836 1788 871 τε-

243 918 416 970 λοῦντα
461 918 563 985 τῆς
593 914 907 984 ἁγιωτάτης
962 910 1351 983 μητροπόλεως
1396 911 1788 980 Μονεμὸασέας

251 1010 508 1077 Ἰσίδωρον
581 1006 881 1077 πειρῶνται
940 1006 1048 1059 τῶν
1089 1004 1184 1058 τοῦ
1246 1004 1486 1072 Παλαμᾶ
1539 1003 1635 1056 καὶ
1689 1000 1791 1066 τῆς

239 1102 429 1154 ἐκείνου
466 1101 780 1171 συμμορίας
822 1097 1131 1164 ἀποστῆσαι
1174 1098 1493 1168 δογμάτων.
1524 1091 1634 1147 Ἶιν
1676 1092 1789 1162 γάρ

235 1193 290 1261 δή
326 1193 416 1245 καὶ
442 1187 603 1256 οὗτος
629 1188 711 1254 εἷς
742 1192 852 1244 τῶν
878 1192 945 1243 τά
976 1190 1188 1243 ἐκείνου
1221 1186 1587 1259 φρονούντων,
1618 1184 1667 1237 εί
1695 1184 1790 1237 καὶ

235 1286 394 1339 λαθὼν
436 1287 559 1348 ταῖς
592 1286 1013 1357 ἀρχιερατικαῖς
1045 1282 1289 1336 ὑπέπεσε
1336 1279 1562 1348 ψήφοις.
1610 1274 1788 1330 Ἀντί-

233 1396 386 1430 τνπον
431 1377 488 1430 δὲ
524 1376 619 1431 καὶ
652 1376 843 1429 τοῦτον
867 1374 1166 1445 εὑρηκότες
1197 1373 1293 1425 καὶ
1328 1368 1613 1431 παντελῶς
1633 1367 1790 1422 άνέν-

231 1469 384 1533 δοτον,
420 1467 515 1521 τοῦ
548 1466 696 1540 ἱεροῦ
728 1466 1056 1521 ἐκϐάλλουσι
1092 1465 1358 1534 βήματος,
1404 1476 1781 1531 παρεσκευασ-

234 1561 378 1630 μένον
408 1561 512 1631 ήδη
548 1560 991 1629 συλλειτουργεῐν
1050 1557 1390 1628 πατριάρχῃ.
1429 1550 1559 1607 Είτα
1585 1554 1681 1607 καλ⁵
1708 1553 1789 1614 είς

230 1651 393 1720 κρίσιν
420 1651 704 1706 καλοῦσιν.
752 1648 813 1703 ὐ
829 1648 887 1701 δέ
920 1645 1173 1717 φανερῶς
1211 1642 1557 1714 ὁμολογήσας
1586 1641 1689 1693 οὐκ
1723 1639 1792 1693 ἂν

232 1744 545 1815 αἱρήσεσθαι
586 1743 658 1798 τὰ
681 1742 931 1805 ἐκείνων,
970 1739 1109 1794 ἀλλά
1142 1737 1235 1791 καὶ⁵
1276 1737 1376 1807 τήν
1417 1734 1598 1805 ψυχὴν
1655 1748 1793 1803 προ-

1893 552 2000 607 que
2028 541 2420 610 mancipantes,
2457 542 2536 596 sic
2570 544 2742 610 aiunt,
2779 544 2833 600 in
2857 546 3092 613 actione,
3123 552 3285 617 cujus
3301 564 3470 603 exor-

1890 632 2038 687 dium
2078 649 2092 688 :
2128 633 2321 688 Audite
2354 634 2521 688 tribus
2554 645 2708 691 teme
2737 647 2785 691 et
2809 636 3004 707 [inpure
3029 654 3049 692 :
3086 640 3192 695 «Ac
3229 642 3465 709 primunt

1891 725 2100 793 statim,
2125 726 2484 784 sanctissimae
2511 726 2903 786 Monembaseze
2935 732 3298 801 metropoleos
3345 732 3472 788 sul-

1893 814 2202 888 [raganeum
2228 821 2575 877 exsistentcm
2600 821 2887 890 isidorum,
2915 839 2946 878 a
2973 823 3475 894 Palamze,ejusq~e

1891 910 2145 983 factionis
2182 926 2246 966 ac
2273 913 2657 981 partiariorum
2686 914 2954 985 dogmatis
2974 931 3203 970 avocare
3263 932 3471 970 conan-

1892 1011 2001 1059 tur.
2064 1001 2191 1057 Erat
2216 1005 2359 1057 enim
2391 1004 2437 1059 is
2467 1020 2685 1075 quoque
2711 1022 2851 1061 unus
2877 1022 3066 1062 eorum
3089 1009 3180 1078 qui
3214 1009 3360 1065 illius
3413 1024 3473 1063 σε

1892 1101 2015 1148 rant
2038 1095 2332 1164 opinionis,
2356 1114 2670 1167 quanquam
2692 1098 3036 1168 imprudens,
3060 1101 3469 1169 episcOpalibus

1893 1186 2161 1241 obnoxius
2196 1187 2372 1244 factus
2401 1190 2689 1246 sententiis
2740 1201 2843 1247 est.
2901 1191 3278 1248 Reluctantem
3341 1208 3475 1247 vero

1893 1277 2042 1332 illum
2077 1278 2366 1350 innexique
2392 1296 2617 1352 prorsus
2653 1284 2821 1338 animi
2874 1299 2940 1340 ac
3002 1286 3266 1355 ιιι-οι)οεὶιί
3333 1300 3457 1339 cum

1893 1364 2250 1439 invenissent,
2285 1386 2316 1426 e
2342 1386 2502 1427 sacro
2533 1372 2790 1429 tribunali
2811 1375 3335 1444 eiiciunt,‘cumjatu
3363 1391 3428 1445 pa
3447 1403 3464 1420 -

1893 1454 2054 1515 ratus
2078 1471 2222 1516 esset
2246 1477 2369 1516 cum
2404 1463 2715 1532 patriarcha
2742 1480 2854 1519 rem
2879 1481 3092 1523 sacram
3123 1466 3302 1523 facere
3333 1480 3471 1521 uua-

1893 1568 2001 1623 que
2036 1554 2332 1610 celcbrare.
2373 1554 2575 1612 Deinde
2600 1557 2765 1613 etiam
2829 1560 2895 1613 ad
2926 1558 3192 1629 judicium
3246 1568 3467 1617 vocant.

1892 1643 1944 1699 Is
1965 1659 2117 1711 vero,
2149 1646 2326 1716 palam
2351 1646 2653 1718 professus,
2688 1666 2967 1720 nunquam
3004 1667 3222 1721 se,qua:
3255 1650 3477 1706 illorum

1892 1751 2098 1807 essent,
2134 1753 2501 1813 recepturum,
2532 1744 2665 1815 quin
2722 1755 2777 1799 et
2810 1745 3047 1799 animant
3081 1744 3258 1814 potius
3308 1744 3482 1798 trad-

230 1801 396 1890 δοῦνιιι
432 1836 581 1905 μετά
610 1835 714 1905 τῆς
764 1801 1121 1903 Ἑκκλησίας,
1170 1830 1205 1901 ἢ
1255 1801 1589 1899 dubitemve;
1637 1801 1787 1894 γενέ·

1906 1801 2153 1895 Lurum'et
2178 1801 2500 1901 Ecclesiazn,
2526 1801 2690 1906 quam
2721 1843 2831 1891 uta
2865 1801 3095 1891 Palama'
3132 1837 3480 1905 dissentiret,

232 1928 341 1981 σθειι
364 1926 441 1998 τῷ
476 1928 740 1997 Παλαμᾷ,
769 1928 821 1980 εί
841 1943 926 1991 τις
958 1924 1225 1995 βιάσαιτο’
1251 1921 1580 1991 ἀπαρνεῖται
1602 1918 1790 1988 ἀρχιε-

231 2021 462 2092 ρωσύνην
494 2022 588 2074 καὶ
616 2019 935 2089 ἐκκλησίαν,
985 2012 1053 2089 ἦς
1076 2013 1431 2086 ἐπεκηρύχθη
1460 2009 1787 2071 ἐπίσκοπος’

229 2114 408 2168 οὐκοῦν
448 2116 548 2167 καὶ
590 2112 914 2183 καθαιρέσει
956 2108 1210 2179 συνοδικῇ
1271 2102 1678 2161 ύποὸάλλεταιο
1712 2101 1790 2163 ὼς

230 2207 313 2258 καί
340 2206 480 2274 μετά
502 2206 706 2277 μικρὸν
732 2203 1185 2276 χειροτονηθῆναι
1210 2200 1310 2271 τῆς
1335 2196 1612 2270 λαχούσης
1631 2193 1792 2250 αὑτὸν

229 2294 419 2363 ἕτερον.
464 2312 484 2346 s

301 2388 355 2439 Ὀ
390 2386 444 2439 δέ
474 2402 541 2455 γε
566 2384 810 2456 ἀρχηγὸς
833 2384 929 2439 καὶ
957 2378 1275 2451 προστάτης
1300 2376 1410 2431 τῶν
1429 2371 1795 2447 βλασφημιῶν

234 2479 501 2547 “alapae,
556 2476 629 2529 τά
667 2476 758 2529 ἴσα
784 2475 879 2528 καὶ
904 2473 1065 2536 αὐτὸς
1094 2471 1232 2543 μετά
1258 2471 1358 2541 τῆς
1396 2469 1671 2538 ἑταιρείας
1699 2468 1795 2523 αύ-

231 2570 313 2623 τοῦ
340 2566 786 2640 καταψηφισθεὶς
812 2564 961 2637 (οὔτε
987 2564 1097 2636 γὰρ
1136 2562 1237 2635 τῆς
1285 2562 1591 2624 ἐνστάσεως
1631 2557 1800 2614 ἐνεδί-

231 2662 333 2727 δου,
357 2659 471 2716 οὗθ’
499 2659 756 2715 ὁπωσοῦν
787 2658 1029 2730 καθυφίη
1063 2657 1165 2729 τῆς
1185 2657 1382 2725 ἀλόγου
1434 2652 1797 2725 ἀδολεσχίας),

232 2755 554 2825 ἐκκήρυκτος
582 2752 688 2821 τῆς
732 2749 1056 2823 Ἑκκλησίες
1085 2747 1221 2803 Θεοῦ
1251 2747 1346 2802 καὶ
1372 2745 1677 2817 ἱερωσύνης
1708 2745 1798 2813 γί-

233 2857 389 2907 νεται,
413 2841 490 2904 ὥς
517 2857 585 2909 γε
618 2839 852 2911 ,διέξεισι
903 2840 975 2893 τὰ
1002 2838 1126 2894 κατ’
1173 2837 1355 2892 αὐτῶν
1407 2837 1799 2908 ὑπομνήματα,

235 2935 617 3005 σεσημασμένα
645 2933 751 2986 ὑπό
786 2949 845 2987 τε
872 2931 970 2987 τοῦ
1016 2934 1137 2986 τότε
1190 2930 1654 3003 πατριαρχοῦντος
1703 2930 1803 3001 τῆς

236 3024 496 3095 βασιλείας
529 3025 644 3079 τῶν
670 3025 899 3091 πόλεων,
926 3025 1035 3079 ύπό
1062 3042 1122 3078 τε
1155 3023 1250 3078 τοῦ
1281 3022 1418 3077 Θεοῦ
1451 3023 1658 3087 πόλεως
1689 3020 1807 3078 Ἀν-

1890 1928 1937 1985 si
1963 1942 2085 1997 quae
2111 1925 2188 1981 illi
2222 1928 2304 1984 vis
2338 1928 2709 1995 adhiberetur,
2766 1930 3059 1995 pontiﬁcali
3082 1931 3326 2001 dignitati
3388 1948 3481 1986 re-

1891 2020 2131 2086 ttttntiat,
2160 2027 2215 2073 et
2250 2017 2521 2087 Ecclesia,
2551 2023 2637 2075 cui
2669 2018 2966 2090 Episcopus
2998 2020 3172 2076 fuerat
3202 2026 3471 2077 constitv-

1895 2117 2003 2163 tus.
2034 2107 2219 2177 Itaque
2240 2107 2406 2162 etiam
2430 2109 2707 2180 synodicae
2723 2110 3053 2180 depositioni
3072 2111 3380 2181 subjicitur,
3402 2116 3483 2171 ita'

1893 2204 1955 2251 ut
1972 2197 2131 2265 paulo
2152 2197 2426 2267 postalius
2448 2199 2793 2255 ordinaretur
2808 2198 2928 2269 ejus
2951 2199 3205 2256 Ecclesia:
3251 2204 3477 2274 praesul,

1894 2306 2057 2363 quam
2081 2290 2173 2346 ille
2203 2301 2347 2348 esset
2384 2300 2595 2347 nactus.

1965 2382 2067 2448 Qui
2096 2390 2276 2437 autem
2297 2382 2758 2452 blasphemiarum
2788 2397 2995 2453 auspex
3028 2394 3170 2441 esset
3204 2401 3266 2439 ac
3316 2384 3463 2440 Prae-

1896 2486 1987 2528 ses
2039 2470 2309 2536 Palamas,
2394 2470 2513 2542 ipse
2565 2487 2783 2542 quoque
2828 2474 2945 2542 pari
2989 2488 3114 2529 cum
3193 2475 3481 2532 sodalibus

1898 2569 2131 2624 innexus
2180 2564 2447 2621 sententia
2513 2565 2730 2636 (quippe
2787 2580 2913 2621 cum
2994 2551 3130 2622 nihil
3213 2568 3484 2639 pugnacis

1898 2656 2065 2713 animi
2117 2656 2475 2711 obnitentiam
2554 2658 2878 2722 remitteret,
2927 2672 2990 2714 ac
3046 2658 3128 2713 vel
3185 2659 3475 2716 minimum

1901 2750 2165 2807 absonam
2210 2750 2578 2820 nugacitatem
2632 2766 2697 2805 ac
2740 2752 3113 2819 garrulitatem
3182 2753 3484 2823 ntiuueret)

1900 2843 1970 2898 ab
2001 2841 2246 2898 Ecclesia
2272 2840 2366 2897 Dei
2389 2856 2454 2896 ac
2477 2842 2785 2897 sacerdotio
2819 2844 3125 2908 abdicatur,
3155 2846 3229 2900 uti
3252 2853 3485 2901 narrant

1902 2932 2105 3005 scripta
2126 2932 2181 2988 in
2209 2947 2307 2988 eos
2351 2933 2768 2996 commentaria.
2832 2934 2992 3003 regite
3044 2934 3198 2990 urbis
3249 2935 3485 3005 patriar.

1905 3024 2040 3090 clue,
2080 3038 2180 3079 nec
2210 3040 2316 3081 non
2373 3020 2714 3092 Theopoleos
2749 3024 3072 3086 Antiochiae.
3109 3025 3484 3097 singulorum.

234 3117 477 3188 τιοχείας,
499 3119 728 3172 καὶτῶν
757 3118 881 3171 καθ’
899 3118 1129 3172 ἐκαστον
1156 3117 1482 3199 ἀρχιερέων,
1507 3117 1688 3171 τῶντε
1708 3116 1799 3169 νῦν

1906 3132 2015 3186 que
2049 3116 2459 3187 episcOporum,
2520 3124 2634 3171 tum
2695 3116 2788 3186 qui
2845 3131 2992 3173 nunc
3044 3118 3131 3174 hic
3185 3127 3483 3189 prasentcs

236 3208 404 3263 ἐνθάδε
434 3213 746 3282 παρόντων,
780 3212 875 3263 καὶ
905 3209 1014 3263 τῶν
1043 3211 1122 3273 είς
1149 3210 1245 3272 τάς
1267 3207 1541 3279 λαχούσας
1590 3207 1798 3263 ίόντων.

236 3300 432 3356 Γίνεται
458 3302 568 3372 μὲν
605 3301 779 3366 οῦτως
812 3304 846 3373 ή
882 3303 1088 3362 τούτων
1113 3300 1431 3368 καθαίρεσις
1454 3297 1548 3353 καὶ
1577 3298 1800 3369 ἐπίσχε-

237 3410 310 3457 σις
338 3395 431 3448 καὶ
468 3395 650 3465 ἀργία
677 3409 692 3426 ⁸
730 3396 778 3448 εί
804 3394 899 3447 καὶ
951 3392 1119 3464 μηδὲν
1172 3391 1509 3463 ἡγησάμενοι
1553 3389 1651 3460 τήν
1681 3389 1804 3442 ἐπι-

234 3487 460 3559 τίμησιν,
493 3488 811 3558 ἀντείχοντο
836 3489 932 3557 τῆς
960 3484 1283 3558 ίερωσύνης,
1334 3483 1623 3556 τολμηρῶς
1667 3485 1804 3540 ἀνα-

235 3579 477 3651 φέροντες
504 3580 614 3644 τὰς
641 3579 907 3653 μυστικάς
936 3580 996 3634 ἐν
1024 3577 1328 3653 ἀποκρύφῳ
1359 3576 1573 3642 θυσίας.

300 3853 430 3909 ἠδ’
459 3853 618 3923 ἑξῆς,
648 3851 872 3923 εἰρήνης
901 3849 1067 3922 οὗσης
1123 3851 1191 3921 τῇ
1243 3846 1339 3902 τοῦ
1372 3846 1510 3903 Θεοῦ
1573 3844 1807 3915 Ἐκκλη-

241 3949 339 4020 σία,
365 3948 458 4003 καὶ
486 3946 574 4017 ἡ
605 3946 764 4017 μέρει
788 3947 962 4014 τούτῳ
986 3944 1096 3999 τῶν
1134 3943 1476 4014 πραγμάτων
1503 3938 1804 4010 ήσυχαζόν-

1904 3218 2053 3273 suut,
2095 3217 2211 3262 tum
2268 3209 2362 3277 qui
2416 3209 2470 3264 itt
2527 3225 2657 3266 suas
2715 3209 3003 3280 parochias
3041 3211 3245 3275 ierunt,
3304 3228 3472 3268 manu

1903 3294 2246 3363 consignata.
2284 3296 2450 3366 Inque
2487 3312 2614 3352 enm
2644 3298 2866 3353 modum
2908 3298 3124 3355 illorum
3185 3299 3328 3357 facta
3384 3303 3484 3357 ab-

1903 3386 2108 3442 dicatio
2132 3397 2241 3450 est,
2270 3389 2688 3459 interdictioque
2728 3399 2784 3446 et
2840 3392 3103 3459 cessatio,
3163 3409 3478 3464 quanquam

1906 3479 2058 3535 nullo
2124 3480 2202 3535 illi
2251 3480 2373 3536 loco
2430 3482 2692 3538 habentes
2770 3482 3031 3538 intlictam
3105 3484 3479 3542 ecclesiamica

1905 3571 2381 3629 animadversione
2442 3588 2661 3644 pmnam
2699 3613 2716 3640 ,
2774 3573 3141 3630 sacerdotium
3205 3576 3482 3633 nihilomi-

1906 3681 2011 3722 nus
2034 3666 2137 3722 sibi
2194 3666 2513 3733 retinentes,
2568 3666 2828 3738 mysticas
2882 3667 2937 3721 in
2998 3668 3213 3724 occulto
3272 3668 3480 3727 hostias

1909 3757 2200 3813 munerario
2252 3773 2389 3814 ausu
2454 3756 2777 3814 oﬂ'erebant.

1976 3848 2187 3905 Exinde
2215 3865 2362 3913 vero,
2394 3866 2519 3907 cum
2568 3850 2661 3907 Dei
2722 3852 2962 3910 Ecclesia
3018 3870 3151 3924 pace
3202 3856 3482 3927 gauderet

1908 3950 2073 4011 atque
2107 3942 2211 3999 hac
2242 3950 2394 4011 parte
2451 3945 2638 4015 quieto
2705 3962 2793 4002 res
2844 3955 2989 4002 statu
3047 3958 3257 4015 essent,
3324 3951 3489 4005 turbo

239 4057 355 4103 των,
386 4038 601 4110 σφοδρά
625 4055 708 4103 τις
740 4038 984 4093 ἀντιπνεϊ
1024 4036 1251 4106 λαῖλαψ,
1293 4038 1359 4090 ἐκ
1383 4035 1495 4087 τῶν
1545 4034 1639 4087 τοῦ
1695 4033 1799 4086 Σα-

1908 4031 2127 4101 quidatn
2187 4049 2255 4089 ex
2293 4034 2546 4100 adverso,
2596 4036 2899 4094 vehementi
2968 4040 3206 4110 erumpit
3257 4041 3488 4112 impetu.

239 4133 365 4202 τανᾷ
385 4127 723 4202 πνευμάτων
750 4128 1144 4200 ἐκφυσηθεῖσα,
1194 4133 1289 4182 καί
1335 4125 1445 4181 πᾶν
1503 4125 1799 4195 ἀνατρέπει

1912 4122 2128 4197 Satanae
2160 4136 2449 4181 ventorum
2492 4124 2620 4182 ﬂatu
2649 4129 2882 4195 excitus,
2918 4140 3226 4200 cunctaque
3289 4144 3489 4189 events

242 4223 326 4275 καὶ
358 4221 687 4291 μετατίθησι
719 4220 800 4283 είς
827 4218 1072 4272 κλύδωνα
1097 4217 1331 4288 χαλεπόν
1362 4231 1379 4247 ο
1432 4214 1527 4268 καὶ
1563 4214 1689 4277 τοὺς
1711 4210 1799 4266 οὖ-

1910 4229 1976 4270 ac
1995 4214 2052 4269 in
2078 4231 2297 4287 gravem
2330 4216 2590 4273 transfert
2621 4220 2955 4289 procellam:
3007 4222 3198 4293 sicque
3230 4222 3492 4294 blasphe-

243 4332 312 4368 τω
337 4315 694 4384 βλασφήμους
715 4314 1109 4380 ἀναφανέντας,
1142 4308 1270 4372 τοὺς
1315 4305 1491 4370 οὕτως
1547 4304 1799 4376 ἀληθείας

1912 4320 2034 4362 mos
2074 4307 2339 4377 proditos,
2376 4308 2457 4364 sic
2487 4309 2730 4365 veritatis
2751 4310 3024 4379 inimicos,
3066 4314 3257 4382 primis
3286 4317 3482 4386 guber-

242 4405 478 4477 ἐχθροὺς,
503 4405 603 4458 ἐπὶ
630 4401 740 4456 τῶν
773 4402 1005 4471 πρώτων
1031 4397 1232 4451 οίάκων
1258 4395 1470 4461 καθίζει
1502 4410 1523 4429 ο
1585 4394 1681 4447 καὶ
1732 4393 1799 4446 is-

1912 4398 2122 4454 naculis
2164 4399 2424 4469 praeficitf;
2462 4414 2857 4473 sacrorumque
2910 4405 3195 4464 ministros
3229 4416 3284 4463 et
3306 4422 3489 4465 sacel-

249 4498 493 4568 ρουργοὺς
526 4496 651 4559 τοὺς
671 4493 1081 4567 ἀρῤητουργοὺς
1098 4488 1461 4552 ἀναδείκνυσι,
1487 4488 1582 4541 καὶ
1600 4487 1799 4558 δογμά-

1912 4487 2070 4546 dotes
2104 4488 2462 4545 nefandarum
2492 4492 2967 4564 obscenarumque
3024 4511 3211 4552 rerum
3247 4499 3485 4555 artilices

244 4606 342 4644 των
368 4591 684 4662 προστάτας
711 4587 839 4651 τοὺς
865 4584 1175 4647 ἀποστάτας
1196 4600 1213 4616 ο
1240 4583 1335 4637 καὶ
1380 4581 1568 4653 ψυχῶν
1603 4579 1799 4634 οίκονό-

1913 4579 2065 4644 facit,
2103 4581 2434 4646 desertores,
2497 4583 2811 4654 dagmatuut
2887 4586 3165 4656 praesides.
3228 4588 3483 4661 virosque

250 4699 391 4751 μους,
425 4683 556 4740 τοὺς
586 4679 959 4750 παρανόμους.

1912 4671 2209 4727 sceleratos
2242 4675 2547 4730 animarum
2604 4692 2920 4733 meantimos
2970 4679 3272 4735 constituit.

312 4773 517 4836 bona;
544 4771 590 4825 δ’
621 4771 759 4841 ἔχων
781 4768 1150 4822 ἐπιδεικνύναι
1174 4766 1283 4818 τῶν
1319 4780 1381 4818 τε
1447 4760 1799 4835 πατριαρχῶι

1984 4760 2235 4831 Cumque
2263 4765 2462 4818 multas
2486 4765 2668 4830 liceat,
2701 4773 2813 4820 tum
2860 4766 3318 4835 patriarcharum,
3368 4779 3483 4825 tum

250 4869 333 4921 iui.
358 4867 461 4920 τῶν
488 4863 803 4925 ὕπάὺτοὺς
847 4860 1151 4932 ἀρχιερέων
1202 4859 1355 4929 κοινῇ
1421 4872 1482 4909 τε
1543 4856 1640 4911 καὶ
1705 4854 1815 4926 ίδίᾳ

253 4960 520 5021 συνοόικάς
553 4957 693 5010 κατά
714 4954 823 5008 τῶν
850 4954 942 5007 τοῦ
971 4950 1209 5021 ιίαλαμᾶ
1259 4949 1548 5019 δογμάτων
1596 4946 1816 5015 ἀποφά-

259 5067 377 5116 σεις,
403 5053 490 5104 ἵνα
517 5050 614 5111 τὰς
652 5047 832 5109 πάσας
860 5044 1038 5114 παρῶ,
1066 5042 1195 5113 μιᾶς
1219 5042 1317 5096 καὶ
1359 5040 1530 5113 μόνης
1583 5042 1817 5109 ἐπιμνη-

256 5143 536 5213 σθήσομαι,
569 5142 639 5211 ἣν
693 5139 743 5193 οἱ
778 5138 899 5192 τότε
938 5138 1200 5207 παρεῖχον
1249 5133 1526 5203 ἀρχιερεῖς
1587 5130 1813 5200 γνώμην

258 5234 325 5298 είς
352 5236 548 5304 δεῖγμα
580 5233 677 5300 τῆς
702 5230 878 5283 αὐτῶν
905 5226 1185 5289 εύσεὸείας
1204 5241 1221 5257 '
1256 5244 1275 5277 ι
1323 5224 1450 5277 Ὀτι
1509 5224 1713 5294 μηδένα
1733 5224 1814 5285 είς

259 5326 654 5413 ἀρχιερωσύνης
678 5323 895 5391 ἀξίωμα
923 5319 1171 5391 δέχεσθαι
1207 5317 1313 5388 χρὴ
1341 5315 1451 5368 τῶν
1476 5315 1576 5413 τὰς
1626 5330 1816 5413 καινο-

262 5404 446 5484 emta;
474 5416 569 5470 τοῦ
601 5414 833 5484 Παλαμᾶ
861 5411 1199 5482 στεργόντων
1230 5410 1324 5461 καὶ
1375 5404 1812 5475 ἀποδεχομένων.

264 5510 355 5572 ἓως
381 5510 446 5564 ἂν
477 5509 701 5571 ταύταις
727 5507 966 5577 ἐμμένῃ.
1008 5521 1027 5555 t

326 5602 664 5671 τηλικούτων
689 5600 870 5653 τοίνυν
916 5595 1038 5652 κατ’
1066 5595 1244 5649 αὐτῶν
1307 5594 1816 5664 προκεχωρηκότων

268 5692 477 5759 ἀγώνων
511 5694 601 5747 καὶ
627 5691 898 5762 πράξεων,
946 5689 995 5741 oi
1051 5684 1207 5740 πάντ’
1239 5685 1477 5747 ἀναιδεῖς
1537 5682 1815 5752 ἄνθρωποι

274 5788 420 5857 μηὶὲν
450 5789 647 5843 τούτων
683 5785 1160 5852 ὑπολογισάμενοι,
1200 5778 1501 5849 ἐπειδήπερ
1545 5772 1816 5846 λαμπρῶς

1914 4857 2284 4930 subiectorum
2310 4857 2420 4913 illis
2446 4858 2756 4926 praesidum,
2818 4860 3183 4916 communiter
3202 4861 3485 4932 pritatim-

1913 4969 2020 5026 que
2074 4950 2361 5021 synodicas
2422 4948 2685 5004 adversus
2724 4950 2955 5005 Palamte
2997 4950 3250 5021 dogmata
3311 4956 3488 5008 editas

1912 5044 2211 5100 sententias
2240 5054 2645 5113 repraseutare.
2681 5052 2739 5095 ut
2776 5058 2965 5099 omnes
3012 5044 3207 5098 missas
3261 5044 3485 5109 faciam,

1915 5134 2075 5189 unius
2113 5134 2375 5188 duntaxat
2407 5133 2733 5194 meminero.
2764 5149 2952 5202 quam,
3009 5136 3101 5203 qui
3150 5143 3280 5188 tunc
3329 5147 3486 5191 erant

1913 5224 2174 5294 episcopi,
2216 5224 2282 5276 ad
2314 5238 2429 5278 suae
2481 5224 2720 5292 ipsorum
2756 5223 2975 5294 pietatis
3033 5223 3335 5293 specimen,
3380 5229 3483 5277 «Ιοιη

1915 5323 2064 5368 creto
2095 5313 2414 5369 sancivere:
2456 5331 2473 5364 ι
2516 5312 2792 5367 Neminem
2817 5313 2884 5366 ad
2933 5315 3265 5384 episcopatus
3297 5317 3483 5385 digni-

1917 5415 2079 5459 tatem
2142 5405 2537 5470 assumendum,
2586 5406 2676 5475 qui
2717 5405 2961 5461 Palama.’
3009 5422 3187 5460 rocum
3229 5412 3485 5465 novitates

1914 5497 2051 5552 colat
2087 5514 2148 5550 ac
2182 5497 2418 5566 recipiat,
2470 5497 2706 5566 quandiu
2764 5501 2816 5552 iu
2860 5500 2934 5553 eis
2995 5503 3418 5567 perseveraverit.
3456 5521 3479 5554 s

1988 5586 2089 5642 Tot
2117 5589 2278 5659 igitur
2329 5591 2582 5659 natisque
2613 5591 2664 5643 in
2698 5605 2792 5644 eos
2819 5592 3141 5649 muneribus
3163 5607 3227 5647 ac
3296 5593 3474 5649 actiu-

1919 5680 2078 5734 nibus
2123 5676 2306 5742 editis,
2360 5680 2460 5732 viri
2512 5693 2608 5749 per
2667 5681 2847 5733 omnia
2910 5679 3209 5752 impudenti
3259 5682 3483 5753 ingenio

1918 5772 2321 5845 praediti,ttu'l;t
2357 5772 2550 5826 horum
2607 5771 2789 5826 habita
2844 5775 3074 5840 ratione,
3106 5777 3248 5846 quod
3296 5777 3480 5848 spieu-
