3860 6590
218 405 314 469 ’7ιό

1005 395 1244 455 DECAS
1275 395 1324 454 Ῐ.
1361 419 1427 428 -
1475 395 1568 453 DE
1613 393 2058 456 THEOLOGIA
2105 394 2561 456 SYMBOLICA.

3297 393 3400 455 ἨΟ

227 519 336 573 riora
363 514 438 566 Dei
463 511 588 580 apud
624 508 840 579 Moysen
867 547 880 571 ,
915 509 1040 562 item
1078 510 1165 562 illa
1200 510 1338 578 apud
1372 509 1585 576 Isaiam,
1629 510 1728 564 Da-
1754 523 1801 583 Α
1829 509 2169 566 allirmantis.
2196 509 2330 566 Pars
2352 526 2481 564 vero
2513 509 2798 580 tlicolOgim
2825 510 3260 565 detuonstratzvat
3285 525 3405 580 quae

226 614 398 675 nieleui,
443 616 490 663 et
519 605 850 660 Ezechielem
875 644 888 669 ,
920 614 973 657 et
1001 603 1140 657 alios
1175 602 1477 657 secundum
1510 617 1729 656 sensum

223 705 440 767 formata;
484 707 571 753 aut
603 697 936 752 describitur
989 710 1085 764 per
1139 694 1549 748 translationem
1583 690 1731 746 verbi

221 795 466 851 secundum
495 792 848 854 intellectum,
882 797 941 843 ut
980 788 1212 842 ebrietas
1251 795 1303 840 et
1346 787 1565 854 crapula
1597 784 1688 837 Dei
1713 823 1728 848 ,

217 890 391 959 vigilia,
425 900 639 940 somnus
674 898 825 938 arma
873 883 938 937 ad
991 881 1384 950 protegendum
1433 889 1482 932 et
1527 879 1592 931 ad
1636 893 1733 932 no-

215 981 439 1043 cendum,
462 986 512 1030 et
547 987 738 1030 cratera
774 975 959 1029 omnia
991 988 1110 1041 qua:
1138 973 1202 1025 ad
1237 971 1597 1024 imitationem
1635 968 1730 1022 ho-

214 1073 378 1124 minum
413 1071 541 1124 facta
577 1076 727 1123 sunt.
753 1068 885 1120 Alia,
917 1065 1038 1120 dua:
1073 1074 1254 1134 partes
1281 1072 1425 1127 sunt,
1451 1076 1556 1115 una
1583 1061 1731 1116 theo.

210 1165 332 1233 logize
359 1161 661 1215 aliirmautis
682 1199 696 1223 ,
729 1167 788 1214 ut
815 1175 936 1214 cum
969 1159 1228 1218 dicimus,
1266 1155 1430 1209 Deum
1481 1154 1683 1209 bonum
1709 1195 1723 1218 ,

208 1255 482 1324 sapientem,
502 1261 774 1314 sanctum,
799 1251 1040 1315 beatum,
1067 1249 1416 1309 salvatorem,
1443 1255 1496 1300 et
1519 1247 1726 1316 reliqua

206 1349 372 1409 omnia,
409 1346 601 1416 quibus
632 1359 756 1398 eum
799 1344 1008 1397 aientes
1056 1341 1380 1400 laudamus;
1415 1339 1497 1393 vel
1536 1355 1726 1394 rursus

204 1437 427 1507 negantis,
457 1447 511 1489 ιιι
566 1450 690 1488 eum
723 1434 900 1502 ipsum
949 1448 1208 1486 vocamus
1255 1431 1600 1490 iuvisibilem.
1638 1431 1727 1484 inc

204 1527 730 1597 comprehensibilem,
750 1541 811 1579 stt
821 1524 1304 1596 prasubstantiam,
1328 1521 1723 1591 suprabonum,

199 1620 615 1693 stupraviventem,
648 1616 1119 1687 suprasapicntem
1160 1631 1176 1670 :
1210 1615 1324 1668 haec
1363 1613 1506 1667 enim
1540 1613 1724 1666 omnia

201 1712 287 1766 sive
333 1711 617 1780 privanter,
674 1709 953 1778 super-late
1002 1707 1296 1769 dicantur,
1347 1703 1724 1775 negationibus

196 1803 516 1872 declarantur.
572 1801 708 1855 Cum
756 1800 920 1868 igitur
960 1807 1194 1868 quatuor
1226 1806 1407 1867 partes
1458 1797 1606 1856 sint.
1656 1811 1720 1849 ex

1838 613 2018 672 negat,
2058 607 2295 672 partitur
2331 613 2444 657 tum
2489 604 2540 656 in
2571 603 2891 657 inlini-tatem
2927 603 3039 668 Dei,
3084 618 3202 670 quae
3235 614 3317 657 est
3348 607 3402 658 in

1839 696 2022 758 rebus,
2059 704 2112 747 et
2141 695 2272 749 facit
2301 705 2545 750 octavam
2578 696 2862 772 decedent,
2908 703 3024 749 tum
3055 695 3106 748 in
3141 696 3406 749 diviniza~

1839 797 1968 854 tem,
2002 804 2123 857 quin
2153 800 2234 842 est
2270 790 2318 841 in
2352 789 2480 856 lico,
2516 804 2567 844 et
2598 788 2726 843 facit
2761 805 2955 843 nonam
2985 828 3000 852 ,
3030 797 3142 844 tum
3178 789 3228 842 in
3266 789 3406 841 divi-

1836 895 1959 935 nam
1993 881 2416 950 simplicitatem,
2471 895 2522 936 et
2571 882 2801 937 ellicitur
2844 883 3053 937 decima
3102 883 3406 951 eademque

1831 983 2069 1027 extrema
2109 973 2294 1027 decas.
2331 972 2596 1028 Universa
2630 974 2814 1043 itaque
2854 974 3120 1044 expositio
3150 975 3407 1029 materia-

1832 1065 1911 1117 ria
1959 1077 2146 1118 eorum
2199 1079 2321 1134 qum
2365 1067 2431 1118 de
2482 1065 2590 1118 Deo
2640 1082 2669 1118 a
2711 1065 2973 1136 theologis
3004 1066 3278 1130 dicuntur,
3319 1067 3405 1122 his

1834 1156 2176 1210 terminatur.
2205 1155 2426 1210 Poterat
2471 1158 2637 1211 etiam
2689 1158 2960 1213 subdividi
2991 1170 3100 1213 tota
3137 1159 3400 1230 theologia

1828 1249 1893 1304 ad
1928 1249 2171 1320 synibola
2207 1251 2506 1324 pertineqs,
2544 1251 2594 1304 in
2633 1251 2993 1306 coimidentia
3025 1251 3101 1321 tl)
3131 1269 3144 1304 :
3169 1253 3261 1304 sed
3291 1253 3404 1306 lia‘c

1829 1343 1963 1405 fere,
1997 1346 2239 1412 exceptis
2284 1342 2709 1412 proprietatibus
2741 1359 2930 1397 eorum
2953 1383 2969 1408 ,
3018 1343 3070 1395 in
3115 1344 3284 1410 primi
3321 1344 3409 1396 de.

1827 1435 1958 1490 cade
1999 1443 2229 1489 tractata
2260 1448 2406 1490 sunt.
2455 1436 2727 1490 Fortassis
2755 1446 2934 1490 autem
2971 1435 3079 1490 Deo
3125 1435 3402 1504 adjutore,

1827 1538 1878 1580 et
1911 1529 2123 1597 cop'am
2171 1529 2437 1582 librorum
2470 1530 2612 1583 nacti
2642 1529 2708 1583 de
2741 1530 2824 1583 his
2853 1529 3014 1582 etiam
3053 1528 3408 1590 disseremus,
3447 1574 3453 1580 ,

1829 1633 1975 1671 nunc
2019 1617 2163 1671 enim
2209 1619 2334 1688 quia
2377 1620 2810 1689 exagitabantur,
2839 1628 2898 1676 ,et
2951 1619 3078 1674 odio
3118 1621 3290 1688 gratis
3335 1621 3404 1673 ah

1826 1708 2077 1762 omnibus
2117 1709 2471 1770 habebantur,
2506 1710 2659 1766 libris
2690 1721 2741 1764 et
2787 1710 2898 1765 Otio
2947 1711 3010 1764 ad
3069 1711 3185 1767 haec
3234 1712 3409 1765 medi-

1827 1801 2012 1864 tanda,
2035 1810 2086 1853 ct
2113 1801 2180 1854 iis
2212 1818 2332 1870 quae
2354 1803 2418 1854 ad
2445 1802 2604 1854 aliam
2637 1801 2920 1855 meliorem
2947 1803 3404 1871 compositionem

200 1895 388 1969 duabus
424 1895 640 1960 quidem
678 1894 848 1964 prima
880 1891 1045 1966 decas
1096 1890 1406 1952 conficitur,
1436 1905 1542 1960 qua
1571 1889 1721 1943 theo—
1752 1872 1790 1932 Β
1822 1892 2124 1959 pertinent,
2157 1893 2472 1958 caruimus;
2499 1908 2604 1961 quo
2639 1893 2782 1946 circa
2832 1892 2946 1947 lucc
2975 1908 3096 1961 quae
3137 1907 3283 1947 nunc
3312 1907 3409 1946 ex-

169 1971 307 2052 logia
353 1987 640 2056 sytnbolica
699 1986 751 2038 in
803 1984 1116 2038 universum
1161 1983 1472 2038 continetur
1500 2002 1513 2047 ;
1541 1996 1603 2036 ex
1637 1995 1725 2035 re-

195 2077 327 2146 liquis
414 2093 540 2131 vero
641 2076 855 2131 duabus
941 2075 1222 2140 secunda,
1277 2089 1384 2143 qua
1458 2074 1728 2142 theologia

192 2169 576 2223 demonstrativa
653 2169 705 2223 in
752 2169 1062 2222 universum
1136 2167 1264 2220 item
1329 2167 1725 2235 comprehensa

192 2271 286 2327 est;
314 2262 490 2316 deinde
525 2262 794 2330 theologia
830 2260 1262 2314 demonstrativa
1312 2259 1724 2326 generalisdis-

192 2350 415 2418 tinguitur
480 2350 537 2404 in
589 2359 809 2420 partes:
838 2349 1157 2403 allirmativa
1202 2349 1418 2419 quidem
1464 2349 1720 2416 partitur,

191 2443 354 2496 tumin
389 2443 603 2498 divinas
637 2445 1014 2499 emanationes
1040 2476 1054 2505 ,
1089 2452 1142 2496 et
1193 2441 1323 2496 facit
1355 2441 1470 2495 haec
1505 2441 1723 2511 partitio

191 2534 371 2588 tertiam
402 2535 702 2601 decadcm;
739 2545 851 2590 tum
884 2536 937 2588 in
982 2534 1148 2588 divini
1191 2532 1427 2588 nominis
1459 2523 1726 2587 informa-

190 2626 382 2690 tionem,
435 2637 489 2680 ct
547 2625 676 2680 facit
727 2635 1000 2695 quartam.
1047 2623 1260 2678 Rursus
1306 2625 1418 2693 ipsa
1471 2616 1726 2680 materies

188 2717 458 2772 divinarum
509 2723 918 2776 emauationum
973 2718 1233 2774 dividitur
1274 2717 1326 2771 in
1369 2718 1727 2784 proprietates

187 2810 456 2864 divinorum
490 2813 798 2877 nominum,
843 2820 896 2865 et
946 2810 1176 2865 cﬂicitur
1221 2811 1411 2879 quinta
1458 2809 1641 2872 decas,
1682 2819 1735 2862 et

187 2913 309 2956 sexta
339 2921 351 2957 :
378 2917 430 2958 ct
460 2907 513 2958 in
549 2904 765 2959 divinas
813 2902 1274 2971 participatioues,
1306 2907 1361 2953 et
1410 2900 1466 2954 fit
1504 2901 1735 2968 septima

189 2997 370 3054 decas:
410 2999 501 3054 hic
546 2998 746 3054 desinit
790 3011 918 3065 pars
965 2994 1247 3064 theologia:
1296 2992 1737 3046 demonstrativae

1491 3102 1508 3126 9

1831 1984 2116 2052 posuimus
2146 2025 2160 2050 ,
2198 2000 2395 2054 magno
2429 1985 2616 2038 lahorc
2665 1986 3010 2053 collegimus.
3052 1989 3300 2053 quaedam
3335 1999 3404 2037 cx

1829 2075 1914 2130 his
1938 2077 2150 2131 occulte
2177 2088 2228 2132 et
2266 2076 2472 2138 furtim,
2503 2073 2737 2130 ad'alios
2770 2093 2901 2131 usus
2937 2086 2987 2131 et
3023 2086 3239 2146 propter
3268 2077 3352 2128 ali;
3377 2093 3405 2129 s

1829 2171 2152 2228 occasiones
2194 2170 2478 2224 nobiscum
2513 2178 2790 2237 portantes
2823 2186 2838 2224 :
2870 2169 2938 2224 ob
2990 2173 3127 2222 haue
3175 2184 3395 2223 caumm

1831 2260 2019 2314 multis
2066 2259 2399 2328 adjumcutis
2432 2259 2496 2312 ad
2536 2259 2924 2328 perlectioneiu
2963 2260 3155 2313 horum
3205 2259 3404 2328 privati

1829 2352 2058 2414 fuimus,
2087 2352 2181 2406 sed
2218 2352 2432 2405 interim
2463 2353 2529 2406 ab
2557 2352 2624 2406 iis
2671 2367 2790 2421 quae
2824 2352 3056 2406 maxime
3091 2357 3400 2407 necessaria

1825 2453 2000 2508 erant,
2028 2460 2134 2498 non
2174 2443 2572 2500 aberravimus.
2616 2445 2889 2513 Expositio
2923 2454 3102 2500 autem
3150 2447 3406 2500 materia-

1834 2536 1940 2599 ria,
1972 2552 2094 2605 qua:
2121 2537 2174 2590 in
2197 2553 2522 2606 unaquaque
2547 2537 2748 2592 decade
2773 2547 2876 2601 est,
2901 2538 3057 2592 docet
3079 2538 3130 2591 in
3158 2539 3406 2591 extr’emo

1829 2629 2066 2691 dccadis,
2096 2629 2198 2682 hoc
2229 2629 2402 2698 ipsunt
2441 2631 2585 2694 quod
2619 2631 2670 2682 in
2697 2629 2901 2684 decade
2925 2632 3255 2691 continetur,
3285 2645 3408 2684 csso

1830 2721 2223 2788 expositionem
2265 2724 2630 2775 materiariam
2676 2739 2866 2776 eorum
2911 2739 3034 2792 quae
3078 2725 3130 2776 in
3168 2725 3282 2792 ipsa
3319 2739 3406 2778 δε·
3459 2778 3472 2783 ,

1835 2812 2070 2865 eundum
2104 2811 2566 2867 continuationem
2604 2821 2940 2881 sequuntur,
2989 2815 3198 2868 accedit
3243 2812 3404 2868 etiam

1856 2903 1998 2956 ratio
2041 2903 2413 2971 inscriptionis
2444 2905 2683 2961 det-adis.
2721 2915 2774 2959 et
2799 2906 3256 2979 quemadmodum
3287 2921 3409 2975 qua:

1845 2994 1910 3047 ad
1946 3009 2061 3048 eam
2104 2995 2392 3064 pertinent,
2428 2998 2562 3050 Satis
2596 2998 2863 3066 completa
2889 2999 3018 3052 sint.

824 3223 1078 3284 PRlMA
1124 3219 1386 3283 DECAS.
1419 3254 1494 3268 -
1528 3221 1646 3282 DE
1689 3219 2179 3283 THEOLOGIA
2227 3220 2740 3286 SYMBOLICA.

791 3364 1018 3422 CAPUT
1052 3366 1089 3419 Ι.

552 3460 704 3526 Quod
739 3460 935 3529 duplex
957 3461 1026 3513 sit
1057 3457 1341 3530 theologia.

242 3553 523 3626 Dionysius
561 3554 616 3608 in
651 3553 881 3623 epiStola
905 3553 970 3606 ad
1030 3551 1213 3605 Titum
1271 3552 1586 3622 episcopum
1648 3552 1727 3604 sic

189 3646 298 3701 ait:
342 3649 615 3702 Caeterum
693 3647 794 3700 hoc
852 3644 1241 3699 advertendum
1291 3654 1392 3711 est,
1453 3646 1724 3713 duplicent

183 3754 284 3793 csse
310 3737 1086 3806 traditionemtheologorum,
1152 3752 1316 3791 unant
1362 3751 1618 3791 arcanam
1675 3746 1728 3790 et

184 3834 468 3899 mysticam.
499 3832 726 3886 alteram
761 3846 887 3885 vero
930 3829 1360 3900 philosophicam
1423 3829 1726 3883 etdemon-

181 3931 418 3993 strantpnt
460 3939 474 3975 :
515 3925 659 3977 illam
696 3923 914 3992 quidem
971 3924 1324 3992 symbolieam
1351 3931 1402 3975 et
1437 3920 1501 3973 ad
1523 3929 1722 3988 myste-

185 4013 250 4064 ria
278 4016 656 4082 pertinentem,
682 4014 822 4068 hanc
854 4029 979 4067 vero
1025 4021 1264 4082 apertam
1294 4020 1342 4066 et
1398 4010 1730 4064 manifestio-

181 4120 279 4161 reiu
323 4124 337 4162 :
382 4119 596 4180 estque-
633 4123 893 4160 arcanum
949 4108 1064 4160 sive
1107 4105 1394 4175 mysticum
1434 4118 1554 4157 cum
1589 4117 1733 4172 sym-

183 4197 293 4250 bolo
350 4199 424 4264 (l)
467 4197 808 4264 implicatum
853 4204 906 4249 et
937 4209 1264 4256 connexum,
1329 4192 1459 4246 illud
1511 4191 1728 4258 quidem

183 4288 604 4359 philosophicam
671 4297 722 4342 et
779 4288 1164 4342 demonstrans
1248 4285 1407 4339 fidem
1475 4284 1735 4344 facit,-tt

183 4382 422 4443 astringit
489 4380 772 4435 veritatem
805 4395 998 4433 eorum
1054 4393 1172 4448 quae
1217 4378 1474 4431 dicuntur
1518 4391 1546 4429 ‘:
1604 4376 1731 4428 illud

1757 3368 1808 3428 ς,
1834 3379 1963 3418 vero
1999 3379 2254 3419 arcanum
2284 3367 2640 3437 etmysticum
2667 3366 2826 3420 allicit
2859 3377 2910 3421 et
2935 3368 2986 3422 in
3023 3367 3132 3422 Deo
3168 3369 3233 3424 tis
3285 3386 3408 3434 qua:

1826 3472 1934 3510 non
1967 3456 2233 3511 docentur
2293 3458 2735 3513 institutionibus
2783 3462 2984 3516 firmat.
3042 3460 3155 3516 lloc
3194 3462 3400 3517 dictum
3479 3513 3485 3519 .

1826 3560 2050 3606 sanctus
2087 3549 2359 3605 Maximus
2394 3560 2447 3605 et
2474 3551 2760 3622 Dionysius
2795 3552 3202 3609 Alexandrinus
3232 3557 3403 3610 aduo-

1793 3674 1806 3684 -
1827 3651 2014 3696 larunt
2055 3661 2068 3697 :
2101 3642 2366 3696 Maximus
2396 3643 2752 3714 symbolieam
2791 3654 2844 3698 et
2875 3643 2940 3698 ad
2972 3645 3224 3716 mysteria
3285 3662 3410 3716 per-

1827 3734 2083 3788 tinentem
2108 3735 2436 3804 theologiam
2472 3735 2618 3788 illam
2651 3735 2802 3793 dicit.
2871 3751 2992 3803 quae
3021 3753 3084 3790 ex
3143 3739 3408 3808 symbolis

1833 3827 2141 3892 conficitur,
2169 3811 2475 3896 cuiusmodi
2517 3840 2644 3884 sunt
2683 3835 2933 3899 mysteria
2976 3833 3155 3886 cultus
3201 3833 3403 3888 Mosai-

1835 3919 1906 3980 ei,
1941 3930 1994 3973 et
2031 3921 2282 3990 mysteria
2319 3921 2488 3974 nostri
2517 3923 2659 3976 sacri
2717 3923 2932 3988 cultus;
2967 3927 3182 3978 tametsi
3211 3927 3404 3982 altiora

1837 4019 1964 4064 sunt
2005 4021 2057 4064 et
2124 4012 2296 4080 magis
2344 4013 2613 4080 spiritalia
2672 4026 2898 4080 nostra;
2965 4016 3402 4086 philosophicam

1832 4116 1963 4154 vero
1987 4111 2039 4153 et
2071 4101 2532 4156 demonstrantetn
2561 4104 2888 4172 theologiam
2927 4105 3072 4158 illam
3102 4108 3254 4170 tlicit,
3281 4125 3402 4177 qtae

1833 4177 2134 4248 eisistitex
2181 4194 2562 4261 perspicientia
2622 4205 3021 4255 (-rcaturarutn,
3098 4199 3404 4268 divinmqne

1834 4285 1885 4337 in
1907 4284 2234 4353 quibusdam
2295 4287 2456 4340 rebus
2507 4288 2880 4354 providenti-at,
2939 4297 2991 4339 et
3056 4292 3404 4358 expositione

1833 4376 2188 4444 speculatrice
2218 4385 2405 4430 eorum
2453 4394 2572 4448 qua:
2612 4377 2677 4430 tle
2713 4380 2816 4431 Deo
2869 4379 2921 4431 in
2979 4377 3274 4449 Sc:ipturis
3324 4383 3405 4436 di-

1658 4469 1928 4532 Sehoha.
2379 4493 2387 4500 ·
3128 4511 3155 4543 ,

246 4577 313 4643 (l)
354 4576 802 4644 ‘l‘mataipeatg.
831 4575 882 4625 id
925 4581 1029 4638 est,
1073 4569 1376 4644 sulnlivisio
1435 4569 1743 4636 'l‘heologiae
1778 4574 1821 4628 D
1852 4585 2073 4644 sensum
2107 4568 2352 4622 incidens
2370 4570 2434 4644 in
2471 4573 2880 4644 translationem
2902 4577 3048 4630 vorbi
3101 4577 3400 4631 secundum

181 4640 475 4715 symbolicae
507 4647 560 4697 in
584 4640 954 4708 coincidentia,
985 4659 1102 4710 quae
1124 4640 1295 4694 Graeci
1315 4711 1324 4715 _
1347 4649 1555 4715 voeant_
1597 4647 1734 4715 ὂυμτ

183 4709 458 4776 τξίπτοντι,
491 4724 571 4767 est
595 4716 794 4769 divisio
826 4715 879 4767 itt
902 4730 962 4766 ea
993 4709 1113 4780 quae
1150 4711 1462 4779 promiscue
1493 4709 1557 4763 ad
1586 4722 1660 4762 tra
1674 4727 1703 4762 ιι
1717 4710 1750 4750 -⁶

181 4787 452 4838 slalionum
483 4785 630 4837 verbi
665 4782 1032 4838 intellectilem
1077 4781 1369 4848 pertinent,
1403 4794 1456 4832 et
1487 4782 1551 4833 a.l
1602 4783 1737 4844 ligu-

182 4855 441 4907 rationcm
473 4856 732 4908 sensilcm
772 4871 787 4907 :
825 4862 882 4906 ιιι
915 4853 1096 4905 dicere
1138 4852 1190 4901 in
1228 4850 1358 4910 Deo,
1391 4866 1472 4913 os,
1527 4851 1737 4910 oculos,

185 4924 631 4988 faeiem,ntanus,
667 4927 851 4988 pedes,
885 4930 938 4974 et
983 4921 1232 4972 similiter
1295 4920 1346 4972 in
1408 4920 1526 4971 aliis
1577 4923 1741 4982 parti—

185 4992 274 5045 bus
311 4995 582 5062 corporis,
613 5011 734 5062 qua:
793 4991 1085 5059 etligurari
1143 4999 1389 5062 possunt
1435 4991 1733 5062 Secundum

181 5057 494 5127 ευιιδιιιιιξεῑ
529 5057 658 5130 διιὶοἰ
723 5057 987 5115 translate
1037 5057 1734 5130 secundumintellectum,

183 5141 232 5182 ut
262 5137 302 5184 si
326 5137 503 5186 tltvtso
527 5128 752 5187 animali
787 5134 837 5185 iu
877 5129 1139 5183 rationale
1177 5129 1484 5196 oppositum
1522 5128 1737 5181 irratio-

183 5205 298 5265 nali,
336 5212 390 5254 et
424 5205 475 5254 in
519 5204 834 5255 irrationale
867 5199 1171 5268 oppositum
1203 5197 1478 5257 rationali,
1544 5213 1736 5251 rursus

185 5272 265 5324 fiat
288 5271 593 5326 subdivisio
639 5270 888 5324 animalis
921 5273 972 5321 ιιι
1006 5269 1374 5328 lter-bivoruiu,
1403 5275 1454 5318 ct
1481 5269 1735 5329 eat‘niio-

186 5356 314 5402 rum,
342 5359 467 5410 qua:
499 5359 604 5396 non
633 5352 758 5396 sunt
803 5341 1071 5408 opposita,
1103 5339 1192 5391 sed
1219 5337 1534 5410 eoini-iduitt
1563 5342 1616 5389 in
1646 5355 1732 5406 ge-

181 5423 303 5462 ncte
326 5408 583 5464 animalis
639 5413 918 5464 rationalis
939 5417 993 5462 et
1044 5408 1374 5461 irrationalis
1409 5425 1421 5458 :
1462 5410 1729 5473 siquidem

181 5484 524 5548 reperiuntur
549 5482 758 5534 ratione
791 5491 1004 5532 utentes
1052 5478 1415 5537 Iterbitori,et
1478 5477 1565 5529 alii
1619 5493 1736 5530 car-

183 5551 372 5611 nivori,
415 5553 795 5604 etanimantes
821 5553 949 5602 item
1009 5549 1216 5600 ratione
1247 5559 1494 5600 carentes
1538 5548 1734 5601 simili-

182 5625 256 5670 ter
287 5621 608 5686 bet-bivorae,
638 5629 690 5674 et
721 5621 841 5673 alia:
863 5619 1180 5673 earnivurw.
1207 5616 1479 5670 Sicdivisa
1527 5618 1738 5670 theolo—

181 5691 258 5752 gia
290 5692 584 5758 symboliea
630 5694 682 5743 in
736 5691 1108 5758 figurationem
1167 5690 1464 5741 secundum
1519 5702 1738 5740 sensum

183 5769 484 5824 oppositam
515 5761 855 5813 translationi
883 5759 1035 5812 verbi
1060 5759 1359 5810 secundum
1405 5758 1734 5810 intellectum

183 5833 454 5896 reperitur
483 5847 673 5885 cursus
707 5836 758 5881 in
796 5831 1117 5898 quihusdam
1150 5828 1400 5897 ligittatio
1433 5827 1732 5880 serundum

502 5927 762 5985 ΙἈΤιιοι.
800 5929 914 5986 (in.
950 5925 1124 5988 CLII.

1841 4641 2212 4702 intelteetum,
2245 4649 2298 4692 et
2334 4641 2572 4694 vicissim
2603 4645 2888 4698 translatio
2920 4648 3065 4700 verbi
3101 4651 3402 4701 secundum

1843 4710 2480 4782 intellectumAineideus
2547 4713 2598 4764 in
2653 4715 3027 4782 figurationem
3100 4718 3400 4771 secundum

1843 4795 2085 4850 sensum.
2117 4787 2170 4830 ιιι
2207 4779 2258 4850 in
2289 4782 2554 4848 exemplis
2574 4779 2920 4850 Superinruut
2953 4790 3253 4839 nominum.

1912 4850 1989 4910 (εἰ)
2027 4849 2309 4916 Myslicttm
2337 4866 2451 4919 cum
2488 4854 2744 4919 symbolo.
2789 4855 2878 4908 list
2912 4857 3080 4916 enim,
3138 4859 3212 4909 ait
3275 4873 3408 4911 san-

1841 4933 1960 4976 ctus
1994 4919 2280 4992 Maximus,
2316 4921 2367 4970 in
2400 4918 2657 4992 Synibolo
2716 4934 2974 4992 tanquam
3008 4927 3197 4979 umbra
3264 4939 3402 4980 torta

1841 4992 2066 5051 veritas,
2097 4998 2152 5039 ttt
2195 4988 2247 5038 in
2280 4988 2477 5061 pascha
2512 4991 2750 5045 Mosaico
2785 4988 2972 5047 vet-um
3007 5000 3229 5061 pascha.
3261 4993 3435 5050 sicut'

1839 5062 2099 5126 scriptum
2131 5068 2211 5109 est
2243 5073 2256 5110 :
2301 5057 2502 5110 l’asrlta
2532 5072 2768 5113 nostrum
2803 5057 3107 5118 immolatus
3141 5076 3215 5118 est
3243 5068 3401 5118 Utri-

1839 5125 1970 5181 stus.
1998 5127 2038 5197 (Ι
2066 5125 2192 5178 Cor.
2229 5143 2280 5189 v,
2308 5129 2383 5193 7.)
2421 5127 2536 5182 Huc
2559 5135 2791 5197 pertinet
2855 5137 2979 5186 illud
3014 5137 3266 5189 adGalat.
3326 5151 3400 5196 Iv,

1837 5200 1910 5253 Ἡ
1931 5215 1945 5252 :
1970 5197 2235 5252 Abraham
2261 5197 2391 5249 duos
2421 5199 2559 5265 ﬁlios
2595 5203 2797 5264 habuit,
2825 5217 2925 5257 etc.
2958 5206 3068 5256 haec
3089 5205 3230 5256 cnim
3275 5219 3405 5258 sua:

1791 5284 1802 5288 ‘
1839 5271 1948 5323 duo
1972 5276 2290 5320 testamenta
2317 5285 2330 5331 ;
2353 5278 2400 5320 et
2426 5270 2516 5322 illu
2544 5286 2552 5319 l
2578 5271 2594 5323 l
2623 5274 2746 5324 tior.
2770 5288 2824 5334 ι,
2845 5275 2873 5325 4
2907 5292 2920 5327 :
2955 5275 3201 5326 Ilibebom
3226 5291 3400 5327 cuiue:

1823 5341 1905 5392 de
1933 5346 2272 5409 consequente
2304 5354 2388 5388 eos
2422 5353 2591 5407 petra,
2625 5354 2773 5409 petra
2808 5356 2984 5395 (uitem
3016 5353 3128 5395 erat
3161 5343 3406 5398 Christus

1839 5419 1891 5462 et
1925 5405 2338 5480 similiaLQUotl
2361 5405 2555 5480 autem
2602 5405 2910 5479 Symbolum
2937 5413 3095 5474 verti,
3135 5413 3421 5480 itttt-rproo‘

1840 5479 2100 5550 tationem
2140 5475 2321 5550 Sancti
2357 5477 2574 5532 Maximi
2605 5475 2847 5545 secutus,
2885 5480 3176 5550 Dionysius
3224 5475 3402 5545 vocat,

1841 5551 1901 5621 τὸ
1943 5549 2126 5621 ῥητὸν,
2152 5546 2202 5597 id
2221 5563 2338 5621 _es_',
2367 5565 2470 5601 non
2499 5553 2742 5615 tacitum,
2811 5553 2939 5621 quia
2980 5546 3124 5619 quod
3178 5555 3406 5618 mystice

1847 5618 1980 5671 latet
2008 5619 2060 5693 in
2097 5616 2366 5693 symbolo,
2394 5629 2474 5672 est
2515 5616 2845 5691 ἀπόρρητονξ
2878 5622 2928 5675 id
2955 5616 3060 5682 est,
3117 5616 3403 5688 arcanum,

1842 5697 1897 5741 et
1922 5688 2176 5760 tacitum,
2221 5687 2404 5753 itaque
2439 5687 2862 5757 niystcria,'qna‘
2899 5694 2952 5744 iit
3015 5695 3275 5760 synihohs
3326 5687 3404 5746 si;

1844 5756 2359 5831 gniﬁeautttr,_suu_t_
2391 5756 2678 5831 ἁπόρῥηήεα
2717 5763 2774 5811 ὲν
2814 5763 2995 5830 ῥητοῖς
3022 5756 3310 5831 vocetis“,
3351 5762 3406 5818 id

1838 5837 1941 5891 est,
1970 5828 2181 5881 oceulta
2216 5827 2483 5882 intellecta
2506 5827 2572 5882 in
2600 5827 2897 5899 Symbolis.

2894 5923 2971 5984 Ἧι
