3860 6532
493 351 596 418 751

1642 349 1966 410 JOANNIS
2003 345 2570 408 CYPARlSSIOTrE

3612 346 3709 409 ’λ’ςῖ

489 468 797 525 edisserens
821 485 832 521 :
857 463 1170 536 Oportebat.
1194 465 1388 536 inquit,
1421 474 1477 520 ut
1501 467 1602 522 hoc
1621 466 1782 521 etiam
1805 481 2057 536 corporeo
2084 473 2131 531 Α
2161 480 2392 534 nemque
2421 462 2764 533 splendorem
2819 469 3080 532 superat;
3131 461 3444 531 for-tuasque
3476 463 3547 526 ei,
3589 467 3714 528 ligu-

491 567 802 629 appareret,
824 559 866 612 si
897 557 1116 628 quidem
1149 557 1317 614 Filius
1347 559 1626 613 nobiscum
1653 574 1912 627 corporee
1939 575 2056 613 ver-

489 653 735 708 sabatur.
772 650 840 704 Et
874 665 1067 705 rursus
1103 651 1242 705 idem
1276 651 1410 704 alias
1436 667 1450 704 :
1475 650 1606 704 Cum
1635 649 1810 720 fulgor
1831 649 2055 720 angelo-

489 759 610 797 rum
643 756 694 798 et
725 741 983 813 splendor
1014 758 1272 812 corporea
1300 743 1606 813 signantur,
1651 744 1889 798 arbitror
1915 759 2060 814 sym-

493 832 676 907 bolum
709 845 830 885 esse
855 831 1112 899 puritatis
1138 846 1345 884 eorum.
1370 833 1448 884 Ad
1477 832 1610 896 haec,
1641 832 1860 886 divinus
1891 831 2060 901 Chry-

490 932 765 979 sostomus
789 924 1098 994 generalius
1125 924 1229 978 hoc
1255 933 1530 978 tractans:
1561 924 1616 976 Et
1647 925 1712 990 si,
1747 924 1946 994 inquit,
1970 921 2062 977 (ie-

491 1015 537 1069 ri
593 1014 789 1082 potuit,
820 1023 878 1069 ut
913 1015 1147 1083 Spiritus
1177 1025 1404 1070 sanctus
1427 1015 1598 1069 oculis
1635 1016 1900 1084 corporis,
1935 1029 2060 1084 spe-

490 1107 572 1160 cie
595 1106 858 1160 columba:
891 1106 1184 1169 videretur,
1220 1123 1324 1160 non
1352 1117 1527 1161 tamen
1553 1107 1811 1162 continuo
1835 1108 2061 1160 omnino

490 1211 714 1251 necesse
735 1195 861 1270 fuit,
881 1207 939 1250 ut
961 1198 1216 1250 omnibus
1239 1197 1338 1249 hoc
1362 1197 1516 1250 lio-r‘et
1538 1197 1908 1262 manifestum,
1934 1212 2058 1250 nam

494 1299 549 1343 et
573 1288 868 1342 Zacharias
900 1288 1067 1341 multa
1095 1287 1222 1342 vidit
1247 1288 1426 1355 specie
1449 1287 1550 1341 sub
1570 1303 1790 1342 sensum
1815 1287 2062 1354 cadente,

492 1390 545 1436 et
581 1382 708 1434 item
737 1379 1006 1446 Ezechiel,
1051 1396 1209 1435 neruo
1241 1393 1418 1435 tanien
1449 1382 1590 1435 alius
1617 1383 1803 1434 eadem
1834 1394 1958 1434 cum
1983 1379 2063 1436 eis

493 1475 662 1540 vidit;
694 1483 746 1528 ct
781 1474 992 1541 Moyses
1023 1475 1190 1527 multa
1223 1473 1376 1540 vidit,
1421 1489 1541 1543 qua:
1580 1473 1764 1528 nullus
1794 1473 1976 1538 alius;
2011 1480 2066 1526 ct

492 1567 1026 1637 transﬁgurationcm
1077 1566 1221 1620 illam
1263 1582 1384 1636 quae
1434 1567 1486 1620 iu
1545 1575 1728 1621 monte
1768 1565 1911 1620 facta
1956 1574 2063 1630 est,

492 1678 599 1716 non
641 1677 833 1717 omnes
867 1659 1117 1729 discipuli
1156 1668 1555 1728 perceperunt;
1593 1672 1772 1727 neque
1807 1657 1944 1710 visio
1980 1669 2066 1709 re-

491 1755 850 1809 surrectionis
867 1753 1064 1806 Christi
1090 1767 1212 1807 cum
1237 1751 1494 1805 otnuibus
1515 1749 1915 1804 communicata
1941 1747 2063 1810 fuit,

2160 574 2357 628 rasque
2389 556 2680 615 humanas,
2713 563 2806 608 aut
2835 554 3040 624 igneas,
3073 563 3166 608 aut
3197 556 3385 608 electri
3429 558 3712 624 inducunt;

2159 657 2215 704 et
2257 649 2448 702 oculos
2479 647 2600 716 ejus
2639 644 2738 715 (5).
2787 654 2950 715 atque
2999 659 3160 699 aures
3196 645 3298 713 (6),
3349 646 3581 713 capillos
3623 648 3716 717 (7),

2161 741 2326 794 facies
2354 739 2453 808 (8),
2485 753 2676 792 manus
2703 738 2800 807 (9),
2830 738 3081 807 scapulas
3109 739 3244 809 (l0),
3285 738 3404 793 alas
3439 739 3486 808 (ι
3506 741 3573 806 l),
3603 740 3719 794 bra-

2160 834 2280 886 chia
2315 831 2451 902 (12),
2483 831 2785 902 posteriora
2821 829 2957 900 (l5),
3031 839 3085 884 ct
3129 831 3295 899 pedes
3366 831 3478 900 (Η)
3511 832 3721 884 laudant

2161 932 2271 976 tum
2302 937 2536 977 coronas
2561 921 2696 992 (15),
2723 921 2882 977 sedes
2907 922 3042 992 (l6),
3072 923 3264 989 pocula
3301 922 3440 991 (l7),
3474 932 3526 975 et
3556 932 3722 977 crate-

2161 1031 2252 1070 ras
2283 1017 2420 1084 (18),
2457 1023 2511 1068 ct
2533 1017 2781 1084 quaedam
2817 1015 2921 1068 alia
2953 1015 2999 1068 ei
3031 1015 3315 1083 alliugunt,
3351 1016 3420 1067 de
3448 1017 3644 1081 quibus
3675 1019 3719 1068 in

2161 1107 2459 1177 symbolica
2508 1107 2779 1175 theologia
2814 1120 2912 1174 pro
2956 1106 3094 1158 virili
3130 1117 3284 1174 parte
3330 1105 3599 1158 dicemus.
3633 1105 3720 1159 Sc-

2162 1201 2343 1257 cuudo
2377 1210 2556 1254 autem
2587 1203 2765 1268 capite
2789 1198 3028 1253 caelestis
3067 1197 3404 1252 Hierarchia:
3435 1199 3546 1251 ait:
3583 1198 3720 1263 Quod

2163 1308 2291 1346 vero
2331 1307 2397 1346 ea
2428 1307 2548 1361 quae
2580 1292 2782 1361 signari
2813 1307 2918 1346 non
2947 1298 3195 1361 possunt,
3230 1292 3622 1346 convenienter
3661 1294 3724 1346 si-

2161 1385 2284 1454 gnis
2317 1384 2546 1438 obtecta‘
2569 1385 2701 1444 sint,
2732 1395 2784 1436 et
2823 1398 2946 1452 quae
3000 1385 3218 1453 ligurari
3258 1393 3566 1451 nequeunt,
3600 1384 3724 1451 ﬁgu-

2164 1478 2280 1541 ris;
2334 1489 2494 1529 nemo
2547 1475 2648 1530 hoc
2684 1473 2859 1528 solum
2908 1475 2960 1528 in
3012 1491 3176 1529 causa
3221 1491 3346 1530 esse
3377 1477 3544 1541 dicet,
3593 1477 3721 1544 quod

2166 1565 2520 1636 proportione
2554 1574 2744 1620 nostra
2793 1579 2898 1618 non
2955 1569 3232 1634 possimus
3275 1565 3403 1620 sine
3454 1565 3725 1634 iuterjecto

2165 1656 2491 1713 intermedio
2519 1657 2586 1710 ad
2619 1657 3105 1725 contemplationes
3139 1672 3330 1711 carum
3386 1672 3568 1709 rerum
3617 1673 3724 1726 qua:

2167 1750 2268 1804 sub
2302 1748 2711 1818 intelligentiam
2752 1748 2974 1812 cadunt,
3007 1749 3178 1802 adniti
3208 1766 3222 1811 ;
3256 1741 3510 1816 upusque
3541 1749 3608 1801 sit
3640 1763 3725 1800 uo-

415 1885 419 1892 .
493 1849 655 1918 idque
686 1856 872 1916 aperte
899 1845 1070 1900 Lucas
1093 1845 1353 1905 declarat,
1386 1859 1509 1899 cuni
1542 1843 1652 1897 ait:
1681 1841 1749 1895 Et
1778 1844 1918 1896 dedit
1945 1857 2063 1895 eum
2097 1817 2138 1873 Β
2166 1844 2252 1898 bis
2279 1817 2640 1896 familiaribus
2667 1850 2720 1895 et
2747 1851 2958 1895 natura:
2989 1852 3187 1895 nostra:
3218 1841 3482 1910 cognatis
3509 1826 3725 1893 :l’dmiui-

493 1939 825 2009 numifdttum
842 1938 960 2006 ﬁeri
982 1937 1194 1991 tatibus
1218 1937 1586 2006 prrcordiuaIis
1609 1954 1640 1990 a
1665 1935 1773 1989 Deo
1797 1936 1838 1997 ’,
1868 1942 1920 1988 et
1944 1951 2063 1988 rur-

493 2047 589 2088 sus
623 2033 762 2085 idem
797 2030 1219 2099 CluysOstonius
1249 2027 1470 2082 homilia
1499 2027 1591 2091 εδ,
1627 2029 1678 2079 in
1711 2025 2062 2096 Evangeliuut

491 2119 758 2174 Joannis:
791 2119 964 2174 Omne
996 2118 1126 2172 illud
1159 2117 1302 2186 quod
1336 2118 1440 2172 sub
1470 2131 1691 2171 sensum
1728 2115 1874 2169 cadit
1931 2114 2064 2168 sub-

493 2214 754 2268 stantiam
815 2211 1132 2280 angelorurn
1190 2209 1468 2263 declarare
1522 2223 1628 2260 non
1690 2216 1905 2276 patest,
1969 2204 2062 2259 sed

493 2321 721 2375 corpus,
755 2305 898 2374 quod
932 2304 1092 2356 habet
1125 2300 1569 2359 crassitudini-tn.
1601 2309 1654 2353 et
1686 2297 1954 2366 triplicem
1987 2296 2067 2348 di-

495 2398 854 2454 tneusiunem.
891 2397 965 2450 Ex
1013 2396 1096 2450 his
1121 2409 1249 2464 ergo
1297 2391 1648 2462 perspicuum
1688 2388 1884 2450 evadit,
1920 2388 2066 2456 quod

495 2488 773 2558 theologia
801 2487 1125 2562 symbolica,
1151 2501 1271 2552 qua:
1304 2485 1358 2537 in
1399 2481 1582 2553 specie
1605 2483 1721 2537 sive
1753 2482 1925 2533 lorma
1948 2494 2068 2532 cor-

495 2595 662 2650 porea
700 2579 988 2642 tenuatur,
1020 2576 1088 2630 iis
1117 2576 1335 2644 quidem
1385 2575 1476 2643 qui
1512 2572 1658 2643 digni
1699 2581 1851 2636 sunt,
1888 2581 2069 2624 notes-

495 2672 604 2740 cit;
643 2671 867 2742 reliquis
893 2685 1021 2724 vero
1053 2671 1308 2724 omnibus
1334 2669 1384 2720 in
1415 2684 1616 2721 arcano
1647 2676 1701 2720 et
1731 2664 1946 2720 occulto
1978 2679 2067 2718 re-

497 2765 800 2836 linquitur;
835 2765 980 2835 quod
1014 2763 1122 2818 illis
1163 2762 1296 2816 visis
1326 2761 1435 2816 alte
1475 2759 1836 2830 signiﬁcatur.

1099 2897 1331 2956 CAPUT
1373 2899 1459 2953 IV.

500 3021 656 3088 Quod
687 3019 982 3091 symbolice:
1014 3018 1307 3091 theorogiie,
1334 3030 1450 3085 qua:
1477 3015 1528 3066 in
1560 3011 2068 3091 speciesub‘sensu‘nt

569 3080 788 3146 cadet't'te
809 3097 1067 3153 versatur,
1101 3080 1371 3157 pro'priun't
1399 3092 1495 3148 est,
1526 3080 1595 3136 ut
1626 3081 1943 3152 quibusdam
1987 3080 2067 3133 di-

569 3163 702 3217 vinis
727 3171 776 3215 et
806 3160 973 3214 sacris
1005 3161 1124 3212 visis
1155 3157 1490 3226 infer-inetur.

569 3274 797 3344 Magnus
821 3271 1114 3342 Dionysius
1144 3268 1198 3322 in
1233 3268 1411 3335 primo
1445 3266 1519 3320 De
1549 3266 1740 3320 divinis
1771 3261 2068 3319 nominibus

497 3367 677 3438 capite
703 3367 820 3420 ait:
857 3364 1017 3433 Atqui
1068 3362 1300 3430 theologi
1351 3375 1459 3412 non
1513 3359 1628 3412 lucc
1656 3349 1836 3412 solum
1886 3355 2068 3409 divina

498 3457 722 3512 nomina
743 3454 1041 3515 celebrant,
1062 3466 1185 3522 quae
1212 3467 1240 3504 a
1263 3447 1621 3519 providentiis
1645 3448 1696 3500 in
1719 3444 2069 3514 nniverso(l)

500 3557 596 3604 aut
627 3549 682 3603 in
713 3555 866 3618 parte
895 3545 994 3617 (2),
1031 3552 1127 3598 aut
1155 3543 1222 3596 ab
1265 3543 1332 3596 iis
1367 3557 1486 3610 quae
1534 3538 1931 3609 providentiam
1975 3551 2070 3592 ca-

502 3643 683 3712 piunt,
737 3642 1031 3700 ducuntur,
1080 3635 1174 3691 sed
1203 3634 1367 3688 etiam
1406 3649 1435 3687 a
1489 3630 1816 3700 quibusdam
1871 3628 2072 3682 divinis

499 3733 638 3788 visis
667 3731 769 3802 (5),
811 3743 932 3800 quae
965 3726 1260 3798 aliquando
1287 3725 1340 3778 in
1372 3722 1546 3777 sacris
1590 3721 1807 3790 templis
1845 3719 1945 3790 (4),
1979 3725 2075 3772 aut

507 3827 646 3880 forte
689 3822 817 3878 alibi
853 3821 1146 3891 magistros
1200 3815 1610 3887 mysteriorum,
1661 3813 1744 3868 vel
1779 3810 2072 3881 prophetas

506 3916 912 3980 illuminarunt,
939 3914 1010 3968 oh
1041 3909 1394 3978 multiplicem
1433 3921 1652 3961 causam
1682 3915 1736 3959 et
1761 3905 1868 3958 vim
1898 3902 2078 3958 nomi-

505 4017 640 4071 nant
673 4006 882 4063 bonitat
920 4019 972 4060 in
1008 4003 1266 4067 divinam,
1320 4013 1439 4070 quin
1483 4012 1644 4052 omne
1689 4009 1911 4061 nomen,
1945 4010 2067 4051 om-

583 4202 601 4232 ²
629 4201 753 4253 Aet.
784 4212 838 4260 κ,
896 4193 986 4260 $0,
1019 4191 1108 4246 4t.

2167 1937 2328 1998 culis,
2359 1950 2478 2004 qua:
2505 1933 2709 1989 formas
2733 1935 3008 1996 exhibent,
3033 1950 3170 2002 quas
3195 1949 3400 2002 capere
3428 1949 3722 2002 p0.~SUlltl|§,

2164 2044 2352 2083 eorum
2383 2045 2503 2097 qua:
2536 2027 2752 2082 formari
2789 2013 3084 2096 nequeunt,
3114 2044 3346 2096 qumque
3377 2037 3621 2080 naturam
3647 2045 3725 2080 su-

2168 2131 2388 2191 perant,
2426 2121 2519 2175 sed
2549 2121 2711 2174 ctiatu
2745 2121 2888 2188 quod
2922 2121 3023 2173 hoc
3058 2121 3227 2187 magis
3266 2123 3532 2188 tuysticas
3560 2119 3726 2186 Scrip-

2169 2221 2321 2265 turas
2381 2213 2557 2275 decet,
2597 2221 2655 2264 ut
2693 2211 2908 2263 arcanis
2939 2222 2991 2264 et
3019 2211 3188 2264 sacris
3224 2211 3608 2279 amiguiatibus
3637 2214 3724 2262 oh-

2168 2291 2442 2372 teganzur,
2473 2310 2527 2355 ct
2562 2317 2668 2355 non
2705 2312 2885 2370 pateat
2919 2303 3082 2370 vulgo
3125 2303 3308 2356 aditus
3337 2305 3404 2355 ad
3448 2317 3647 2356 sacram
3679 2311 3725 2354 rt

2167 2397 2437 2450 occultam
2469 2396 2779 2449 divinarqu
2828 2397 3092 2449 tuentium
3129 2398 3446 2449 veritatem.
3481 2394 3609 2447 Hinc
3639 2395 3726 2461 ig:-

2171 2497 2260 2541 tur
2306 2497 2452 2555 patet
2509 2502 2721 2540 omnem
2768 2487 3096 2555 theologiam
3142 2487 3500 2556 syuiboliraxu
3548 2486 3724 2540 habet:

2172 2577 2377 2646 aliquid
2407 2575 2664 2638 ellictuut,
2699 2578 2814 2630 sive
2844 2578 2976 2630 illud
3025 2579 3095 2630 sit
3138 2579 3190 2628 in
3219 2577 3596 2637 serumuihus,
3627 2576 3724 2627 sive

2172 2665 2226 2720 in
2263 2667 2599 2730 nominibus,
2636 2667 2752 2720 sive
2785 2668 2944 2720 ctiam
2975 2669 3026 2720 in
3068 2667 3258 2720 formis
3301 2669 3490 2726 sensui
3532 2667 3722 2733 subjec-

2171 2759 2261 2824 tis,
2311 2758 2545 2812 maxime
2582 2774 2707 2811 vero
2739 2759 3019 2827 proprium
3068 2769 3154 2813 est
3202 2759 3490 2826 theologia.-
3525 2759 3724 2827 symbo-

2171 2852 2313 2912 licat,
2344 2866 2464 2920 quae
2498 2852 2548 2902 in
2587 2851 2653 2905 iis
2679 2865 2800 2919 quae
2831 2866 2992 2904 sensu
3041 2852 3445 2919 percipiuntur,
3477 2859 3721 2913 versatur,

2171 2943 2380 2995 formas
2404 2957 2467 2993 ex
2495 2941 2824 2994 animalibus
2847 2959 2967 3011 qua:
2992 2950 3316 3005 cernuntur,
3353 2953 3446 2995 aut
3469 2958 3530 2994 ex
3556 2957 3721 2994 eorum

2171 3035 2420 3102 partibus
2453 3034 2704 3105 elliugere
2731 3043 2785 3086 et
2816 3034 3060 3100 induere,
3090 3050 3262 3105 neque
3296 3035 3472 3089 solum
3505 3050 3568 3086 ex
3613 3034 3720 3084 tali-

2171 3129 2293 3192 bus,
2337 3127 2430 3180 sed
2477 3143 2540 3181 ex
2589 3127 2866 3180 coloribus
2911 3128 3090 3181 omnis
3133 3128 3375 3198 grue-ris,
3415 3143 3534 3194 qua:
3561 3127 3725 3189 Omnia

2170 3234 2334 3274 verus
2379 3219 2469 3272 ille
2515 3219 2799 3288 theologus
2844 3217 3140 3290 Dionysius
3189 3234 3301 3272 uno
3345 3222 3511 3271 verbo
3555 3219 3635 3270 div
3661 3232 3718 3268 na

2171 3312 2284 3366 visa
2316 3311 2626 3380 appellavit,
2665 3310 3010 3381 distinguens
3034 3325 3098 3365 ea
3123 3325 3152 3365 a
3187 3308 3440 3381 profanis
3473 3320 3523 3364 ct
3552 3307 3721 3363 fortui-

2174 3404 2245 3459 tis
2275 3403 2428 3460 visis.
2535 3391 2540 3400 ’

2785 3517 3017 3575 CAPUT
3056 3517 3124 3575 V.

2169 3630 2323 3697 Quod
2352 3631 2523 3684 omnis
2551 3631 2711 3685 etiam
2739 3630 2792 3684 in
2815 3631 3017 3702 angelis
3041 3646 3192 3702 sacra
3222 3631 3480 3702 formatio
3511 3632 3576 3683 ad
3599 3632 3718 3682 hanc

2402 3714 2608 3770 partem
2637 3700 2938 3769 symbolice:
2968 3700 3230 3771 thologiw'
3247 3702 3495 3769 refertur.

2250 3816 2477 3887 Magnus
2523 3816 2814 3888 Dionysius
2858 3816 3102 3872 secundo
3141 3818 3321 3886 capite
3369 3816 3594 3871 Calatis
3624 3814 3715 3865 laic-

2180 3907 2446 3962 rarchiw:
2476 3908 2555 3963 Ad
2599 3908 2713 3962 haec
2747 3907 3037 3961 dicendum
3069 3915 3176 3971 est,
3207 3908 3411 3976 quibus
3439 3905 3618 3959 formis
3641 3921 3719 3955 sa-

2177 4002 2286 4054 cris
2321 4013 2492 4054 sacra:
2517 3999 2819 4068 Scriptura:
2847 3997 3098 4054 cmlestcs
3128 3998 3351 4053 ordines
3382 3997 3644 4068 ﬁgurant;
3673 4001 3718 4046 et

1814 4338 2059 4403 Scholia
2092 4339 2153 4405 S.
2188 4341 2459 4405 Maximi.

575 4490 654 4562 (l)
689 4487 754 4541 In
805 4487 1064 4538 universo.
1123 4479 1192 4533 Ut
1223 4492 1315 4529 rex
1338 4516 1358 4554 ._
1403 4479 1640 4548 creator,
1668 4468 2072 4562 Ιιπιιιιῑρριθιιε,
2109 4474 2151 4528 ι)
2183 4468 2445 4562 l'aci‘e‘ntﬁs
2483 4475 2647 4562 tuala‘.

509 4537 1055 4618 uale’euiinnomiua
1091 4557 1222 4601 sunt
1253 4546 1451 4599 divinae
1488 4538 1846 4610 providentia:
1879 4537 1932 4588 iu
1977 4549 2070 4602 ge-

505 4646 654 4771 ’³θῖξῇ
693 4697 758 4750 lu
787 4702 958 4761 parte.
994 4691 1067 4746 Ut
1113 4690 1257 4744 Deus
1295 4685 1546 4765 deorum,
1600 4673 2079 4771 Daitiiiipsmdouii:

509 4746 1073 4833 uelauit-csregum
1106 4782 1130 4833 :_
1163 4773 1270 4812 non
1293 4755 1439 4809 enim
1473 4765 1686 4814 omnes,
1718 4746 1814 4803 sed
1856 4747 2076 4814 quidam

507 4830 767 4896 dicuntur
797 4830 1155 4905 dilutltllllllli.
1193 4841 1367 4905 Γθιξθξ·
1404 4895 1413 4905 ,
1583 4890 1619 4905 ,ι
1659 4888 1670 4900 ,
1709 4887 1756 4905 ,_
1793 4884 2019 4905 ____,7-.,

683 4885 860 4982 illa}.
891 4885 988 4982 vste
1017 4917 1034 4949 \
1047 4885 1170 4982 (teat
1180 4970 1187 4977 _
1199 4885 1554 4982 revelationes
1562 4885 2074 4982 Deidin‘sv

694 4956 1033 5049 itt'lelltplls.
1069 4970 1333 5049 Designat
1370 4966 1457 5049 hie
1491 4962 1798 5049 Dionysius

509 5024 979 5118 Stlltll
1031 5055 1080 5093 c.
1118 5055 1164 5091 vt
1193 5024 1568 5118 {vrdeturq‘ue
1619 5024 1846 5118 dicere,_
1878 5024 2080 5118 vidilsse

513 5095 1042 5178 tumplo
1080 5109 1211 5161 illud
1250 5095 1536 5178 vrsnmwde
1581 5103 1808 5178 sedente
1838 5095 2077 5178 insoliti,

512 5166 1021 5253 E‘i'a'ésiiapuniis
1045 5193 1208 5253 supra
1241 5179 1394 5229 illud.
1429 5175 1558 5253 Qua:
1589 5166 2078 5253 ileinceps‘xhieiu

513 5235 1134 5330 sEquuntur',
1161 5249 1302 5300 dicta
1335 5235 1465 5298 sunt
1492 5247 1560 5294 de
1589 5243 1800 5295 visione
1827 5235 2083 5288 Ezechie-

512 5334 582 5388 lis
609 5322 732 5400 cap.
766 5335 885 5400 t,_et
918 5325 991 5400 de
1015 5322 1120 5400 alia
1153 5331 1274 5385 cap.
1308 5331 1401 5400 st.»
1438 5381 1488 5400 μ
1524 5379 1564 5400 ΑΞ

584 5382 917 5471 (ﬁrmatos.
955 5391 1076 5445 l’sal
1110 5382 1256 5440 xxxii
1285 5402 1298 5439 :
1334 5382 1491 5438 Oculi
1518 5382 1638 5449 ejus
1669 5393 1832 5448 super
1881 5387 2085 5444 paupe-

513 5469 1016 5536 rem—respiciunt.“

583 5514 886 5610 libb.
917 5530 1110 5610 Jacob.
1139 5544 1209 5610 vi:
1233 5526 1452 5581 Clamor
1473 5538 1665 5578 eorum
1698 5524 1755 5579 in
1784 5529 1948 5574 aures
1981 5514 2084 5568 Do-

511 5600 654 5668 nti‘ni'
671 5605 911 5663 Sabaoth
943 5600 1208 5656 introivit.

603 5660 658 5751 ἦ.)
683 5660 948 5746 capillos.
979 5673 1114 5726 Dan.
1149 5683 1262 5746 \‘tt‘:
1294 5669 1358 5722 Et
1383 5665 1564 5736 capilli
1584 5662 1777 5735 capitis
1803 5660 1924 5730 ejus
1953 5671 2088 5726 qua-

512 5753 560 5808 si
589 5751 712 5808 lana
748 5751 891 5800 alba.

586 5805 663 5892 (8)
715 5817 918 5872 Facies.
964 5812 1107 5870 Psal.
1170 5825 1354 5864 xxxu:
1412 5807 1600 5865 Facies
1653 5805 1867 5861 Domini
1919 5814 2086 5872 super

2255 4537 2330 4608 (9)
2354 4537 2724 4612 (Munusalob.
2757 4557 2876 4612 cap.
2909 4557 2939 4594 x
2964 4557 2978 4595 :
3007 4538 3199 4594 Manus
3227 4547 3333 4593 tua:
3357 4537 3591 4612 fecerunt
3616 4547 3712 4612 ine.

2183 4609 2670 4729 l.l(lltll).5capulw.
2704 4607 2846 4668 Psal'.
2876 4627 2976 4666 xc:
3024 4611 3278 4680 Scapulis
3310 4611 3425 4666 suis
3457 4607 3713 4660 obutubia-

2201 4694 2233 4728 η
2323 4693 2334 4729 ι
2364 4695 2417 4729 ›ι.

2201 4687 2260 4728 ιιι
2297 4686 2417 4730 lilii.

2253 4747 2366 4817 (ll)
2397 4749 2529 4802 Alw.
2566 4750 2708 4806 Psal.
2751 4768 2839 4805 xvt
2865 4769 2881 4807 :
2910 4753 3024 4809 Sub
3057 4755 3250 4808 umbra
3286 4751 3494 4805 alarum
3525 4755 3708 4798 tuarum

2185 4826 2406 4886 protege
2444 4835 2548 4870 tne.

2255 4889 2365 4957 (l2)
2397 4888 2649 4944 Brachia.
2710 4891 2851 4945 Psal.
2889 4907 3171 4948 Lxxxvut:
3223 4889 3505 4945 Braehium
3559 4893 3709 4935 meum

2183 4959 2515 5010 coiifi'u'taliit
2545 4976 2694 5014 euut.

2257 5027 2369 5148 llis
2421 5026 2748 5086 Ροδωνίυναο
2777 5032 2968 5087 .Exod.
3005 5046 3215 5086 sunt:
3270 5027 3565 5083 Posteriora
3611 5032 3708 5072 Illt‘a

2275 5117 2302 5148 υ
2327 5114 2408 5148 HS.

2184 5099 2408 5151 videbis.
2887 5105 2889 5107 ‘

2259 5167 2370 5237 (Η)
2409 5169 2588 5224 Pedes.
2624 5170 2827 5226 Genes.
2868 5182 2924 5226 ιιι
2958 5190 2970 5225 :
3011 5171 3072 5223 Et
3105 5171 3394 5225 audierunt
3423 5176 3592 5220 vocem
3622 5159 3706 5208 Du-

2187 5237 2754 5312 utinindeambulantis
2789 5244 2842 5296 in
2877 5244 3152 5312 paradiso.
3666 5292 3704 5312 η,

2258 5307 2370 5376 (15)
2407 5315 2664 5364 coronas.
2715 5306 3019 5368 l’salfutv
3047 5325 3062 5364 :
3095 5311 3334 5366 Benedic
3374 5317 3574 5364 corona:
3601 5306 3703 5349 auttl

2184 5378 2536 5445 benignitatis
2557 5392 2682 5436 tuas.

2257 5443 2370 5516 (16)
2404 5448 2588 5503 Sedes.
2617 5451 2705 5504 l’s.
2733 5467 2969 5506 Luxvitt
2996 5469 3012 5506 :
3043 5450 3302 5506 Throuus
3320 5461 3462 5512 tuus,
3492 5443 3630 5500 Deus,
3657 5448 3700 5484 tn

2186 5523 2448 5572 secutum
2482 5521 2687 5575 εωθιιιί.

2221 5661 2230 5671 ,
2259 5587 2370 5659 (17)
2401 5589 2580 5644 Calix.
2627 5591 2772 5646 Psal.
2805 5607 2965 5647 Lxxtv
2993 5611 3008 5649 :
3043 5592 3200 5646 Calix
3246 5587 3450 5645 Domini
3487 5584 3535 5637 in
3563 5584 3694 5632 manu

2185 5674 2328 5730 epis.
2509 5685 2514 5691 -
3473 5675 3484 5686 ο

2260 5732 2372 5799 (18)
2407 5730 2680 5792 Crateras.
2715 5733 2873 5791 Prov.
2903 5747 2957 5790 ts
2986 5751 3000 5791 :
3025 5733 3241 5791 Miscuit
3269 5742 3520 5788 crateram
3548 5730 3691 5780 suam.

2187 5803 2329 5874 apud
2371 5801 2534 5858 LXX.
