3784 6536
430 432 537 490 759

1580 437 1903 497 JOANNIS
1942 438 2520 503 CYPAPISSlOTdZ
3466 488 3469 489 ν
3532 455 3611 518 πω

429 524 799 611 integumenta
818 559 940 600 esse
965 548 1208 602 St'iettlize
1253 562 1487 614 arcente,
1526 558 1582 603 et
1622 552 1784 619 vulgo
1816 552 1990 604 bomi-
2020 554 2066 612 Α
2096 555 2188 608 sed
2210 556 2392 622 potius
2426 558 2579 611 oumi
2609 558 2788 613 studio
2816 561 2884 613 ad
2915 559 3262 615 sublimiores
3304 563 3615 632 cogitationes

426 642 554 687 nutu
589 636 837 697 occultae,
858 647 921 689 ut
948 653 1009 690 ea
1036 654 1157 707 qua:
1183 640 1530 695 sanctissima
1564 653 1711 705 sunt,
1745 658 1851 696 non
1884 644 1993 698 sint

425 725 669 794 profanis
697 727 877 783 facilia
912 730 979 784 ad
1010 732 1422 801 intelligendum
1447 771 1464 797 ,
1497 736 1588 789 sed
1617 745 1826 790 tantum
1861 750 1990 791 vere

422 819 682 875 studiosis
712 821 1019 878 sanctitatis
1043 826 1378 892 aperiantur,
1417 835 1604 897 utpote
1638 827 1904 896 expeditis
1925 829 1994 885 ab

425 913 571 965 omni
608 912 799 982 puerili
834 914 1159 984 cogitatione
1190 918 1242 971 in
1279 919 1466 983 sacris,
1504 921 1789 990 symbolis,
1813 932 1865 974 et
1893 922 1986 992 qui

423 1005 541 1059 acie
567 1009 783 1070 mentis,
817 1017 872 1061 ιιι
896 1008 1092 1079 ingenii
1143 1008 1400 1066 facultate
1421 1014 1485 1067 ad
1507 1015 1990 1081 contemplandum

423 1093 637 1158 idonea,
674 1098 952 1151 veritatem
972 1099 1275 1169 simplicem
1298 1113 1349 1155 et
1380 1119 1542 1168 supra
1570 1116 1819 1157 naturam
1847 1121 1993 1175 sym-

422 1182 671 1241 iiolorum
695 1190 1016 1245 collocatam
1041 1195 1261 1263 assequi
1302 1197 1530 1264 possint.
1560 1195 1622 1251 Et
1644 1213 1831 1252 rursus
1852 1199 1993 1253 idem

421 1294 545 1346 cap.
578 1280 613 1334 2
671 1281 744 1334 De
795 1282 989 1338 caelesti
1037 1285 1371 1341 Itierarcltia:
1405 1288 1515 1349 Sic,
1572 1288 1766 1358 inquit,
1805 1305 1995 1345 omnes

422 1370 606 1425 divina
635 1374 901 1441 sapientia
921 1376 1144 1442 eruditi,
1163 1389 1218 1433 et
1243 1380 1407 1434 divini
1432 1381 1647 1435 afﬂatus
1677 1382 1908 1443 ministri
1944 1390 1998 1437 et

425 1462 753 1533 interpretes
803 1466 1001 1522 Sancta
1053 1479 1366 1525 sanctorum
1422 1488 1450 1526 a
1486 1473 1731 1541 profanis
1758 1474 1905 1538 etab
1931 1474 1997 1529 iis

424 1554 518 1623 qui
554 1556 753 1611 initiati
783 1575 887 1613 non
926 1569 1075 1625 sunt,
1099 1577 1238 1629 pure
1272 1573 1547 1632 separant,
1575 1575 1628 1617 et
1657 1564 1858 1619 formas
1886 1564 1993 1619 eiii.

423 1659 539 1700 etas
570 1647 860 1705 dissimiles
892 1652 1194 1718 celebrant,
1233 1664 1292 1708 ut
1322 1670 1502 1724 neque
1535 1654 1717 1710 divina
1751 1673 1779 1709 a
1810 1656 1995 1724 profa-

390 1738 513 1793 ‘nis
542 1738 700 1795 facile
747 1743 954 1813 percipi
1009 1754 1246 1815 queant;
1295 1762 1469 1817 neque
1523 1749 1612 1816 qui
1663 1749 1848 1803 studio
1874 1765 1998 1815 spe—

425 1831 614 1884 ctandi
662 1847 847 1888 sacras
876 1835 1006 1891 istas
1047 1837 1311 1904 imagines
1344 1838 1589 1894 inclusas
1634 1850 1905 1909 tenentur,
1941 1844 1994 1897 in

2099 659 2403 700 recurrere.
2436 646 2503 721 Ut
2540 647 2706 717 igitur
2726 648 2957 717 simplici
2991 659 3044 703 ct
3067 650 3318 703 distincta
3347 656 3618 721 repetitione

2097 750 2364 805 exponam
2394 720 2572 807 capita
2598 756 2718 809 qua:
2738 743 2989 803 tractavi,
3010 750 3289 797 ostensum
3311 753 3387 796 est
3412 746 3459 797 in
3482 749 3623 812 primo

2097 829 2293 897 capite,
2353 840 2609 900 tanquam
2678 834 2730 887 in
2795 849 2994 903 genere
3031 835 3295 904 quodam,
3353 837 3625 907 simpliciter

2096 919 2507 990 theoloigiamdn
2561 923 2699 977 duas
2750 927 2964 992 species
3023 925 3372 980 distributum
3426 942 3551 988 esse.
3581 932 3623 986 in

2100 1027 2332 1080 quarum
2363 1013 2558 1078 altera,
2594 1031 2715 1085 quae
2742 1024 2827 1070 est
2859 1016 3147 1087 tbeologiae
3190 1018 3506 1087 symbolicae.
3529 1038 3627 1091 pro-

2102 1105 2244 1161 xime
2274 1107 2606 1178 expiicatum
2676 1110 2989 1165 necessario
3014 1121 3120 1174 est,
3149 1126 3271 1179 qua:
3313 1120 3365 1165 et
3390 1123 3509 1180 quot
3541 1117 3628 1172 sint

2098 1212 2221 1266 quia
2252 1199 2306 1251 in
2333 1213 2398 1253 ea
2426 1200 2753 1269 aperiuntur
2780 1212 2834 1255 et
2857 1202 3230 1262 declarantur.
3267 1202 3455 1258 deinde
3470 1220 3627 1274 seque-

2098 1287 2260 1342 batur
2297 1291 2502 1356 statim,
2556 1300 2612 1344 ut
2640 1293 2824 1360 qualia
2881 1292 2987 1347 ista
3027 1302 3239 1360 essent,
3301 1296 3626 1365 expediretur,

2098 1394 2297 1451 nempe
2350 1396 2614 1452 corporea
2642 1392 2697 1437 et
2748 1384 2852 1439 sub
2886 1399 3108 1440 sensum
3137 1386 3410 1452 cadentia,
3458 1401 3627 1458 postea,

2098 1471 2225 1539 quid
2255 1471 2448 1526 horum
2476 1476 2756 1542 proprium
2785 1482 2877 1540 snt,
2915 1476 3169 1542 deinceps
3196 1491 3307 1531 non
3341 1479 3508 1533 solum
3532 1498 3628 1550 qua:

2100 1564 2166 1618 de
2197 1562 2304 1618 Deo
2336 1573 2489 1627 sunt,
2535 1565 2844 1621 istiusmodi
2899 1566 3090 1623 formis
3119 1578 3174 1624 et
3205 1571 3527 1645 imaginibus
3565 1575 3631 1629 in-

2096 1663 2297 1710 structa
2332 1672 2475 1721 esse,
2519 1658 2612 1712 sed
2646 1659 2809 1713 etiam
2837 1676 2961 1730 quae
2980 1662 3047 1715 de
3080 1662 3332 1731 angelis:
3366 1665 3629 1731 proximqu

2098 1755 2238 1807 erat,
2282 1755 2413 1815 quot
2463 1748 2635 1803 modis
2695 1750 2794 1804 ista
2857 1752 3158 1822 symbolica
3217 1754 3570 1822 percipiuntur
3593 1770 3634 1811 et

2102 1848 2394 1905 apparent,
2418 1838 2638 1903 deinde,
2669 1856 2780 1909 quo
2828 1843 3096 1897 vocabulo
3138 1844 3243 1897 ista
3264 1853 3389 1897 sunt
3435 1856 3573 1912 lecta,
3595 1862 3635 1905 et

424 1918 537 1976 illis
572 1925 917 1980 extrinsecus
949 1927 1137 1995 figuris
1172 1939 1223 1983 et
1257 1930 1427 1997 signis
1460 1940 1717 1999 tanquam
1767 1933 1819 1986 in
1852 1935 1995 1988 veris
2031 1906 2068 1960 Β
2100 1932 2343 1986 involuto
2374 1934 2662 2001 appellata,
2695 1936 2761 1989 ad
2801 1936 2936 2002 haec,
2971 1938 3169 2005 quibus
3201 1938 3532 1995 iutertrediis
3552 1943 3631 1997 ista

422 2010 687 2068 lia-rvunt.
723 2012 838 2068 lmo
869 2025 922 2070 et
962 2032 1193 2087 magnus
1236 2019 1498 2076 Basilius:
1541 2021 1668 2087 Qui,
1702 2023 1896 2093 inquit,
1926 2025 1992 2079 ad

423 2102 681 2160 celsiores
733 2108 986 2165 notiones
1019 2125 1083 2164 ex
1123 2110 1305 2166 verbis
1337 2128 1445 2167 non
1497 2114 1767 2174 ascendit.
1802 2116 1897 2170 sed
1938 2118 1989 2171 in

422 2194 559 2263 ipsis
591 2196 1052 2257 delineationibus
1079 2216 1369 2271 corporum
1399 2204 1690 2258 verborum
1718 2208 1993 2276 composi-

421 2283 762 2345 tione‘factis
808 2290 1032 2352 residet.
1066 2291 1250 2347 audiet
1284 2308 1350 2348 ex
1386 2293 1596 2364 Moyse,
1640 2296 1810 2349 Deum
1866 2310 1991 2352 esse

423 2376 642 2447 ignem;
694 2390 747 2434 et
778 2396 807 2435 a
847 2381 1064 2439 Duniele
1113 2384 1361 2455 sapiente
1413 2389 1480 2440 ad
1522 2387 1659 2441 alias
1701 2389 1991 2458 opiniones
2038 2400 2043 2405 ί

420 2470 865 2543 detorquebitur;
902 2477 974 2567 iIIa
1014 2478 1103 2532 fiet
1126 2486 1183 2531 ut
1209 2493 1317 2531 non
1348 2479 1523 2533 solum
1582 2478 1754 2537 falsas
1783 2483 1992 2552 cogita-

421 2564 623 2629 tiones,
680 2568 775 2631 sed
806 2564 949 2622 inter
1001 2584 1060 2623 se
1129 2580 1433 2639 pugnantes
1504 2586 1573 2626 ex
1627 2573 1764 2642 ipsis
1828 2577 1993 2630 rebus
2052 2591 2055 2596 ·

422 2654 660 2734 colligat.
695 2654 767 2710 Ex
798 2657 882 2712 bis
916 2668 1059 2727 patet
1092 2674 1201 2713 non
1244 2669 1497 2729 oportere
1532 2662 1741 2716 haerere
1769 2664 1822 2717 in
1851 2679 1998 2734 syms

421 2723 596 2800 bolice
625 2747 813 2803 eﬂietis
842 2723 1051 2814 formis,
1078 2723 1575 2819 quomodocunque
1630 2723 1986 2821 effinguntur,

422 2837 538 2891 sive
569 2836 622 2891 in
648 2839 833 2906 specie
871 2841 973 2895 sub
1004 2856 1223 2894 sensum
1256 2842 1505 2906 cadente,
1530 2842 1646 2899 sive
1672 2845 1722 2897 in
1756 2846 1992 2900 vocabu-

343 2927 345 2929 ’
423 2925 490 2981 lis
510 2941 631 2997 quae
661 2929 916 2985 videntur
946 2931 1147 2987 habere
1178 2932 1404 2987 multum
1430 2933 1623 2989 absoni
1657 2944 1712 2991 ct
1746 2935 1993 3005 absurdi;

2098 2034 2383 2092 geruntur,
2424 2023 2622 2080 deinde
2663 2035 2947 2082 ostensum
2980 2038 3063 2082 est
3092 2045 3199 2083 non
3232 2044 3393 2099 posse
3428 2031 3529 2087 hare
3552 2035 3632 2087 ali-

2097 2125 2181 2171 ter
2202 2117 2314 2172 fieri
2355 2117 2457 2171 nisi
2494 2133 2588 2187 per
2630 2120 3007 2185 intcrmedios,
3040 2137 3136 2192 per
3167 2123 3393 2190 angelos
3438 2126 3634 2190 scilicet,

2095 2216 2376 2277 postremo
2416 2225 2524 2264 non
2556 2224 2679 2265 esse
2709 2212 3021 2267 Itmrendum
3058 2213 3110 2266 in
3143 2213 3458 2282 huiusmodi
3498 2218 3630 2285 typis.

2097 2299 2212 2381 sive
2247 2301 2298 2354 in
2351 2301 2483 2358 solis
2556 2304 2740 2359 verbis
2768 2288 3097 2370 sinteflicti,
3130 2307 3251 2361 sive
3294 2304 3346 2359 iu
3399 2304 3565 2360 formis
3591 2319 3633 2361 et

2095 2392 2447 2461 imaginibus.
2500 2394 2639 2449 nihil
2673 2396 2957 2465 igiturhic
2996 2397 3171 2460 deest,
3222 2398 3357 2467 quin
3387 2397 3491 2452 sint
3538 2398 3629 2452 hac

2101 2484 2365 2539 absoluta.
2422 2485 2797 2543 Consentance
2854 2503 2983 2544 vero
3030 2488 3351 2558 bnjusmodi
3409 2490 3633 2557 theologia

2101 2588 2303 2628 arcana
2336 2576 2494 2631 nobis
2525 2587 2578 2632 et
2603 2580 2830 2650 mystica
2859 2579 3080 2644 dicitur,
3112 2580 3247 2649 quia
3278 2596 3383 2633 non
3414 2581 3531 2634 sinit
3554 2596 3632 2635 nos

2103 2666 2156 2718 iu
2190 2664 2322 2720 visis
2363 2666 2580 2733 sistere,
2613 2670 2705 2723 sed
2731 2670 2960 2724 ulterius
2994 2670 3247 2741 progredi
3286 2671 3429 2738 cogit
3452 2686 3535 2725 eos
3553 2671 3628 2738 qui

2096 2770 2328 2825 pennas,
2356 2759 2558 2827 quibus
2585 2761 2637 2814 in
2666 2761 2902 2819 sublime
2928 2760 3213 2828 ferantur,
3246 2778 3276 2817 a
3304 2771 3489 2818 natura
3511 2778 3636 2819 acce-

2100 2861 2321 2919 perunt.
3050 2914 3051 2917 η
3278 2870 3289 2875 “

2516 3096 2536 3120 l

939 3209 1287 3311 SE’CUNDA
1338 3211 1606 3275 DECAS.
1634 3248 1704 3257 —
1744 3215 1862 3275 DE
1911 3218 2394 3291 THEOLOGIA
2447 3231 2803 3298 DEMONS
2814 3233 2971 3294 TRA
2988 3233 3070 3293 TI
3082 3234 3206 3294 VA.

882 3430 890 3439 δ
1066 3358 1372 3417 CAPUT].

602 3449 754 3516 Quod
786 3449 980 3521 duplex
1002 3452 1073 3507 sit
1106 3453 1363 3526 theologia
1384 3454 1825 3515 demonstrativa.

500 3562 723 3633 Magnus
741 3564 1030 3637 Dionysius
1051 3569 1291 3625 secundo
1313 3571 1489 3639 capite
1514 3572 1754 3628 Calcatis
1793 3576 1998 3631 liierar-

426 3657 557 3709 chio:
576 3672 595 3710 :
620 3656 758 3722 Duo,
778 3657 951 3727 inquit
970 3660 1072 3732 (Ι),
1101 3660 1245 3717 modi
1272 3675 1400 3718 sum
1423 3679 1592 3720 sacrae
1611 3667 2001 3724 nominationis

431 3747 565 3802 Dei:
605 3747 743 3801 alter
781 3750 1022 3819 quidem,
1056 3761 1114 3804 ut
1146 3765 1582 3809 consentaneum
1625 3770 1872 3829 apparot,
1900 3778 1997 3831 per

427 3838 630 3894 similes
659 3840 920 3908 imagines
945 3857 1006 3894 ac
1024 3843 1176 3911 signa
1202 3859 1365 3921 sacra
1426 3847 1654 3903 tendens
1678 3867 1690 3915 ;
1712 3850 1847 3905 alter
1877 3868 2001 3907 vero

427 3947 523 3999 per
563 3931 859 3987 dissimiles
907 3931 1114 3988 formas
1144 3936 1195 3989 in
1237 3938 1471 4005 speciem
1505 3940 1769 3997 absonam
1800 3930 1859 3999 et
1882 3946 2001 4001 dis-

427 4034 743 4077 scntaneam
772 4024 1007 4088 effictus,
1034 4041 1097 4081 ac
1126 4028 1451 4084 traditiones
1500 4033 1718 4102 quidem
1749 4038 1998 4105 mysticae

424 4117 831 4187 Scripturarum
855 4120 1021 4171 Deum
1044 4122 1469 4189 enuntiantium,
1488 4128 1849 4183 venerandam
1877 4131 1998 4196 ejus

426 4209 521 4273 qui
575 4224 739 4276 supra
773 4210 1137 4266 substantiam
1167 4222 1275 4276 est,
1310 4214 1632 4286 θιοθεαμχια
1667 4219 1769 4294 (Ξ),
1805 4220 1856 4273 id
1888 4231 1995 4285 est,

427 4299 572 4356 Deus
625 4300 874 4367 deorum,
953 4302 1342 4362 beatitudinem
1388 4307 1674 4364 interdum
1729 4320 1992 4381 tauquam

429 4407 665 4453 tuentem
686 4409 740 4453 et
760 4394 994 4455 Verbum
1024 4408 1081 4456 et
1103 4399 1461 4456 substantiam
1487 4401 1565 4471 (ὅ)
1595 4402 1844 4468 laudant,
1868 4420 1993 4459 cum

2035 3378 2080 3439 ο
2110 3384 2582 3441 ratiocinationem
2613 3387 2688 3458 (ι)
2719 3403 2839 3457 quae
2865 3386 3032 3443 Deum
3056 3388 3235 3450 decet,
3269 3396 3324 3442 et
3346 3384 3627 3456 sapientiam

2106 3477 2224 3543 ejus
2262 3476 2561 3539 declarant.
2617 3488 2673 3534 et
2710 3480 2873 3535 talem
2899 3495 2963 3535 ac
2990 3488 3202 3534 tantum
3266 3493 3410 3541 esse,
3466 3475 3548 3548 qui
3577 3474 3632 3531 sit

2107 3582 2236 3623 vera
2273 3582 2436 3623 causa
2485 3569 2807 3625 substantiae
2852 3587 3035 3625 rerum
3065 3586 3080 3636 ;
3113 3579 3169 3625 et
3199 3581 3459 3634 tanquam
3484 3569 3634 3622 lumen

2105 3675 2226 3716 eam
2255 3659 2546 3729 effingunt,
2576 3676 2640 3717 ac
2661 3662 2824 3716 vitam
2853 3671 3070 3726 vocant,
3102 3678 3230 3717 cum
3257 3661 3458 3731 alioqui
3484 3659 3637 3726 hujus-

2106 3750 2255 3805 modi
2318 3750 2504 3805 formae
2540 3754 2592 3805 in
2642 3750 2935 3825 Scriptura
2974 3768 3127 3806 sacra
3175 3752 3397 3814 efﬁctas.
3438 3751 3638 3804 honesta

2105 3844 2322 3914 quidem
2361 3852 2416 3899 et
2437 3859 2629 3914 graves
2660 3845 2793 3909 sint,
2818 3857 2871 3898 et
2906 3860 3028 3913 qua:
3069 3844 3274 3899 forwas
3306 3856 3538 3899 terrenas
3564 3855 3638 3893 et-

2103 3934 2300 3989 cellere
2338 3936 2737 4004 quodammodo
2784 3936 3112 4000 vidcantur;
3155 3935 3473 4009 sinttameu
3513 3930 3625 3984 inira

2105 4026 2517 4081 similitudinem
2538 4027 2631 4082 Dei
2655 4026 2776 4081 cum
2803 4028 2918 4098 ipsa
2944 4030 3169 4082 veritate
3192 4045 3209 4092 ;
3229 4038 3314 4082 est
3340 4028 3479 4081 enim
3502 4037 3636 4093 supra

2105 4133 2322 4174 omnem
2372 4135 2617 4190 causam.
2653 4128 2702 4174 et
2740 4119 2945 4185 vitam;
2992 4135 3114 4174 cum
3175 4120 3387 4172 nullum
3447 4117 3632 4187 quidem

2106 4211 2289 4267 lumen
2316 4213 2487 4281 possit
2507 4210 2670 4264 Deum
2696 4210 3034 4280 exprimere;
3060 4225 3221 4263 onmc
3242 4218 3423 4263 autem
3446 4205 3635 4260 verbum

2103 4315 2159 4360 et
2193 4319 2345 4359 utens
2377 4304 2442 4357 ah
2473 4303 2588 4371 ipsa
2622 4302 2713 4357 [lci
2738 4300 3100 4357 similitudine
3133 4302 3351 4355 infinito
3392 4296 3635 4352 intervallo

2107 4398 2314 4451 distent
2342 4411 2359 4460 ;
2393 4394 2725 4464 quandoque
2774 4407 2905 4448 vero
2930 4393 3293 4447 dissimilibus
3325 4390 3401 4460 (5)
3430 4388 3635 4445 declara-

1687 4560 1936 4625 Scholia
1982 4564 2044 4625 S.
2082 4557 2369 4622 Maximi.

429 4691 673 4755 apparet,
706 4697 811 4737 non
843 4684 989 4738 enim
1024 4684 1103 4741 sic
1130 4685 1446 4754 accipienda
1485 4692 1640 4751 sunt,
1676 4685 1770 4741 sed
1806 4686 1989 4755 potius
2023 4688 2068 4749 D

430 4752 727 4827 secundum
774 4768 990 4823 sensus,
1011 4770 1150 4826 quos
1190 4752 1439 4827 symbola
1482 4755 1634 4813 intus
1661 4752 1866 4812 habent
1890 4760 1995 4811 alte

343 4845 346 4849 ·
431 4823 758 4879 reconditos.

505 4894 581 4961 (l)
627 4892 762 4963 Duo,
788 4893 984 4963 inquit,
1025 4894 1193 4950 modi.
1236 4895 1390 4958 Quod
1427 4895 1643 4953 duobus
1679 4897 1856 4952 modis
1883 4896 1999 4950 lau-

431 4965 595 5019 datur
631 4962 790 5025 Deus,
822 4973 917 5018 aut
949 4976 1205 5029 tauquam
1242 4965 1437 5020 similis
1474 4968 1730 5021 omnibus
1791 4967 1997 5030 (omnia

432 5036 586 5105 enim;
611 5034 662 5087 in
701 5037 825 5105 ipso
882 5034 1211 5101 consistunt)
1251 5048 1347 5090 aut
1391 5045 1646 5105 tanquam
1711 5035 1997 5093 dissimilis

432 5103 589 5172 (nihil
619 5112 701 5175 est
742 5103 886 5157 enim
927 5119 1119 5175 eorum
1167 5119 1288 5173 quae
1336 5103 1514 5175 sunt),
1548 5111 1772 5174 exponit
1802 5107 1997 5161 deinde

396 5192 407 5199 ·
435 5173 745 5243 Dionysius,
768 5173 1040 5240 quomodo
1067 5172 1371 5229 formantur
1400 5172 1490 5230 isti
1517 5172 1658 5233 modi
1682 5177 1999 5231 nominandi

437 5246 477 5317 ῃ
512 5259 605 5317 um
643 5258 739 5312 per
768 5243 989 5317 similia,
1026 5246 1441 5317 utcumdicitnr
1466 5245 1605 5301 Deus
1632 5249 1687 5301 in
1716 5248 1995 5315 Scriptura

433 5311 697 5380 Verbum,
719 5320 773 5367 et
806 5311 999 5385 mens";
1026 5322 1088 5385 _u_t
1117 5311 1278 5385 illud:
1315 5314 1449 5381 Quis
1475 5319 1726 5385 cognovit
1754 5311 1996 5379 sensum,

433 5380 1038 5458 sivementem__Do_mini
1062 5383 1085 5435 ?
1105 5382 1277 5453 (Rom.
1304 5380 1458 5458 tt),ct
1482 5380 1623 5458 istitd
1651 5388 1703 5458 in
1724 5387 2000 5455 prophetis

431 5453 693 5529 frequens
724 5467 740 5505 :
776 5450 840 5529 E_t
894 5449 1240 5529 fa_ctum_‘_cst
1267 5449 1491 5529 verbum
1526 5449 1738 5511 Domini
1779 5449 1852 5529 ad
1887 5472 1992 5511 me.

507 5521 585 5594 (Ξ)
612 5523 876 5595 osupxla.
907 5521 1043 5595 Cum
1093 5524 1385 5595 Dionysius
1427 5526 1589 5582 Deum
1628 5533 1782 5581 vocat
1832 5527 1996 5594 θεαρ-

433 5592 579 5664 χὶαίνς
612 5592 682 5667 ab
715 5607 780 5646 eo
808 5592 1055 5667 nominat
1087 5592 1350 5667 quodest
1374 5598 1719 5667 potissimum
1773 5597 1863 5650 Dei
1893 5592 1994 5649 do-

436 5661 589 5725 iium,
628 5661 809 5732 facere
874 5662 1083 5717 scilicet
1121 5666 1342 5732 angelos
1371 5661 1664 5721 ctsancttis
1721 5667 1994 5729 homines,

433 5732 613 5802 quoad
664 5729 777 5802 ﬁeri
810 5740 1007 5802 potest,
1048 5734 1179 5788 deos
1198 5729 1497 5801 'qnosdam,
1551 5736 1696 5789 sicut
1732 5736 1996 5800 scriptun

435 5799 552 5859 ὀψε
590 5803 703 5873 Ego
722 5799 851 5873 dixi.
875 5799 1107 5873 Dii‘estis
1127 5799 1297 5871 (Paul.
1330 5799 1587 5871 Lxmﬂ,
1614 5813 1633 5858 ι
1672 5805 1839 5859 illud:
1868 5804 2007 5858 Deus

438 5870 661 5929 deorum
696 5872 746 5927 iu
774 5872 904 5928 Sion
923 5870 1094 5935 (l’sal.
1124 5870 1624 5939 Lxxxniesapyiav
1649 5878 1828 5931 ituuue
1854 5875 2006 5938 dicit,

2096 4683 2254 4754 quasi
2281 4680 2430 4754 θεῶν.
2472 4678 2743 4754 ᾇρχοντας
2797 4676 3041 4732 dicamus
3074 4689 3173 4729 nos
3209 4674 3377 4729 Deum
3413 4673 3629 4733 deorum.

2186 4751 2349 4806 David
2379 4749 2531 4803 dicit.

2102 4767 2646 4892 ul(l5,?‘81i‘tl:;ltnli:iiam
2680 4816 2920 4892 laudant.
2966 4814 3035 4871 Ut
3064 4831 3187 4892 cum
3215 4815 3350 4870 dicit
3380 4813 3629 4892 Scriptura

2098 4894 2151 4949 in
2177 4884 2372 4945 Exodo
2400 4893 2541 4958 (cap.
2567 4886 2838 4963 _tn)‘:_Ego
2861 4902 2978 4963 su_m
3003 4888 3095 4954 qui
3127 4903 3245 4963 su_m
3271 4903 3288 4949 ;
3312 4893 3366 4937 et
3384 4884 3525 4963 :Qui
3548 4893 3630 4963 εδει.

2097 4964 2253 5018 misit
2286 4951 2414 5024 me;'
2446 4951 2506 5013 et
2548 4951 2676 5010 illud
2720 4951 2948 5024 iansal.
2988 4951 3120 5011 citt:
3165 4955 3243 5021 Tu
3277 4966 3455 5024 autem
3493 4951 3627 5024 idem

2095 5034 2212 5104 ipse
2249 5047 2329 5092 es,
2356 5021 2461 5082 άπὸ
2486 5032 2594 5098 γὰρ
2626 5026 2717 5104 to";
2750 5023 2887 5104 εῖνίιι
2926 5030 3019 5104 atat].
3047 5026 3310 5104 IOQ‘D‘I‘m;
3337 5026 3369 5092 ἠ
3390 5022 3533 5074 οὐσία
3560 5021 3629 5104 xei

2097 5096 2159 5157 ’ἐὺ
2200 5101 2528 5167 παράγωγον
2553 5096 2738 5172 esse;
2769 5099 2798 5162 ἡ
2830 5096 3080 5172 ὖπάρες,
3106 5097 3355 5172 dicamus
3392 5108 3484 5172 nos
3509 5103 3627 5143 more

2101 5182 2312 5234 nostro,
2342 5173 2409 5224 ab
2428 5184 2548 5222 esse
2582 5168 2730 5221 enim
2764 5177 2819 5220 et
2847 5178 2971 5242 cute
3002 5168 3222 5220 ducitur
3243 5168 3497 5242 essentia,
3525 5174 3620 5241 qua:

2100 5253 2187 5299 est
2216 5241 2564 5301 exsistantia,
2592 5239 2693 5291 hoc
2712 5247 2832 5300 est,
2860 5235 3129 5290 exsistens
3175 5235 3487 5301 substantia,
3510 5235 3625 5284 acci-

2060 5323 2068 5331 '
2098 5314 2230 5369 deus
2262 5311 2406 5364 enim
2460 5300 2565 5361 non
2602 5317 2685 5361 est
2718 5305 2948 5373 ὕπαρξις
2981 5305 3074 5359 sed
3111 5300 3433 5371 ὲνύπαρξιςς
3462 5300 3506 5353 id
3536 5310 3619 5363 est,

2098 5399 2207 5439 non
2244 5390 2328 5434 est
2353 5378 2693 5439 exsistentia,
2729 5379 2823 5431 sed
2846 5377 2904 5449 in
2927 5376 3262 5449 exsistentia.
3475 5444 3486 5449 _
3574 5438 3598 5449 H

2167 5456 2241 5522 (4)
2276 5448 2775 5522 Raliacinationem.
2844 5446 2956 5498 Non
2989 5515 3000 5522 _
3022 5447 3104 5499 sic
3147 5447 3295 5504 dicit,
3353 5444 3486 5508 quod
3517 5440 3619 5520 velit

2097 5515 2408 5594 signiﬁcare
2432 5534 2550 5573 esse
2577 5520 2741 5594 Deum
2776 5515 3115 5594 rationalem,
3151 5525 3403 5582 tanquam
3427 5515 3613 5594 panici:

2099 5585 2218 5662 ῃιῖιιι
2271 5594 2519 5656 rationis,
2553 5588 2646 5656 qui
2679 5599 2762 5640 est
2811 5593 2957 5639 totus
2992 5585 3107 5653 ipsa
3140 5601 3232 5651 per
3256 5600 3314 5637 se
3357 5585 3619 5637 subsistens

2117 5674 2260 5718 Ἤιιο.

2100 5680 2260 5801 milii).
2276 5730 2599 5800 Quandoque
2622 5744 2738 5794 ζετο
2766 5724 3135 5801 dissimilibus.
3166 5722 3446 5778 Dissimilia
3475 5725 3614 5801 vocab

2109 5790 2249 5873 quia,
2275 5790 2395 5871 quae
2426 5790 2688 5878 negapti-r
2715 5800 2781 5878 de
2818 5797 2924 5869 Deo
2968 5796 3245 5862 dicuntur,
3278 5810 3382 5848 non
3409 5791 3522 5862 quid
3543 5790 3612 5850 sit,

2111 5870 2206 5930 Std
2239 5870 2368 5937 otiitl
2392 5888 2498 5927 non
2533 5870 2625 5934 sit,
2658 5870 2960 5939 declarant.
3074 5883 3089 5889 ’
3295 5879 3308 5890 °
