3784 6592
161 529 232 592 761
620 533 627 541 ‘
801 511 1037 571 DECAS
1068 511 1151 571 Ῐῐ.
1209 537 1274 549 -
1314 514 1411 591 DE
1434 512 1640 573 THEO

1799 514 1873 572 lA
1910 512 2628 578 DEMONSTRATIVA..
3188 471 3297 577 tot

158 637 339 696 (mnibus
365 628 422 683 ab
453 624 569 694 ipsis
596 620 698 676 illis
723 618 1027 690 Scripturis
1056 623 1261 678 sanctis
1287 623 1470 677 divine
1501 625 1616 676 lau-
1648 634 1692 686 Α
1723 623 1907 693 nysius
1929 624 2009 690 (α)
2039 624 2152 678 Ιιπξο
2177 624 2483 678 etlisscrens
2511 624 2604 689 ait,
2631 639 2725 678 eos
2761 641 2851 695 qm
2880 634 3119 694 apertam
3142 626 3302 678 theo-

153 735 289 784 δίων,
312 737 412 776 cum
464 713 890 783 inaspectabilem
927 730 1049 766 eum
1093 726 1316 778 vocant,
1341 725 1392 770 et
1434 715 1615 769 inlini-
1726 713 1945 781 logiam,
1971 724 2024 767 et
2058 714 2191 770 velis
2233 717 2433 769 nudam
2465 716 2778 783 audierunt,
2810 725 2965 787 typos
2999 718 3304 785 (5)cogita-

152 835 252 886 tum,
270 825 313 870 et
340 810 433 889 qui‘
462 806 569 875 capi
610 821 712 859 non
746 808 954 875 possit;
1001 816 1055 861 et
1086 807 1340 863 similiter
1368 812 1421 860 in
1471 808 1613 869 aliis,
1725 807 1926 873 tutione
1950 821 2048 861 sua
2075 806 2333 869 formare,
2364 808 2456 876 qui
2487 809 2551 861 atl
2582 808 2990 877 intelligentiam
3018 810 3299 877 au-litores

151 912 258 966 unde
284 921 372 960 non
399 900 511 969 quid
538 906 636 963 est,
665 899 757 951 sed
811 899 942 966 quid
974 915 1085 953 non
1120 909 1224 964 est,
1251 899 1616 969 significatur.
1726 898 2006 968 adiuvent.
2053 898 2126 953 Ex
2160 899 2246 953 bis
2293 899 2457 968 igitur
2491 900 2838 962 manifesmtn
2876 900 3110 955 efﬁcitur
3155 899 3300 968 quod

150 1004 204 1058 Ex
231 1001 298 1054 his
324 995 527 1050 efﬁcitur
568 990 839 1057 duplicem
886 1006 1008 1046 esse
1033 994 1357 1060 theologiam
1385 996 1582 1048 demon
1601 1023 1619 1036 -
1666 1046 1687 1059 ,
1725 1000 1883 1045 antea
1908 990 2111 1045 dictum
2125 999 2398 1060 est,typos
2424 1006 2544 1046 esse
2563 1002 2616 1046 et
2639 993 2901 1060 imagines
2919 1006 2979 1043 ea
3001 993 3161 1045 etiam
3184 1007 3305 1057 «(me

148 1093 387 1152 stratitam.
418 1101 566 1140 unam
599 1100 717 1154 qua!
751 1079 1097 1142 afﬁrmanter'
1120 1098 1173 1143 et
1207 1089 1508 1163 ext-(Tectis
1532 1091 1617 1144 in-
1726 1090 1907 1150 aperte
1929 1080 2084 1136 nobis
2104 1089 2156 1135 et
2186 1082 2304 1137 sine
2328 1082 2459 1137 velis
2486 1084 2723 1137 obtentis
2745 1084 2797 1136 in
2815 1082 3093 1148 Scriptura
3118 1092 3303 1136 sancta

146 1187 339 1245 ,ιιιεξιιπς
362 1181 558 1232 alteram
582 1193 701 1246 quze
729 1189 993 1247 neganter
1023 1189 1077 1233 et
1116 1181 1378 1248 privative
1406 1202 1419 1236 ε
1451 1194 1505 1236 et
1528 1182 1617 1236 illa
1733 1174 1843 1227 Duo
1872 1174 2152 1241 dicuntur,
2183 1176 2437 1244 quamvis
2466 1175 2897 1230 dcmonstrative
2930 1174 3182 1229 dicantur
3214 1175 3300 1228 af-

143 1276 307 1346 qnitletn
334 1289 388 1327 ex
420 1272 673 1325 similibus
717 1268 910 1326 formis
942 1272 1165 1336 efﬁctis,
1201 1275 1316 1327 haec
1360 1290 1424 1329 ex
1456 1274 1626 1329 tlissi-
1733 1266 2020 1321 mutando-

144 1368 336 1430 niilibus;
368 1366 456 1418 hoc
478 1371 647 1415 tamen
681 1361 736 1416 iu
757 1362 1083 1418 aliirmativa
1115 1366 1386 1434 theologia
1421 1367 1614 1420 cerni-

142 1470 219 1518 tur,
248 1456 392 1523 ipsam
419 1453 566 1505 etiam
596 1466 689 1518 per
708 1450 914 1507 formas
962 1453 1114 1508 ﬁctas
1147 1455 1198 1508 in
1222 1454 1505 1524 Scriptura
1541 1470 1629 1510 sa-

141 1566 204 1603 cra
225 1545 454 1617 progredi.
505 1545 785 1599 honestius
840 1555 1022 1599 tamen
1056 1561 1223 1614 qttam
1281 1562 1378 1616 per
1409 1561 1470 1601 ea
1499 1563 1625 1616 quae

144 1639 375 1710 symbolice
410 1636 544 1690 dicta
584 1645 709 1688 sunt
741 1636 794 1688 in
827 1644 1056 1707 utroque
1084 1644 1287 1708 genere
1318 1639 1393 1703 (l)
1429 1638 1627 1693 forma-

144 1737 320 1794 tionunt,
344 1743 470 1798 quas
525 1738 702 1798 patres
752 1739 1090 1785 vocaverunt
1122 1731 1476 1798 ·προσύλους,
1535 1746 1636 1786 nos

139 1845 148 1872 ι
165 1822 325 1874 icamus
343 1828 584 1879 terrenas.
600 1830 864 1889 quatenus
879 1822 979 1875 etsi
998 1820 1164 1874 altera
1191 1837 1312 1889 pars
1334 1807 1634 1890 tlteologire,

142 1913 299 1965 srilicet
314 1912 622 1982 symboliczr,
647 1912 703 1966 in
720 1913 902 1967 verbis
922 1913 1202 1969 translatis
1221 1922 1272 1966 et
1300 1914 1639 1969 alumhratis

2362 1356 2592 1412 CAPUT
2619 1356 2709 1413 ΙΙΙ.

1660 1530 1661 1533 η
1738 1470 1890 1537 Quod
1920 1486 2009 1537 ραν
2036 1487 2236 1525 omnem
2280 1472 2589 1537 theoloqiam
2604 1473 2738 1525 ratio
2766 1470 2962 1539 speculi
2989 1481 3037 1525 et
3060 1471 3311 1541 wnigma-

2302 1545 2367 1595 tis
2402 1545 2753 1610 progreditur.

1810 1632 1855 1686 Α
1878 1634 2180 1690 lmiramlns
2208 1646 2262 1690 et
2298 1651 2528 1701 magnus
2581 1637 2874 1704 Apostolus
2902 1636 2976 1690 ait
3007 1634 3082 1708 (ι)
3114 1654 3127 1691 :
3157 1636 3313 1689 Vide-

1741 1743 1865 1780 mus
1886 1742 2031 1781 nunc
2051 1744 2146 1796 per
2171 1730 2454 1797 speculum
2486 1731 2539 1784 itt
2564 1731 2870 1799 aauigmate.
2893 1730 2953 1782 Et
2981 1733 3200 1784 rursus':
3236 1728 3313 1785 Ex

1742 1828 1894 1889 parte
1927 1822 2338 1888 cognoscimus.
2365 1834 2416 1876 et
2438 1839 2502 1877 ex
2538 1832 2692 1893 parte
2736 1825 3125 1893 prophetamus
3146 1864 3161 1887 ,
3188 1837 3313 1878 cum

1742 1920 1924 1964 autem
1953 1911 2320 1981 verteritqrtod
2348 1914 2640 1983 perlectum
2662 1923 2765 1979 est,
2785 1915 3143 1969 evacuabitur
3167 1915 3311 1984 quod

141 2004 278 2074 (ergit,
312 2004 726 2061 multnmtamen
780 2006 971 2061 absoni
1007 2006 1420 2060 etdisscntanei
1463 2006 1516 2059 itt
1547 2006 1628 2060 eis
1666 2007 1703 2060 ll
1733 2019 1795 2057 ex
1833 2011 1986 2073 parte
2010 2014 2114 2058 est.
2150 2003 2212 2058 Et
2242 1988 2468 2060 itcrnm‘:
2508 2006 2609 2061 Per
2642 2007 2800 2061 fidem
2855 2009 3228 2069 ambulamus,
3255 2015 3311 2061 et

139 2105 321 2165 apparet.
346 2096 616 2161 Quomodo
647 2099 794 2151 enim
831 2099 1114 2166 cogitabit,
1147 2100 1238 2166 qui
1285 2100 1340 2154 in
1374 2098 1480 2153 Deo
1508 2115 1631 2154 cra-

140 2190 271 2256 pulam
301 2189 492 2248 auiliat.
511 2205 563 2243 et
588 2190 990 2257 pmnitentiam,
1009 2192 1415 2263 ctjuratnenta,
1447 2201 1502 2248 et
1533 2191 1635 2248 im-

142 2281 432 2350 precationes,
455 2290 506 2337 et
540 2281 651 2338 alia
686 2283 1004 2354 ejusmodi?

682 2395 916 2452 CAPUT
949 2397 1015 2453 ll.

141 2485 250 2563 Quod
276 2488 511 2554 theolog'a
536 2492 969 2551 demonstrativo,
1006 2510 1123 2563 qum
1149 2495 1354 2550 videtur
1378 2512 1491 2550 esse
1523 2498 1636 2553 sine

184 2560 507 2626 integumento,
564 2576 659 2628 per
694 2573 837 2632 typos
870 2560 1027 2617 nobis
1054 2565 1264 2632 efﬁctos
1304 2569 1560 2627 procedit.

126 2696 151 2709 ,
184 2646 369 2715 Magnus
406 2644 719 2719 Dionysius.
757 2652 808 2704 in
848 2650 1022 2719 Epist.
1067 2652 1133 2705 ad
1176 2652 1389 2708 Titum:
1453 2654 1635 2721 Quod,

138 2740 290 2808 inquit,
349 2743 655 2810 huiusmodi
716 2745 1085 2808 integumenta
1139 2756 1367 2812 cognata
1435 2760 1640 2820 natura:

137 2843 288 2887 nostra:
313 2844 446 2900 sunt,
473 2835 749 2892 declarant
767 2840 927 2892 etiam
949 2842 1037 2908 qui
1062 2845 1244 2896 antlita
1269 2850 1451 2906 aperta
1483 2843 1639 2894 thro-

138 2926 239 2992 lngia
273 2928 340 2997 (2)
392 2929 506 2984 sine
566 2932 889 2991 involucris.
952 2935 1214 3003 effingunt
1266 2936 1402 2988 inse
1454 2947 1638 3005 typum

136 3018 387 3084 quemdam,
411 3021 498 3090 qui
521 3037 616 3076 eos
647 3024 712 3077 ad
746 3024 1159 3092 intelligentiam
1188 3027 1308 3094 ejus
1357 3026 1641 3095 theologia!

134 3124 254 3173 quam
275 3110 674 3175 tlixi,atlducat:
697 3122 752 3169 et
783 3115 954 3182 ipsius
984 3132 1203 3184 quoque
1225 3116 1411 3169 mundi
1440 3117 1518 3185 (3)
1548 3117 1640 3184 qui

130 3203 320 3256 rrrnilut‘
351 3204 545 3260 fabrica
576 3206 945 3263 invisibilihus
982 3207 1072 3261 Dei
1099 3208 1335 3262 obducta
1367 3217 1470 3269 est.
1500 3210 1645 3267 sicut

130 3290 302 3359 Paulus,
330 3304 380 3350 et
405 3298 516 3367 ipsa
542 3297 757 3355 Veritas
777 3302 854 3368 (4)
891 3309 1145 3357 testatur.
1177 3301 1329 3355 Alter
1358 3315 1490 3356 vero
1522 3300 1645 3353 Dio-

1743 2111 1851 2150 non
1904 2112 1998 2165 per
2031 2097 2293 2165 speciem.
2334 2095 2448 2153 Hoc
2493 2100 2785 2168 praeclarus
2838 2110 3034 2155 auctor
3084 2099 3316 2155 Basilius

1739 2205 1863 2243 cum
1902 2199 2246 2259 perspectum
2281 2190 2714 2257 haberehlllutl,
2749 2192 2925 2261 inquit
2957 2190 3053 2260 (ὸ),
3083 2191 3217 2244 faeie
3248 2192 3316 2246 ad

1741 2281 1959 2341 facient.
1999 2292 2053 2336 et
2077 2282 2316 2352 perfecte
2364 2298 2695 2357 cognoscere
2714 2285 2767 2340 in
2793 2283 2979 2339 futuro
3003 2284 3202 2339 saeculo
3233 2285 3318 2339 di-

1742 2376 1862 2446 gnis
1905 2377 2236 2431 reddendum
2267 2392 2391 2447 esse
2442 2377 2775 2446 promissum
2822 2388 2937 2445 est;
2991 2393 3135 2433 nunc
3162 2391 3315 2442 vero,

1742 2471 1813 2524 sit
1836 2470 1960 2523 licet
1990 2470 2352 2529 Paulus.licrt
2377 2470 2585 2534 Petrus,
2614 2469 2996 2539 videtquidem
3033 2485 3158 2524 vere
3193 2485 3320 2538 qua:

1744 2561 1911 2627 videt,
1951 2570 2005 2615 et
2041 2576 2149 2617 non
2214 2562 2451 2625 fallitur,
2485 2577 2582 2628 per
2622 2561 2907 2632 speculum
2952 2569 3134 2615 tamen
3173 2562 3221 2615 vi
3244 2563 3319 2616 let

1744 2667 1797 2711 et
1826 2656 1877 2707 in
1903 2655 2203 2722 aenigmate,
2236 2653 2364 2705 illud
2398 2666 2576 2707 autem
2609 2654 2756 2721 quod
2780 2669 2844 2707 ex
2876 2663 3027 2722 parte
3048 2662 3151 2711 est.
3171 2668 3321 2708 nunc

1745 2757 1899 2813 grato
1916 2745 2118 2809 animo,
2138 2745 2429 2812 accipiens,
2449 2743 2591 2813 quod
2626 2743 2923 2814 perfectum
2942 2757 3043 2805 est.
3066 2745 3118 2798 in
3141 2743 3324 2797 futuro

1749 2838 2029 2908 perspicue
2058 2846 2359 2907 exspectat.
2387 2838 2521 2891 ltcm
2553 2852 2677 2891 cum
2709 2852 2775 2892 eo
2814 2837 3111 2909 Gregorius
3142 2836 3325 2891 Theo-

1748 2934 1903 2996 logus
1962 2931 2062 2995 (c):
2100 2930 2392 2995 Quocirca.
2447 2930 2644 2997 inquit,
2684 2945 2898 2985 omnem
2955 2930 3321 2998 regnitionem

1753 3021 1956 3077 l‘aulus
1984 3023 2191 3089 quatin
2232 3032 2374 3075 terra
2410 3022 2477 3076 tle
2515 3023 2623 3076 Deo
2654 3022 2909 3089 habetur,
2965 3023 3104 3076 nihil
3161 3037 3326 3091 supra

1749 3131 1913 3186 quam
1945 3115 2164 3183 specula
2189 3124 2239 3168 et
2264 3116 2549 3181 aenigmata
2574 3132 2696 3169 esse
2715 3117 2887 3184 ponit.
2917 3124 3109 3183 utpote
3138 3117 3193 3168 in
3228 3114 3328 3166 mi-

1752 3204 1900 3260 nutis
1925 3205 2254 3275 imaginibus
2278 3207 2523 3259 veritatis
2550 3206 2810 3261 locatam.
2849 3206 2909 3259 Et
2946 3208 3145 3260 iterum
3180 3205 3326 3259 ident

1753 3299 1809 3354 in
1842 3300 2097 3355 oratione
2124 3303 2187 3355 tle
2227 3301 2625 3357 conStituendis
2655 3301 2961 3370 episc0pis:
2993 3300 3189 3368 Ecquis
3218 3307 3325 3357 est.

1535 3422 1810 3499 Scholia.

174 3539 237 3606 (l)
262 3537 320 3594 In
339 3548 548 3611 utroque
564 3556 767 3610 genere.
796 3540 852 3595 ιιι
882 3549 982 3603 est,
1023 3540 1085 3597 in
1123 3541 1446 3597 formatione
1494 3542 1629 3610 ligu-

123 3612 305 3666 ratlnnis
351 3617 448 3664 sub
498 3621 722 3665 sensum
776 3612 1039 3671 cadentis.
1101 3612 1236 3666 etin
1300 3611 1629 3668 formatione

123 3679 445 3738 translationis
476 3682 726 3735 cadentis
749 3681 851 3736 sub
876 3682 1310 3747 intelligentiam.

172 3753 235 3821 (ἰ)
259 3750 361 3822 Qui
383 3753 567 3806 audita
613 3763 801 3822 aperto
848 3752 1130 3822 theologia.
1186 3752 1505 3820 Exemplum
1563 3752 1635 3807 sit

122 3820 233 3886 quad
270 3821 520 3892 scriptum
565 3831 654 3877 est
690 3822 740 3875 iu
767 3820 971 3876 Jeretn.
1023 3820 1074 3877 c.
1111 3838 1231 3879 xm.
1293 3825 1360 3878 de
1415 3826 1482 3877 iis
1514 3839 1636 3892 qutc

121 3901 269 3954 aperte
286 3890 410 3963 dixit
436 3893 707 3963 Dominus
721 3892 839 3945 sine
857 3893 965 3945 ullo
984 3904 1106 3963 typo
1134 3890 1639 3963 autintegumento,

119 3961 348 4031 quomodo
372 3964 634 4031 populum
688 3961 851 4015 Israel
897 3961 1385 4027 sibi'atljunxisset,
1412 3971 1477 4017 et.
1503 3961 1639 4031 quo;

123 4034 249 4087 modo
269 4042 475 4102 propter
499 4042 719 4100 peccata
739 4039 885 4085 esset
911 4033 1240 4099 puniendus,
1262 4043 1315 4087 et
1338 4035 1404 4102 de
1431 4034 1640 4087 lumba-

120 4105 169 4165 ri,
191 4106 232 4160 in
256 4101 353 4171 quo
374 4116 628 4171 tanquam
661 4106 712 4156 in
730 4113 857 4173 typo
889 4103 1062 4157 etlicto
1086 4103 1272 4173 voluit,
1292 4112 1349 4157 ut
1372 4101 1637 4159 Jeremias

120 4180 234 4245 (cap.
272 4180 378 4245 tun)
407 4173 734 4245 supplicium
758 4172 833 4245 de
873 4174 1073 4245 pupulo
1096 4172 1252 4245 Israel
1279 4174 1630 4229 sumendum.

119 4257 159 4297 rt
182 4242 315 4301 suam
341 4242 459 4302 cum
478 4242 490 4245 ⁷
513 4245 610 4298 illo
634 4242 834 4313 popqu
883 4243 1318 4309 conjunctionem
1349 4246 1519 4311 magis
1538 4245 1632 4296 atl-

120 4317 204 4388 lmc
231 4318 555 4388 intelligeret.
584 4315 886 4388 meliusque
907 4314 1026 4388 aliis
1056 4323 1370 4388 exponeret.
1405 4315 1469 4368 Et
1493 4314 1632 4369 dixit

121 4385 340 4440 llosninus
372 4384 435 4442 ait
464 4401 588 4440 me:
624 4384 813 4451 Surge.
846 4394 899 4438 et
930 4384 1061 4436 vade
1091 4386 1155 4437 ad
1211 4384 1540 4451 Euphraten.
1579 4393 1634 4438 et

121 4456 222 4509 tolle
239 4458 352 4511 inde
372 4458 636 4518 lumbare,
662 4454 803 4520 quod
832 4454 1055 4521 praecepi
1081 4454 1175 4507 tibi
1200 4464 1255 4507 ut
1273 4456 1638 4513 abscondere;

118 4525 222 4580 illud
241 4526 328 4581 ibi.
356 4528 420 4584 Et
446 4526 556 4580 abii
584 4525 651 4579 ad
683 4524 1016 4592 Euphraten,
1048 4536 1101 4576 et
1131 4524 1260 4584 fudi.
1290 4534 1342 4577 et
1369 4525 1464 4578 tuli
1496 4526 1636 4578 lunt-

120 4595 223 4649 liare
247 4598 306 4649 de
339 4597 581 4653 loco-ubi
624 4594 1013 4649 absconderam
1050 4593 1209 4659 illud;
1238 4604 1293 4650 et
1339 4610 1467 4650 ecce
1495 4610 1646 4648 rom-

120 4677 362 4735 tuuruerat
402 4668 674 4729 lumbare,
711 4664 784 4717 ita
838 4673 895 4735 ut
926 4665 1057 4717 nulli
1102 4667 1225 4719 usui
1252 4676 1437 4735 aptum
1488 4674 1649 4719 esset.

121 4734 173 4787 Et
194 4735 374 4791 factum
420 4748 504 4793 est
562 4737 790 4789 verbum
826 4734 1045 4803 potninl
1100 4736 1167 4789 ad
1231 4734 1337 4799 me,
1399 4734 1588 4790 dicens
1638 4751 1653 4789 :

122 4804 223 4859 llznc
248 4807 370 4861 dicit
401 4807 702 4861 Dominus:
738 4803 829 4857 Sic
862 4814 1175 4873 putrescere
1230 4804 1423 4860 faciam
1461 4819 1653 4872 super-

120 4872 233 4929 biam
284 4877 439 4939 Juda,
471 4886 529 4931 et
564 4870 881 4943 superbiam
935 4870 1241 4929 Jerusalem
1305 4870 1550 4928 inultam.
1583 4874 1651 4928 Et

120 4946 251 5007 paulo
275 4957 422 5014 post:
480 4949 548 5000 Et
576 4954 741 5001 erunt
769 4948 912 4998 sicut
970 4946 1218 4999 lumbare
1282 4945 1445 5005 istud,
1505 4946 1649 5012 quod

119 5015 225 5086 nulli
256 5016 368 5070 usui
402 5029 593 5086 aptum
620 5025 723 5070 est.
751 5014 905 5086 Sicut
953 5018 1099 5086 enim
1128 5018 1367 5086 adhaeret
1405 5016 1651 5086 lumbare

114 5083 168 5154 ad
191 5086 383 5141 lumbos
408 5083 539 5150 viri,
560 5085 997 5154 sictagglutinztvi
1026 5085 1155 5138 mihi
1182 5101 1397 5137 omnem
1414 5084 1649 5154 domum

122 5151 282 5219 Israel,
324 5167 375 5210 et
398 5173 624 5211 omnem
659 5151 876 5209 domum
922 5152 1083 5216 Inda,
1113 5155 1245 5210 dicit
1275 5153 1556 5218 Dominus,
1591 5163 1653 5206 ut

116 5237 265 5296 essent
297 5229 424 5280 mihi
458 5232 513 5280 in
545 5228 824 5296 populum.
846 5232 903 5296 el
931 5226 983 5277 in
1021 5241 1239 5288 nomen,
1270 5233 1325 5277 ct
1347 5224 1401 5276 in
1429 5226 1643 5283 lautlctn

116 5301 158 5363 [ι
179 5295 224 5346 in
250 5299 495 5363 gloriam,
527 5309 583 5355 et
610 5295 715 5351 non
749 5295 1059 5357 audierunt,
1087 5308 1142 5349 et
1168 5312 1287 5361 quae
1319 5305 1647 5362 sequuntur.

119 5358 410 5432 F-eqtientta
462 5358 596 5426 sunt
628 5364 935 5433 hujusmodi
995 5358 1241 5432 exempla
1279 5366 1331 5417 in
1372 5358 1651 5433 prophetis

116 5446 169 5483 ιίθ
188 5447 356 5507 aperta
412 5440 712 5506 tlteOIOgia,
740 5448 793 5489 et
838 5436 905 5489 de
940 5437 1080 5507 typis
1116 5436 1234 5489 sive
1294 5434 1558 5506 symbolis
1586 5433 1653 5487 ad

114 5515 212 5573 eam
235 5506 507 5568 adhibitis.
537 5511 699 5573 ipsius
970 5506 973 5507 ⁷
1336 5542 1341 5553 τ

174 5572 242 5641 (ὃ)
267 5576 447 5631 Mundi
479 5572 575 5647 qui
621 5579 873 5631 cernitur.
914 5577 1141 5631 Fabrica
1175 5574 1359 5630 mundi
1385 5574 1654 5643 quodam-

116 5648 252 5762 ἕως)
281 5651 450 5703 vicem
476 5651 850 5721 symbolarum
887 5657 1073 5714 tenet,
1099 5662 1159 5701 ut
1181 5647 1390 5700 notavit
1431 5654 1656 5701 Sanctus

158 5730 374 5762 annuus-

158 5730 375 5772 astutus.

1680 4568 1721 4622 D

154 5855 243 5929 _(a)
295 5858 591 5930 Dionysius
633 5860 1034 5916 Alexandrtnus
1095 5859 1305 5918 scholia
1360 5860 1525 5917 etiam
1596 5858 1652 5913 in

115 5918 407 5998 Dionysium
437 5918 824 6003 'Areopagitatn
855 5932 1097 6003 scripsit.

1803 3543 1880 3614 (4)
1900 3542 2103 3597 Veritas
2129 3550 2374 3599 testatur.
2402 3542 2681 3614 Christum
2710 3542 2862 3607 dicit,
2885 3541 2975 3611 qui
3006 3542 3060 3599 in
3086 3541 3329 3611 Evange-

1732 3614 1807 3669 lio
1839 3615 2031 3675 multa,
2085 3630 2205 3682 Quae
2265 3615 2331 3669 ad
2373 3613 2724 3681 theologiam
2753 3622 2995 3679 apertam
3022 3614 3325 3670 etdetnon-

1736 3694 1997 3739 strautem
2030 3685 2325 3749 pertinent.
2362 3699 2452 3753 per
2481 3684 2720 3754 symbolo
2748 3692 2802 3754 et
2827 3682 3113 3752 parabolas
3142 3683 3331 3753 loque-

1740 3757 1921 3818 batur,
1959 3757 2107 3809 uude
2142 3752 2438 3809 Nicodetno
2461 3752 2619 3815 dixit,
2656 3762 2725 3825 ut
2747 3752 3100 3825 Pachimerus
3129 3752 3329 3825 Diony-

1741 3825 1805 3879 sii
1841 3827 2237 3894 paraphrastes
2276 3825 2588 3879 observavit
2619 3844 2631 3877 :
2674 3824 2730 3877 Si
2760 3834 2973 3894 terrena
3011 3824 3119 3877 dixi
3149 3824 3331 3892 vobis,

1747 3905 1801 3949 et
1833 3893 1936 3949 non
1974 3895 2221 3956 creditis,
2253 3894 2528 3963 quomodo
2559 3894 2603 3949 si
2637 3894 2829 3948 dixero
2855 3893 3010 3949 vobis
3065 3893 3331 3959 ctelestia,

1746 3964 2017 4019 credetis?
2044 3972 2101 4018 ut
2131 3966 2350 4030 perinde
2377 3966 2449 4017 sit
2481 3967 2604 4023 hoc.
2643 3977 2695 4016 ttt
2736 3965 2869 4018 mihi
2932 3964 3149 4030 quidem
3187 3965 3341 4017 video

1745 4046 1852 4093 tttr.
1890 4050 1954 4089 ac
2005 4034 2050 4088 si
2083 4033 2286 4088 diceret
2323 4050 2339 4088 :
2385 4035 2440 4088 Si
2498 4034 2741 4089 caelestia
2798 4034 3050 4088 etilivina
3098 4034 3210 4088 dixi
3236 4049 3336 4087 vo-

1741 4104 1824 4159 bis
1885 4119 1978 4171 per
2053 4104 2295 4171 symbola
2371 4120 2655 4172 corporea,
2713 4112 2766 4157 et
2838 4115 3054 4158 natura:
3146 4115 3335 4157 vestra:

1741 4186 1969 4244 cognata
1992 4243 1995 4244 ν
2022 4183 2074 4244 et
2101 4174 2406 4233 inutiliaria.
2466 4183 2519 4226 ct
2551 4190 2654 4227 nou
2702 4174 2960 4244 creditis,
2996 4183 3063 4244 ut
3111 4175 3340 4244 creden-

1738 4240 1831 4296 do'
1872 4243 2224 4312 intelligatis;
2283 4244 2554 4309 quomodo
2613 4244 2658 4297 si
2683 4240 2873 4296 dixero
2945 4242 3100 4298 vobis
3145 4242 3341 4312 cmlesv

1743 4314 1813 4368 tia
1868 4310 2074 4382 absque
2128 4314 2244 4368 istis
2276 4312 2603 4380 imaginibus
2658 4312 2808 4382 vobis
2865 4313 3030 4374 notis,
3067 4310 3340 4367 credetis?

1750 4380 2016 4439 Docuerat
2096 4384 2241 4437 enim
2314 4383 2575 4454 Dominus
2656 4380 3009 4454 Nicodemum
3079 4384 3330 4454 exemplo

1744 4456 1889 4510 venti
1928 4455 1996 4508 de
2058 4456 2381 4522 operatione
2413 4453 2630 4507 occulta
2656 4460 2708 4506 et
2734 4452 3002 4521 spirituali
3032 4452 3337 4522 creaturam

1750 4542 1811 4580 ex
1847 4540 1985 4594 aqua
2043 4520 2327 4588 et‘Spiritu
2374 4532 2564 4578 sancto
2616 4520 3336 4594 regenerante,_ttliiyticem

1757 4591 1967 4651 tantum
1997 4610 2065 4648 au
2088 4596 2283 4649 limus:
2320 4594 2431 4663 Ego
2464 4605 2514 4647 te
2547 4591 2765 4660 baptizo
2792 4592 2845 4645 in
2880 4591 3102 4663 nomine
3133 4591 3335 4656 Patris,

1756 4679 1811 4721 et
1845 4664 1991 4725 Filii.
2020 4676 2071 4720 et
2097 4663 2336 4733 Spiritus
2363 4660 2574 4731 sancti;
2601 4665 2693 4719 sed
2753 4660 3029 4733 quomodo
3058 4674 3337 4729 operetur,

1757 4747 1850 4790 aut
1880 4737 2025 4790 unde
2063 4735 2311 4804 incipiat,
2344 4744 2396 4790 et
2432 4734 2520 4787 ubi
2570 4736 2800 4795 desinat,
2843 4734 3152 4804 nescimus;
3183 4733 3329 4804 utin

1753 4816 1936 4869 vento,
1986 4808 2075 4874 qui
2109 4801 2210 4863 est.
2245 4815 2295 4857 ut
2341 4806 2417 4860 ait
2456 4804 2597 4858 i-lem
2650 4804 2958 4874 Dionysius,
3021 4801 3073 4853 itt
3104 4801 3324 4874 capsis

1758 4872 2266 4939 (λωιωιᾶίῌῑβγωα
2298 4877 2476 4944 imago
2497 4884 2551 4927 et
2579 4883 2735 4942 typus
2764 4872 2963 4944 divinae
2997 4872 3338 4944 operationis

1755 4956 1975 5016 propter
2010 4950 2368 5016 proprietates
2412 4941 2557 4997 venti
2576 4958 2747 5016 _quas
2797 4941 2998 5016 ibidem
3043 4941 3336 5016 Dionysius

1756 5009 1985 5079 notavit,
2012 5009 2128 5070 ἰιιιῖ
2153 5018 2319 5069 etiam
2355 5016 2534 5070 locum
2571 5009 2849 5086 Evangelii
2878 5013 3041 5067 citat:
3101 5009 3339 5080 Spiritus

1760 5087 1850 5141 ubi
1882 5088 1998 5156 vult
2039 5087 2238 5156 spirat.

1831 5157 1909 5227 (5)
1942 5148 2137 5226 Tynes.
2191 5153 2261 5210 Ut
2295 5154 2467 5209 Deum
2519 5169 2643 5209 esse
2703 5154 2993 5227 trinumet
3026 5165 3218 5227 unum,
3271 5148 3339 5204 ad

1756 5221 2011 5293 apertam
2063 5235 2116 5279 et
2167 5230 2642 5279 demonstrantem
2696 5223 3028 5291 theologiam
3084 5221 3339 5293 pertinet,

1756 5292 1921 5366 quam
1947 5308 2127 5351 tatnen
2155 5309 2212 5350 ut
2236 5297 2447 5350 laetlins
2465 5296 2740 5350 auditores
2762 5303 2819 5348 et
2843 5292 3341 5366 lectorcscretlaut,

1757 5359 1811 5421 et
1846 5367 2114 5421 credendo
2153 5368 2473 5437 intelligant,
2529 5381 2595 5419 ex
2652 5364 2892 5437 antiquis
2948 5365 3197 5437 patrihus
3246 5359 3335 5414 alii

1774 5446 1928 5504 typos
1962 5448 2017 5507 et
2047 5433 2624 5507 imagittes'clliugunt
2653 5435 2819 5507 trium
2849 5433 3247 5507 lampadar‘utu,
3289 5437 3346 5483 et

1765 5508 1929 5561 unius
1949 5503 2336 5568 ﬂammaialii
2361 5503 2514 5568 solis,
2542 5507 2675 5560 radii
2705 5516 2759 5558 ct
2786 5506 3009 5557 luminis
3030 5542 3043 5562 ,
3068 5503 3157 5554 alii
3186 5514 3344 5565 rosae,

1762 5576 1935 5640 ﬂoris.
1963 5588 2017 5632 et
2047 5578 2231 5631 odoris
2257 5617 2272 5641 ,
2310 5587 2404 5630 aut
2436 5577 2655 5637 radicis,
2689 5579 2845 5634 rami.
2880 5584 2934 5627 et
2960 5572 3197 5639 fructus,
3245 5578 3341 5623 aut

1764 5649 1941 5718 digiti,
1982 5663 2197 5714 manus,
2228 5659 2283 5702 ct
2312 5647 2543 5714 brachii,
2573 5660 2626 5700 et
2657 5644 2947 5699 similium.

1836 5853 1917 5924 (bl
1946 5850 2004 5924 in
2034 5852 2287 5924 oratione
2305 5850 2380 5924 de
2406 5848 2750 5924 confessione
2779 5845 2923 5924 fidei.

1841 5919 1910 5993 (ε)
1932 5922 2228 5993 Gregorius
2277 5920 2372 5975 lib.
2404 5920 2460 5987 2,
2499 5924 2565 5976 de
2609 5919 2905 5984 theologia.

3400 5004 3427 5017 σο
