3860 6530
445 456 558 521 763

1604 452 1933 515 JOANNIS
1959 452 2527 515 CYPARISSIOT/E

3586 456 3691 519 76!.

455 576 655 641 inquit,
689 576 783 643 qui
820 572 874 629 iu
909 583 1016 630 tam
1042 574 1274 630 sublime
1304 584 1480 643 potest
1515 577 1667 641 ferri,
1692 588 1751 633 ut
1788 579 2016 634 Paulum
2049 579 2094 636 Δ
2126 588 2282 632 tanee
2311 577 2477 648 igitur
2507 578 2687 635 omnis
2716 579 3017 652 theologica
3042 580 3280 653 cognitio
3310 582 3472 653 hujus
3508 588 3704 642 utrius-

459 678 632 736 irquct
651 666 675 720 ?
697 675 751 721 et
774 676 953 721 tamen
974 667 1162 722 videre
1185 682 1243 722 se
1277 669 1405 723 dicit
1426 685 1521 738 per
1547 671 1805 734 aenigma,
1832 685 1885 728 et
1910 674 2026 730 fore

460 770 675 829 tempus
707 775 829 815 cum
874 758 1013 814 facie
1047 761 1113 815 ad
1150 759 1340 816 faciem
1382 762 1607 816 videbit.
1640 763 1706 817 Et
1743 780 1935 819 rursus
1968 767 2023 821 in

458 851 645 904 eadem
662 852 938 906 oratione:
966 850 1273 917 Quomodo,
1296 852 1493 921 inquit,
1522 869 1719 908 sensus
1742 857 1797 911 in
1824 855 2019 913 eodem

462 950 732 1007 manet,ct
755 941 808 995 id
834 941 981 1012 quod
1008 942 1139 996 foris
1157 951 1260 1004 est.
1290 944 1550 998 attrahit?
1578 946 1855 1015 quomodo
1877 962 2059 1002 mens'

463 1039 517 1092 in
557 1047 608 1093 te
638 1049 840 1102 manet,
871 1046 922 1093 et
959 1037 1011 1091 iu
1042 1039 1149 1093 alia
1183 1050 1363 1095 mente
1394 1042 1615 1096 verbum
1646 1043 1819 1112 gignit
1844 1044 1867 1097 ?
1895 1060 2033 1114 quo-

464 1130 629 1186 modo
655 1131 820 1185 verbo
845 1131 995 1186 notio
1018 1133 1218 1188 datur?
1242 1132 1294 1186 Si
1323 1134 1457 1188 nihil
1497 1134 1691 1189 horum
1724 1135 2032 1204 intelligen-

464 1221 538 1274 tia
570 1236 632 1275 re
658 1223 1021 1291 nprebensum
1047 1226 1232 1289 habes,
1264 1229 1441 1289 homo,
1479 1231 1906 1296 comprehcndes
1932 1246 2034 1285 au-

467 1323 574 1369 tem
606 1314 747 1370 forte
766 1300 1098 1387 aliquando,
1129 1333 1252 1374 cum
1285 1320 1514 1388 recipies
1545 1321 1691 1391 quod
1728 1322 2029 1392 perfectum

465 1417 582 1464 cst:
610 1407 828 1476 Videbo,
847 1410 1213 1478 inquit.cwlos
1239 1428 1393 1481 opera
1418 1414 1703 1482 digitorum
1724 1424 1935 1470 tuorum
1967 1419 2032 1482 ",

469 1511 522 1557 ut
551 1504 914 1570 suspicemur,
936 1517 1054 1569 qute
1079 1518 1221 1556 nune
1252 1492 1538 1569 'videutur,
1574 1520 1683 1559 nou
1709 1522 1834 1561 esse
1860 1507 2032 1576 ipsam

470 1592 780 1655 veritatem,
861 1594 956 1649 sed
1042 1594 1333 1650 simulacra
1411 1596 1685 1659 veritatis,
1759 1600 2037 1671 quomodo

475 1685 664 1750 Deum,
700 1685 751 1741 id
790 1686 932 1755 quod
951 1696 1059 1747 est.
1090 1696 1402 1755 etquautus
1428 1697 1530 1751 est.
1566 1704 1726 1745 nosse
1755 1700 1805 1743 te
1842 1692 2038 1745 existi-

470 1778 622 1833 mas?
647 1779 726 1835 ΑιΙ
760 1781 893 1844 haec,
938 1794 1169 1846 magnus
1202 1781 1493 1849 Dionysius
1541 1781 1595 1836 in
1628 1781 1797 1850 Epist.
1841 1784 1908 1835 ad
1940 1782 2032 1837 Ti-

475 1860 587 1922 tum
611 1869 805 1938 :Atqui
825 1885 926 1924 nec
957 1869 1010 1923 in
1037 1871 1403 1927 sanctissimis
1432 1874 1706 1943 mysteriis
1732 1876 1905 1930 sant-ti
1927 1890 2040 1946 ma:

471 1963 627 2028 gistri
663 1962 999 2032 Evangelicze
1025 1973 1121 2019 aut
1146 1963 1397 2021 Mosaicae
1427 1966 1730 2035 disciplinae
1762 1983 1792 2021 a
1822 1969 2043 2037 symbo-

473 2055 564 2118 lis,
598 2055 651 2109 in
673 2055 875 2125 quibus
904 2055 1048 2114 Deus
1086 2059 1599 2127 repraesentabatur,
1629 2060 2040 2128 abstinuerunt,

470 2146 602 2216 quin
626 2148 807 2219 potius
831 2149 1077 2207 videmus
1102 2151 1330 2222 angelos
1356 2156 1502 2208 omni
1529 2154 1821 2209 sanctitate
1855 2153 2045 2223 plenos

476 2256 570 2307 per
594 2242 887 2312 amigmata
918 2258 1004 2297 res
1030 2243 1248 2298 divinas
1276 2244 1505 2316 mystice
1537 2259 1793 2314 promere
1828 2246 1908 2316 (i)
1941 2289 1958 2311 ,
1987 2255 2044 2302 et

472 2330 664 2388 JeStlm
723 2335 1003 2403 parabolis
1040 2334 1108 2391 de
1139 2335 1342 2391 divinis
1375 2336 1550 2405 loqui,
1591 2350 1657 2392 ac
1689 2337 1884 2392 deities
1920 2347 1978 2393 et
2011 2353 2045 2395 ι
2076 2381 2086 2388 .

480 2424 591 2479 Deo
617 2424 761 2482 facta
797 2436 1141 2483 sacramenta
1183 2443 1280 2498 per
1315 2437 1472 2499 typos
1505 2429 1663 2498 panis
1700 2438 1756 2483 et
1791 2429 1899 2485 vini
1925 2438 2049 2486 tra-

479 2520 625 2593 dere.
651 2516 759 2573 Par
794 2519 941 2573 enim
975 2527 1116 2586 erat,
1151 2530 1211 2573 ut
1249 2535 1356 2574 non
1394 2520 1570 2574 solum
1608 2530 1793 2575 sancta
1831 2531 2052 2576 sancto-

429 2604 437 2612 ’
483 2627 606 2666 rum
628 2623 846 2666 servata
878 2620 1088 2678 essent,
1118 2628 1186 2668 ne
1212 2628 1274 2668 ea
1304 2612 1502 2685 vulgus
1532 2614 1816 2668 hominum
1844 2614 2054 2684 pollue-

487 2710 566 2754 ret
593 2719 608 2767 ;
635 2701 730 2757 sed
763 2711 823 2757 ut
852 2702 972 2772 ipsa
1008 2704 1116 2758 vita
1150 2704 1410 2769 humana,
1463 2720 1587 2774 qua:
1618 2706 1941 2774 incorporea
1974 2707 2055 2760 si-

488 2792 602 2846 mul
653 2801 710 2847 et
743 2784 1174 2863 corporea'est,
1224 2795 1406 2850 iumen
1469 2796 1665 2852 divinae
1723 2796 2055 2867 cognitionis

484 2885 873 2941 convenienter
907 2887 1009 2942 sibi
1049 2895 1266 2956 caperet
1297 2906 1311 2951 ;
1364 2901 1418 2943 et
1443 2904 1561 2943 eam
1598 2900 1802 2958 partem
1836 2889 2053 2957 animae,

484 2991 608 3044 qua:
637 2976 681 3031 a'
721 2978 962 3044 patiendi
994 2980 1340 3035 extrinsecus
1390 2985 1716 3036 necessitate
1764 2981 1936 3037 libera
1975 2983 2053 3052 (ε)

485 3080 592 3135 est,
618 3070 668 3123 id
703 3081 789 3125 est
816 3081 1080 3137 mentem,
1116 3072 1555 3141 contemplandis
1592 3072 1965 3142 simplicibus,
2004 3082 2060 3128 et

489 3162 629 3215 intra
660 3162 922 3233 imagines
953 3163 1118 3218 Deum
1151 3175 1626 3233 repraesentantes,
1657 3167 1859 3222 abditis
1879 3178 1932 3222 et
1957 3169 2063 3224 alte

2130 689 2236 742 que
2259 675 2434 741 partis
2455 689 2561 728 non
2595 677 2792 730 transit
2811 678 3031 746 specula
3052 687 3106 732 et
3136 678 3443 747 enigmata,
3469 679 3576 734 hoc
3600 695 3695 734 au-

2132 771 2239 818 tem
2265 772 2350 817 est
2373 764 2535 831 hujus
2581 766 2909 836 cegnitionis
2936 767 3187 837 partibile
3212 777 3264 822 et
3291 768 3703 838 imperfecttun;

2132 853 2336 908 idcirco
2393 870 2515 909 cum
2554 856 2760 911 venerit
2806 859 2952 926 quod
2987 856 3287 924 perfectum
3317 865 3421 922 est,
3480 859 3534 911 id
3568 860 3706 927 quod

2134 944 2262 997 huic
2314 960 2378 999 ex
2413 955 2564 1013 parte
2590 956 2693 1010 est,
2723 955 2778 1002 et
2816 948 2949 1002 illud
2978 948 3135 1018 quod
3155 949 3309 1003 estin
3341 963 3401 1001 ea
3432 949 3710 1017 partibile.

2135 1035 2537 1102 evacuabitur;
2589 1038 3004 1106 videbimusque
3060 1038 3200 1095 facie
3226 1038 3294 1094 ad
3342 1038 3539 1094 faciem
3569 1038 3635 1103 ",
3665 1041 3715 1094 id

2137 1136 2240 1187 est.
2270 1128 2627 1198 impartibilia
2678 1133 3106 1201 impartibiliter,
3137 1143 3192 1190 et
3222 1132 3591 1190 immateriata
3620 1133 3715 1189 im-

2138 1219 2446 1275 materiate.

2699 1357 2931 1415 CAPUT
2964 1358 3053 1417 iV.

2144 1485 2297 1568 Quod
2317 1485 2433 1552 ﬁeri
2452 1504 2553 1541 non
2581 1490 2769 1575 potest,
2791 1500 2848 1575 ut
2905 1492 3020 1575 qui.
3044 1507 3261 1575 corpore
3321 1495 3539 1575 ιιι-ιτσάὸςὶ
3582 1504 3715 1556 sunt,

2244 1559 2355 1611 sine
2372 1561 2632 1633 corporeis
2676 1562 2739 1614 de
2782 1558 2891 1614 Deo
2963 1558 3332 1634 philosophari
3366 1567 3598 1632 possint.

2208 1673 2819 1745 Gregoriusthcologus,
2839 1677 2891 1731 in
2914 1676 3156 1734 secundo
3183 1679 3249 1734 de
3267 1680 3531 1751 theologia
3556 1681 3716 1739 libro:

2146 1764 2216 1821 Ut
2240 1776 2345 1832 est,
2379 1767 2576 1835 inquit,
2610 1770 2944 1838 impossibile
2970 1771 3017 1824 ei
3042 1772 3207 1826 etiam
3255 1775 3348 1844 qui
3392 1777 3549 1831 valde
3578 1778 3722 1830 testi-

2142 1868 2260 1921 nat,
2293 1863 2536 1912 umbram
2563 1874 2714 1913 suam
2747 1862 2979 1917 transire
3016 1864 3250 1933 (tantum
3308 1866 3451 1920 enim
3512 1881 3716 1935 semper

2146 1950 2337 2009 umbra
2370 1951 2656 2028 anticipat,
2683 1962 2949 2022 quantum
3005 1957 3386 2025 antevertitur)
3438 1966 3538 2012 aut
3583 1958 3722 2012 sicut

2149 2042 2265 2097 ﬁeri
2297 2057 2404 2096 non
2428 2054 2628 2113 potest,
2661 2052 2721 2099 ut
2743 2054 2898 2101 extra
2955 2062 3154 2118 aquam
3216 2047 3383 2119 piscis
3435 2059 3611 2115 natet,
3654 2048 3725 2105 sic

2147 2148 2255 2188 non
2283 2142 2463 2204 potest
2493 2135 2632 2202 ﬁeri,
2663 2145 2723 2190 ut
2753 2138 2846 2207 qui
2879 2137 2932 2192 in
2960 2153 3189 2207 corpore
3205 2147 3356 2204 sunt,
3377 2141 3590 2207 absque
3609 2155 3725 2195 eor-

2147 2225 2501 2295 poreis,cum
2545 2226 2612 2284 iis
2670 2243 2792 2298 qum
2855 2230 3207 2300 intelligentia
3269 2232 3723 2301 complectuntur,

2148 2317 2370 2370 omnino
2395 2316 2504 2370 sint
2529 2336 2543 2372 :
2571 2332 2787 2384 semper
2844 2318 2992 2373 enim
3025 2318 3225 2387 aliquid
3251 2320 3319 2374 de
3348 2319 3555 2374 nostris
3572 2318 3726 2372 rebus

2151 2408 2462 2473 intercidet,
2490 2410 2747 2477 quamvis
2791 2424 2851 2465 se
2869 2427 3022 2467 mens
3047 2412 3117 2466 ab
3144 2412 3211 2467 iis
3235 2426 3357 2480 quat
3413 2420 3727 2477 cernuntur,

2153 2492 2390 2557 mavime
2416 2511 2630 2567 avocet,
2665 2511 2719 2558 et
2746 2504 2861 2558 sola
2892 2519 3074 2559 secum
3128 2505 3377 2568 collecta,
3402 2513 3635 2573 cognata
3680 2516 3730 2559 et

2153 2592 2561 2661 inaspectahilia
2592 2594 2946 2659 intelligentia
2965 2595 3177 2665 assequi
3200 2596 3425 2650 nitatur.
3445 2596 3591 2650 Idem
3638 2595 3727 2649 ad~

2156 2685 2264 2739 huc
2287 2685 2343 2738 in
2366 2687 2550 2740 eadem
2578 2687 2832 2741 oratione
2864 2700 2878 2745 :
2908 2686 3363 2763 Perqrabimusne
3412 2689 3523 2755 hic,
3552 2706 3717 2759 usque

2158 2779 2223 2831 ad
2254 2778 2558 2843 materiam,
2590 2789 2644 2832 et
2662 2795 2725 2833 ea
2763 2794 2884 2848 quae
2911 2781 3014 2835 sub
3037 2791 3319 2851 aspectum
3355 2782 3585 2844 cadunt,
3609 2798 3727 2851 pro-

2157 2871 2321 2926 vecti?
2341 2872 2422 2924 An
2440 2886 2568 2925 vero
2582 2872 2710 2942 quia
2729 2872 3131 2942 seitSctiptura
3146 2873 3728 2930 fuissetabernaculum

2159 2961 2361 3032 Moysis
2379 2963 2665 3035 imaginem
2683 2965 2923 3019 universi
2944 2965 3152 3027 inundi.
3167 2967 3258 3034 qui
3274 2981 3338 3021 ex
3355 2967 3554 3036 iisquae
3570 2966 3728 3029 cerni,

2163 3063 2216 3111 et
2236 3070 2361 3124 quae
2393 3070 2504 3109 non
2538 3056 2689 3111 cerni
2720 3065 2976 3123 possunt,
3003 3066 3238 3118 constat.
3262 3058 3440 3127 primo
3479 3059 3600 3112 velo
3641 3057 3727 3110 de-

2165 3154 2361 3211 tracto,
2389 3156 2444 3201 et
2463 3160 2687 3202 sensum
2724 3148 3082 3217 praetervecti,
3116 3149 3169 3203 in
3199 3148 3395 3203 Sancta
3423 3157 3731 3203 sanctorum

491 3254 790 3310 reconditis
836 3255 1134 3311 destinaret
1189 3265 1246 3312 et
1300 3258 1624 3313 attribueret
1656 3278 1670 3325 ;
1727 3259 1879 3325 illam
1939 3275 2067 3315 vero
2094 3254 2137 3312 C
2170 3237 2539 3303 ίηῑνοίυίωυθν
2569 3238 2623 3293 id
2651 3249 2754 3303 es"
2781 3240 2847 3294 δά
2873 3250 3121 3294 "almam
3154 3240 3549 3308 imemﬁibﬂ’cm
3569 3249 3735 3293 θίθω·

491 3356 703 3414 partem
733 3348 951 3412 animae,
971 3363 1092 3418 qua:
1119 3346 1431 3405 necessitati
1464 3350 1705 3420 patiendi
1736 3351 1844 3404 vim
1878 3359 2064 3407 exter-

494 3454 618 3493 nam
650 3439 888 3509 suhjecta
914 3451 1017 3508 est,
1045 3450 1104 3495 ut
1128 3449 1336 3496 natura:
1367 3442 1488 3511 ejus
1521 3442 1778 3497 convenit
1818 3442 2061 3513 aptaret,

495 3532 630 3585 etin
666 3531 1041 3588 divinissimas
1067 3547 1156 3597 res
1189 3549 1284 3603 per
1316 3535 1499 3605 typica
1531 3533 1778 3605 symbola
1812 3535 1891 3590 eis
1926 3537 2064 3591 arti-

497 3624 684 3679 ﬁciose
714 3624 949 3679 obducta
983 3627 1353 3695 protenderet.
1386 3626 1656 3681 Praeterea
1689 3636 1920 3685 sanctus
1956 3628 2069 3682 Ma-

496 3718 680 3774 ximus
715 3717 767 3772 iu
819 3720 1140 3790 theologicis
1175 3721 1286 3789 (a):
1329 3722 1614 3786 Dominus,
1649 3721 1848 3791 inquit,
1889 3737 2067 3791 quan-

492 3811 675 3881 doque
704 3813 1107 3882 peregrinatur,
1131 3813 1459 3883 quandoque
1480 3814 1761 3869 nobiseum
1789 3824 2064 3871 versatur:

500 3903 877 3973 peregrinatur
907 3904 960 3956 in
1012 3904 1225 3958 ratione
1259 3904 1663 3974 contemplandi
1718 3904 1863 3973 facie
1887 3909 1951 3959 ad
1987 3909 2068 3961 fa-

499 3995 677 4059 ciem;
709 4002 957 4049 versatur
1008 3994 1293 4048 nobiseum
1320 3994 1375 4047 in
1406 3996 1621 4049 ratione
1661 3995 2067 4064 contemplandi

432 4092 451 4102 ’
500 4086 801 4155 iuspeculo
850 4087 985 4140 etin
1021 4087 1330 4157 aenigmate.
1384 4087 1459 4141 Ac
1487 4087 1632 4142 idem
1695 4098 1957 4158 prmterea
2016 4089 2068 4142 in

499 4180 746 4235 centuria
800 4180 958 4234 tertia
1015 4179 1430 4261 dc’cbaritate:
1483 4179 1586 4235 Per
1618 4181 1805 4247 ﬁdem,
1863 4182 2065 4252 inquit,

501 4272 864 4334 ambulamus,
898 4288 1005 4326 non
1043 4287 1137 4339 per
1179 4274 1416 4342 speciem
1453 4290 1468 4339 ;
1502 4281 1557 4327 et
1604 4274 1658 4327 in
1695 4274 1934 4343 speculis
1966 4290 2068 4330 coo

418 4384 423 4389 ’
502 4367 801 4435 gnitienem
855 4365 1123 4420 habemus
1183 4373 1347 4435 atque
1403 4366 1457 4419 in
1494 4368 1802 4433 muigmate,
1861 4367 2069 4422 idcirco

505 4458 678 4513 multo
710 4457 894 4512 studio
946 4456 1103 4511 nobis
1144 4456 1199 4510 in
1224 4471 1285 4511 ea
1321 4472 1378 4510 re
1411 4472 1548 4526 opus
1575 4466 1678 4522 est,
1730 4465 1789 4510 ut
1811 4456 2069 4513 diuturna

506 4547 900 4602 evcrcitatione
950 4556 1004 4599 et
1034 4547 1493 4605 commentatione
1550 4545 1794 4600 habitum
1827 4556 2071 4602 contem-

2171 3331 2386 3387 lestetn?
2403 3335 2472 3388 At
2496 3347 2595 3389 nec
2634 3333 2773 3389 hanc
2801 3335 3023 3404 quidem
3065 3328 3392 3402 incorporee
3415 3335 3600 3389 videre
3616 3349 3730 3403 pos-

2170 3440 2384 3485 sumus.
2406 3408 2527 3495 quae
2555 3441 2679 3480 cum
2713 3426 2915 3496 alioqui
2948 3426 3268 3496 incorporea
3298 3429 3388 3491 sit,
3412 3426 3551 3496 ignis
3570 3434 3732 3481 tamen

2168 3525 2222 3570 et
2252 3518 2480 3586 spiritus
2506 3525 2753 3573 vocatur.
2787 3519 2854 3574 Et
2880 3519 3041 3588 paulo
3063 3529 3191 3574 ante
3220 3536 3234 3574 :
3262 3515 3455 3573 Nonne
3500 3520 3731 3586 spiritus,

2168 3618 2223 3662 et
2253 3609 2415 3678 ignis,
2444 3619 2500 3664 et
2527 3610 2708 3664 lumen
2743 3614 2962 3665 nomina
2992 3620 3122 3666 sunt
3154 3620 3366 3664 naturae
3382 3607 3733 3677 diviuaalquid

2141 3755 2145 3759 ,
2170 3698 2360 3768 igitur?
2388 3701 2471 3753 An
2505 3701 2757 3771 spiritum
2784 3702 2903 3757 sine
2932 3703 3227 3771 agitatione
3256 3711 3308 3756 et
3327 3701 3459 3755 ﬂatu
3505 3699 3627 3754 fuso
3659 3700 3734 3752 in-

2169 3790 2402 3861 telligas?
2431 3793 2700 3861 anignem
2728 3803 2879 3847 cura
2906 3792 3213 3857 materiam,
3235 3801 3289 3845 et
3319 3806 3425 3845 non
3478 3790 3733 3845 ierrisur-

2171 3899 2315 3947 smn,
2344 3901 2521 3954 neque
2552 3886 2835 3956 proprium
2863 3886 3109 3941 colorem
3142 3896 3195 3939 et
3226 3884 3450 3953 ﬁguram
3508 3882 3737 3939 habere?

2171 3989 2237 4029 an
2264 3975 2445 4030 lumen
2478 3991 2585 4031 non
2603 3991 2726 4031 cum
2753 3991 2877 4031 aere
2893 3977 3270 4039 commistum,
3302 3984 3357 4029 et
3406 3976 3639 4030 solutum
3679 3974 3735 4026 ab

2169 4080 2235 4121 eo
2263 4069 2355 4137 qui
2383 4083 2504 4122 cum
2537 4066 2700 4124 veluti
2729 4077 2951 4138 generat
2978 4080 3031 4123 et
3093 4067 3386 4122 illuminat?
3442 4069 3505 4121 Et
3564 4081 3736 4121 rursus

2173 4158 2332 4226 paulo
2381 4159 2520 4214 iul'ra
2547 4177 2561 4215 :
2592 4159 2698 4223 An,
2758 4160 2952 4229 inquit;
3009 4174 3146 4229 opus
3184 4167 3289 4220 est,
3333 4170 3389 4212 ut
3415 4174 3511 4211 uos
3546 4146 3610 4211 ab
3634 4157 3735 4212 istis

2171 4253 2405 4316 avocati,
2440 4253 2609 4321 ipsam
2650 4252 2990 4306 divinitatem
3026 4266 3089 4304 ex
3121 4249 3261 4311 iStis,
3300 4249 3480 4319 quoad
3508 4248 3621 4302 ﬁeri
3652 4262 3736 4317 po-

2155 4350 2295 4409 .test,
2330 4343 2607 4397 videamus
2627 4345 2829 4410 privata
2848 4342 3078 4411 quadam
3119 4341 3444 4411 cogitatione
3469 4356 3530 4394 ex
3545 4336 3737 4407 conjec-

2172 4436 2310 4491 turis
2340 4435 2594 4489 collecta?
2630 4432 2864 4490 Sanctus
2886 4433 3156 4488 Maximus
3190 4433 3300 4502 (b):
3327 4431 3535 4491 Omnis.
3563 4427 3735 4499 inquit,

2172 4527 2358 4584 saeculi
2377 4518 2540 4597 hujus
2556 4527 2817 4599 cognitio,
2836 4526 3000 4582 etiam
3017 4510 3137 4596 qua:
3159 4523 3315 4579 valde
3326 4524 3434 4577 alta
3445 4535 3494 4578 et
3512 4519 3737 4579 sublimis

510 4637 811 4706 ριειίοηωη
860 4636 1019 4692 “me
1071 4636 1454 4690 conﬁrmatum
1516 4650 1921 4707 comparemus,
1993 4638 2071 4693 Ex
2110 4623 2283 4686 Dest,
2315 4623 2498 4676 sicum
2518 4622 2829 4693 cognitione
2850 4619 3019 4673 futuri
3040 4616 3222 4671 saeculi
3248 4609 3725 4673 coufcratur.rudis

513 4731 597 4784 his
633 4729 824 4798 liquet,
871 4729 1016 4795 quod
1054 4728 1246 4782 anima
1278 4737 1461 4782 nostra
1516 4727 1583 4784 de
1616 4728 1765 4783 omni
1796 4729 2070 4800 theologia
2188 4724 2351 4777 est,et
2380 4714 2545 4768 veluti
2572 4712 2759 4782 ﬁgurae
2777 4709 3500 4807 νίνυξιιῑεῖιηθεονιιοη
3518 4706 3736 4807 ξτίιίξῗξξ

512 4820 892 4887 convenienter
924 4829 1127 4875 natura:
1152 4835 1264 4875 sua:
1288 4827 1506 4886 tractat,
1530 4836 1598 4875 ex
1617 4821 1720 4877 sibi
1750 4824 1993 4893 cognatis
2024 4839 2053 4877 e

2185 4812 2291 4861 tea.
2322 4814 2539 4858 ostensa
2567 4806 2681 4874 jam
2712 4816 2838 4856 vera
2871 4801 3005 4865 vita,
3031 4810 3087 4851 et
3110 4797 3448 4867 cognitione.
3517 4790 3738 4845 Scientiae
3761 4832 3794 4865 ,⁸

516 4913 879 4983 partibilibus,
905 4914 954 4968 id
967 4914 1362 4983 esttorporeis,
1380 4925 1532 4986 typos
1544 4923 1598 4970 et
1621 4915 1873 4971 notiones
1894 4917 2079 4986 expri-

516 5020 668 5060 iue-ns
684 5007 797 5059 sive
813 5005 914 5060 ista
936 5021 1001 5058 ex
1022 5005 1442 5059 forluationibus
1460 5006 1762 5061 materiatis
1785 5007 2077 5077 exprimat,

515 5099 631 5151 sive
679 5097 799 5152 sine
832 5098 1207 5166 integumento
1235 5112 1303 5151 ex
1341 5098 1407 5153 iis
1430 5099 1606 5153 solum
1635 5113 1756 5167 qua:
1797 5099 1851 5151 iu
1876 5099 2082 5152 mundo

517 5191 620 5246 sita
648 5199 797 5255 sunt,
830 5189 923 5243 ubi
954 5204 1018 5244 ea
1048 5204 1171 5260 qua:
1202 5189 1427 5259 pulchra
1463 5204 1610 5243 nunc
1652 5189 1923 5251 videmus,
1973 5203 2083 5243 non

519 5294 647 5338 sunt
669 5283 784 5351 ipsa
813 5281 1041 5345 veritas,
1073 5281 1169 5336 sed
1206 5279 1450 5333 veritatis
1483 5278 1804 5333 simulacra.
1834 5278 2084 5334 Consen-

596 5376 641 5408 "
672 5375 818 5431 Psal.
842 5390 961 5442 vui,
986 5375 1037 5430 5.
1119 5375 1162 5406 "
1202 5372 1380 5428 lCor.
1440 5385 1566 5438 xm,
1600 5371 1692 5426 12.

2180 4894 2350 4959 enim,
2378 4896 2570 4965 inquit,
2605 4897 2917 4957 cessabunt,
2954 4885 3734 4961 etprophetiteevacuabtmtur.

2189 4983 2351 5040 Recte
2381 4986 2545 5055 igitur
2574 5000 2801 5056 magnus
2831 4982 3067 5038 Basilius
3093 4980 3159 5034 de
3198 4978 3308 5032 Deo
3357 4974 3739 5047 philosophatus

2184 5085 2287 5131 est;
2340 5079 2408 5149 LSi
2471 5080 2599 5149 quid
2631 5055 2820 5143 eorum
2840 5090 2961 5145 qua:
3008 5086 3173 5141 supra
3207 5073 3350 5124 hunc
3375 5067 3640 5127 mundum,
3659 5055 3737 5128 qui

2193 5146 2456 5241 cernitur,
2481 5146 2630 5235 sunt,
2662 5166 3020 5241 intelligentia
3073 5158 3571 5231 comprehenderis,
3614 5149 3733 5206 intra

2195 5269 2438 5327 divinum
2534 5262 2786 5337 spiritum
2837 5267 2941 5314 est.
2993 5255 3103 5310 lmo
3157 5265 3406 5310 summus
3460 5244 3734 5310 Theologus

1988 5480 2269 5544 Schoha.

599 5597 674 5666 (ι)
710 5596 778 5653 Ut
810 5597 910 5652 fuit
937 5596 1175 5668 Angelus
1205 5595 1299 5666 qui
1336 5591 1743 5668 Jcs‘tturﬁlium.
1770 5583 2095 5668 Josﬂedecd-e

526 5655 745 5724 Christo
775 5668 959 5724 docuit
984 5655 1052 5723 ἰιῖ
1071 5655 1376 5736 aenigmate,
1408 5662 1639 5718 Zachar.
1661 5675 1742 5722 ut,
1770 5668 1824 5713 et
1852 5655 2090 5719 Gabriel,

444 5754 449 5759 ί
529 5738 623 5809 qui
644 5737 945 5805 Danielem,
986 5754 1036 5794 c.
1069 5754 1143 5792 ix.

616 5896 693 5968 ((ι)
727 5895 784 5950 In
815 5901 1056 5953 secunda
1079 5882 1328 5948 centuria
1352 5886 1659 5959 theologica
1690 5898 1811 5955 cap.
1848 5881 1936 5936 δῖ.

2272 5577 2348 5649 (2)
2379 5574 2587 5650 Libe'a-
2625 5569 2742 5625 Non
2767 5561 3139 5650 ομιιηῑειοκεοίξ
3166 5545 3729 5650 9“?‘9"_'li!'f’P...“f'if§f

2199 5626 2346 5704 ferri—sl
2371 5626 2460 5701 sit:
2482 5626 2681 5697 causas
2706 5626 3143 5713 patiendi,‘sicnt
3175 5626 3599 5713 habetorgauum
3626 5626 3705 5672 tor

2191 5734 2418 5789 porcum
2450 5727 2685 5784 quonon
2716 5725 2871 5765 mens
2892 5709 2988 5767 sed
3022 5719 3218 5762 sensus
3254 5709 3438 5758 utitur.

2300 5868 2371 5941 (θ)
2408 5865 2669 5925 Centuria
2696 5864 2753 5933 9.,
2790 5877 2841 5919 c.
2871 5861 2960 5917 47.
