3784 6558
140 498 219 557 πιὸ

800 483 1034 543 DECAS
1064 485 1146 544 II.
1174 511 1243 524 -φ
1285 485 1380 545 DE
1418 483 1861 548 TlIEOLOGIA
1906 491 2592 570 DEN‘JONSTRATIVA,

3203 489 3310 564 7st;

137 599 448 674 nionysius(a)
490 597 658 664 :Quia
698 598 893 668 inquit,
928 615 1034 653 non
1066 609 1414 669 potestmens
1449 610 1632 654 nostra
1669 599 1708 656 Α
1740 604 1820 659 Ia:
1849 606 1913 668 '3,
1946 619 1994 661 et
2019 608 2088 677 (ε)
2112 609 2419 666 ﬁrmitatem
2445 612 2497 666 in
2524 613 2654 683 ipsis
2685 614 2864 679 fixam,
2887 614 3040 682 quasi
3063 629 3308 668 “OuCJr-

133 719 152 751 τι
173 703 181 750 l
206 698 324 750 illam
352 693 701 759 incorpoream
729 690 1029 744 caelestium
1063 691 1316 746 ordinum
1357 693 1622 745 imitatio-

133 803 224 840 netu
251 800 304 838 ac
330 782 818 850 contemplationem
856 784 1176 850 protendere
1208 786 1380 839 aciem
1440 800 1620 850 suam,

131 881 210 932 nisi
233 873 796 942 corporeoadminiculo
833 873 933 928 sibi
978 881 1105 941 apto
1130 885 1332 928 utatur.
1354 874 1623 930 Etrursus

130 976 234 1028 idem
261 969 392 1024 :Non
423 975 608 1036 potest,
643 967 836 1035 inquit,
866 967 1018 1022 aliter
1048 969 1183 1033 ﬁeri,
1221 981 1279 1024 ut
1333 969 1516 1026 radius
1538 969 1624 1024 di-

126 1067 230 1117 rinze
247 1059 543 1129 cognitionis
563 1057 716 1112 nobis
747 1058 984 1122 illuceat,
1017 1059 1121 1112 nisi
1155 1059 1324 1114 variis
1346 1061 1486 1114 velis
1535 1075 1624 1114 sa-

124 1159 204 1210 cris
225 1153 484 1222 anagogice
506 1152 770 1216 obtectus,
785 1158 836 1203 et
857 1153 1247 1207 convenienter
1267 1161 1472 1208 natura:
1493 1168 1622 1208 nos.

127 1261 194 1300 tne
217 1246 369 1310 divina
399 1244 724 1311 providentia
758 1244 1072 1298 adornatus.
1107 1244 1227 1310 Quo
1259 1247 1313 1299 in
1380 1245 1491 1298 loci.
1548 1243 1626 1297 ait

123 1339 292 1390 tlQVinus
315 1334 566 1388 Maximus
600 1351 614 1388 :
649 1333 777 1389 Sine
801 1335 941 1406 typis
965 1345 1022 1390 et
1044 1335 1304 1404 symbolis
1345 1351 1451 1389 non
1503 1351 1626 1405 pos-

124 1444 288 1491 sumus,
315 1426 432 1479 dum
466 1425 516 1479 in
545 1440 769 1495 corpore
795 1441 1004 1492 sumus,
1029 1427 1276 1494 aspicere
1307 1427 1622 1498 incorporea

122 1517 375 1571 rtma‘teriae
400 1517 655 1583 expertia.
679 1515 810 1570 llinc
831 1517 1178 1586 perspicitur,
1195 1517 1239 1570 si
1263 1533 1414 1571 mens
1441 1527 1621 1572 nostra

123 1625 200 1662 non
224 1613 377 1675 potest
404 1621 496 1674 per
523 1621 580 1660 se
612 1621 678 1660 ne
707 1607 924 1679 angelos
945 1609 1161 1678 quidem
1193 1608 1395 1662 imitari
1428 1615 1624 1665 ctcon-

122 1700 334 1768 templari,
370 1713 461 1752 nec
479 1699 543 1752 ad
580 1698 679 1753 ista
704 1699 893 1765 adniti,
932 1701 1032 1756 nisi
1064 1701 1380 1770 adjumeu'o
1453 1710 1623 1756 mate-

121 1796 224 1845 riato
246 1800 290 1844 et
311 1789 403 1843 sub
420 1804 639 1844 sensum
661 1790 886 1845 cadente
900 1793 1002 1847 sibi
1025 1793 1367 1846 cmtvcnieuti
1403 1803 1585 1847 utatur
1605 1836 1620 1858 ,

121 1883 224 1933 nulla
244 1882 430 1935 ratione
470 1891 522 1934 et
551 1882 631 1935 via
660 1883 769 1936 ﬁeri
806 1898 982 1948 posse,
1017 1892 1074 1936 nt
1105 1883 1507 1953 intelligentiam
1529 1885 1619 1938 Dei

1728 711 1823 752 nas
1845 714 2006 762 nunc,
2031 716 2220 756 cernes
2245 713 2422 757 autem
2450 720 2549 758 suo
2597 714 2859 775 tempore.
2888 707 2948 760 Et
3008 707 3305 775 Gregorius

1725 786 2004 858 Nyssenus
2040 808 2055 845 :
2090 791 2394 858 Quomodo,
2431 797 2624 866 inquit,
2645 789 2970 867 reperiatur,
3023 815 3183 868 quem
3229 799 3310 852 ni—

1726 881 1797 935 hil
1832 898 2020 938 eorim
2069 902 2190 952 que
2245 898 2556 950 notescuut,
2606 891 2896 944 declarat?
2930 907 3036 943 non
3109 889 3306 948 forma.

1727 989 1834 1030 non
1895 975 2064 1038 color,
2123 993 2230 1032 non
2289 979 2742 1046 circumscriptio,
2792 997 2901 1036 non
2952 983 3140 1051 figura,
3200 995 3308 1034 non

1725 1068 2028 1136 quantitas.
2068 1084 2174 1121 non
2201 1069 2456 1139 qualitas,
2495 1087 2600 1126 non
2635 1073 2806 1136 locus,
2839 1090 2944 1128 non
2972 1075 3306 1142 conjectura,

1697 1213 1700 1216 _
1725 1157 2161 1220 nonsimilitudo,
2186 1175 2288 1213 non
2308 1162 2583 1230 proportio
2607 1181 2619 1228 ;
2642 1165 2771 1231 quin
2792 1167 2969 1231 potius
2988 1179 3203 1231 semper
3226 1173 3312 1216 est

1725 1257 1876 1301 extra
1919 1263 2130 1302 omnem
2165 1249 2306 1303 viam
2347 1253 2866 1320 comprehendendi.
2899 1255 3042 1308 Idem
3088 1257 3307 1308 iterum.

1726 1334 1870 1399 Haec,
1905 1337 2102 1406 inquit,
2131 1347 2217 1392 est
2249 1339 2486 1395 notionis
2515 1341 2634 1409 ejus
2667 1343 2900 1396 maxime
2915 1344 3132 1410 propria
3161 1351 3312 1398 nota.

1728 1435 1975 1483 naturam
2046 1429 2164 1500 ejus
2211 1446 2331 1485 esse
2365 1447 2530 1500 supra
2574 1449 2791 1487 omnem
2835 1444 3016 1488 notam
3073 1435 3314 1488 notionis

1725 1517 2158 1588 designatrieem.
2195 1521 2262 1575 Et
2291 1537 2538 1576 summus
2571 1524 2851 1594 theologus
2875 1524 3159 1596 Dionysius
3197 1527 3310 1594 (c):

1724 1608 1873 1662 illaut
1926 1611 2096 1681 igitur
2147 1613 2385 1668 divinant
2477 1631 2639 1685 supra
2725 1633 2886 1686 quam
2917 1629 2921 1640 τ
2951 1619 3312 1673 substantiam

1722 1703 2083 1772 quodcunque
2105 1715 2186 1759 est
2213 1705 2299 1758 ill-t
2326 1720 2492 1781 supra
2521 1723 2685 1776 quam
2736 1710 2972 1764 essentia
3021 1712 3310 1775 bonitatis,

1723 1809 1844 1862 qure
1870 1810 2031 1863 supra
2071 1796 2366 1852 bonitatem
2398 1808 2500 1862 est,
2565 1815 2741 1870 neque
2809 1811 3067 1869 tanquam
3135 1804 3313 1855 ratio-

1728 1902 1848 1939 nem
1897 1900 1988 1941 aut
2023 1891 2314 1958 potentiam
2353 1906 2550 1960 neque,
2590 1901 2847 1961 tanquam
2901 1903 3158 1957 mentem,
3222 1901 3316 1948 aut

119 1975 205 2025 s‘ne
229 1972 428 2025 materia
458 1982 510 2025 et
539 1989 770 2043 corpore
794 1963 1118 2044 assequatnr
1148 1992 1161 2039 ;
1190 1975 1395 2035 idcirco
1420 1976 1628 2045 impos-
1657 1963 1695 2016 Β
1732 1980 2114 2044 substantiam,
2138 1991 2229 2035 aut
2251 1984 2412 2037 vitam
2473 1984 2730 2040 laudibus
2795 1986 3069 2041 celebrare
3095 1986 3175 2040 t'as
3207 1995 3311 2051 est,

120 2067 233 2119 siitile
255 2075 343 2121 est.
359 2067 561 2136 eos.qui
597 2069 763 2120 vitam
796 2067 847 2121 in
869 2083 1098 2138 corpore
1118 2068 1338 2138 degunt.
1364 2069 1482 2122 sine
1501 2084 1625 2123 cor-

119 2159 248 2224 poreis
260 2159 316 2212 ad
333 2160 833 2230 contemplationem
855 2161 944 2216 Dei
964 2162 1438 2228 ascettderc.Q.to.l
1461 2163 1504 2216 si
1528 2178 1630 2215 nos

119 2267 186 2318 per
206 2251 346 2304 inane
374 2253 436 2306 ad
458 2267 518 2306 ea
547 2268 668 2319 quae
683 2269 842 2322 supra
869 2256 1126 2309 szecnlum
1151 2265 1626 2324 snnt.evagantes,

121 2356 156 2398 ul
182 2344 373 2410 assolet,
395 2345 518 2414 quid
546 2348 762 2401 tandem
788 2350 948 2402 etiam
982 2358 1106 2403 ante
1149 2349 1247 2403 ista
1273 2359 1407 2409 erat,
1448 2349 1630 2403 invcso

119 2439 316 2504 tigemus,
347 2453 518 2506 neque
549 2439 632 2495 sic
654 2440 986 2495 abducemus
1015 2456 1114 2496 nos
1134 2441 1628 2511 abiisqumcorpo-

116 2546 176 2581 τμη
201 2539 326 2593 sunt,
347 2541 396 2585 et
423 2533 622 2586 anima:
655 2533 832 2587 vicina
863 2542 916 2589 et
947 2544 1200 2604 cognata,
1226 2551 1346 2603 quae
1401 2534 1620 2602 quidem

115 2620 325 2677 immensa
359 2624 565 2678 ratione
604 2624 863 2680 inferiora
896 2636 1023 2682 sunt
1053 2643 1214 2698 quam
1249 2628 1475 2698 spiritus
1505 2626 1624 2692 Dei,

113 2715 178 2784 qui
204 2730 341 2786 supra
365 2727 610 2773 naturam
641 2735 854 2774 omnem
905 2730 1007 2778 est.

616 2828 844 2885 CAPUT
903 2828 972 2886 γ.

113 2940 230 3014 Quod
256 2959 401 3011 neque
421 2953 588 2997 totam
622 2955 669 2997 et
700 2946 956 3014 integram
983 2948 1044 3000 de
1094 2947 1200 3001 Deo
1247 2951 1616 3013 cogitationem

159 3013 324 3087 trahere
340 3016 388 3065 in
405 3014 737 3087 hocswculo
767 3013 1036 3083 pessumus
1067 3060 1082 3082 ,
1110 3030 1202 3072 aut
1252 3037 1342 3087 per
1395 3039 1510 3075 eant
1565 3024 1629 3076 de

165 3080 247 3134 Deo
269 3083 411 3161 plene
430 3080 793 3161 philosophari
821 3128 835 3150 ,
850 3103 1027 3161 neque
1044 3080 1135 3158 per
1156 3080 1320 3143 aliain:
1341 3093 1626 3161 quemlibet

162 3170 185 3203 α
205 3154 714 3223 ηοὺἰε.ἰη[οιίηαῑαηι
750 3157 1035 3213 notiorem.

1734 2072 1849 2136 ulli,
1880 2074 1972 2142 qui
1996 2075 2262 2134 veritatis.
2296 2090 2418 2145 qua:
2444 2091 2607 2144 supra
2663 2091 2879 2132 omnem
2921 2078 3202 2131 veritatem
3227 2086 3314 2132 est

1733 2164 1800 2217 sit
1823 2165 2122 2226 studiosus.
2153 2167 2285 2236 quin
2308 2167 2416 2220 imo
2439 2167 2661 2222 laudare
2685 2184 2800 2222 eam
2821 2179 3030 2237 oportet
3057 2179 3312 2238 tanquam

1735 2257 1801 2309 ab
1835 2260 1981 2312 omni
2013 2258 2222 2324 habitu,
2272 2269 2443 2325 motu,
2470 2260 2598 2322 vita.
2628 2257 3039 2328 imaginatio-te.
3071 2261 3294 2328 opinio-

1734 2361 1823 2407 ne,
1882 2349 2128 2412 nomine,
2184 2365 2457 2414 sermone,
2505 2351 2854 2422 cogitatione,
2915 2352 3308 2421 intelligentia.

1733 2439 2058 2502 substantia,
2115 2449 2280 2500 statu.
2339 2443 2678 2501 fundatione.
2757 2444 2985 2505 unione,
3049 2443 3175 2507 ﬁne,
3207 2443 3312 2496 im-

1734 2533 2040 2595 mensitate',
2073 2533 2306 2603 denique
2362 2538 2429 2589 ab
2460 2537 2716 2590 omnibus
2773 2551 3114 2605 quotcunque
3159 2543 3310 2599 sunt,

1737 2625 2006 2694 superlata
2094 2627 2444 2682 abstractam.
2540 2627 2677 2684 Hinc
2739 2627 2979 2683 efﬁcitur
3056 2627 3315 2682 ntanil'es-

1734 2727 1870 2780 tum,
1900 2717 2040 2786 quod
2077 2732 2250 2786 neque
2277 2720 2498 2774 notione
2544 2719 2684 2790 typis
2733 2731 2788 2775 et
2835 2720 3163 2788 imaginibus
3221 2720 3308 2773 iu-

1733 2805 1982 2868 t'ormata,
2008 2815 2099 2859 aut
2130 2808 2233 2862 alia
2277 2809 2519 2876 qualibet
2565 2809 2894 2878 c0gitatione
2947 2795 3114 2862 Deum
3154 2822 3313 2862 eom-

1731 2897 2082 2964 preheudere,
2114 2907 2168 2951 et
2193 2899 2258 2953 de.
2289 2914 2354 2954 eo
2381 2899 2749 2968 philosophari
2785 2915 3075 2967 possumus
3111 2917 3124 2964 ;
3179 2899 3311 2968 quin

1733 2991 1910 3056 potius
1934 2995 2084 3041 extra
2118 2988 2231 3041 hate
2269 2987 2449 3042 omnia
2487 2995 2568 3042 est
2601 2986 3087 3057 ;quoniamomnis
3145 2986 3318 3054 phan-

1731 3081 1890 3141 tasia,
1920 3080 1970 3132 id
2001 3089 2104 3143 est,
2127 3079 2409 3149 cogitatio,
2434 3079 2704 3150 triplicem
2757 3095 2916 3134 usum
2971 3079 3132 3132 habet
3168 3078 3250 3148 (τί)
3301 3095 3317 3133 :

1730 3188 1836 3226 una
1862 3173 2053 3239 ﬁgurat
2083 3187 2143 3226 ea
2163 3188 2283 3240 qute
2301 3173 2551 3227 sensibus
2569 3172 2962 3242 percipiuntur.
3002 3171 3320 3240 imprimens

159 3263 836 3336 Gregorius'l‘hcolngos,in
857 3269 1092 3322 secunda
1112 3271 1357 3325 oratione
1380 3273 1446 3327 de
1469 3274 1695 3352 thco—C
1731 3265 2005 3320 memoriae
2055 3279 2390 3334 quzecunque
2437 3278 2501 3318 ex
2544 3264 2796 3318 sensibus
2847 3273 3124 3330 assumpta
3171 3271 3320 3322 sunt,

107 3355 229 3424 logia:
251 3355 601 3422 Justiﬁcatus,
637 3360 831 3428 inquit.
879 3369 962 3415 est
992 3377 1055 3416 ex
1085 3363 1190 3417 ﬁde
1214 3380 1442 3435 magnus
1461 3377 1630 3437 patri-

107 3449 230 3502 archa
255 3451 512 3505 Abraham
549 3471 568 3517 ;
597 3461 649 3507 et
681 3453 952 3508 sacriﬁcat
982 3456 1306 3511 sacrificium
1349 3474 1546 3512 novum
1576 3471 1630 3516 et

105 3543 380 3608 inauditum,
401 3561 463 3599 ac
479 3545 628 3600 illius
650 3549 826 3615 magni
847 3549 1100 3603 sacriﬁcii
1121 3550 1429 3619 imaginem.
1460 3553 1624 3607 Deum

107 3648 204 3688 vero
228 3650 325 3690 non
353 3638 606 3693 utDeum
638 3639 793 3700 vidit,
827 3639 924 3693 sed
991 3640 1039 3694 ei
1105 3651 1360 3712 tanquam
1421 3645 1628 3700 homini

102 3727 246 3779 cibum
271 3729 513 3795 apposuit
554 3737 652 3793 ;et
690 3730 938 3782 laudatus
969 3741 1072 3794 eSt,
1107 3739 1249 3800 quod
1285 3741 1497 3787 tantum
1535 3750 1628 3789 ve-
1652 3768 1673 3792 .

104 3821 355 3875 uerationis
380 3822 661 3887 adhibuit,
687 3833 946 3891 quantum
973 3825 1326 3894 intelligentia
1384 3841 1633 3895 compre-

102 3911 270 3966 hendit.
296 3911 488 3966 Ibidem
521 3928 648 3967 cum
677 3912 925 3968 delacob
951 3915 1287 3971 meminisset
1321 3932 1334 3969 :
1367 3915 1626 3987 Etlucm-

102 4013 170 4055 tur
192 4005 409 4073 ,iuquit,
447 4021 576 4060 Cum
610 4005 718 4060 Deo
739 4015 996 4076 tanquam
1025 4023 1147 4062 cum
1182 4007 1421 4070 homine,
1483 4025 1630 4078 quat-

99 4114 274 4167 t-unque
296 4101 393 4154 ista
434 4109 518 4155 est
580 4098 670 4153 Dei
725 4114 848 4154 cum
898 4099 1117 4152 homine
1167 4099 1327 4161 lucta,
1382 4098 1630 4156 fortassis

101 4189 312 4244 lntmanre
338 4191 556 4247 virtutis
575 4206 694 4243 cum
727 4191 906 4244 divina
941 4191 1297 4258 comparatio.
1330 4190 1544 4248 Rursus
1574 4194 1628 4248 in

98 4281 254 4333 eodem
285 4269 396 4335 loco
429 4299 444 4333 :
479 4281 768 4345 Quomodo
801 4279 1045 4333 Manoem
1075 4281 1314 4349 judicent
1376 4285 1543 4353 prius,
1577 4296 1632 4339 et

101 4370 278 4424 Petrum
313 4373 641 4442 discipulum
680 4380 888 4441 postea,
921 4386 1028 4425 non
1069 4387 1129 4426 es
1183 4374 1454 4429 miratus?
1483 4376 1629 4430 illum

98 4468 302 4534 quidem,
333 4469 462 4538 quia
497 4481 599 4520 nec
629 4467 906 4533 aspectum
943 4462 1033 4516 Dei
1084 4474 1208 4535 typo
1274 4475 1328 4520 et
1395 4468 1628 4539 imagine

97 4556 334 4611 informari
362 4570 562 4626 passus
591 4563 706 4617 est;
746 4561 886 4607 unde
908 4553 1037 4608 illud
1067 4570 1082 4608 :
1122 4557 1403 4624 Periimus,
1437 4559 1632 4628 inquit,

1734 3373 1853 3429 qme
1878 3357 2115 3428 singulas
2143 3358 2404 3421 imagines
2431 3357 2638 3417 ordine,
2671 3367 2728 3410 ut
2763 3362 2832 3408 ita
2863 3356 3064 3417 dicam.
3126 3366 3181 3408 et
3229 3368 3314 3407 ar-

1741 3452 1954 3506 ticulate
1988 3452 2310 3520 disponitet
2355 3450 2643 3518 distinguit
2706 3467 2720 3514 ;
2772 3464 2934 3519 quam
2983 3457 3180 3501 vocant
3234 3463 3351 3500 sa-‘

1739 3560 1859 3597 nam
1901 3543 2265 3612 phantasiam,
2291 3550 2344 3596 et
2371 3557 2579 3610 magna:
2611 3550 2819 3602 natura:
2856 3540 3040 3593 itetnm
3069 3556 3083 3590 :
3148 3537 3316 3591 altera

1739 3634 2004 3705 imprimit
2031 3635 2261 3688 obscura
2287 3633 2531 3702 qumdam
2565 3631 2807 3700 vestigia,
2866 3645 2987 3700 qua:
3041 3643 3146 3682 non
3191 3628 3323 3682 sinit

1743 3729 1978 3795 cztgitata
2009 3728 2243 3788 illa,ulia
2269 3742 2331 3780 ex
2361 3735 2509 3795 parte
2539 3725 2896 3790 mancre;sed
2914 3720 3323 3777 confusasima-

1740 3823 1912 3890 gines,
1945 3829 2000 3874 et
2030 3820 2186 3873 aliter
2213 3819 2319 3871 alio
2355 3825 2594 3885 tempore
2616 3823 2977 3870 commutatus
3008 3812 3317 3881 promiscue

1739 3913 1947 3982 objicit,
2001 3919 2056 3964 ct
2101 3911 2258 3980 prius
2312 3908 2423 3964 fere
2470 3923 2631 3978 quam
2685 3907 3017 3976 cogitatione
3047 3903 3317 3968 ﬁctasint,

1739 4007 1805 4060 ab
1837 4006 1942 4058 illis
1969 4005 2103 4072 ipsis
2129 4002 2352 4064 escidit,
2383 4009 2437 4054 et
2461 4001 2610 4054 omni
2641 4000 2820 4053 fructu
2854 4009 2905 4052 et
2930 3999 3164 4052 utilitate
3225 4010 3319 4049 ca-

1738 4106 1840 4161 ret,
1862 4097 2037 4166 qualis
2059 4105 2140 4150 est
2166 4095 2408 4147 inanium
2439 4094 2778 4148 somniorum
2815 4095 2866 4144 in
2890 4092 3072 4160 quiete
3116 4091 3328 4158 cogita-

1741 4188 1846 4250 tio,
1912 4197 2203 4240 eteorum
2278 4199 2400 4252 quae
2460 4192 2664 4237 temere
2723 4193 2774 4234 et
2829 4181 3056 4235 fortuito
3121 4183 3327 4250 cogita-

1741 4280 1890 4334 tione
1921 4277 2237 4346 ﬁnguntur;
2276 4275 2430 4328 tertia
2461 4281 2544 4328 est
2578 4274 2630 4326 in
2657 4274 2722 4326 iis
2755 4289 2876 4342 quae
2900 4273 3104 4342 agenda
3175 4283 3321 4338 sunt,

1740 4373 1857 4427 sine
1891 4379 2034 4424 recta
2055 4368 2263 4422 ratione
2291 4366 2660 4436 progrediens,
2699 4381 2805 4434 qua
2839 4365 2890 4418 id
2913 4365 3056 4434 quod
3086 4378 3195 4417 non
3217 4371 3321 4428 est,

1742 4476 2004 4535 tanquam
2034 4463 2124 4529 sit,
2155 4461 2426 4531 cogitatur
2461 4474 2619 4528 ,qute
2663 4459 2874 4512 laetatur
2907 4458 3108 4526 quibus
3126 4455 3322 4541 doleo-2

1738 4556 1868 4611 dum
1903 4563 2038 4617 erat,
2067 4565 2119 4607 et
2146 4553 2292 4606 dolet
2317 4551 2516 4620 quibus
2546 4549 2835 4602 laetandum
2875 4565 2891 4615 ;
2929 4555 2980 4602 et
3036 4545 3181 4616 quod
3221 4546 3324 4602 sib‘

96 4665 267 4710 ouxor,
291 4650 514 4702 vidimus
547 4647 708 4699 Deum
734 4645 800 4710 η,
827 4655 1205 4714 tauquatnnon
1233 4651 1442 4719 possint
1472 4652 1648 4706 homi-
1679 4648 1722 4704 Β
1751 4649 2101 4718 persuaserit,
2137 4661 2242 4699 non
2275 4631 2474 4714 potei'it
2499 4645 2546 4699 ei
2580 4642 2884 4698 dissuaderi
2918 4657 2933 4706 ;
2965 4639 3183 4694 adamat
3217 4657 3321 4693 au-

95 4753 172 4794 nes
194 4723 467 4811 imaginem
516 4737 612 4792 Dei
658 4738 710 4792 in
755 4730 946 4792 Settsus
972 4739 1192 4793 notione
1219 4741 1445 4796 edictam
1469 4752 1522 4797 et
1545 4745 1631 4798 in-

95 4833 340 4886 formatam
369 4845 589 4900 capere.
620 4832 814 4884 nedum
854 4845 1096 4886 naturam
1133 4831 1279 4898 eius;
1314 4832 1457 4887 hunc
1479 4850 1631 4901 vero,

1743 4751 1847 4796 tein
1876 4739 2290 4806 etamplectitur
2317 4753 2437 4805 qua:
2471 4736 2805 4805 cogitatione
2836 4733 3100 4803 depingit,
3133 4749 3230 4787 ceu
3250 4734 3327 4786 le-

1740 4832 2120 4903 gesquasda-n
2152 4829 2413 4900 divinitus
2469 4828 2570 4880 sibi
2616 4825 2956 4889 informatas,
3024 4822 3328 4878 contendit-

1743 4938 1867 4991 que,
1892 4931 2090 4991 utqua:
2109 4919 2408 4975 clarissima
2442 4927 2496 4972 et
2519 4927 2643 4971 ante
2681 4917 2873 4971 oculos
2906 4916 3080 4985 posita
3099 4922 3244 4973 sunt,
3279 4913 3326 4967 si

1745 5016 1856 5070 ﬁeri
1891 5015 2078 5083 possit,
2109 5014 2172 5066 ad
2198 5028 2438 5066 errorem
2476 5026 2635 5066 suum
2664 5018 2957 5080 pervertat.
2991 5009 3049 5062 In
3133 5007 3324 5074 hujus-

1745 5106 1890 5160 modi
1915 5105 2291 5174 cogitationem
2318 5106 2410 5172 qui
2464 5103 2729 5166 incidunt,
2789 5102 3116 5157 insanabiles
3151 5099 3310 5164 ﬁunt;

1709 5179 1722 5188 ”
1747 5199 1838 5269 qui
1868 5202 1910 5252 si
1947 5179 2191 5268 poteuies
2212 5199 2345 5265 sint,
2372 5201 2423 5252 in
2459 5199 2748 5267 perniciem
2784 5197 3065 5252 civitatum
3142 5195 3322 5248 immi-

1751 5299 1878 5345 nent.
1909 5306 1924 5355 ;
1962 5291 2006 5344 si
2038 5289 2260 5353 inﬁrmi,
2288 5301 2342 5344 et
2372 5307 2476 5344 non
2500 5290 2743 5346 valentes
2764 5290 2960 5359 opibus
2991 5330 3005 5352 ,
3065 5303 3170 5341 non
3221 5288 3291 5342 de

1742 5383 1954 5446 sistent,
1977 5382 2105 5452 quin
2132 5392 2394 5451 quantum
2426 5383 2478 5435 in
2509 5397 2567 5438 se
2603 5382 2727 5448 erit,
2761 5397 2855 5435 eas
2871 5381 3118 5450 perdant.
3141 5377 3216 5434 De
3240 5381 3332 5434 his

109 4923 210 4990 quia
231 4923 502 4978 Christqu
546 4935 704 4992 quem
736 4922 1012 4985 cernebat,
1051 4921 1103 4975 in
1165 4923 1466 4978 naviculam
1525 4941 1634 4979 non

94 5017 369 5085 recipiebat,
401 5024 457 5070 et
477 5017 557 5070 ob.
595 5030 712 5068 eam
752 5029 970 5068 causam
1005 5028 1128 5068 eum
1179 5015 1500 5070 dimittebat.
1553 5016 1619 5072 Et

95 5123 252 5162 rursus
279 5109 328 5160 in
350 5107 544 5161 eadem
575 5107 854 5160 oratione:
879 5104 992 5160 Nec
1021 5106 1086 5158 de
1119 5106 1232 5173 ipsa
1248 5119 1494 5162 creatura
1514 5124 1638 5178 pcr-

94 5199 203 5252 lecta
219 5199 591 5270 perspicientia
619 5208 723 5261 cet,
739 5197 1004 5266 siquidem
1023 5197 1350 5251 credendum
1370 5209 1453 5253 est
1477 5201 1637 5270 huius

92 5292 223 5344 ctiam
247 5293 466 5346 umbras
517 5291 688 5344 solum
745 5301 795 5342 te
835 5289 1052 5351 habere,
1107 5303 1231 5343 cum
1263 5291 1451 5344 audias
1491 5311 1502 5346 :
1543 5292 1636 5346 Vi-

92 5384 194 5436 debo
217 5382 364 5436 creto:
407 5397 569 5451 opera
607 5380 892 5447 digitorum
924 5385 1130 5430 tuorum
1180 5379 1362 5432 (utram
1409 5392 1455 5435 et
1504 5385 1634 5436 διει-

150 5535 187 5566 ¹¹
238 5534 411 5590 Judic.
458 5550 574 5602 xm,
600 5533 690 5589 2⁵5.
771 5532 813 5563 ⁸³
847 5531 990 5586 Psal.
1031 5546 1148 5596 vm,
1185 5533 1242 5585 4.

1806 5695 1874 5763 (c)
1902 5695 2038 5762 Cap.
2079 5692 2124 5745 ι.
2156 5693 2219 5746 de
2236 5693 2404 5748 divin.
2438 5711 2576 5748 nam.
3242 5730 3245 5732 -

1808 5769 1885 5836 (ά)
1922 5764 2045 5836 licet:
2074 5764 2141 5817 de
2169 5764 2687 5836 ta'ipltciphanlasia
2721 5781 2785 5820 ex
2827 5767 2954 5824 Sch.
2985 5768 3043 5823 S.
3095 5767 3315 5824 Maximi

1737 5833 1858 5909 tu‘c
1893 5837 1939 5888 1.
1971 5833 2208 5909 Dionysii
2259 5836 2327 5909 tte
2357 5835 2550 5909 divinis
2607 5840 2930 5902 nominibus,
2975 5841 3068 5894 sed
3133 5839 3315 5909 cepio-

1745 5907 1882 5967 sius,
1916 5914 1968 5958 et
1998 5905 2341 5973 exitlanatins
2402 5906 2508 5959 hic.

150 5698 219 5767 (α)
247 5699 300 5750 1η
324 5698 572 5752 oratione
600 5697 664 5753 de
704 5697 1050 5753 confessione
1084 5695 1230 5750 ﬁdei.
1265 5695 1457 5764 CapJ.
1510 5693 1622 5750 Ca:-

91 5767 212 5822 Iettis
241 5769 570 5822 hierarchite.
821 5791 838 5806 ο

152 5839 218 5904 (b)
258 5840 633 5912 Interpretatio
672 5850 752 5896 est
778 5841 1068 5896 verborum
1125 5852 1245 5909 qur
1298 5846 1622 5912 sequuntur:

74 5905 202 5971 ,θυαε
229 5919 285 5963 tu
321 5905 584 5966 fundasti.
