3784 6572
145 388 223 449 759
789 364 1024 426 DECiS
1064 366 1145 426 ῘΙ.
1189 387 1252 400 -
1299 365 1398 426 DE
1436 362 1788 425 THEOLOG
1805 362 1882 422 ΙΑ
1922 358 2593 423 DEMONSTRATIVA.
3195 354 3302 416 7'0

135 497 298 556 nullius
323 491 383 540 rei
411 477 799 538 similitudinem
821 477 1001 539 habet,
1030 488 1083 530 et
1115 491 1278 530 causa
1302 488 1382 531 est
1416 493 1447 529 ιι
1497 492 1614 528 mn-
1643 483 1687 538 Α
1717 477 1909 530 ordine
1945 491 2044 544 pro
2089 475 2298 532 viribus
2347 475 2698 531 ascendimus
2736 471 2789 527 in
2826 470 3103 527 ablatione
3135 473 3213 542 (ει
3249 478 3306 525 et

133 590 200 644 nia
229 585 332 638 sint.
362 577 460 644 ipse
493 585 611 622 vero
647 583 752 621 non
783 576 886 628 est.
924 578 981 620 ut
1010 568 1101 636 qui
1141 567 1213 622 sit
1242 575 1396 620 extra
1425 566 1611 619 omnia
1719 581 1772 636 in
1824 570 2200 637 superlatione
2245 572 2490 624 omnium
2521 608 2536 631 ,
2577 578 2631 621 et
2681 567 2734 620 in
2788 565 3032 620 oumium
3087 567 3300 622 causa?

131 695 223 751 qua:
247 683 368 731 sum.
399 674 518 720 etut
556 662 667 730 ipse
704 661 770 714 de
807 675 866 714 se
889 660 990 714 sibi
1028 659 1246 728 proprie
1271 669 1324 713 et
1378 658 1616 712 scienter
1717 659 2010 730 Gregorius
2039 661 2350 751 Theologus
2379 660 2432 714 in
2463 660 2705 715 secunda
2741 657 2991 712 oratione
3014 660 3080 711 de
3108 657 3292 722 Theo-

129 737 279 831 έσεννε
305 756 568 833 pqtcst.Ex
600 755 683 808 his
706 753 896 823 liquet,
920 754 1062 823 quod
1090 751 1232 806 Deus
1259 766 1356 804 nec
1381 752 1616 805 naturali
1717 751 1874 824 logia
1909 771 1925 810 :
1972 753 2086 821 Sic,
2145 737 2346 824 inquit;
2383 755 2472 810 illa
2524 771 2554 809 a
2590 753 2699 810 Deo
2750 753 2990 823 perfecta
3038 754 3202 820 ratio,
3243 762 3300 809 et

128 856 534 931 rrprttscnlalione
564 845 819 915 cognosci
851 847 920 897 ab
952 844 1059 896 ullo
1093 858 1335 912 unquam
1379 843 1556 911 possit
1595 857 1610 896 :
1717 848 1974 902 onmihus
2005 848 2210 912 innata,
2237 864 2298 902 ac
2328 849 2500 918 prima
2531 850 2582 903 in
2612 849 2768 904 nobis
2800 850 2908 913 lex,
2939 855 2993 902 et
3025 863 3146 902 cum
3184 863 3335 901 om-.

129 955 227 1023 fugit
255 947 377 1002 enini
410 940 654 995 omnibus
692 938 868 992 modis
913 937 1309 1007 cognitionem,
1365 934 1610 1004 quando,
1721 939 1881 993 nibus
1909 939 2182 1008 colligata,
2215 955 2316 992 nos
2341 955 2404 993 ex
2435 940 2502 994 iis
2531 956 2652 1010 qum
2682 949 3004 1004 cernuntur,
3031 941 3099 995 ad
3127 939 3295 994 Deum

127 1053 195 1100 aut
217 1035 456 1110 quomodo
483 1032 571 1097 sit,
598 1045 699 1085 nec
722 1040 803 1085 est
833 1043 1021 1084 eorum
1055 1027 1493 1110 quiintelligunl,
1524 1030 1620 1076 aut
1725 1029 1974 1082 adduxit.
2011 1029 2087 1081 Ac
2134 1044 2328 1083 rursus
2379 1030 2518 1083 idem
2554 1031 2652 1099 (a),
2689 1029 2848 1096 Deus,
2881 1031 3078 1100 inquit,
3123 1041 3301 1086 tuente

125 1143 394 1196 υοι-ιιιιιιιιιίε
417 1123 785 1192 intelliguntur
825 1129 934 1186 ;est
967 1121 1110 1172 enim
1138 1117 1470 1171 substantia.
1495 1130 1618 1184 quae
1723 1129 1934 1173 tantum
1972 1118 2356 1181 adumbratur,
2409 1129 2464 1173 et
2498 1134 2560 1174 ea
2600 1120 2814 1185 quidem
2871 1121 3023 1174 valde
3070 1121 3301 1176 obscure

125 1227 370 1291 subiectum
409 1233 646 1272 essenon
675 1224 850 1284 potest
877 1231 892 1274 ;
922 1224 1004 1268 est
1030 1214 1178 1265 notio
1207 1228 1327 1280 qtue
1361 1211 1504 1263 nulla
1534 1224 1622 1262 ra-
1721 1222 1776 1266 et
1815 1211 2043 1274 minute,
2077 1226 2184 1288 non
2212 1225 2277 1264 ex
2309 1211 2373 1264 iis
2407 1226 2529 1280 qua:
2563 1210 2616 1264 in
2650 1222 2844 1264 natura
2879 1210 3000 1280 ejus
3031 1222 3182 1278 sunt,
3208 1213 3302 1266 sed

126 1313 528 1381 tionesuhjeetum
552 1310 732 1362 habet.
763 1308 818 1360 In
839 1305 1200 1376 quoigiturid
1227 1303 1510 1356 fundatum
1528 1317 1622 1356 co-
1723 1319 1846 1372 qua:
1883 1319 2006 1356 eum
2040 1303 2422 1365 circumstant,
2459 1304 2566 1356 alia
2595 1319 2660 1356 ex
2695 1303 2800 1356 alio
2832 1304 3179 1373 cogitationis
3224 1306 3302 1358 in-

125 1411 320 1478 gruiscet,
353 1401 486 1469 quod
523 1415 628 1452 non
669 1407 846 1466 potest
879 1410 1103 1465 prorsus
1144 1397 1382 1465 recipere
1411 1393 1624 1463 sulijec-
1728 1395 2059 1450 formatione
2113 1395 2336 1448 Collecta
2390 1395 2442 1447 in
2497 1411 2658 1450 unant
2712 1396 3004 1464 quamdam
3058 1398 3302 1451 veritatis

126 1511 208 1554 tum
231 1497 286 1549 ad
322 1491 609 1547 notionem?
640 1492 804 1545 Recte
836 1490 1000 1559 igitur
1022 1500 1102 1543 est
1161 1487 1500 1542 immensitas
1528 1501 1624 1541 sn-
1727 1487 2041 1557 imaginem.
2084 1486 2191 1541 lloc
2241 1496 2418 1540 autem
2468 1487 2557 1540 alii
2612 1498 2732 1556 post
2765 1488 3088 1558 Gregorium
3138 1489 3304 1542 inter-

125 1607 195 1662 pra
223 1587 576 1650 substantiam,
637 1595 693 1638 et
721 1599 872 1637 mens
906 1583 1160 1636 omnibus
1207 1579 1626 1649 cogitationibus
1727 1595 1801 1650 pri
1827 1582 1944 1646 tati,
1979 1581 2140 1645 Deus,
2173 1581 2446 1649 inquiunt,
2480 1596 2588 1634 non
2627 1595 2690 1634 ex
2728 1582 2794 1635 iis
2827 1597 2943 1644 qua:
2970 1583 3021 1634 in
3054 1596 3119 1635 eo
3149 1591 3301 1646 sunt,

125 1680 426 1748 irrcogitahilis
457 1696 470 1742 ;
501 1676 629 1746 quiti
677 1677 853 1744 potius
887 1690 1039 1727 meus
1098 1688 1206 1728 non
1269 1671 1472 1726 cadens
1525 1669 1628 1724 sub
1730 1672 1782 1726 id
1817 1684 1919 1738 est,
1956 1690 2020 1727 ex
2055 1675 2356 1728 substantia
2389 1675 2505 1744 ejus
2528 1717 2541 1738 ,
2575 1676 2666 1729 sed
2700 1692 2760 1729 ex
2817 1676 2882 1729 iis
2927 1691 3048 1743 qua:
3096 1676 3300 1730 circum

124 1773 490 1842 inteiligentiam,
515 1783 568 1824 et
594 1772 729 1824 ratio
796 1768 1081 1822 itteﬂaltilis
1125 1776 1210 1820 est
1270 1765 1446 1828 nobis,
1506 1764 1626 1820 sine
1660 1778 1697 1831 Β
1729 1765 1905 1835 ipsnm
1940 1777 2087 1828 sunt,
2121 1767 2170 1819 id
2204 1778 2307 1825 est.
2338 1783 2404 1820 ex
2432 1770 2698 1822 creaturis
2727 1769 3048 1835 percipitur.
3086 1770 3147 1820 Et
3179 1783 3307 1822 san-

123 1869 300 1926 ratiouc.
331 1866 439 1918 sine
476 1862 848 1928 intelligentia,
875 1863 994 1914 sine
1027 1860 1262 1916 nomine.
1284 1847 1629 1926 idqucpmp-
1733 1868 1852 1912 ctus
1884 1857 2152 1912 Maximus
2187 1859 2238 1912 iit
2276 1859 2594 1928 T/iuologicis
2622 1877 2638 1912 :
2671 1861 2742 1911 Ex
2781 1861 2946 1924 nulla,
2984 1860 3178 1928 inquit,
3221 1875 3303 1926 re,

122 1957 580 2026 tersupcrlationem
633 1955 949 2008 substantia:
1000 1964 1054 2006 et
1083 1949 1451 2018 intelligentiae
1483 1968 1495 2013 ;
1549 1949 1626 2002 si-
1734 1964 2074 2020 quiscunque
2101 1952 2192 2014 sit,
2222 1953 2423 2021 percipi
2463 1963 2640 2020 potest
2662 1953 2762 2020 (5),
2786 1954 2886 2007 hoc
2919 1969 3027 2005 uno
3056 1965 3304 2022 excepto,

121 2050 364 2104 cutlumcn
397 2048 665 2101 excellens
696 2051 863 2100 aciem
915 2047 1200 2100 oculorum
1253 2043 1486 2098 ellieitur
1527 2056 1627 2094 no-
1735 2042 1878 2110 quod
1921 2058 2012 2110 per
2051 2043 2209 2097 (idem
2259 2045 2636 2113 cognoscitur,
2685 2046 2851 2114 idque
2886 2062 2950 2098 ex
2985 2045 3052 2098 iis
3084 2061 3204 2116 qua:
3239 2048 3308 2098 ah

122 2132 435 2202 histeuehrae,
483 2149 728 2196 ctsouus
764 2139 892 2192 item
921 2138 1192 2205 excellens
1222 2149 1442 2190 sensum
1475 2132 1630 2186 audt-
1736 2134 1852 2204 ipso
1899 2133 2089 2189 eil’ecta
2140 2145 2290 2201 sunt,
2343 2139 2716 2207 cognoscitur,
2759 2141 3002 2206 inquam,
3038 2142 3182 2207 quod
3217 2140 3308 2202 sit,

129 2245 202 2298 ωε,
231 2233 472 2287 surditas,
1584 2234 1588 2238 '
1735 2241 1842 2278 non
1874 2226 2003 2294 quid
2046 2222 2244 2307 sitiAc
2294 2245 2478 2282 rursus
2530 2230 2670 2283 idem
2703 2231 2755 2285 in
2805 2233 2960 2284 tertia
3006 2233 3250 2286 ct-nturia
3291 2247 3305 2283 :

1735 2317 1890 2383 Quod
1925 2321 2142 2388 proprie
2170 2328 2274 2385 est,
2305 2338 2366 2375 ex
2401 2338 2465 2376 eo
2500 2324 2646 2391 quod
2685 2340 2798 2377 non
2823 2332 2907 2378 est
2941 2327 3176 2393 proprie,
3218 2340 3308 2378 co—

1736 2410 2020 2476 gnoscitur
2055 2427 2210 2486 esse;
2247 2416 2620 2482 cognoscitur,
2652 2415 2868 2482 inquam
2899 2456 2912 2478 ,
2950 2416 3305 2469 non-habitu-

1737 2501 1865 2556 dine
1893 2501 2095 2571 aliriua,
2129 2518 2236 2572 qua
2270 2505 2335 2557 ad
2375 2505 2500 2558 illttd
2528 2505 2670 2572 quod
2701 2523 2806 2562 non
2834 2518 2912 2559 e5t
2961 2508 3195 2574 proprie,
3228 2524 3310 2560 re-

1739 2593 1964 2660 feratur,
2013 2605 2108 2649 aut
2143 2611 2268 2649 cum
2306 2612 2370 2649 eo
2406 2606 2775 2665 ctunparetur.
2823 2597 3113 2660 Quomodo
3165 2599 3308 2652 enim

1737 2687 1880 2755 quod
1914 2687 2131 2756 pr0prie
2161 2699 2262 2748 est.
2288 2697 2340 2742 et
2375 2698 2431 2741 ut
2463 2688 2708 2741 omnium
2734 2703 2898 2741 causa
2934 2704 3096 2755 supra
3127 2691 3311 2743 omnia

1737 2789 1914 2844 est,et
1944 2796 2049 2834 non
2077 2782 2455 2848 cognoscendo
2486 2781 2640 2843 illud,
2669 2781 2807 2832 sicut
2845 2781 2944 2834 alia
2975 2795 3314 2847 cognoscun-

1739 2880 1846 2934 tur,
1891 2871 2263 2939 cognoscitur,
2317 2887 2440 2924 cum
2481 2872 2546 2926 iis
2575 2887 2694 2940 quae
2746 2886 2849 2924 non
2897 2880 3024 2926 sunt
3073 2887 3235 2939 propr
3259 2886 3312 2930 e.

111 2965 162 3018 iis
195 2980 297 3035 qua:
341 2975 487 3018 sunt.
539 2967 624 3016 Att
675 2980 780 3017 non
820 2965 995 3032 potius
1032 2978 1154 3016 vere
1204 2963 1436 3027 dicatur,
1485 2950 1627 3032 quoii
1740 2963 1883 3016 ullus
1918 2979 2151 3030 ttuquam
2197 2965 2305 3016 ulla
2340 2979 2402 3016 ex
2437 2973 2591 3032 parte
2626 2963 2906 3017 conferet?
2934 2980 3056 3015 cum
3107 2962 3308 3029 alioaui

111 3054 242 3109 Deum
270 3073 371 3110 non
413 3058 802 3125 cognoscimus
849 3071 912 3108 cx
964 3066 1152 3108 natura
1199 3057 1317 3123 ejus
1367 3055 1441 3122 (id
1484 3056 1626 3107 cnim
1741 3071 1845 3106 non
1881 3056 2154 3124 possimus
2183 3072 2284 3110 nos
2317 3055 2368 3108 id
2417 3058 2560 3125 quod
2610 3067 2688 3109 est
2744 3071 2905 3122 supra
2945 3057 3308 3109 substantiam

109 3147 218 3213 quod
246 3157 440 3202 natura:
485 3148 611 3216 ejus
658 3157 756 3211 ρει,
796 3146 1129 3214 incognitum
1164 3157 1268 3208 est,
1319 3153 1370 3197 et
1415 3160 1632 3197 oinm-nt
1666 3134 1705 3184 (ἶ
1740 3146 1894 3198 aliter
1931 3145 2191 3210 indicare,
2225 3161 2387 3216 quam
2423 3147 2466 3200 si
2500 3161 2562 3200 ex
2599 3145 2666 3198 iis
2693 3161 2813 3210 quae
2857 3156 2984 3199 sunt
3009 3187 3020 3204 .
3061 3147 3160 3199 hor
3189 3157 3311 3200 tan-

671 2317 900 2375 CAPL’T
933 2317 1044 2375 VII.

123 2435 227 2491 Unde
247 2435 465 2499 tandem,
499 2445 547 2488 et
597 2447 660 2488 ex
703 2432 890 2554 quibus
923 2433 990 2486 sit
1020 2434 1094 2506 με
1122 2429 1224 2483 Dec
1253 2425 1629 2498 philosophan-

810 2518 918 2554 um.

810 2518 918 2556 um.

165 2596 357 2668 Magnus
385 2595 679 2668 Dionysius
703 2610 822 2663 cap.
858 2596 910 2657 Ἰ,
946 2593 1018 2644 De
1059 2591 1252 2646 divinis
1283 2589 1580 2644 nominibus
1609 2602 1627 2642 :

115 2685 361 2747 Praterea.
411 2687 626 2755 inquit,
677 2685 1027 2754 quwreitdum
1081 2694 1164 2737 est
1213 2685 1488 2753 quomodo
1533 2696 1630 2734 nos

112 2779 243 2832 Deum
287 2780 663 2846 cegnoseitnus
688 2817 703 2842 ,
739 2778 827 2846 qui
874 2792 1053 2844 neque
1100 2792 1264 2830 sensu
1294 2755 1629 2844 Apercipilur,

113 2887 186 2924 nec
211 2872 565 2940 intelligentia,
594 2880 647 2925 et
681 2880 738 2925 ut
771 2869 1021 2924 universe
1052 2871 1248 2930 dicam,
1291 2869 1422 2921 nihil
1456 2876 1536 2920 est
1564 2883 1628 2919 ex

109 3241 328 3294 rationem
379 3255 441 3292 ac
484 3247 725 3292 mentem
764 3239 1030 3306 superat),
1065 3237 1156 3291 sed
1193 3253 1255 3289 ex
1285 3237 1475 3289 ordine
1513 3251 1630 3289 ont-

106 3331 226 3384 nium
247 3347 415 3385 rerum
445 3339 707 3399 tanquam
730 3330 797 3384 ab
827 3330 940 3398 ipso
965 3329 1266 3398 proposito,
1289 3306 1635 3404 (ftitnagiues

106 3424 330 3490 quasdam
375 3438 438 3476 ac
487 3423 880 3478 similitudines
931 3420 1324 3489 exemplarium
1375 3420 1494 3490 ejus
1554 3418 1630 3488 (Ι)

103 3513 369 3568 divinorum
409 3515 462 3567 in
515 3530 577 3568 se
629 3515 858 3568 habente
905 3509 970 3564 ad
1021 3511 1464 3580 cognoscendum
1496 3510 1628 3564 illud

75 3611 339 3661 ‘summum
375 3607 607 3673 bonum,
635 3615 690 3661 ct
721 3605 965 3660 omnium
991 3603 1253 3658 honorum
1283 3603 1440 3656 linem
1476 3603 1557 3656 via
1587 3612 1642 3658 ct

1743 3247 1854 3288 tum
1893 3237 1958 3291 de
1997 3252 2062 3292 eo
2105 3238 2298 3305 exigue
2346 3237 2669 3298 indicemus,
2710 3237 2960 3290 rite-licet
3009 3239 3152 3305 quod
3206 3247 3311 3291 est.

1744 3327 1806 3382 Et
1837 3330 2012 3381 adhuc
2060 3330 2201 3382 idem
2255 3329 2309 3381 in
2358 3329 2599 3382 secunda
2649 3331 2896 3382 centuria
2934 3330 3015 3383 de
3042 3330 3312 3382 charitate

1740 3422 1914 3490 cap'te
1941 3421 2202 3473 vicesimo
2231 3420 2490 3488 septimo,
2527 3418 2651 3484 Qui,
2684 3418 2876 3487 inquit.
2910 3419 2975 3474 de
3000 3417 3106 3473 Dco
3137 3420 3316 3488 philo-

1746 3513 2077 3581 sOphaturus
2127 3526 2207 3576 es,
2243 3525 2309 3563 ne
2355 3510 2595 3564 rationes
2643 3509 2710 3563 de
2747 3517 2940 3564 natura
2970 3509 3088 3578 ejus
3133 3508 3311 3563 disse-

1751 3603 1904 3658 rendi
1938 3616 2180 3672 quaeras;
2227 3617 2337 3657 non
2385 3601 2529 3656 enim
2585 3601 2822 3656 humana
2870 3616 3025 3656 meus
3072 3602 3316 3655 invenire

1535 3745 1804 3813 Schoha.
1887 3802 1892 3808 .

99 3886 196 3935 rap.
227 3873 275 3932 7,
310 3869 381 3923 De
417 3871 616 3925 divinis
663 3870 912 3924 nominib.
965 3870 1192 3925 Paulum
1232 3870 1504 3935 imitatus,
1546 3889 1635 3928 sa-

100 3943 323 4016 pientiam
359 3943 448 4016 Dei
479 3942 1018 4016 rationeyacattlcm,
1045 3952 1097 3994 et
1131 3951 1398 4016 amentem
1433 3953 1478 3995 et
1501 3945 1637 4016 διιιιέ

102 4012 189 4066 iam
215 4013 440 4076 vocavit,
474 4024 538 4067 ut
570 4013 942 4065 excellentiam
964 4012 1084 4079 ejus
1108 4013 1456 4080 signiﬁcaret,
1493 4015 1634 4082 quod

99 4086 156 4138 ita
212 4085 495 4138 antecellat
574 4083 841 4135 rationem
916 4094 1200 4146 nostram,
1241 4090 1300 4134 ut
1353 4099 1381 4134 a
1424 4086 1634 4139 ratione

98 4154 245 4208 aliena
270 4154 565 4216 habeatur;
601 4157 671 4203 ita
704 4162 963 4214 mentem,
984 4161 1040 4203 ιιι
1071 4155 1305 4204 amentia
1337 4156 1632 4208 etstultitta

99 4233 318 4293 putetur;
357 4223 439 4276 sic
476 4225 584 4275 hoc
635 4224 773 4283 loco,
832 4223 956 4289 quia
1000 4221 1238 4290 cognitio
1284 4222 1372 4275 Dei
1420 4223 1634 4278 iniinilo

99 4295 352 4348 intersallo
402 4295 674 4346 rationem
711 4304 1008 4354 creaturae,
1044 4304 1098 4344 et
1149 4293 1484 4349 intellectum
1513 4332 1528 4349 .
1582 4307 1634 4347 ct

98 4366 288 4434 nomina
319 4379 438 4430 qua:
472 4367 543 4414 de
583 4361 689 4414 Deo
711 4363 989 4421 dicuntur,
1009 4373 1252 4430 supr-rat,
1279 4380 1402 4416 cum
1428 4366 1629 4434 atioqui

98 4433 218 4488 Deus
244 4450 305 4486 ex
342 4434 606 4487 olnniLus
637 4436 906 4485 creaturis
938 4447 1030 4499 per
1063 4434 1325 4486 tationem
1378 4437 1630 4502 vestigari

56 4511 61 4517 ’
96 4507 259 4570 possit,
294 4514 348 4557 et
384 4503 619 4569 intelligi
656 4517 718 4554 ac
752 4503 1055 4563 nominari;
1103 4503 1233 4555 uir-it
1281 4513 1460 4557 tamen
1511 4521 1634 4558 esse

93 4589 200 4626 euut
227 4576 467 4640 ἀλογίαν,
490 4582 546 4624 et
577 4573 834 4640 ὰνοησίειν
865 4584 917 4625 et
938 4574 1268 4640 ἀνωνυμίαν,
1303 4573 1351 4625 id
1384 4585 1488 4637 est,
1518 4576 1637 4628 im-

97 4661 195 4712 τον,
232 4645 390 4696 ἄνουν
417 4652 474 4696 et
504 4645 808 4709 ανώιυμον,
842 4644 940 4696 hoc
963 4653 1064 4706 est,
1094 4645 1324 4705 ratione,
1355 4656 1552 4711 mente,
1584 4654 1640 4698 et

96 4722 286 4769 nomine
313 4723 626 4768 micantem.

155 4849 222 4918 (Ι)
257 4847 527 4918 Imagines
560 4844 816 4915 quasdam
860 4854 906 4897 et
959 4845 1331 4900 similitudines
1379 4851 1644 4916 exempla-

96 4923 212 4972 rium
255 4923 307 4972 in
357 4937 411 4972 se
448 4919 689 4969 habente.
724 4920 1074 4984 Quaecunque
1112 4927 1256 4981 sunt,
1297 4921 1344 4969 id
1380 4930 1483 4983 est,
1518 4936 1644 4986 spc-

96 5005 186 5043 ths
205 4993 502 5058 etsinguhe
532 5002 815 5056 creaturae,
853 4995 909 5038 ut
942 4989 1160 5040 ordines
1197 4989 1552 5055 angelorum,
1589 4999 1644 5041 et

96 5062 253 5113 omnia
303 5063 532 5114 sonsilta
556 5097 568 5120 ,
601 5058 866 5123 imagines
897 5067 1022 5109 sunt
1057 5067 1108 5108 et
1143 5058 1529 5111 similitudines
1561 5061 1646 5110 uio

96 5134 318 5182 vittarum
351 5134 620 5191 idearum,
651 5129 701 5180 id
729 5137 832 5186 est,
861 5127 1248 5194 exemplarium
1279 5143 1396 5193 qute
1428 5139 1554 5181 sunt
1589 5132 1638 5180 in
1691 5153 1696 5159 -

95 5199 209 5278 Deo,
241 5217 360 5269 qua.
393 5203 618 5264 quidem
656 5197 984 5263 euunplaria
1035 5209 1249 5278 acterna:
1296 5198 1387 5250 Dei
1441 5201 1639 5250 intelli-

96 5269 265 5337 gentia:
312 5283 480 5333 stitit,
529 5281 621 5336 per
649 5281 810 5334 quas,
859 5277 912 5319 et
953 5269 1252 5320 secundum
1285 5283 1420 5334 quas
1457 5272 1638 5321 Omnia

97 5343 141 5391 iu
170 5359 278 5407 ipso
310 5351 507 5404 erant,
539 5353 658 5406 qua:
690 5352 796 5388 non
843 5349 999 5389 erant
1028 5337 1133 5390 alia
1171 5340 1236 5389 ab
1268 5337 1425 5404 ipso;
1459 5349 1510 5390 ct
1545 5356 1630 5405 per

91 5425 190 5475 eas,
231 5422 283 5465 et
335 5412 640 5464 secundum
663 5421 768 5477 eas
812 5409 996 5460 omnia
1029 5423 1145 5477 qua:
1184 5410 1460 5474 produxit,
1495 5411 1634 5461 laeta

92 5496 225 5544 sunt,
255 5493 399 5536 Sient
430 5485 623 5532 beatus
649 5476 886 5530 Joannes
919 5477 970 5528 iii
1009 5476 1331 5546 Apocalypsi
1353 5515 1369 5541 ε
1403 5494 1524 5545 cap.
1564 5494 1634 5542 ιν,

91 5553 158 5602 ait
184 5555 384 5606 dixissu
415 5551 537 5603 illos
564 5559 750 5615 vrgtutt
782 5557 1010 5615 quatuor
1041 5563 1286 5600 seniores
1319 5562 1333 5600 :
1365 5552 1556 5600 Umnia
1587 5567 1638 5601 tu

90 5623 196 5691 ipso
217 5630 394 5691 erant,
427 5632 486 5675 et
504 5628 683 5675 creata
707 5630 852 5672 sunt.
885 5621 956 5670 De
983 5617 1116 5671 ideis
1139 5618 1338 5671 dictum
1365 5628 1466 5684 est,
1491 5621 1634 5689 quod

151 5806 224 5879 (ri)
255 5808 315 5862 In
347 5807 597 5864 oratione
627 5806 690 5862 de
715 5802 1002 5860 Nativitatc
1030 5803 1250 5860 Christi.

1745 3883 1921 3938 erant;
1948 3873 2013 3928 de
2041 3872 2370 3943 imaginibus
2395 3880 2574 3926 autem
2603 3880 2658 3926 ct
2677 3870 3134 3926 similitudinibus
3162 3870 3313 3924 idea-

1743 3959 1862 3998 rnm
1899 3944 2069 4009 idest,
2105 3945 2516 4011 exemplarium,
2553 3948 2694 4011 quod
2715 3954 2910 3997 creata:
2943 3951 3093 3996 sunt.

1816 4014 1890 4083 (Ξ)
1934 4013 2000 4066 lu
2037 4009 2302 4066 ablatione
2333 4023 2379 4066 et
2410 4009 2788 4078 superlatioue,
2824 4015 2873 4066 et
2907 4028 3084 4065 causa.
3119 4009 3315 4066 Trihns

1746 4084 1927 4138 modis
1993 4084 2342 4138 ascendimus
2392 4085 2457 4135 ad
2518 4085 2956 4150 cognoscendum
3029 4084 3195 4133 Deum
3249 4099 3313 4134 ex

1742 4155 2037 4214 ci'ealuris,
2060 4169 2166 4206 tit-.0
2194 4154 2353 4205 modo
2379 4153 2677 4206 auferendo
2699 4154 2747 4204 ci
2773 4164 3033 4220 neganler
3057 4161 3312 4219 tauquam

1743 4239 1846 4275 non
1879 4225 2124 4276 decentia
2154 4237 2493 4291 quaecunque
2522 4232 2700 4275 creata
2730 4235 3050 4284 cernuntur,
3084 4222 3206 4287 quia
3235 4221 3315 4271 ni-

1742 4294 1814 4345 hil
1846 4309 2032 4345 eorum
2057 4292 2222 4345 Deum
2253 4307 2376 4345 cs~e
2407 4292 2660 4352 dicimus,
2695 4293 2784 4344 sed
2810 4306 2990 4343 omnia
3024 4305 3308 4357 negamus,

1740 4365 1947 4418 aientcs
1974 4379 1988 4416 :
2018 4360 2134 4414 Non
2169 4373 2248 4415 cst
2292 4363 2432 4415 Deus
2465 4365 2688 4429 angelus
2716 4400 2729 4420 ,
2763 4375 2938 4426 neque
2979 4362 3182 4422 anima,
3216 4372 3317 4412 nec

1743 4433 1911 4485 udum
1954 4434 2176 4494 animal,
2208 4445 2299 4486 aut
2352 4433 2530 4494 istud,
2590 4439 2684 4484 aut
2738 4430 2865 4482 il.u.l
2895 4469 2908 4493 ,
2952 4429 3316 4498 quodcunque

1743 4503 1843 4565 sit;
1877 4503 1980 4556 alio
2015 4507 2170 4557 modo
2204 4503 2564 4572 perfectiones
2593 4511 3001 4563 creaturarum,
3041 4511 3097 4572 nt
3131 4499 3315 4572 vitam,

1747 4573 2088 4640 sapientiam,
2131 4583 2183 4626 et
2204 4564 2327 4626 'alia
2372 4573 2680 4641 hujusmodi
2713 4610 2726 4634 ,
2767 4569 3093 4623 retnoxendo
3123 4585 3152 4620 a
3186 4564 3312 4632 Deo,

1747 4644 1874 4710 quia
1910 4644 2176 4710 sapientia
2211 4644 2300 4694 Dei
2332 4652 2545 4695 omnem
2579 4643 2901 4705 sapientiam
2945 4655 3180 4710 crearunt
3225 4653 3318 4690 ex-

1748 4709 1932 4774 cellit,
1978 4709 2035 4764 et
2086 4716 2193 4765 vita
2242 4712 2331 4766 Dei
2383 4727 2598 4765 omnem
2636 4722 2818 4771 Vitam,
2854 4719 2907 4761 et
2949 4709 3314 4777 perfectiores

1754 4785 1974 4851 reliquae
2015 4783 2252 4850 reliquas
2295 4797 2484 4836 omnes
2529 4781 2891 4848 perfectiones
2920 4791 3312 4851 Διειῖιειίιιιιι·ιιιίιιιι

1751 4849 2044 4919 snpet'ant;
2085 4849 2242 4905 tertio
2275 4854 2453 4915 modo,
2485 4863 2753 4919 quatenus
2785 4849 2965 4902 omnia
2998 4860 3126 4900 sunt
3153 4863 3179 4898 :t
3209 4849 3316 4898 Deo

1718 4977 1721 4979 ἓ
1749 4933 1950 4986 creata,
1987 4938 2325 4991 quzccunque
2354 4925 2407 4974 iit
2440 4932 2629 4974 natura
2665 4936 2844 4973 rerum
2880 4930 2932 4971 ct
2964 4920 3315 4970 UlliVCl'allulc

1750 5005 1933 5044 ltitinttt
1971 5004 2114 5045 sunt.

1821 5064 1894 5131 t5)
1930 5061 2044 5114 Non
2080 5073 2259 5130 negat,
2291 5077 2420 5129 quin
2454 5062 2624 5129 possit
2651 5059 3013 5112 demonstrari
3049 5067 3114 5108 ex
3163 5070 3304 5108 crea—

1749 5143 1886 5185 turis
1919 5135 2007 5184 Dei
2050 5133 2218 5183 Dcunt
2252 5149 2392 5196 esse,
2430 5136 2522 5184 sed
2558 5140 2713 5198 negat
2741 5131 2994 5197 cognosci
3039 5142 3196 5192 posse
3228 5142 3315 5198 she-

1745 5205 1982 5255 cuudum
2020 5203 2314 5256 essentiam
2368 5194 2433 5254 ex
2473 5194 2697 5261 ciicrtis,
2729 5194 2972 5252 meminit
3019 5210 3195 5249 autem
3251 5194 3308 5247 S.

1720 5273 2020 5326 hlaximus
2053 5277 2118 5325 de
2154 5273 2463 5342 cognitione
2497 5271 2588 5322 Dei
2638 5285 2704 5322 ex
2755 5272 2878 5330 title,
2910 5273 3052 5342 quod
3097 5269 3209 5329 sit,
3259 5273 3313 5318 et

1746 5359 1851 5394 nou
1885 5347 1951 5396 de
1981 5339 2290 5411 cognitione
2318 5343 2546 5394 naturali
2577 5355 2669 5408 per
2698 5339 3217 5411 demonstrationem
3246 5349 3312 5387 ex

1743 5413 1974 5476 eticctis,
2011 5407 2136 5482 quia
2183 5428 2506 5479 cognoscere
2538 5407 2639 5464 huc
2688 5424 2781 5477 per
2831 5409 2990 5460 tidem
3021 5407 3192 5458 multo
3219 5419 3316 5457 ex.

1741 5486 2030 5536 cellentius
2056 5494 2136 5536 est
2163 5492 2216 5534 et
2241 5485 2511 5535 valentius
2545 5495 2708 5548 quam
2742 5493 3069 5546 cognoscere
3104 5491 3198 5544 per
3226 5489 3315 5526 ra-

1746 5554 1946 5607 tionem
1999 5554 2298 5606 naturalem
2371 5561 2577 5620 qttanto
2623 5551 2973 5620 excellentior
3024 5557 3106 5599 est
3137 5554 3316 5616 gratia

1748 5639 1910 5692 quant
1947 5636 2176 5691 natura;
2216 5624 2346 5678 ﬁdes
2377 5618 2518 5678 cnim
2543 5637 2607 5676 ex
2639 5623 2812 5690 gratia
2846 5618 2938 5669 Dei
2967 5626 3074 5671 est.
