3784 6586
163 399 240 462 773

799 377 1034 439 DECAS
1078 380 1156 442 lI.
1205 404 1270 416 —
1311 381 1410 441 DE
1452 378 1891 441 TIIEOLOGIA
1923 380 2594 442 DEMONST'RATIVA.

3173 380 3305 444 ’774

158 519 354 578 tanquam
385 501 428 552 iii
467 494 693 549 omnium
729 510 930 557 causa;
979 503 1033 547 et
1081 482 1293 549 omnes
1320 511 1412 550 eas
1461 497 1633 566 magis
1663 501 1706 558 Α
1739 499 2019 567 iieganier,
2069 498 2365 552 auferendo
2415 497 2835 566 philosophatur
2859 537 2874 561 ,
2911 497 3144 553 Verbum
3182 496 3312 550 facit

154 600 320 674 proprie
354 603 521 660 negare
549 597 800 655 tanquam
828 603 949 656 quae
975 589 1044 640 sit
1078 605 1240 656 supra
1273 590 1453 641 omnia
1480 607 1494 654 ;
1533 605 1630 643 nec

149 685 492 750 existimandum
519 689 598 734 est
625 682 932 734 coeti-arias
974 695 1096 733 esse
1129 681 1446 750 negationes
1480 680 1629 734 amr-

149 779 443 840 iiiationilnis;
485 772 603 838 quin
647 773 828 840 potius
876 774 1050 827 multo
1097 775 1246 842 prius
1291 788 1413 828 esse
1453 775 1628 844 ipsam

147 878 324 945 pi-iiiiani
352 878 551 921 causam
583 879 743 932 supra
775 864 1127 928 privationes,
1178 869 1298 918 cum
1349 865 1420 918 sit
1468 881 1628 934 supra

145 980 308 1020 omnem
337 968 381 1013 et
409 958 720 1010 aliiatiouem
750 955 829 1023 (1)
866 968 916 1011 ει
957 957 1305 1025 positionem.
1331 956 1407 1010 Ac
1439 972 1633 1012 rursus

142 1061 247 1111 idem
275 1056 425 1122 capite
454 1047 960 1104 secundo'Ccelestis
994 1051 1304 1102 liierarcliiw
1332 1067 1350 1104 :
1377 1052 1632 1120 Aliquan-

138 1153 206 1211 do,
233 1146 398 1214 inquit,
434 1143 678 1195 laudatur
706 1142 888 1194 divine
924 1143 976 1195 in
1007 1142 1309 1211 Scriptnris
1343 1145 1458 1199 suis
1501 1160 1632 1200 san-

136 1245 210 1294 etis
251 1235 569 1292 dissimilibus
638 1235 1102 1289 nominationibus
1151 1235 1253 1304 (‘2),
1336 1251 1460 1289 cum
1505 1237 1630 1292 cum

134 1342 288 1387 vocant
316 1327 762 1394 inaspectaliilem,
803 1338 856 1394 et
889 1327 1190 1390 inllnitnm,
1219 1337 1270 1380 et
1297 1343 1405 1380 non
1441 1337 1632 1395 poten-

135 1437 211 1478 tem
241 1417 592 1487 comprehendi
619 1459 634 1483 ,
672 1427 740 1470 ἐι
789 1416 1044 1470 similiter
1097 1417 1150 1469 in
1188 1417 1330 1490 aliis,
1364 1432 1485 1485 qua:
1522 1434 1629 1472 non

131 1517 224 1584 quid
254 1514 344 1573 sit,
374 1512 458 1568 sed
501 1510 628 1577 quid
666 1526 770 1564 non
807 1512 896 1574 sit,
935 1510 1232 1564 declarant.
1268 1509 1378 1564 Hoc
1410 1521 1587 1564 autem
1615 1552 1630 1575 ,

133 1621 170 1660 in
194 1605 414 1668 arbitror,
451 1603 618 1671 magis
659 1586 937 1671 pro'prium
976 1603 1149 1656 estrei
1205 1619 1217 1654 :
1268 1603 1536 1672 siquidem
1572 1615 1633 1659 ut

130 1702 271 1759 tacita,
298 1695 340 1749 id
368 1703 463 1755 est,
494 1697 616 1749 sine
648 1697 871 1762 St‘t'iplo,
908 1695 1262 1770 sacerdotalis
1291 1699 1512 1752 traditio
1553 1697 1626 1767 ('5)

127 1791 323 1858 etposuil
346 1829 358 1851 ,
389 1802 510 1841 vere
540 1788 776 1841 dicimus
812 1803 919 1840 non
972 1803 1094 1844 esse
1135 1789 1436 1843 secundum
1470 1800 1628 1844 natu-

124 1898 206 1934 ram
233 1880 358 1933 illius
391 1883 462 1934 rei
489 1896 552 1934 ex
590 1881 656 1934 iis
679 1897 798 1947 qua":
824 1891 950 1936 sunt
982 1897 996 1935 :
1031 1892 1283 1936 eieternm
1315 1885 1628 1951 ignoramus

123 1972 219 2023 illud
261 1972 305 2022 in
347 1985 408 2022 eo
456 1986 563 2023 non
617 1972 935 2036 delinitum,
987 1973 1115 2041 quid
1159 1974 1227 2026 sit
1265 1973 1406 2042 quod
1461 1987 1626 2042 supra

122 2063 418 2118 substantiam
450 2074 554 2125 est,
601 2065 854 2133 quodque
901 2080 999 2125 nec
1033 2065 1280 2134 intelligi,
1309 2060 1486 2134 neque
1521 2067 1630 2121 dici

121 2165 265 2222 pob-sl.
299 2152 346 2206 Si
375 2155 534 2224 igitur
567 2156 884 2224 negationes
925 2157 978 2210 iii
1007 2155 1210 2210 divinis
1261 2173 1401 2210 verm
1454 2167 1582 2212 sunt
1611 2197 1628 2225 ,

123 2247 442 2300 alﬁrmationes
477 2262 612 2300 vero
661 2263 765 2301 non
812 2260 1120 2317 congruunt
1153 2248 1229 2319 (4)
1261 2266 1384 2303 eum
1415 2253 1630 2306 occulta

126 2336 344 2389 divinitate.
378 2351 568 2403 eorum
609 2352 730 2405 quat
757 2337 822 2390 de
856 2338 963 2390 Deo
992 2338 1168 2391 «Πειιί
1216 2353 1323 2392 n0ii
1359 2349 1628 2408 possunt,

121 2443 404 2495 consequens
425 2439 531 2494 est,
569 2439 626 2482 ιιι
655 2430 722 2483 iis
750 2445 869 2499 qua:
903 2444 1012 2502 non
1064 2441 1191 2484 sunt
1240 2433 1589 2501 aspectaliilia
1614 2477 1628 2500 ,

117 2523 247 2588 inagis
271 2522 474 2589 proiiria
506 2521 583 2576 sit
620 2521 923 2576 nominatio
956 2523 1043 2576 illa
1074 2539 1195 2592 qua:
1227 2539 1323 2594 per
1352 2525 1632 2581 dissimili-

115 2614 286 2667 tudines
317 2612 612 2668 formatur.
647 2615 711 2669 Et
735 2613 1032 2684 Gregorius
1055 2613 1386 2687 Tlieologus,
1418 2617 1473 2670 in
1507 2634 1632 2672 ora-

114 2707 226 2758 tione
250 2707 473 2760 secunda
500 2708 571 2761 ile
606 2708 874 2776 theologia
917 2723 932 2759 :
965 2707 1152 2773 Multo,
1184 2708 1391 2778 inquit,
1418 2709 1633 2765 facilius

110 2808 149 2850 et
175 2797 363 2851 brevius
385 2807 468 2853 est
495 2798 731 2853 dicendo
747 2799 888 2868 quod
919 2809 1020 2862 est,
1047 2799 1325 2854 declarare
1351 2801 1496 2869 quod
1525 2817 1633 2854 non

110 2903 187 2952 est,
215 2907 360 2945 auaui
394 2895 647 2961 negando
673 2891 751 2960 (5)
780 2892 924 2960 quod
961 2907 1066 2944 non
1093 2901 1194 2955 est,
1223 2892 1467 2948 indicare
1491 2894 1636 2963 quod

107 2994 186 3037 est.
216 2983 273 3037 Et
307 3001 501 3040 rursus
533 3001 548 3038 :
585 2983 690 3038 Sed
719 2994 954 3054 oportet,
981 2995 1264 3054 postquam
1297 2984 1504 3041 dictum
1537 2987 1638 3042 erit

51 3083 60 3097 '
109 3092 203 3142 quia
237 3090 335 3130 non
376 3089 496 3142 est,
547 3077 762 3131 dicatur
817 3076 978 3131 etiam
1023 3076 1166 3146 quod
1217 3087 1294 3132 est
1328 3094 1341 3131 :
1371 3087 1536 3150 atque
1576 3095 1641 3135 eo

106 3172 264 3238 magis,
299 3173 441 3238 quod
479 3171 700 3226 facilius
733 3181 815 3226 est
857 3185 1025 3224 unum
1073 3171 1275 3240 aliquid
1319 3173 1643 3242 complecti,
1671 3173 1716 3235 C

106 3277 237 3329 quatit
256 3264 433 3317 omnia
491 3263 774 3334 sigillaiim
812 3279 1044 3333 negare;
1077 3271 1217 3317 utex
1249 3264 1530 3332 negatione
1547 3278 1639 3318 eo-

98 3370 192 3407 rum
236 3371 350 3423 qua:
401 3373 512 3411 non
553 3367 654 3421 est,
689 3366 741 3410 et
777 3357 1140 3412 allirmatione
1185 3356 1305 3425 ejus
1345 3359 1487 3425 quod
1523 3366 1638 3423 est,

99 3448 204 3499 illud
237 3451 589 3520 intelligentia
621 3451 1067 3508 complectamur.
1109 3451 1342 3507 Sanctus
1371 3451 1640 3506 Maximus

95 3540 134 3592 in
164 3542 474 3614 Tlieologicis
507 3561 526 3598 :
555 3543 659 3611 Qui
689 3544 1128 3614 pnilosophatur,
1160 3545 1338 3614 inquit
1365 3584 1381 3610 ,
1418 3547 1483 3600 de
1523 3544 1631 3600 Deo

91 3635 279 3710 aieudo,
329 3635 574 3692 Vindium
635 3637 764 3690 facit
809 3652 1026 3691 carnem
1058 3675 1074 3701 ,
1127 3637 1256 3691 dum
1306 3653 1414 3692 non
1468 3648 1643 3707 potest

89 3729 300 3795 aliunde,
334 3745 506 3794 quam
549 3744 616 3784 ex
670 3729 738 3783 iis
790 3722 910 3798 quae
943 3728 1216 3782 cernimus
1249 3736 1303 3784 et
1333 3740 1641 3784 contreeta-

90 3833 212 3884 nais,
241 3821 406 3875 Deum
450 3835 785 3889 cognoscere
809 3829 1070 3891 tanquam
1093 3835 1352 3884 causam;
1387 3820 1480 3890 qui
1517 3835 1644 3875 vero

1662 1838 1702 1891 Β

1737 590 2012 659 spiritum,
2064 601 2247 660 utpote
2291 592 2434 660 qiiod
2483 601 2600 645 erat
2650 590 2704 644 in
2756 590 3042 660 principio,
3090 601 3142 644 ct
3195 602 3316 644 erat

1735 685 1878 754 apud
1919 684 2087 738 Deum
2112 725 2125 743 .
2177 701 2300 738 eum
2328 685 2421 754 qui
2451 696 2535 739 est
2570 699 2734 753 supra
2765 698 2932 751 quam
2975 684 3310 753 incognitus,

1737 792 1803 829 ex
1837 777 1984 829 nulla
2019 777 2237 845 penitus
2273 792 2330 829 re
2355 792 2546 830 earum
2583 793 2702 844 qua)
2748 777 3002 843 cognosci
3038 787 3268 846 possunt
3295 819 3309 840 ,

1737 878 1882 922 recte
1903 884 2261 934 cognoscens.
2304 867 2441 921 Hinc
2477 870 2532 922 tit
2562 871 2929 936 perspicuum,
2957 869 3102 938 quod
3137 871 3311 938 magis

1734 963 2011 1029 proprium
2045 971 2128 1014 est
2169 960 2541 1028 philosophari
2583 960 2794 1012 debeo
2842 976 2937 1029 per
2969 951 3311 1027 negationes,

1734 1069 1896 1121 quam
1951 1068 2044 1122 per
2092 1050 2519 1112 aflirmationcs,
2570 1060 2842 1119 quatenus
2894 1052 3125 1104 alterum
3181 1053 3312 1107 facit

1743 1146 1981 1201 Verbum
2016 1146 2292 1214 spiritum.
2314 1144 2539 1198 alterum
2573 1141 2946 1198 i'acitVerbnni
2975 1159 3215 1198 carnem.
3237 1150 3309 1198 Ac

1738 1239 2007 1307 theologia
2041 1238 2258 1306 quidem
2299 1233 2574 1288 aﬂirmans
2609 1249 2717 1286 vnn
2765 1234 2926 1286 habet
2960 1235 3309 1302 comparandi

1734 1337 1786 1378 et
1815 1328 2078 1395 ﬁgurandi
2111 1343 2172 1380 ac
2199 1326 2540 1394 conjectandi
2567 1342 2580 1388 ;
2612 1337 2663 1380 et
2697 1327 2798 1378 hoc
2831 1334 3039 1378 tantum
3079 1329 3307 1395 probat,

1735 1419 1943 1474 scilicet
1987 1419 2151 1472 Deum
2191 1435 2330 1482 esse,
2367 1435 2429 1472 ex
2469 1419 2533 1472 iis
2567 1435 2688 1488 quae
2729 1419 2795 1472 ab
2831 1418 2947 1486 ipso
2981 1419 3120 1472 laeta
3153 1434 3310 1487 sunt;
3369 1405 3374 1408 ’

1736 1512 2001 1579 theologia
2069 1526 2196 1564 vero
2213 1526 2412 1579 negans
2443 1510 2778 1564 demonstrat
2803 1510 2968 1564 Deum
2997 1527 3118 1566 esse
3149 1528 3312 1582 supra

1741 1605 1971 1667 omnia;
2010 1617 2072 1656 ac
2101 1604 2386 1655 veritatem
2428 1602 2663 1654 maxime
2702 1603 3015 1671 assequitur
3045 1605 3140 1671 qui
3179 1603 3314 1658 dicit

1736 1712 1841 1752 non
1873 1711 1992 1749 esse
2029 1695 2190 1749 Deum
2220 1694 2513 1764 quidquam
2544 1710 2730 1748 eorum
2759 1711 2877 1762 quae
2899 1703 3046 1757 sunt,
3073 1695 3165 1748 sed
3193 1711 3313 1749 esse

1736 1801 1896 1854 supra
1925 1786 2284 1840 substantiam
2317 1828 2329 1848 ,
2371 1796 2426 1838 et
2478 1801 2648 1854 supra
2697 1788 2900 1841 omnia.
2954 1790 3220 1843 Prwterea
3257 1791 3310 1844 iii

1736 1878 1846 1930 Deo
1872 1879 2184 1948 negationes
2214 1896 2320 1932 non
2353 1889 2479 1934 sunt
2507 1882 2795 1933 contrariae
2827 1882 3302 1940 aliirmationibns:

1735 1989 1833 2028 nec
1862 1974 2006 2027 enim
2041 1974 2184 2042 quod
2217 1974 2501 2027 aliirmatio
2529 1975 2837 2037 atiirmavit,
2873 1975 2975 2029 hoc
3003 1976 3175 2044 ipsum
3216 1994 3306 2030 ne-

1735 2067 1880 2134 gatio
1915 2066 2128 2134 negavit
2161 2083 2175 2119 :
2214 2068 2342 2135 quin
2380 2067 2488 2120 imo
2521 2067 2662 2120 sicut
2693 2067 2980 2120 aﬂirmatio
3013 2083 3118 2120 non
3153 2070 3305 2136 ponit

1734 2159 1862 2228 quid
1891 2159 1958 2211 sit
1983 2157 2146 2244 Deus,
2175 2158 2253 2211 sic
2281 2173 2457 2227 neque
2489 2162 2699 2227 negatio
2725 2158 2860 2211 tollit
2885 2159 3013 2228 quid
3042 2161 3104 2214 sit
3145 2160 3305 2217 Deus:

1733 2251 1878 2321 quod
1919 2251 2062 2304 enim
2118 2267 2226 2304 non
2276 2251 2462 2320 pooit,
2515 2251 2793 2319 quomodo
2847 2252 3036 2305 tollat?
3074 2253 3314 2324 Denique

1735 2357 1888 2411 a'que.
1918 2356 2024 2394 non
2055 2341 2366 2407 assequitur
2400 2341 2758 2395 substantiam
2799 2343 2887 2395 Dei
2925 2353 3036 2396 tum
3073 2329 3311 2396 animia-

1737 2435 1832 2495 tio,
1876 2445 1991 2487 tum
2029 2434 2286 2502 negatio:
2340 2435 2440 2486 hoc
2473 2434 2649 2486 solum
2688 2433 2977 2497 differunt,
3017 2436 3160 2504 quod
3190 2451 3314 2504 pro—

1735 2527 1864 2596 pius
1897 2525 2111 2582 accedit
2154 2526 2220 2579 ad
2264 2525 2545 2577 veritatem
2582 2524 2674 2594 qui
2713 2523 2866 2589 dicit,
2916 2523 3055 2580 Deus
3087 2531 3202 2580 noti
3229 2534 3328 2581 est.

1739 2617 1841 2672 hoc
1871 2617 2014 2687 quod
2047 2631 2148 2670 nos
2172 2615 2572 2671 existimamus.

2361 2729 2593 2784 CAPUT
2632 2728 2700 2784 Χ.

1748 2847 1906 2912 Quod
1925 2825 2084 2898 .Deus
2112 2856 2187 2898 est
2220 2861 2379 2908 supra
2405 2861 2609 2915 omnem
2634 2844 3046 2915 afﬁimationem
3067 2854 3114 2896 et
3163 2860 3318 2915 nega-

1815 2919 2045 2977 tionem;
2104 2925 2150 2968 ει
2189 2916 2330 2984 quod
2358 2914 2528 2967 solum
2586 2914 2860 2966 nesciendo
2895 2924 2945 2966 et
2978 2917 3186 2979 penitus
3212 2914 3317 2973 non

1813 2987 2038 3040 videndo
2070 2986 2229 3039 simul
2255 3003 2372 3039 eum
2408 2988 2792 3054 cognoscimus,
2825 2994 2870 3036 et
2899 2985 2960 3038 de
2991 3001 3050 3038 eo
3084 2987 3319 3052 philoso-

1817 3065 2061 3127 phanmr.

1821 3169 2050 3241 Magnus
2082 3171 2373 3239 Dionysius
2413 3167 2593 3234 capite
2651 3168 2824 3232 primo
2860 3167 3100 3238 Mysticre
3153 3167 3320 3222 Theo-

1746 3265 1898 3334 logire
1931 3279 1950 3316 :
1980 3262 2091 3316 Mea
2117 3262 2300 3329 igitur,
2334 3260 2532 3327 inquit,
2565 3261 2804 3329 precatio
2825 3260 2936 3314 haec
2966 3261 3055 3324 sit,
3088 3271 3141 3314 tu
3166 3277 3314 3325 vero,

1747 3359 1922 3415 amice
1987 3356 2294 3416 Timotliee.
2348 3356 2618 3422 relinque,
2654 3351 2959 3407 vehementi
3021 3352 3204 3406 studio
3268 3364 3322 3409 et
3387 3345 3400 3358 ³

1748 3452 2142 3509 exercitatione
2204 3446 2604 3512 contemplandi
2649 3460 2868 3510 arcana,
2926 3455 3040 3499 tum
3102 3461 3320 3505 sensus.

1749 3558 1860 3602 tum
1897 3544 2095 3599 mentis
2128 3541 2534 3609 intelligentiae,
2577 3547 2630 3593 et
2681 3539 2862 3592 omnia
2905 3554 3025 3606 quae
3054 3540 3156 3592 sub
3197 3554 3322 3592 Sen-

1749 3653 1868 3696 sum
1899 3649 1952 3692 et
2005 3634 2413 3704 intelligentiam
2466 3631 2690 3694 cadunt,
2724 3647 2787 3685 ac
2826 3635 3006 3685 omnia
3059 3647 3180 3700 qiiic
3210 3647 3316 3684 non

1751 3740 1880 3787 sunt
1909 3731 2006 3800 (1),
2042 3738 2096 3784 et
2127 3743 2246 3797 quae
2274 3736 2422 3789 sunt,
2449 3737 2502 3781 et
2524 3736 2796 3794 quantum
2826 3724 3033 3780 vii-ibus
3060 3726 3319 3792 consequi

1753 3823 1959 3892 poteris
1983 3821 2048 3876 ad
2069 3821 2192 3892 conj
2207 3820 2517 3875 unctionem
2541 3834 2666 3872 eum
2690 3832 2755 3872 eo
2777 3831 2938 3886 supra
2957 3818 3324 3884 omnemsuli—

1555 3937 1836 4000 Scboﬁa.

145 4045 213 4109 (l)
240 4042 414 4112 Supra
439 4061 652 4098 omnem
680 4044 1020 4100 ablutionem.
1042 4043 1136 4101 Est
1169 4044 1364 4116 positio
1392 4045 1645 4112 simplex,

81 4118 279 4168 uilicus
311 4127 398 4170 est
438 4117 580 4177 vita,
612 4117 850 4178 bonitas,
902 4116 1060 4184 lapis,
1094 4127 1179 4170 est
1234 4118 1394 4169 etiam
1445 4117 1646 4184 positio

83 4186 431 4252 liypotlietica,
470 4201 599 4240 cum
645 4184 997 4239 aflirmationi
1039 4188 1387 4255 adiungimus
1427 4201 1646 4254 compa-

81 4255 352 4318 rationem,
382 4265 447 4310 ut
467 4256 644 4324 nia-gis
673 4265 754 4309 est
776 4256 914 4310 Deus
933 4257 1062 4317 vita,
1091 4272 1250 4324 quam
1271 4258 1430 4324 lapis,
1451 4266 1504 4308 et
1530 4271 1646 4309 nia-

79 4342 150 4392 gis
181 4325 415 4385 bonitas.
449 4341 616 4394 quam
645 4325 804 4393 ignis.
842 4326 1110 4387 similiter,
1146 4325 1348 4379 ablatio
1388 4327 1642 4393 simplex,

81 4394 180 4447 sive
219 4401 460 4464 negatio,
502 4405 563 4448 ut
587 4395 726 4448 Deus
755 4409 860 4448 non
903 4404 986 4448 est
1021 4396 1180 4464 lapis,
1218 4412 1323 4448 non
1357 4397 1639 4460 irascitur,

75 4465 335 4519 etsimilia
392 4465 832 4535 liypotheticain,
896 4475 951 4518 ut
983 4470 1153 4535 magis
1207 4480 1312 4517 non
1362 4475 1446 4519 est
1501 4469 1641 4519 Deus

76 4535 265 4598 ebzius,
316 4531 491 4603 quani
542 4551 645 4588 non
705 4545 788 4588 est
846 4531 1098 4588 sermone
1133 4535 1434 4602 explicatus
1476 4550 1638 4604 supra
1674 4531 1718 4585 ὓ

77 4614 355 4676 utrumque
376 4622 556 4676 genus
578 4605 868 4676 positionis
888 4605 1256 4676 et_ablatioin's
1279 4614 1362 4658 est
1391 4605 1558 4676 Deus.
1583 4607 1650 4660 de

73 4675 146 4724 liis
173 4673 402 4746 Uionys:
441 4693 568 4744 cap.
594 4689 650 4727 iii
674 4675 903 4746 lilysticrc
928 4673 1173 4743 Tlteolog.
1206 4676 1258 4728 In
1287 4674 1650 4744 positionibus

76 4745 457 4810 liypotlietieis,
491 4762 612 4814 qua:
641 4748 811 4813 magis
867 4745 974 4798 Deo
1025 4746 1381 4803 cenveniunt.
1413 4746 1500 4797 illa
1532 4761 1653 4798 sor-

76 4822 266 4866 tiuntur
300 4817 440 4869 illiti]
481 4815 674 4883 magis,
721 4825 779 4867 ut
817 4815 985 4882 magis
1014 4825 1094 4868 est
1138 4815 1278 4870 Deus
1315 4817 1448 4876 vita,
1484 4830 1648 4882 quant

72 4902 170 4945 aer,
195 4900 396 4948 contra
422 4902 560 4939 vero
584 4904 634 4938 in
660 4887 1043 4947 oblationibus,
1065 4900 1186 4953 quae
1210 4885 1499 4939 remotiora
1520 4896 1651 4938 sunt

73 4967 96 5001 τι
121 4953 221 5008 Deo
255 4957 544 5024 iecipiunt
572 4959 763 5021 magis,
795 4965 851 5008 ut
874 4959 1172 5024 inagisnon
1209 4957 1462 5009 irascitur
1485 4954 1649 5024 Deus,

69 5039 218 5083 quam
258 5023 752 5094 noniintelligitur.
788 5023 998 5078 liursus
1023 5040 1142 5092 cap.
1166 5041 1200 5079 ιι
1230 5025 1466 5094 Mystica:
1493 5023 1656 5077 Theo-

69 5094 162 5161 (φρ.
197 5113 210 5147 :
248 5095 599 5159 l’ositiones,
635 5096 832 5164 inquit,
885 5104 1014 5148 sunt
1047 5111 1388 5164 quotcunque
1437 5098 1488 5146 in
1554 5098 1659 5148 Deo

68 5165 338 5228 ibe-untur,
371 5177 436 5220 ut
465 5170 514 5220 ei
541 5167 808 5230 convenit,
833 5175 1036 5226 utens,
1067 5169 1399 5229 vita,lunieii
1428 5176 1478 5218 et
1500 5165 1603 5216 alia
1643 5180 1656 5215 :

67 5235 367 5291 oblationes
400 5248 592 5292 anteiit
623 5251 964 5303 quaecunque
1012 5253 1040 5286 ιι
1083 5236 1190 5288 Deo
1226 5242 1402 5290 aliena
1461 5250 1664 5302 negati-

68 5315 164 5367 tur,
204 5319 262 5359 iit
291 5324 413 5360 non
446 5318 533 5360 cst
559 5323 754 5375 corpus
782 5305 950 5367 Deus,
983 5321 1089 5358 non
1119 5308 1322 5369 anima,
1353 5323 1452 5359 nec
1503 5305 1662 5373 quid-

67 5392 220 5440 quam
255 5395 466 5430 eorum
501 5393 621 5445 qua:
671 5381 722 5429 in
765 5379 1130 5445 cognitionem
1162 5378 1382 5430 cadunt.
1423 5419 1429 5424 .

129 5447 627 5517 (2)1)issimilibus
664 5446 1138 5500 nominationibus.
1201 5446 1500 5499 Dissimiles
1555 5461 1660 5498 no-

66 5523 412 5573 minationes
440 5527 598 5572 vocat
656 5533 776 5584 qua
803 5517 992 5570 dicunt
1025 5519 1091 5570 de
1153 5533 1210 5570 re
1241 5533 1362 5586 qua:
1413 5527 1515 5579 est,
1551 5534 1658 5569 non

71 5588 195 5656 quid
229 5592 329 5650 sit,
371 5591 476 5642 sed
507 5588 635 5657 quid
669 5603 777 5640 non
803 5589 904 5657 sit,
939 5589 1086 5654 quod
1111 5599 1186 5640 est
1231 5588 1516 5641 dissimile.

138 5661 216 5728 (5)
265 5659 476 5712 Tacita
503 5656 741 5712 traditio.
779 5656 1023 5712 Traditio
1059 5663 1270 5714 occulta
1308 5657 1662 5713 sacerdotalis

141 5837 218 5901 (τι)
257 5830 321 5886 iii
358 5833 618 5884 centuria
644 5826 699 5893 2,
735 5842 852 5896 cap.
892 5825 980 5880 '59.

1756 4057 1984 4100 vocatur
2009 4047 2232 4098 traditio
2258 4046 2634 4114 apostolorum
2669 4044 2792 4098 sine
2822 4043 3045 4114 scripto.

1828 4118 1905 4185 (4)
1955 4109 2358 4183 Afﬁrniationes
2389 4131 2509 4166 rero
2561 4130 2662 4167 non
2680 4109 3006 4185 congruunt.
3043 4109 3322 4180 Tanquam

1754 4186 1922 4244 falsze.
1953 4188 2080 4254 quia
2113 4200 2277 4252 supra
2307 4185 2529 4254 hasqest,
2564 4193 2646 4235 est
2679 4184 2840 4245 Deus,
2861 4191 2918 4234 ut
2947 4196 3052 4234 non
3077 4190 3164 4254 est
3194 4197 3326 4254 suos

1754 4251 1986 4320 stantia,
2019 4257 2108 4308 sed
2145 4251 2305 4322 supra
2341 4253 2724 4316 substantiam;
2769 4267 2873 4303 non
2905 4261 2990 4305 cst
3045 4251 3176 4322 vita,
3210 4253 3322 4322 sed

1753 4342 1916 4394 supra
1950 4327 2135 4389 vitam;
2166 4320 2228 4377 et
2259 4325 2375 4377 ideo
2397 4340 2504 4377 non
2538 4322 2759 4394 deliniri
2787 4330 2986 4385 potest,
3035 4320 3161 4388 quia
3191 4321 3324 4394 deii-

1754 4391 1887 4449 iiitiii
1918 4407 2130 4451 constat
2157 4412 2219 4449 ex
2253 4395 2628 4455 aﬂirmatione,
2663 4402 2716 4445 et
2750 4392 2862 4457 ipse
2913 4403 2995 4444 est
3044 4397 3209 4458 supra
3243 4391 3326 4442 af-

1754 4470 2110 4530 lirniatioiies,
2143 4483 2262 4534 qua:
2301 4465 2348 4518 ei
2377 4480 2482 4518 non
2516 4470 2844 4534 congruunt.

1821 4539 1896 4606 (5)
1941 4527 2113 4602 Qum
2149 4527 2404 4605 negando.
2445 4535 2599 4606 Verbi
2627 4527 2821 4601 gratia,
2844 4530 2887 4582 si
2909 4537 3182 4606 quaeratur
3208 4527 3322 4606 bis-

1755 4603 1994 4677 quinque
2011 4619 2145 4676 quot
2170 4603 2337 4660 sunt?
2366 4605 2672 4672 eitpeditius
2706 4610 2789 4655 est
2841 4604 3194 4677 respondere,
3234 4603 3326 4649 de.

1755 4661 1872 4731 c'em
1906 4661 2247 4739 adiri-nando,
2301 4661 2462 4743 quam
2499 4678 2678 4750 dicere
2716 4661 3002 4737 negando:
3038 4661 3152 4750 Non
3189 4678 3330 4750 sunt

1759 4748 1880 4812 tria,
1914 4765 2020 4802 iion
2075 4741 2333 4816 quatuor,
2384 4760 2492 4799 non
2521 4745 2781 4814 quinque,
2843 4756 2952 4793 non
3016 4741 3225 4810 viginti,
3278 4750 3329 4793 et

1756 4817 2032 4886 deinceps.

1828 4890 1905 4956 (6)
1937 4878 2012 4942 At:
2038 4887 2211 4942 omnia
2241 4902 2358 4954 quis
2387 4902 2490 4938 non
2515 4880 2840 4956 sunt.,Pi'iii_s
2860 4880 3100 4956 dixerat:
3126 4878 3332 4956 Eteni-

1762 4951 1850 5012 iiia
1882 4951 2001 5026 qua:
2036 4960 2140 5012 sub
2172 4951 2393 5010 sensum
2455 4965 2506 5007 et
2539 4956 2639 5009 sub
2670 4952 3076 5026 intelligentiam
3105 4951 3328 5026 cadunt;

1766 5020 1911 5080 ideni
1939 5044 2086 5082 nunc
2112 5031 2174 5079 ὲκ
2199 5025 2544 5098 παραλλήλου
2589 5023 2847 5098 declarat,
2886 5036 3008 5098 cuti]
3067 5023 3139 5074 ait
3181 5036 3196 5072 :

1766 5101 1950 5151 omnia
1976 5114 2098 5165 qua:
2132 5113 2238 5150 non
2268 5091 2726 5150 sunthaec-enim
2754 5092 3080 5161 respondent
3116 5091 3333 5144 sensili-

1769 5171 1893 5228 bus.
1919 5165 2036 5235 (1υῶ
2057 5177 2266 5221 veteres
2293 5167 2546 5220 dicebant
2576 5181 2679 5219 non
2709 5179 2850 5223 esse,
2885 5170 2943 5214 ut
2977 5176 3096 5235 quae
3117 5173 3332 5212 omnem

1772 5233 2128 5291 mutationem
2154 5248 2434 5305 caperent,
2457 5245 2509 5288 et
2534 5252 2638 5287 non
2665 5248 2878 5305 semper
2900 5235 2954 5284 in
2978 5233 3168 5305 eodem
3192 5237 3332 5305 statu

1773 5316 1976 5361 essent.
2066 5307 2133 5359 Et
2196 5298 2256 5359 e'a
2321 5298 2437 5375 qua}
2490 5315 2634 5357 sunt.
2697 5298 2822 5375 Hice
2875 5301 3204 5375 respondent
3263 5298 3332 5374 fit]

1777 5379 1865 5430 illa
1891 5378 1994 5431 sub
2051 5370 2461 5446 intelligeiiiiaiii
2498 5375 2767 5446 cadentia.
2803 5370 3138 5446 intellectilia
3192 5370 3335 5420 enim

1769 5448 1933 5500 iidem
1970 5444 2366 5518 Aveteresfesse
2414 5445 2692 5506 dicebant,
2744 5444 2943 5518 quippe
2973 5457 3092 5518 qua:
3121 5449 3340 5518 semper

1765 5527 1947 5571 essent
1967 5516 2294 5570 immortalia
2321 5517 2595 5569 voluntate
2621 5515 2876 5575 auctoris,
2900 5522 2950 5565 et
2979 5512 3337 5563 substantiam

1769 5605 1874 5641 non
1908 5597 2205 5641 mutarent.
2240 5589 2465 5655 Proprie
2500 5586 2662 5654 igitur
2691 5594 2816 5639 sunt
2854 5580 3210 5644 intellectilia,
3238 5580 3342 5630 lio-

1777 5674 2030 5727 monynie
2060 5669 2245 5712 autem
2277 5658 2522 5711 sensilia.
