3784 6558
114 521 206 588 785
293 585 302 596 .

112 741 154 782 ut
177 721 401 779 habitudo
425 728 476 772 et
506 728 679 771 motus
717 715 809 770 Dei
860 717 928 770 atl
959 715 1268 770 eﬂicieudas
1297 725 1602 780 creaturas,

108 827 148 870 et
167 829 240 869 ars
264 821 309 864 et
335 809 583 878 sapientia
614 815 667 860 et
702 807 939 875 potentia
971 818 1021 860 et
1053 807 1336 876 generatio
1383 816 1604 868 creatu-

108 912 347 966 ramnuet
373 901 638 955 etnanatio
665 899 993 966 i—st'operatio
1028 899 1146 968 eius
1170 897 1314 952 idem
1347 897 1479 952 sint.

649 1012 881 1069 CAPUT
925 1011 988 1066 ν.

105 1132 225 1196 Quod
267 1143 565 1197 qtttecunque
601 1126 811 1197 habent
864 1125 1122 1178 rationem
1159 1122 1501 1189 operationis.
1554 1133 1604 1197 et

157 1193 299 1252 medio
340 1214 443 1250 esse
493 1195 820 1262 probamur,
855 1205 1050 1248 natura
1083 1210 1176 1261 per
1225 1209 1280 1246 se
1317 1209 1418 1246 non
1464 1193 1606 1247 exsi-

151 1280 299 1331 stunt;
325 1277 511 1321 et-sttnt
541 1266 900 1328 solummodo,
935 1273 1192 1335 quatenus
1233 1263 1389 1331 ﬁunt.

155 1363 343 1430 Magnus
369 1358 595 1412 Basilius
621 1359 757 1412 libro
781 1367 998 1427 quarto,
1019 1355 1220 1412 Contra
1253 1353 1606 1410 Eunomium:

103 1458 160 1516 Si,
189 1454 360 1522 inquit,
385 1465 520 1519 opus
541 1462 624 1505 est.
649 1450 839 1514 Filius,
871 1458 928 1505 et
957 1465 1064 1504 non
1094 1464 1338 1522 germen,
1387 1464 1486 1502 nec
1513 1447 1605 1516 qui

102 1555 306 1615 operatus
337 1554 432 1606 est,
465 1559 561 1598 nec
589 1545 834 1612 operatio
854 1552 956 1597 'est
983 1543 1135 1612 ipse;
1158 1543 1310 1597 aliud
1345 1542 1489 1596 enim
1521 1550 1609 1596 est

100 1639 292 1707 operatio
337 1646 524 1707 prmter
564 1636 704 1701 ista;
758 1636 957 1706 alioqui
1014 1650 1122 1688 non
1173 1635 1458 1690 exsieteret
1512 1649 1631 1703 per.

100 1748 163 1795 se;
195 1730 319 1783 nulla
358 1730 496 1782 enim
533 1731 783 1798 Operatio
830 1743 925 1798 per
951 1743 1012 1783 se
1057 1727 1296 1782 exsistit.
1351 1727 1447 1782 Sin
1481 1742 1610 1782 vero

97 1833 152 1877 est
189 1837 306 1890 opus
344 1822 534 1889 ipsum,
583 1822 830 1890 sequitur
874 1828 931 1874 ut
979 1820 1046 1874 sit
1093 1821 1284 1875 tertius
1316 1837 1379 1874 ex
1417 1819 1606 1882 Patre,

96 1929 246 1970 etnon
275 1913 385 1968 sine
424 1915 890 1980 intertitedio,.cst
919 1914 1062 1969 enim
1097 1913 1295 1982 primo,
1339 1914 1429 1982 qui
1479 1928 1608 1982 ope-

97 2020 210 2061 ratus
227 2017 314 2072 est,
339 2015 521 2075 postea
547 2007 817 2076 operatio,
839 2015 893 2060 et
923 2007 994 2060 ita
1023 2008 1185 2060 tertio
1213 2021 1352 2074 opus
1378 2005 1602 2059 factum.

97 2105 142 2157 Et
163 2103 316 2158 Basilii
346 2104 508 2157 lrater
537 2103 831 2173 Gregorius
866 2101 1162 2174 Nyssenns,
1192 2102 1332 2157 libro
1366 2103 1611 2156 secundo

97 2179 473 2266 Confutationum
526 2213 766 2264 arguens
827 2177 1193 2263 Eunomium,
1262 2196 1350 2266 qui
1410 2195 1604 2251 Filium

100 2293 229 2345 aiebat
251 2306 362 2345 esse
394 2283 634 2359 sigilliun
675 2289 1009 2359 operationis
1041 2287 1136 2344 Dei
1169 2290 1561 2358 omnipotentis
1590 2308 1620 2345 :-

102 2385 304 2452 ΐιιτιίυιιι,
335 2385 526 2453 inquit,
561 2384 691 2437 facit
731 2393 854 2452 post
904 2383 1117 2437 Patrem
1170 2383 1261 2436 illa
1293 2383 1610 2451 Operatione

98 2495 170 2530 non
221 2493 304 2544 per
338 2493 395 2531 se
451 2478 755 2533 exsistente
808 2477 1180 2531 intermedia:
1231 2477 1342 2531 imo
1396 2477 1612 2530 videtur

96 2569 230 2624 ﬂuere
258 2585 373 2624 eunt
427 2585 538 2623 non
586 2584 726 2625 esse.
775 2570 840 2624 Et
871 2569 1065 2624 iterum
1103 2571 1154 2624 in
1192 2571 1380 2624 eodem
1419 2570 1557 2624 libro
1592 2587 1615 2624 :.

96 2662 168 2725 Qui
211 2661 375 2723 liabet,
431 2659 636 2730 inquit,
670 2675 834 2717 aures
875 2660 1168 2726 audiendi,
1214 2661 1611 2714 animadvertat

93 2766 130 2804 et
154 2751 426 2807 consideret
456 2753 606 2822 quod
647 2762 734 2807 est
773 2752 1107 2822 operationis
1136 2752 1394 2822 sigillum.
1419 2753 1612 2808 Omnis

93 2848 200 2900 enim
223 2848 451 2916 operatio
482 2847 730 2902 cernitur
775 2846 828 2900 in
869 2846 1188 2902 elaborante
1217 2847 1445 2915 aliquid,
1492 2860 1612 2915 per-

95 2938 202 2992 lecta
226 2950 391 2994 autem
423 2939 575 3009 quod
629 2938 1032 3004 elaborabatnr,
1075 2955 1182 2993 non
1235 2939 1450 2993 exsisut
1492 2956 1506 2991 :
1556 2948 1613 2992 ut

92 3031 287 3098 operatio
349 3033 623 3096 eursmis,
677 3047 799 3103 quae
861 3042 944 3089 est
1006 3042 1184 3086 motus
1233 3030 1326 3099 qui
1387 3030 1613 3100 pedibus

90 3125 344 3189 coniicitur,
400 3127 718 3194 quiescente
763 3137 933 3190 motu,
970 3142 1077 3179 non
1122 3125 1357 3194 amplius
1401 3123 1614 3177 exsistit

91 3219 303 3285 nix-ratio.
335 3218 602 3272 Similiter
634 3217 923 3273 dicendum
957 3226 1040 3272 est
1067 3219 1119 3271 in
1167 3217 1316 3270 Omni
1349 3215 1614 3269 ext-reita-

813 505 1050 567 DECAS
1091 498 1210 568 ΙῐῘ.
1249 533 1318 542 -
1360 506 1457 567 DE
1491 505 1792 568 DIVINIS
1824 506 2481 571 EMANATIONIBUS.
3170 507 3298 570 785.

114 652 162 691 ιε
193 638 346 686 motus
373 626 502 681 idem
535 629 656 676 sunt
685 641 697 677 :
751 637 813 678 ac
849 621 1077 680 proinde
1129 637 1472 693 consequens
1501 631 1607 686 est,
1641 626 1680 682 Α

2310 626 2541 682 CAPUT
2599 626 2682 681 Vl.

1710 736 1860 808 Quod
1888 738 2024 790 sicut
2051 742 2285 806 operatio
2323 751 2401 795 est
2431 758 2608 795 eorum
2650 759 2770 808 quo:
2802 742 2959 808 ﬁunt.
2985 749 3035 794 et
3063 757 3297 800 emanaé

1778 807 1864 882 tio
1882 823 2060 860 eorum
2095 825 2212 880 qua:
2250 823 2536 882 ent/inani;
2570 807 2724 864 nm
2757 807 3000 866 veluntas
3033 824 3082 866 et
3106 829 3236 882 expc
3262 843 3280 852 -

1780 878 1896 932 titio
1930 878 2115 932 eorum
2148 895 2264 947 qua:
2294 881 2417 934 velle
2450 891 2498 935 et
2538 882 2710 952 expeti
2751 883 3030 954 rantingit.

1783 990 2008 1060 Magnus
2036 994 2369 1050 Athanasius
2397 996 2537 1048 libro
2573 997 2739 1050 tertio
2767 995 2965 1060 Contra
2993 997 3224 1066 driuuos
3258 1014 3281 1052 :
3339 1055 3344 1058 _

1712 1079 1886 1143 Sicut,
1922 1083 2117 1154 inquit,
2143 1087 2408 1140 voluntati
2443 1089 2733 1157 opponitur
2765 1088 2816 1142 id
2845 1089 2987 1156 quod
3023 1100 3106 1144 est
3140 1105 3280 1158 prfe-

1713 1183 1794 1228 ter
1825 1185 2086 1238 mentem,
2136 1179 2213 1232 sic
2264 1189 2486 1247 supr-rat
2541 1189 2594 1234 et
2647 1180 2905 1248 praecedit
2947 1181 3280 1254 voluntatem

1711 1269 1858 1337 quod
1897 1271 2146 1326 naturale
2175 1281 2278 1326 est.
2310 1271 2538 1324 Domum
2575 1273 2737 1341 igitur
2768 1273 3041 1340 quispiam
3072 1273 3282 1328 delibe-

1711 1361 1884 1414 rando
1941 1361 2215 1426 fabricat;
2272 1366 2440 1418 lilium
2487 1344 2624 1424 vero
2659 1365 2981 1429 naturaliter
3025 1377 3281 1441 generat,

1713 1465 1876 1520 atque
1911 1453 2040 1508 illud
2078 1456 2299 1523 quidem
2333 1458 2478 1530 quod
2514 1457 2790 1510 voluntate
2825 1458 2902 1522 lit,
2933 1459 3098 1525 erepit
3138 1472 3280 1522 esse,

1711 1553 1766 1597 et
1813 1554 1968 1599 extra
2008 1562 2132 1600 eum
2187 1547 2281 1615 qui
2325 1547 2474 1610 fecit,
2509 1556 2625 1612 est;
2673 1548 2819 1614 ﬁlius
2855 1563 2981 1612 vero
3034 1548 3285 1617 proprius

1716 1637 1860 1692 fetus
1886 1647 1970 1693 cst
2004 1639 2326 1694 substantia:
2358 1641 2544 1706 patris,
2575 1648 2629 1694 et
2669 1655 2778 1698 non
2805 1649 2890 1694 est
2925 1649 3073 1696 extra
3113 1655 3234 1691 etttn
3268 1658 3282 1702 ;

1712 1730 2064 1798 quamobrem
2102 1747 2218 1785 nou
2241 1733 2504 1787 deliberat
2531 1733 2599 1787 tle
2627 1748 2713 1795 eo,
2747 1748 2813 1786 ne
2847 1719 3093 1796 videatur
3121 1731 3284 1796 etiam

1711 1823 1781 1876 de
1811 1837 1871 1876 se
1903 1822 2022 1892 ipso
2051 1823 2382 1880 deliberare.
2411 1823 2640 1890 .Quanto
2681 1825 2846 1893 igitur
2872 1823 3086 1878 excellit
3119 1824 3286 1894 titius.

1715 1922 1866 1985 tanto
1887 1915 2034 1984 quod
2063 1924 2258 1970 natura
2289 1917 2368 1980 lit,
2397 1919 2614 1972 excellit
2643 1917 2694 1970 id
2725 1917 2866 1983 quod
2902 1916 3286 1982 voluntatelit.

1715 2002 1928 2059 Rursus
1955 2005 2096 2060 idem
2145 2008 2198 2060 in
2239 2006 2608 2076 disputatione
2636 2005 2812 2064 Nicen:
2835 2019 3026 2060 contra
3054 2007 3240 2072 Arium
3272 2024 3286 2057 :

1713 2097 1778 2150 Et
1823 2098 2042 2166 quidem
2081 2100 2226 2169 quod
2264 2115 2370 2154 non
2421 2101 2533 2158 sint
2581 2100 2724 2156 idem
2774 2102 3028 2159 voluntas
3055 2108 3110 2152 et
3155 2100 3290 2160 sult-

1712 2189 1947 2253 stantia,
1971 2188 2094 2244 inec
2143 2200 2228 2244 est
2261 2200 2448 2258 nostra
2485 2192 2644 2255 ratio,
2694 2191 2898 2248 idcirco
2923 2191 3067 2248 enim
3109 2190 3287 2255 tilium

1711 2279 1946 2335 dicimus
1996 2296 2118 2336 esse
2168 2280 2336 2340 fetum
2373 2283 2714 2345 substantire,
2784 2298 2885 2337 nos
2938 2296 3068 2340 vero
3118 2279 3288 2342 [etum

1711 2373 2030 2439 voluntatis,
2079 2382 2144 2427 ut
2172 2385 2354 2428 autem
2397 2383 2451 2450 tu
2489 2371 2768 2438 concedis,
2812 2389 2919 2428 non
2967 2362 3096 2428 sunt
3147 2358 3302 2433 idem

1712 2465 1977 2520 voluntas-
2021 2475 2079 2519 et-
2131 2466 2492 2532 substantia;
2555 2465 2862 2520 substantia
2924 2479 3053 2520 vero
3106 2479 3290 2531 neque

1711 2560 1897 2626 erepit,
1923 2574 2098 2628 neque
2121 2559 2334 2612 desinet
2367 2577 2380 2623 ;
2412 2575 2516 2612 non
2564 2560 2726 2628 igitur
2759 2560 2938 2627 imago
2965 2558 3150 2626 euenit,
3190 2571 3288 2615 ne-

1712 2666 1822 2718 que
1855 2650 2088 2710 desinet,
2117 2652 2372 2706 voluntas
2401 2667 2527 2705 vero
2551 2661 2605 2705 et
2639 2651 2852 2720 incipit,
2888 2659 2942 2703 et
2973 2648 3195 2704 desinit.
3226 2649 3290 2700 Et

1714 2741 2014 2812 Gregorius
2063 2743 2397 2814 Tlreologns,
2432 2745 2486 2797 in
2548 2745 2686 2797 libro
2721 2743 2793 2800 De
2819 2751 2970 2797 statu
3016 2743 3292 2811 episcopo-

1715 2850 1831 2886 rum
1864 2849 1882 2888 :
1926 2833 2052 2900 Fac,
2100 2835 2298 2902 inquit,
2337 2836 2469 2892 velis
2520 2835 2633 2890 lieri
2666 2837 2858 2901 lilium,
2895 2843 2950 2888 et
2985 2834 3076 2907 ᾔει-ι
3111 2835 3288 2907 lilius;

1715 2923 1800 2978 fac
1829 2927 2079 2980 similiter
2111 2926 2247 2980 velis
2281 2927 2395 2982 lieri
2428 2927 2709 2997 quidpiam
2755 2927 2902 2981 aliud
2945 2942 3134 2984 eorum
3171 2942 3295 2994 qua:

1717 3014 1873 3076 liunt,
1918 3023 1972 3070 et
2029 3017 2286 3084 procedat
2321 3019 2573 3072 voluntas
2629 3017 2682 3073 in
2729 3034 2907 3086 opus;
2950 3027 3005 3071 at
3058 3018 3103 3074 si
3160 3016 3296 3078 nihil

1719 3107 1913 3160 horum
1971 3113 2225 3177 sequitur
2280 3109 2661 3173 voluntatem,
2715 3111 2894 3164 .l‘reum
2948 3125 3076 3164 vero
3136 3111 3292 3174 velle,

1717 3198 1897 3252 facere
1942 3209 2024 3253 est
2049 3241 2065 3265 ,
2109 3199 2268 3255 aliter
2302 3200 2522 3269 quidem
2551 3202 2728 3256 boum
2768 3212 2942 3266 creat,
2975 3202 3134 3258 aliter
3167 3219 3298 3256 vt'ro

90 3310 218 3374 “uno,
248 3311 440 3380 parum.
483 3326 614 3364 cum
661 3311 838 3363 ειησεο
891 3311 1192 3376 laborantis
1226 3309 1278 3361 in
1330 3324 1386 3361 re
1433 3307 1614 3373 aliqua
1641 3304 1684 3364 ρ
1717 3300 1934 3345 creator
1963 3292 2207 3346 omnium
2251 3292 2420 3348 Deus.
2467 3293 2532 3347 Et
2568 3302 2796 3348 sanctus
2837 3293 3088 3359 Justinus
3121 3294 3296 3362 philo-

88 3405 292 3466 deeinere
313 3406 712 3476 operationem,
746 3421 853 3459 non
887 3405 1152 3458 exsistere
1187 3411 1364 3455 autem
1399 3417 1494 3470 per
1532 3415 1612 3463 se,

87 3506 228 3562 usque
273 3511 389 3549 cum
444 3495 576 3564 quis
630 3504 891 3564 speratur
945 3492 1089 3561 quod
1130 3491 1234 3546 sibi
1274 3490 1614 3560 propositum

86 3597 145 3636 est
170 3585 225 3638 ad
256 3586 608 3640 laborandum
635 3585 688 3658 in
731 3600 811 3637 eo!
844 3601 857 3638 :
896 3599 1073 3652 neque
1105 3597 1226 3636 cum
1257 3580 1632 3635 laborandum.

86 3678 226 3746 ineo,
273 3694 443 3749 neque
491 3696 619 3748 cum
676 3678 921 3732 laborare
971 3676 1192 3731 desinit.
1252 3674 1392 3740 Quid
1451 3675 1619 3745 igitur

85 3775 252 3840 cogitat
293 3775 673 3842 operationem
703 3788 824 3827 esse
859 3788 950 3840 per
983 3786 1062 3834 se,
1106 3786 1229 3842 qua:
1265 3784 1441 3836 neque
1485 3768 1616 3822 snb-

85 3866 247 3924 stantia
294 3877 396 3932 est,
430 3881 612 3935 neque
648 3866 950 3928 character,
990 3865 1041 3918 id
1075 3873 1178 3928 est,
1223 3861 1486 3932 sigillum,
1519 3875 1618 3914 nec

81 3959 386 4027 hypostasis?
419 3959 570 4013 Dixit
613 3957 778 4028 igFIur
820 3958 1052 4012 similem
1098 3971 1222 4010 esse
1280 3955 1456 4024 ipsum
1509 3969 1617 4007 non

83 4051 322 4104 exsistenti
354 4066 446 4120 per
479 4065 564 4116 se,
596 4049 742 4120 quod
775 4057 955 4102 autem
997 4047 1176 4115 simile
1202 4054 1286 4100 est
1318 4061 1424 4099 non
1469 4044 1618 4099 exsi-

57 4143 246 4205 ntteuti;
267 4140 578 4196 necessario
613 4139 913 4206 nec-ipsum
945 4146 1028 4191 est
1063 4153 1077 4189 :
1107 4137 1210 4189 hoc
1241 4144 1324 4190 est
1350 4150 1617 4188 novorum

84 4230 361 4300 dogmatum
398 4241 733 4296 monstrum,
772 4231 995 4285 credere
1030 4228 1239 4284 scilicet
1287 4227 1340 4281 in
1373 4242 1496 4280 eum
1525 4227 1620 4296 qui

83 4337 171 4376 non
199 4331 298 4378 est.
330 4322 489 4392 Quod
523 4321 669 4376 enim
720 4321 804 4391 (ut
832 4321 1030 4377 iterum
1078 4318 1277 4389 dicam)
1333 4319 1512 4372 simile
1539 4329 1623 4373 est

85 4411 145 4466 rei
169 4427 276 4484 qua:
319 4430 425 4468 non
458 4421 840 4482 est,.prorsus~
865 4427 964 4465 nee
999 4411 1177 4486 ipsum
1225 4422 1329 4467 est.
1367 4410 1620 4482 Synolus

81 4510 234 4556 autem
264 4518 292 4555 a
325 4501 618 4559 Theodoro
648 4501 906 4570 episcopo
931 4501 1197 4554 (Surorum
1225 4509 1416 4553 contra
1451 4499 1621 4552 Mani-

85 4594 236 4648 elueos
265 4584 466 4658 habita,
498 4609 620 4662 quae
649 4592 822 4646 fertur
860 4592 914 4644 in
946 4590 1014 4646 iis
1056 4606 1176 4660 quae
1207 4601 1402 4646 contra
1431 4606 1620 4644 omnes

85 4687 286 4741 hzereses
305 4667 512 4755 scripta
555 4691 700 4743 sunt,
733 4684 808 4737 ait
844 4701 858 4738 :
891 4681 1084 4738 Omnis
1117 4685 1360 4752 operatio
1385 4694 1464 4737 est
1497 4701 1622 4739 cum

89 4778 149 4835 tit,
176 4793 282 4845 quia:
305 4793 406 4831 nec
437 4787 569 4831 ante
599 4783 803 4828 motum
833 4775 1138 4844 operantis,
1163 4773 1212 4827 id
1243 4783 1348 4839 est,
1388 4776 1632 4830 actionis

85 4877 167 4931 est,
197 4883 362 4937 neque
392 4879 519 4938 post
548 4877 754 4921 motum
789 4866 992 4922 durat:
1027 4883 1184 4936 opus,
1219 4877 1426 4922 tantum
1478 4870 1623 4938 quod

87 4955 298 5011 edi-cium
323 4968 430 5022 est,
464 4974 606 5027 saepe
631 4958 696 5010 ad
725 4958 1045 5012 memoriam
1075 4959 1316 5013 actionis
1348 4961 1621 5029 relinquit.

87 5047 134 5103 Si
187 5050 340 5120 igitur
394 5051 617 5119 energia
666 5059 821 5103 actus
863 5059 966 5113 est,
1017 5051 1197 5104 ontnis
1235 5059 1416 5105 autem
1471 5061 1626 5107 actus

84 5142 287 5211 alicujus
320 5142 642 5198 substantias
681 5152 834 5196 actus
874 5151 978 5204 est.
1028 5141 1194 5212 igitur
1240 5145 1448 5212 absque
1499 5146 1631 5200 sob-

86 5236 253 5289 stautia
283 5253 389 5289 non
427 5244 530 5288 est.
557 5235 646 5288 Ex
682 5235 766 5288 his
791 5235 1138 5304 perspicuum
1174 5243 1280 5302 est,
1316 5238 1459 5304 quod
1493 5255 1628 5306 ope-

87 5327 205 5381 ratio
241 5329 506 5381 rationem
545 5324 982 5400 mediiprml'ert,
1033 5335 1083 5378 et
1131 5327 1199 5379 ob
1240 5341 1360 5380 eam
1405 5343 1626 5382 causam

87 5431 176 5470 non
220 5418 432 5473 exsistit
477 5433 569 5486 per
599 5431 680 5482 se,
728 5414 1183 5484 solummodoque
1236 5424 1318 5470 est
1373 5432 1496 5470 cum
1551 5420 1630 5480 ιιι,

88 5523 178 5561 ιιυιι
221 5519 342 5562 ante
389 5518 592 5564 motuin
644 5507 946 5576 operantis,
988 5507 1040 5560 id
1074 5514 1176 5567 est,
1229 5517 1354 5562 ante
1400 5520 1627 5564 actum:

89 5612 242 5667 neque
297 5607 418 5668 post
487 5606 691 5650 motum
743 5604 1047 5664 permanet.
1108 5595 1318 5651 Similis
1373 5609 1456 5651 est
1502 5616 1632 5668 ergo

88 5691 370 5756 opt-rationi
437 5688 612 5743 omnis
658 5687 968 5754 catenatio,
1015 5697 1068 5742 et
1125 5691 1428 5760 generatio,
1487 5692 1634 5759 prin-

89 5781 268 5850 cipium
317 5792 372 5838 et
420 5795 620 5846 causa,
649 5791 709 5834 ut
757 5794 822 5844 ex
877 5781 1254 5849 superioribus
1289 5765 1635 5851 detttotistt'a-

90 5883 182 5927 tur.

93 6065 130 6074 κ.

1649 4637 1701 4696 Β

1721 3383 1929 3451 sophus
1957 3391 2011 3435 et
2045 3394 2272 3452 martyr,
2316 3387 2368 3439 in
2416 3387 2554 3440 libro
2599 3385 2801 3440 Contra
2853 3386 3112 3456 gentiles:
3149 3387 3304 3448 Cum.

1721 3474 1885 3540 Deus,
1919 3473 2115 3543 inquit,
2151 3476 2346 3530 habent
2378 3478 2744 3533 substantiam
2783 3479 3009 3547 quidem
3061 3488 3120 3531 ut
3151 3481 3299 3532 exsi-

1718 3576 1846 3631 stat,
1879 3568 2216 3622 voluntatem
2254 3585 2382 3624 vero
2433 3580 2492 3624 ut
2537 3580 2708 3634 creet,
2751 3573 2840 3639 qui
2883 3571 3205 3642 substantig
3245 3583 3302 3623 ct-

1718 3658 2027 3714 voluntatis.
2054 3660 2419 3715 dill'ereutiam
2453 3662 2664 3732 abjicit,
2708 3663 3082 3718 exsistentiam
3133 3665 3300 3718 simul

1717 3753 2136 3806 ctcreationem
2201 3755 2341 3808 tollit
2387 3771 2400 3808 :
2455 3756 2833 3818 exsistentiam
2891 3757 3114 3826 quidem
3177 3755 3297 3819 Dei,

1719 3842 2050 3897 creationem
2084 3860 2212 3899 vero
2241 3861 2430 3901 eorum
2484 3861 2742 3913 qttarnon
2795 3857 2944 3902 ειμι.
3004 3851 3068 3903 Et
3137 3851 3297 3916 paulo

1724 3944 1892 4004 post:
1931 3934 2246 3996 Substantia
2301 3938 2474 4002 enim,
2536 3939 2739 4007 inquit,
2787 3956 2894 3994 non
2960 3942 3152 4010 recipit
3189 3959 3302 3996 non

1719 4042 1866 4089 esse,
1902 4028 2156 4082 voluntas
2191 4043 2320 4082 vero
2360 4032 2544 4099 recipit
2576 4047 2679 4085 non
2719 4046 2883 4098 esse;
2934 4035 3106 4088 voluit
3151 4037 3297 4088 enim

1725 4118 1890 4183 Deus,
1935 4129 1992 4174 et
2020 4120 2216 4175 tat-tus
2255 4132 2340 4176 est
2371 4123 2476 4187 sol,
2528 4125 2704 4178 noluit
2741 4135 2799 4180 ut
2837 4127 2990 4180 lieret
3024 4129 3300 4180 secundus

1723 4210 1829 4276 sol,
1862 4221 1914 4264 et
1967 4226 2072 4264 non
2121 4221 2205 4265 est
2254 4209 2436 4266 lactus
2477 4231 2489 4267 :
2543 4231 2644 4269 nec
2693 4216 2837 4270 enim
2874 4233 3012 4285 opus
3059 4229 3196 4272 erat.
3237 4219 3303 4271 Et

1722 4299 1961 4358 Joannes
1990 4301 2362 4374 Damasceuus
2398 4323 2412 4361 :
2449 4305 2626 4376 Opus,
2661 4307 2860 4376 inquit,
2904 4309 3099 4379 divinae
3145 4319 3304 4364 natu-

1727 4412 1799 4449 rae
1851 4398 2180 4465 sempiterna
2235 4399 2514 4466 generatio
2556 4409 2676 4465 est;
2730 4417 2867 4468 opus
2923 4416 3051 4455 vero
3101 4402 3301 4456 divinat

1726 4486 2294 4544 voluntatiscrcatio.
2353 4488 2428 4542 Ex
2488 4490 2801 4559 hisliquot,
2837 4492 3300 4560 quemadmodum

1729 4578 1979 4636 voluntas
2009 4579 2100 4633 Dei
2151 4580 2216 4632 ad
2253 4583 2552 4636 creandum
2585 4592 2868 4637 creaturas
2893 4587 3194 4652 posterior
3221 4597 3305 4643 est

1727 4681 1781 4723 et
1809 4671 2025 4726 diversa
2059 4686 2088 4726 a
2123 4673 2448 4727 substantia
2480 4672 2594 4726 Dei.
2641 4672 2761 4738 Quo
2799 4673 2943 4726 enim
2997 4676 3306 4734 ministerio

1729 4762 1972 4832 indigere
2003 4772 2186 4831 potest
2217 4763 2314 4832 (ait
2346 4779 2574 4832 magnus
2608 4764 2842 4820 Basilius
2875 4764 2942 4818 de
2986 4765 3305 4835 Unigenito)

1729 4854 1776 4908 is
1803 4854 1896 4924 qui
1931 4855 2183 4909 simuLut
2216 4855 2410 4919 voluit,
2435 4857 2928 4911 creatura—exsistit
2958 4873 3122 4927 quam
3155 4861 3309 4912 vut!

1729 4943 1786 4999 Si
1841 4945 2006 5014 igitur
2050 4945 2215 5000 simul
2267 4961 2393 5000 cum
2431 4946 2710 5007 voluntate
2755 4958 3010 5002 creatura
3064 4951 3304 5012 exsistit,

1729 5040 1872 5095 sicut
1899 5055 2006 5096 non
2033 5053 2115 5096 est
2140 5038 2535 5097 ex’aaternitate
2561 5053 2840 5107 creatura,
2868 5045 2951 5100 sic
2985 5062 3083 5101 nec
3111 5048 3306 5100 volun-

1731 5144 1812 5193 tas
1843 5152 1959 5188 eam
1989 5137 2232 5200 creandi,
2260 5147 2312 5190 et
2347 5153 2508 5205 opus,
2541 5153 2676 5206 opus
2708 5140 2853 5192 enim
2883 5138 2976 5192 Dei
3015 5141 3148 5196 velle
3174 5153 3254 5195 est
3286 5160 3304 5208 ;

1729 5237 1783 5281 et
1819 5229 1959 5282 sicut
1991 5244 2126 5297 opus
2162 5227 2456 5298 voluntatis
2514 5238 2599 5282 est
2635 5239 2910 5293 creatura,
2961 5239 3013 5284 et
3065 5235 3178 5285 lucc
3215 5248 3300 5284 vo-

1733 5320 1997 5374 luntatem
2034 5321 2306 5389 sequitur,
2327 5320 2404 5375 sic
2445 5321 2628 5376 divina
2660 5324 2942 5392 generatio
2971 5321 3109 5376 Filii)
3141 5324 3316 5378 simult

1733 5415 2080 5476 terminatur,
2112 5421 2167 5465 et
2193 5413 2402 5468 idcirco
2433 5416 2714 5484 generatio
2741 5415 2950 5478 divina,
2979 5431 3100 5484 qua:
3134 5432 3161 5468 a
3195 5415 3317 5469 Deo

1735 5505 1894 5559 l’atre
1926 5506 1978 5557 in
2013 5503 2212 5558 Filium
2268 5507 2515 5573 procedit
2557 5517 2611 5559 et
2643 5514 2848 5569 manat,
2881 5504 3072 5559 eadem
3123 5517 3203 5559 est
3248 5519 3308 5557 re.
3385 5549 3401 5560 .

1733 5614 1858 5652 eum
1911 5612 1978 5651 eo
2035 5596 2156 5660 ipso
2210 5596 2404 5659 Patre,
2470 5614 2590 5666 qme
2646 5597 2826 5656 verbis
2879 5597 3138 5666 explicari
3199 5613 3307 5650 non

1734 5698 1935 5761 potest.
1975 5688 2070 5745 Est
2097 5699 2278 5743 autem
2307 5689 2538 5743 Verbum
2579 5690 2668 5742 Dei
2699 5689 3033 5753 increatum,
3065 5690 3313 5742 increata

1736 5782 1901 5851 igitur
1927 5790 2012 5835 est
2047 5782 2326 5850 generatio
2379 5780 2499 5848 ejus
2544 5795 2709 5849 supra
2744 5791 2994 5835 naturam
3039 5795 3308 5848 creatam,

1739 5885 1999 5942 tanquam
2029 5874 2293 5929 naturalis
2322 5873 2596 5934 emanatio
2629 5873 2808 5930 Patris
2836 5893 2850 5939 ;
2889 5875 3146 5930 voluntas
3179 5891 3308 5933 Vero

1699 6005 1704 6012 -
1743 5976 1798 6022 ει
1845 5974 2009 6020 nutus
2043 5963 2147 6021 Dei.
2188 5967 2255 6021 ad
2303 5967 2686 6034 producendus
2733 5976 3040 6036 creaturas,
3089 5984 3211 6040 qua
3241 5985 3312 6025 cx
