3860 6590
415 499 517 567 τρι

1568 500 1892 568 ῙΟΑΝΝῙδ
1926 450 2493 563 ΕῩῬᾹῐῖῐςὲῐὸΤιΕ

3555 494 3655 557 792

417 623 600 669 motus
648 613 993 679 immobilis.
1043 621 1097 669 et
1149 612 1338 670 eodem
1397 614 1560 669 modo
1615 631 1673 671 se
1727 615 1979 670 habentis
2009 621 2053 677 Α
2086 615 2258 668 titndo
2307 614 2621 669 divinarum
2668 612 3076 667 emanationum
3116 618 3387 671 versatur.
3423 614 3658 665 seettndo

416 706 669 761 voluntas
717 707 838 775 eius
884 705 1105 771 dicitur,
1155 722 1260 777 qua
1302 707 1414 761 vult
1442 720 1655 762 esseea
1693 721 1815 775 quae
1839 715 1985 767 sunt,

418 805 473 853 et
508 798 783 855 emanatio
834 800 1186 870 providentiae
1227 799 1293 854 ad
1327 799 1534 855 omnia.
1575 798 1655 852 Ex
1684 797 1774 853 his
1815 804 1981 867 potet.

423 889 590 945 Deum
643 891 791 946 nulla
842 907 909 947 ex
962 891 1035 947 iis
1088 890 1459 953 motionibus.
1513 904 1652 959 quas
1702 887 1990 958 Dionysius

420 981 701 1050 ingeniose
726 982 1089 1047 renumeravit.
1123 981 1352 1047 moveri,
1382 981 1472 1036 illa
1503 990 1710 1035 tantum
1746 988 1990 1046 excepta.

422 1089 544 1145 quae
571 1082 792 1130 externa
820 1080 924 1140 est,
960 1082 1014 1129 et
1038 1089 1142 1144 qua
1178 1074 1459 1129 creaturas
1492 1088 1587 1141 per
1622 1088 1750 1127 snas
1777 1070 1990 1127 divinas

423 1168 799 1222 emanatioues
847 1165 1127 1237 produxit,
1156 1163 1551 1234 muitiplicatus
1597 1172 1652 1218 et
1678 1160 1992 1231 dispertitus

426 1273 491 1313 ac
518 1258 845 1313 dislributus
873 1270 978 1310 non
1009 1265 1280 1326 quatenus
1316 1257 1436 1325 ipse
1467 1263 1571 1318 est.
1598 1256 1688 1309 sed
1725 1262 1991 1322 quatenus

430 1363 659 1404 mancus
705 1348 1009 1404 immobilis
1049 1356 1101 1402 et
1161 1346 1507 1416 impartihilis
1561 1353 1613 1399 et
1667 1344 1994 1411 multiplica-

429 1441 593 1497 tionis
622 1456 838 1511 expers,
885 1449 937 1493 et
988 1440 1175 1493 eodem
1212 1439 1361 1506 prius
1408 1445 1461 1490 ct
1517 1443 1702 1507 postea
1768 1443 1990 1495 tenore.

355 1522 405 1589 ᾖ
432 1535 546 1590 sola
579 1534 856 1588 voluntate
880 1532 1062 1587 omnia
1099 1532 1372 1601 produxit.
1414 1546 1587 1598 neque
1615 1529 1695 1583 sic
1734 1543 1761 1581 a
1793 1543 1850 1581 se
1877 1528 1993 1596 ipso

431 1624 542 1678 suo
563 1623 722 1678 modo
749 1622 1023 1677 recedens.
1044 1620 1163 1687 Quo
1187 1619 1328 1673 enim
1350 1632 1460 1671 met
1475 1625 1676 1681 eretur,
1702 1610 1794 1682 qui
1814 1611 1993 1665 omnia

432 1715 733 1773 substantia
773 1704 870 1769 sua
921 1712 1129 1783 replet?
1162 1712 1274 1765 luto
1309 1710 1445 1763 sicut
1506 1708 1551 1761 si
1633 1722 1740 1759 una
1791 1704 1996 1758 faciens

434 1814 673 1870 maneat,
713 1807 869 1872 cujus
922 1804 1095 1858 forma
1131 1800 1280 1854 nulla
1333 1808 1483 1869 parte
1529 1806 1581 1851 et
1633 1795 1783 1849 nullo
1840 1793 1997 1846 modo

434 1899 698 1961 Varietur.
737 1903 791 1949 et
823 1908 1089 1962 ponamus
1111 1891 1309 1947 multas
1352 1890 1559 1942 circum
1596 1886 1759 1940 facies
1789 1899 1854 1938 cx
1892 1882 1998 1937 ful-

2095 707 2215 761 loeo
2260 706 2584 775 principium
2632 704 2699 758 ad
2750 715 3053 759 creaturam
3086 711 3141 756 et
3175 710 3391 757 motum
3426 715 3501 755 ac
3533 715 3658 755 cauo

2093 813 2211 855 sam
2256 797 2770 853 demonstrabamns
2816 795 3156 867 generationi
3213 808 3407 849 rerum
3466 808 3663 848 conse-

2096 890 2330 945 nicntem
2363 906 2377 943 :
2414 891 2560 947 nulla
2619 901 2799 947 autem
2857 888 3140 956 generatio
3179 887 3303 943 sine
3350 884 3664 941 habitudine

2095 989 2199 1044 est.
2234 980 2376 1036 unde
2426 980 2587 1035 tertio
2623 979 2931 1034 necessario
2962 978 3324 1047 sequebatur,
3355 976 3530 1031 alte-ro
3575 992 3663 1029 eo-

2097 1090 2216 1131 rum
2245 1066 2365 1143 qure
2394 1072 2763 1127 habitudinem
2792 1069 3021 1134 faciunt.
3047 1070 3357 1133 deficiente.
3391 1085 3503 1124 non
3534 1084 3665 1124 cou-

2098 1166 2292 1221 sistere
2314 1164 2760 1236 generationem;
2792 1174 2991 1237 quarto
3025 1164 3282 1230 deinceps
3318 1162 3464 1224 loco,
3496 1165 3664 1219 omnis

2098 1258 2331 1321 effectio.
2362 1273 2482 1326 quae
2519 1257 2584 1310 ad
2607 1256 2793 1330 elfccta
2823 1256 3074 1319 refertur.
3105 1255 3389 1310 emanatio
3414 1267 3498 1308 est
3527 1254 3577 1307 in
3609 1270 3662 1308 ea

2098 1360 2151 1404 et
2185 1351 2428 1417 operatio
2465 1367 2477 1413 ;
2507 1358 2691 1417 postca
2728 1350 3097 1415 qurerehatur,
3127 1362 3248 1413 «ista!
3305 1356 3456 1401 esset
3478 1346 3662 1398 harum

2098 1439 2504 1493 emanationum
2555 1448 2612 1491 et
2659 1438 3039 1503 operationutn
3086 1437 3352 1495 essentia.
3394 1445 3449 1487 et
3485 1451 3548 1487 an
3582 1451 3666 1503 per

2100 1544 2159 1583 se
2188 1530 2531 1592 exsisterent,
2574 1545 2636 1583 ac
2668 1546 2773 1583 non
2808 1532 2995 1597 petitis
3042 1539 3226 1584 essent
3272 1544 3401 1581 cum
3439 1528 3662 1592 tierent;

2102 1621 2206 1675 hoc
2246 1631 2439 1687 autem
2488 1621 2776 1690 explicato.
2820 1622 2873 1675 in
2918 1630 3139 1677 sextum
3170 1622 3357 1676 locum
3384 1621 3579 1674 incidit
3608 1622 3667 1675 de

2101 1712 2380 1769 voltuttate
2419 1722 2470 1767 et
2504 1714 2834 1780 expetitione
2859 1712 2955 1767 Dei
2982 1713 3282 1774 disserere.
3319 1722 3375 1765 et
3404 1713 3666 1781 quomodo

2103 1802 2240 1857 sicut
2269 1804 2642 1858 emanationes
2671 1804 2763 1859 Dei
2794 1819 2984 1858 eorum
3013 1813 3138 1859 sunt
3167 1820 3294 1872 quae
3328 1820 3357 1858 a
3388 1804 3499 1858 Deo
3534 1821 3668 1858 ema-

2094 1901 2254 1957 nant,
2279 1894 2356 1947 sic
2388 1894 2639 1947 voluntas
2692 1894 2785 1948 Dei
2816 1910 3002 1950 eorum
3047 1908 3124 1948 est
3173 1909 3301 1963 quae
3336 1895 3481 1951 Deus
3522 1896 3619 1949 vult
3650 1913 3663 1957 ;

435 2002 564 2059 gore
588 1984 732 2041 illius
760 1985 1020 2047 emicare,
1056 1982 1242 2035 videor
1271 1979 1410 2033 mihi
1439 1994 1504 2032 ex
1536 1978 1636 2031 hac
1666 1975 1810 2029 tenui
1860 1975 1994 2028 ima-
2026 1971 2070 2029 Β
2096 1982 2295 2037 deinde
2348 1986 2764 2050 explanabatur’
2832 1986 3296 2057 quemadmodum
3370 1988 3664 2055 huiusmmn

435 2079 557 2148 gine
606 2090 669 2131 ac
721 2073 1074 2130 similitudine
1125 2070 1494 2140 conjecturam
1525 2068 1590 2122 de
1636 2066 1721 2121 bis
1753 2064 1935 2118 iacere
1985 2080 2001 2118 :

437 2171 688 2225 adhunc
720 2168 942 2221 modum
992 2171 1136 2218 recte
1190 2164 1315 2237 quis
1365 2161 1542 2226 dicat.
1592 2174 1699 2213 non
1751 2153 2006 2210 distribui

441 2271 538 2316 aut
592 2260 780 2331 partiri
816 2268 910 2313 aut
960 2254 1310 2326 multiplicari
1349 2252 1538 2315 Deum.
1568 2252 1657 2306 sed
1690 2264 1790 2303 nos
1825 2247 2006 2318 potius

441 2353 513 2407 ab
540 2365 607 2405 eo
645 2360 899 2420 tanquam
938 2344 1325 2405 similitudines
1348 2352 1402 2397 et
1428 2340 1693 2408 imagines
1734 2337 2011 2403 exempla-

444 2445 588 2501 rium
624 2442 743 2511 eius
772 2442 1056 2497 distinctos
1092 2452 1157 2495 ac
1190 2437 1428 2493 variatas
1453 2448 1614 2493 esse:
1649 2439 1702 2485 et
1742 2427 2010 2497 multipli-

442 2534 713 2590 cationetn
740 2539 794 2590 et
824 2529 1170 2600 partitionem
1201 2526 1435 2583 subiisse
1463 2541 1476 2576 :
1515 2518 1829 2590 huiusmodi
1862 2517 2008 2571 enim

442 2623 763 2681 aﬂectiones
820 2616 1274 2675 similitudinibus
1326 2629 1433 2667 non
1486 2611 1597 2665 Deo
1652 2607 2009 2663 conveniunt.

445 2714 541 2768 Sic
588 2726 619 2764 a
673 2709 928 2781 Dionysio
960 2722 1142 2763 rerum
1174 2706 1481 2759 divinorum
1535 2697 1871 2770 peritissimo
1894 2698 2012 2752 haec

445 2820 569 2874 quae
594 2804 651 2857 in
674 2802 782 2857 Deo
810 2807 1056 2872 apparet.
1074 2797 1333 2852 discretio
1365 2794 1630 2863 appellata
1652 2801 1764 2847 est.
1784 2790 2014 2845 ‘Videtnr

446 2894 618 2958 attint,
657 2892 852 2962 inquit,
874 2898 928 2945 et
956 2887 1155 2945 dicitur
1186 2885 1346 2940 unius
1380 2884 1473 2938 Dei
1504 2882 1765 2937 discretio
1792 2891 1846 2934 et
1877 2880 2014 2932 rnol-

447 2988 741 3059 tiplicatio;
773 2994 858 3041 est
902 2995 1082 3041 tamen
1110 2977 1470 3035 nihilominus
1502 2973 1837 3046 principium
1871 2972 2015 3025 divi-

445 3080 636 3136 uitatis
681 3090 843 3146 supra
875 3087 1088 3129 onmem
1135 3079 1384 3125 naturam
1418 3081 1559 3120 unus
1588 3062 1735 3119 Deus
1768 3061 2018 3131 imparti-

447 3170 574 3229 hilis
624 3170 677 3229 in
735 3165 1185 3237 partibilibuwet
1236 3175 1422 3217 secum
1460 3159 1578 3240 ipse
1626 3156 2019 3225 copulatus.ct

447 3261 824 3333 permistionis
872 3256 1132 3327 plurium.
1174 3270 1239 3309 ac
1289 3250 1761 3319 multiplicationis
1796 3261 2014 3315 expers.

452 3355 559 3412 Sed
593 3362 653 3409 ut
675 3353 787 3421 jam
822 3349 1005 3421 capita
1050 3348 1209 3417 hujus
1241 3345 1460 3400 deeadis
1497 3344 1550 3397 in
1577 3354 1847 3397 summam
1877 3339 2037 3393 red-i-'

453 3460 665 3517 gains.
705 3457 972 3510 exponam
1010 3439 1321 3509 simplicem
1368 3451 1560 3491 eorum
1611 3434 1810 3489 seriem
1852 3440 2021 3487 mate-

454 3539 680 3594 riarum.
725 3528 1171 3591 Demonstran
1222 3539 1309 3585 est
1361 3528 1636 3597 duplicem
1661 3540 1782 3581 esse
1818 3540 2021 3592 specu-

452 3631 714 3687 tationem
765 3628 1072 3683 divinarum
1102 3622 1508 3678 emanatiouum
1550 3637 1569 3674 τ
1606 3632 1769 3674 unam
1794 3631 2023 3671 emana-

454 3724 669 3777 tionum
702 3722 755 3776 in
802 3720 917 3775 Deo
958 3717 1321 3780 naturaliter;
1357 3714 1585 3768 alteram
1615 3710 2020 3765 etnanationnm

457 3828 613 3872 extra
642 3816 808 3870 Deum
848 3812 917 3868 ad
944 3820 1231 3869 creaturas
1260 3804 1649 3877 pertinentium
1680 3803 2017 3857 voluntarie:

459 3910 838 3981 aggsetlietnes
869 3905 1034 3975 igitur
1078 3902 1223 3956 hanc
1247 3898 1615 3964 exteriorem.
1655 3898 1705 3951 in
1736 3909 1844 3965 qua
1876 3893 2024 3947 tnui-

2103 2074 2406 2130 voluntates
2441 2084 2553 2129 tum
2585 2075 2961 2131 emanationcs
2984 2116 2998 2136 .
3030 2085 3141 2131 tum
3183 2078 3540 2148 providentiae
3588 2080 3665 2137 Dz-i

2104 2165 2379 2230 dicuntur,
2403 2175 2456 2219 et
2488 2181 2667 2220 rerum
2725 2166 3186 2237 gubernationem
3229 2180 3354 2239 post
3392 2171 3665 2237 septimum

2106 2258 2436 2327 sequebatur
2490 2266 2746 2312 octavum
2774 2269 2959 2328 caput.
2991 2259 3042 2314 in
3068 2276 3179 2329 quo
3218 2252 3556 2317 docebamns
3585 2279 3668 2330 pro

2107 2347 2545 2433 emanationibns
2591 2361 2798 2402 nomen
2847 2348 3157 2403 divinarum
3215 2351 3665 2419 providentiarmu

2109 2439 2307 2508 accipi;
2330 2453 2471 2493 nono
2490 2447 2672 2493 autem
2706 2440 2985 2492 ctdecimo
3010 2442 3186 2509 capite
3212 2442 3326 2495 duo
3350 2451 3476 2496 sunt
3499 2443 3670 2497 Ordine

2112 2528 2604 2586 conclusazunum
2648 2539 2755 2593 est,
2779 2528 3079 2584 secundum
3121 2530 3272 2598 ipsas
3320 2532 3533 2587 divinas
3555 2548 3667 2602 pro-

2114 2618 2380 2673 videntias
2418 2628 2483 2674 et
2529 2621 2904 2675 emanationes
2947 2636 3108 2677 omne
3132 2638 3333 2679 nomen
3362 2624 3597 2679 divinum
3625 2633 3670 2678 et

2114 2710 2209 2765 Dei
2247 2711 2713 2782 participationem
2766 2713 2929 2777 ﬁeri;
2979 2712 3238 2782 alterum,
3291 2732 3417 2770 eum
3468 2719 3555 2787 qui
3598 2729 3670 2772 est

2114 2816 2257 2856 unus
2324 2800 2487 2861 Deus.
2514 2813 2577 2856 et
2628 2802 3000 2871 impartibilis,
3032 2813 3086 2859 et
3135 2807 3462 2874 immobilis.
3494 2818 3545 2864 et
3579 2824 3668 2863 non

2116 2893 2575 2961 ntultiplicabilis.
2610 2881 2786 2948 videri
2822 2893 2877 2948 in
2908 2895 3045 2967 ipsis
3091 2899 3201 2955 illis
3234 2901 3584 2970 providentiis
3624 2909 3669 2953 et

2114 2985 2548 3043 cmanationibus
2585 2988 2892 3056 dispertiri,
2930 2992 3142 3046 moveri
3192 3009 3260 3049 ac
3316 2992 3666 3060 multiplicari,

2117 3074 2286 3131 Recte
2314 3077 2475 3147 igitur
2503 3094 2533 3132 a
2576 3081 2842 3152 theologis
2882 3084 2956 3140 de
3000 3084 3202 3140 divinis
3248 3084 3669 3139 cmanationilms

2118 3167 2448 3237 explicatum
2476 3178 2559 3224 est
2580 3212 2594 3237 .
2622 3181 2681 3226 et
2713 3173 2910 3228 merito
2956 3176 3338 3231 emanatlones
3381 3174 3472 3229 Dei
3504 3176 3671 3228 ιιίνιιιι⁴

2112 3269 2213 3314 tur
2249 3278 2267 3327 ;
2303 3260 2607 3320 cﬂeetionis
2639 3266 2809 3331 enim.
2838 3266 2961 3322 sive
3011 3269 3331 3333 creationis,
3362 3279 3415 3323 et
3461 3270 3666 3323 aliarum

2124 3355 2532 3409 emanatiouum
2588 3358 2845 3412 conditor
2891 3369 2943 3413 et
3001 3372 3194 3416 auctor
3249 3374 3301 3416 et
3338 3361 3555 3416 effector
3597 3340 3668 3412 esi

2129 3442 2315 3499 Deus:
2363 3457 2418 3499 et
2450 3446 2633 3502 nullus
2668 3458 2849 3505 motus
2878 3449 2942 3503 ad
2980 3453 3275 3506 terminum
3329 3464 3562 3506 creatum
3602 3465 3671 3503 rc-

2130 3535 2322 3603 fertor.
2355 3538 2487 3605 quin
2538 3540 2837 3599 secundum
2889 3543 3184 3597 terminum
3224 3545 3289 3597 ad
3322 3557 3483 3612 quem
3532 3541 3671 3594 rete-r-

2134 3638 2253 3693 tur,
2309 3630 2511 3697 Ceperit
2567 3641 2848 3697 naturam;
2911 3643 3129 3702 propter
3180 3645 3484 3688 creaturam
3545 3632 3667 3683 cutim

2130 3714 2274 3782 cepit
2308 3715 2662 3786 principium,
2706 3728 2760 3773 et
2788 3722 3013 3781 exstitit.
3046 3731 3101 3776 et
3149 3723 3429 3792 perlectus
3473 3730 3567 3784 est,
3596 3718 3669 3771 ubi

2130 3813 2311 3861 autem
2344 3817 2473 3863 sunt
2500 3809 2762 3880 principia
2795 3820 2849 3865 et
2884 3812 3022 3868 lines
3052 3827 3253 3876 rerum.
3291 3815 3452 3869 etiam
3485 3812 3672 3866 univcr-

2129 3913 2251 3954 sum
2289 3898 2342 3953 in
2367 3898 2474 3954 illis
2503 3902 2868 3958 concluditur.

854 4137 1229 4219 causam
1257 4130 1533 4197 necas.
1588 4162 1663 4175 —
1718 4128 1831 4195 DE
1860 4129 2017 4195 INF

2119 4131 2247 4193 {MA
2269 4132 2531 4197 TIONE
2560 4136 2651 4198 DI
2669 4135 2841 4198 γιΝι
2869 4130 3262 4203 ΝΟΜΙΝΙΞ.

1093 4238 1327 4321 CAPUT
1369 4258 1413 4315 ι.

469 4401 626 4472 Quod
656 4414 809 4456 omne
840 4411 1024 4452 nomen
1053 4392 1147 4447 Dei
1182 4402 1262 4446 est
1289 4398 1483 4472 nostra!
1509 4395 1702 4472 tuentis
1716 4393 2031 4472 lucernam.

539 4455 696 4528 etab
739 4485 857 4522 eam
907 4479 1119 4520 causam
1160 4462 1329 4514 omnis
1379 4458 1671 4512 nominatio
1709 4455 1802 4528 Dei
1842 4457 2039 4509 dicitur

538 4525 813 4610 mea,“
864 4544 941 4593 est
988 4530 1332 4595 intellectilis,
1358 4530 1464 4583 sive
1504 4527 1603 4585 sub
1632 4525 2036 4596 intelligentiam

537 4615 755 4675 cadens.

530 4720 841 4792 Gregorius
899 4714 1232 4783 Theologus.
1266 4711 1321 4766 in
1375 4723 1627 4765 sermone
1684 4705 2035 4777 Epiphaniae:

468 4816 612 4872 Cum
672 4810 986 4881 dupliciter,
1016 4808 1219 4876 inquit.
1266 4803 1538 4859 inﬁnitum
1587 4798 2039 4866 contemplemur.

472 4906 693 4978 quando
718 4918 877 4961 mens
906 4903 961 4959 in
990 4901 1121 4956 illud
1157 4896 1488 4968 profundum
1519 4907 1778 4963 superum
1811 4891 2044 4961 aspexit,

473 4999 603 5069 quia
632 5014 741 5057 non
790 4996 955 5053 habet
999 4992 1092 5048 ubi
1130 4992 1289 5049 sistat
1314 4997 1373 5045 et
1396 4985 1665 5043 innitatur
1706 4983 1955 5052 cogitans
1978 4982 2048 5038 de

476 5097 632 5160 Deo.
688 5095 792 5150 hoc
841 5105 1059 5147 sursum
1108 5086 1406 5148 infinitum,
1432 5092 1485 5137 et
1534 5080 1679 5135 unde
1726 5076 1907 5148 egredi
1940 5092 2047 5130 non

479 5195 679 5258 potest,
709 5184 947 5253 ἄναρχον
966 5219 983 5246 ,
1022 5179 1080 5234 id
1112 5187 1216 5240 est.
1247 5190 1442 5231 carens
1480 5171 1757 5242 .principio
1788 5170 2002 5223 vocavit
2032 5183 2049 5220 :

481 5278 704 5350 quando
733 5282 916 5330 autem
972 5272 1026 5326 in
1067 5269 1262 5325 iniera.
1297 5274 1353 5322 et
1400 5280 1466 5319 ea
1505 5278 1625 5333 qtne
1675 5259 1864 5316 subter
1899 5265 2052 5324 sunt.

418 5399 447 5443 -ξ
484 5364 608 5443 sine
656 5364 877 5421 interitu
906 5372 968 5417 et
1010 5358 1370 5415 immortalem
1402 5374 1416 5410 :
1447 5355 1668 5423 quando
1705 5365 1834 5405 vero
1879 5358 2051 5404 totum

437 5431 451 5527 ξ
485 5441 885 5527 complectitur.
917 5453 1155 5511 αἰώνιον,
1191 5450 1242 5503 id
1273 5457 1378 5513 est,
1404 5457 1669 5500 aeternum
1700 5441 1951 5511 appellat.
1990 5439 2057 5496 Et

487 5551 631 5605 idem
688 5547 741 5599 in
797 5543 990 5599 eodem
1048 5553 1302 5596 sermone
1356 5552 1371 5591 :
1417 5533 1612 5599 Mente,
1669 5532 1884 5601 inquit,
1941 5531 2057 5584 sola

2074 4258 2116 4314 ι)
2143 4259 2554 4329 explicavimus.
2578 4261 2645 4316 Et
2680 4262 2733 4316 in
2770 4272 3015 4318 extremo
3049 4261 3294 4329 ejusdem
3326 4258 3511 4327 capitis
3540 4272 3553 4311 :
3580 4249 3664 4305 Sed

2145 4352 2258 4407 iure
2307 4352 2550 4420 quidem,
2581 4362 2641 4407 ut
2673 4351 2784 4408 Deo
2842 4355 3035 4423 placet.
3074 4356 3151 4409 sic
3199 4354 3437 4408 habeant
3471 4359 3520 4403 et
3548 4346 3667 4401 dia-ta

2144 4442 2285 4507 Sim;
2318 4443 2505 4513 sitque
2534 4444 2678 4513 quod
2713 4443 2780 4499 ad
2812 4460 2912 4501 nos
2953 4448 3206 4516 pertinet,
3242 4445 3330 4500 hic
3376 4441 3492 4496 tinis
3516 4435 3669 4492 nomi-

2145 4535 2307 4589 nibus
2337 4535 2452 4602 Dei,
2486 4551 2608 4605 qua:
2657 4551 2811 4591 mens
2853 4538 3201 4606 excogitavit,
3238 4538 3303 4590 ad
3356 4529 3668 4605 symbolicaut

2146 4640 2273 4679 vero
2303 4625 2627 4696 theologiam
2652 4627 2769 4683 Deo
2798 4626 2935 4682 duce
2968 4629 3235 4683 transibo.
3268 4626 3442 4679 Multis
3472 4622 3521 4674 in
3558 4615 3670 4670 locis

2142 4732 2268 4771 cum
2315 4718 2384 4772 de
2431 4719 2747 4785 nominibus
2794 4718 2889 4773 Del
2943 4726 3158 4783 tractat.
3187 4717 3451 4786 reperitur
3504 4716 3671 4761 vocare

2145 4806 2235 4861 illa
2262 4808 2450 4875 νοητὰ,
2483 4807 2535 4861 id
2589 4816 2673 4862 est
2726 4807 2791 4861 ad
2848 4817 3083 4862 mentem
3129 4804 3468 4875 pertinentia.
3506 4796 3571 4851 Ex
3601 4793 3669 4845 bis

2148 4900 2312 4968 igitur
2345 4899 2537 4969 liquet.
2584 4914 2747 4954 omne
2783 4916 2979 4953 nomen
3017 4897 3132 4963 Dei,
3177 4905 3232 4951 et
3284 4906 3492 4951 omnem
3532 4881 3669 4942 divini

2150 4988 2392 5044 nominis
2423 4988 2839 5058 appellationem
2873 4988 2938 5041 ad
2971 4987 3246 5056 negotium
3264 4996 3317 5039 et
3339 4976 3666 5038 tractationem

2152 5081 2350 5135 mentis
2380 5090 2582 5134 nostra:
2614 5081 2901 5150 pertinere.
2943 5089 3106 5147 atque
3142 5078 3267 5132 inde
3288 5074 3479 5146 νοητήν
3498 5060 3664 5124 vocari,

2155 5172 2205 5225 id
2238 5178 2344 5237 est,
2375 5169 2441 5225 ad
2473 5170 2878 5240 intelligentiam
2913 5171 3308 5238 pertinentem,
3340 5178 3457 5219 cum
3494 5153 3666 5213 scilicet

2156 5271 2311 5315 mens
2341 5264 2433 5311 aut
2471 5257 2538 5311 ad
2580 5272 2643 5310 ea
2687 5272 2808 5327 quae
2838 5272 2997 5326 supra
3042 5265 3190 5321 sunt,
3214 5256 3406 5317 cietur,
3435 5256 3516 5304 aut
3541 5242 3597 5297 ad
3617 5251 3663 5292 ea

2156 5361 2280 5416 qum
2326 5346 2543 5410 subter.
2568 5356 2663 5401 aut
2704 5346 3018 5401 universum
3060 5346 3465 5414 lustrat;atque
3503 5337 3562 5391 ita
3587 5344 3662 5385 uo-

2158 5436 2482 5492 tniuationes
2504 5435 2595 5491 Dei
2624 5437 2923 5491 adinvenit.
3385 5440 3418 5480 ο

2761 5546 2993 5603 CAPUT
3047 5549 3111 5604 ll.

490 5639 874 5696 adumbratum
917 5648 980 5689 ae
1023 5630 1388 5693 delincatum;
1426 5626 1587 5696 idque
1632 5624 1790 5678 valde
1826 5623 2017 5675 obscui

2123 5675 2129 5681 -
2162 5639 2314 5707 Quod
2355 5640 2419 5694 ab
2446 5640 2643 5709 eiectis
2697 5639 2833 5694 Deus
2884 5640 3159 5702 laudatur.
3203 5652 3253 5695 et
3290 5656 3353 5697 ex
3384 5636 3494 5707 ipsis
3529 5621 3659 5683 nomi-

465 5730 550 5788 "et
580 5730 834 5787 tenuiter.
869 5726 1157 5795 Dionysius
1188 5736 1317 5777 vero
1340 5719 1627 5789 theologus
1648 5727 2059 5780 summus,cap.

443 5880 447 5886 ,
492 5826 707 5878 decimo
758 5820 916 5873 tertio
972 5818 1043 5871 De
1087 5814 1278 5867 divinis
1328 5812 1643 5875 nominibus,
1684 5808 1828 5871 Haec.
1862 5808 2059 5875 inquit.

489 5934 596 5977 nos
650 5914 833 5970 divina
886 5909 1104 5964 nomina
1161 5922 1280 5978 quae
1331 5904 1665 5973 collegimus.
1698 5916 1797 5973 pro
1855 5899 2063 5953 viribus

2854 5721 3030 5764 natur.

2235 5800 2462 5871 Magnus
2490 5799 2809 5871 Dionysius,
2844 5816 2963 5870 cap.
3010 5796 3187 5871 primo
3221 5801 3291 5856 οε
3320 5795 3489 5852 divini;
3521 5780 3652 5841 nomi-

2166 5896 2317 5949 nibus
2353 5911 2369 5949 :
2403 5893 2668 5960 Quoniam
2723 5908 2851 5948 vero
2904 5895 3067 5959 Deus,
3107 5905 3289 5966 utpote
3323 5895 3424 5966 ipsa
3452 5878 3649 5941 bonitas,
