3860 6586
183 527 270 599 793

838 529 1076 593 nscas
1105 528 1206 594 IV.
1245 530 1442 592 —DE
1489 527 1911 592 INFORMAT.
1961 494 2603 591 DIVINIINOMINIS.

3270 522 3391 586 ΤΜ

179 666 230 704 eo
254 649 356 719 ipso
383 644 516 716 quod
565 653 666 711 est,
700 647 946 700 omnium
1002 663 1166 703 causa
1204 660 1308 716 est,
1351 647 1698 712 .j-rovidentia
1730 647 1775 702 A
1801 661 1921 715 quae
1974 648 2048 703 in.
2083 647 2437 702 universitate
2489 643 2676 702 mundi
2733 639 3129 711 contemplatur
3162 655 3177 704 ;
3237 648 3396 696 unde-

179 740 252 793 llei
278 751 444 793 eorum
474 735 563 805 qui
589 735 660 790 dii
694 736 975 803 dicuntur,
999 739 1288 813 principis,
1308 755 1428 808 qua‘
1453 738 1702 794 omnium

176 834 397 886 bonorum
443 829 756 900 principium
792 839 912 898 est,
944 833 1012 884 ab
1040 831 1301 886 omnibus
1345 831 1552 886 elTectis
1589 832 1707 884 Iau-

174 923 319 976 danda
352 933 447 988 est,
497 923 617 992 quia
652 932 705 977 et
737 925 948 978 circum
1000 923 1180 996 ipsum
1226 934 1354 980 sunt
1398 925 1582 979 omnia
1605 966 1619 991 ,
1651 931 1706 980 et

172 1034 231 1087 pri
251 1027 353 1085 pter
376 1016 581 1086 ipsum;
610 1025 658 1069 et
703 1017 815 1085 ipse
851 1025 935 1072 est
979 1025 1106 1070 ante
1145 1019 1353 1084 omnia,
1396 1026 1449 1071 et
1500 1017 1554 1070 in
1587 1017 1707 1088 ipso

171 1125 271 1160 omn
293 1122 318 1160 a
367 1108 688 1170 consistunt,
727 1116 782 1162 et
815 1124 938 1164 esse
965 1124 1092 1164 eum
1143 1108 1394 1178 producit
1425 1109 1628 1174 omnia,
1655 1119 1708 1163 et

172 1201 273 1255 lavit
294 1209 340 1255 ut
357 1201 626 1255 exsistant.
654 1200 765 1256 Hoc
790 1212 968 1256 autent
987 1211 1208 1262 sanctus
1227 1201 1492 1255 Maximus
1505 1201 1710 1256 edisse-

169 1296 224 1344 rit
267 1303 314 1344 et
349 1302 596 1348 retractat
634 1311 648 1348 :
685 1293 758 1346 Ex
812 1295 919 1359 bis,
968 1294 1179 1364 inquit,
1235 1294 1523 1347 solvuntur
1548 1291 1709 1347 fatum

167 1384 234 1449 oii
256 1384 408 1440 tiones
429 1401 610 1442 eorum
635 1386 728 1454 qui
764 1386 882 1440 ausi
913 1396 1041 1441 sunt
1067 1387 1268 1451 dicere,
1301 1387 1516 1439 insitam
1581 1401 1706 1441 esse

169 1469 253 1524 Deo
283 1485 455 1525 natura
499 1479 732 1542 quadam
765 1475 872 1528 vim
903 1475 1148 1540 creandi,
1182 1475 1328 1531 sicut
1355 1472 1590 1530 insitum
1621 1483 1711 1529 est

168 1563 620 1642 araneolistexere
653 1582 668 1631 ;
699 1567 1038 1642 demonstrat
1080 1569 1224 1622 enim
1269 1577 1494 1638 propter
1538 1567 1709 1621 solam

168 1656 416 1710 bonitatem
482 1641 787 1728 producere
843 1660 1011 1725 Deum
1069 1659 1277 1714 omnia.
1339 1658 1708 1726 Quamobrem

165 1762 250 1799 non
303 1747 492 1801 audent
553 1749 787 1818 theologi
840 1749 1067 1806 laudare
1125 1749 1294 1805 Deum
1361 1750 1430 1803 ab
1484 1750 1549 1804 iis
1594 1750 1762 1818 (μηθ’

167 1837 303 1905 ipsius
345 1850 488 1903 sunt,
522 1841 574 1893 id
625 1849 729 1904 est,
760 1857 789 1896 a
841 1855 1036 1896 natura
1064 1854 1118 1897 et
1147 1842 1388 1897 essentia
1417 1841 1541 1910 ejus
1576 1841 1712 1918 (bmc

165 1929 279 1982 caim
327 1931 498 2000 ignota
552 1933 728 2002 sunt),
791 1933 885 1987 sed
941 1934 1010 1988 ab
1041 1935 1425 2000 emanatione,
1457 1949 1579 2004 quae
1631 1941 1714 1986 est

164 2022 465 2088 providentia
497 2025 621 2092 ejus
664 2026 716 2078 in
758 2041 820 2080 ea
853 2041 978 2094 qua:
1013 2025 1080 2080 ab
1114 2008 1240 2094 ipso
1267 2036 1490 2082 auctore
1521 2024 1708 2080 ell‘eeta

164 2123 282 2166 sunt.
327 2113 468 2171 llanc
515 2117 755 2171 divina-ti
806 2116 1253 2186 providentiam,
1301 2133 1407 2187 qua
1455 2111 1712 2172 (tionibus

166 2205 280 2261 Deus
330 2209 592 2277 providet.
648 2210 904 2264 laudibus
961 2191 1260 2265 celebrant.
1309 2209 1523 2265 Rursus
1569 2211 1709 2266 idem

166 2301 409 2373 [Dionysius
445 2302 627 2368 capite
686 2302 926 2356 secundo
978 2301 1058 2360 De
1109 2302 1302 2356 divinis
1355 2302 1656 2355 nominibus
1690 2317 1710 2356 :

163 2392 254 2445 Non
282 2405 350 2449 est
379 2394 623 2464 perfecta
665 2403 719 2449 et.
749 2396 997 2450 absoluta
1031 2395 1339 2452 similitudo
1373 2409 1562 2450 eorum
1592 2412 1714 2464 qme

163 2486 314 2540 ellvcta
344 2496 491 2549 sunt.
530 2497 585 2542 et
619 2503 911 2542 causarum
939 2489 1116 2558 ;-qnin
1153 2489 1334 2557 ponus
1363 2487 1564 2544 habent
1595 2488 1716 2558 qni-

162 2575 259 2627 dem
280 2574 458 2633 tellecta
488 2591 780 2632 causmtm
812 2575 992 2648 quoad
1028 2575 1144 2628 lieri
1175 2584 1374 2642 potest,
1406 2576 1710 2645 imagines;

163 2664 266 2730 ipsa?
298 2682 416 2719 vero
464 2683 646 2720 causae
683 2649 747 2720 es
786 2666 995 2725 ellectis
1035 2674 1302 2736 exempta:
1335 2677 1497 2732 sunt;
1530 2677 1585 2719 et
1612 2682 1713 2736 pro

165 2758 338 2814 ratione
378 2760 724 2830 principatus
775 2760 856 2812 sui
904 2774 1068 2828 supra
1120 2759 1311 2814 locatae
1349 2775 1411 2813 ac
1454 2757 1711 2812 fundatas.

164 2847 304 2911 Quem
360 2850 546 2906 locum
590 2851 784 2904 iterum
815 2851 1084 2904 adnotans
1127 2859 1352 2904 sanctus
1390 2849 1662 2906 Maximus
1698 2867 1711 2904 :
1746 2880 1751 2885 ~

166 2938 354 3007 Elii-cla,
401 2942 622 3011 inquit,
657 2934 1002 2996 suntomuia
1041 2952 1226 2996 errata
1287 2941 1404 2996 sive
1450 2939 1502 2994 in
1551 2941 1712 3008 cmlo,

167 3033 260 3089 sive
287 3036 334 3089 in
361 3044 536 3102 terra,
573 3049 751 3088 causa:
789 3050 919 3086 vero
961 3033 1261 3090 efﬁcientes
1308 3033 1426 3088 sive
1469 3044 1719 3090 creantes

168 3139 380 3194 personat
429 3135 639 3181 sannae
670 3124 957 3180 Trinitatis
984 3135 1135 3180 sunt.
1177 3123 1520 3183 Manifestum
1557 3127 1720 3196 igitur

168 3233 265 3285 est,
295 3221 500 3274 nullam
558 3234 680 3273 esse
729 3219 922 3271 borum
977 3218 1120 3272 inter
1170 3233 1228 3272 se
1278 3218 1714 3285 similitudinem,

1810 737 2120 805 ltujusmodi
2169 737 2474 794 divinorum
2510 735 2793 792 nominum
2824 733 3052 788 formam
3091 741 3145 791 et
3188 731 3389 789 distin-

1806 829 2041 884 ctionem
2085 829 2306 902 colligit.

2409 921 2644 978 CAPUT
2701 921 2788 976 IV.

1811 1047 1990 1114 Quare
2028 1047 2091 1098 ab
2117 1041 2314 1112 eiectis
2341 1043 2642 1095 nominatur
2677 1039 2834 1121 Deus.
2861 1047 2912 1092 et
2947 1054 3054 1092 non
3088 1036 3152 1092 ab
3178 1034 3246 1090 iis
3275 1047 3398 1104 qua:

2338 1123 2462 1167 sunt
2505 1122 2708 1164 natura:
2748 1127 2880 1172 epis.

1880 1209 2110 1279 Magnus
2164 1206 2397 1264 Basilius
2451 1207 2504 1258 in
2561 1203 2628 1258 iis
2662 1218 2784 1270 quae
2819 1213 3008 1256 contra
3063 1198 3392 1253 Eunomium

1812 1303 2034 1372 scripsit
2061 1319 2073 1355 :
2098 1300 2154 1356 Si
2181 1300 2446 1359 divinam,
2471 1296 2670 1367 inquit,
2699 1302 2948 1354 naturam
2982 1292 3036 1346 in
3067 1306 3129 1349 se
3151 1298 3397 1352 contem-

1811 1394 1949 1464 plari
1974 1407 2287 1463 possemus,
2315 1399 2369 1445 et
2397 1389 2542 1460 quod
2572 1388 2847 1458 proprium
2881 1384 3001 1455 ejus
3023 1393 3135 1456 est,
3163 1393 3217 1438 et
3247 1379 3395 1452 quod

1813 1487 2078 1546 alienum,
2118 1499 2213 1554 per
2246 1498 2309 1537 ea
2347 1497 2466 1552 qua!
2516 1489 2817 1537 cernuntur
2863 1477 3131 1542 invenire,
3182 1473 3398 1543 penitus

1816 1596 1920 1633 non
1953 1578 2327 1648 indigeremus
2357 1573 2690 1636 rationibus,
2745 1585 2922 1641 neque
2953 1567 3286 1638 conjecturis
3330 1567 3397 1622 ad

1815 1667 2396 1741 comprehendendum
2450 1666 2592 1735 quod
2627 1663 2893 1735 quaaritur
2922 1679 2937 1714 :
2975 1660 3068 1716 sed
3102 1659 3232 1730 quia
3286 1658 3401 1713 cel-

1817 1763 1932 1818 sior
1964 1771 2048 1817 est
2076 1775 2243 1831 quam
2273 1768 2335 1814 ut
2359 1756 2591 1828 perspici
2634 1755 2810 1826 possit
2843 1752 2987 1824 quod
3011 1751 3304 1821 Aqua-ritur,
3335 1765 3402 1804 ex

1820 1855 2156 1924 conjecturts
2189 1860 2371 1906 autem
2399 1848 2772 1924 cognitionem
2809 1859 3001 1900 eorum
3031 1857 3152 1912 quae
3185 1857 3286 1897 nos
3313 1841 3402 1896 lu-

1819 1923 1996 2016 giunt,
2026 1957 2316 2006 venamur,
2344 1923 2576 1995 necesse
2601 1947 2684 1992 est
2713 1936 2938 1990 omnino
2968 1941 3026 1987 ut
3053 1933 3122 1987 ad
3150 1939 3404 1987 seru-tan-

1811 2036 1944 2091 dum
1977 2035 2220 2096 divinam
2245 2045 2498 2090 naturam
2531 2047 2624 2102 per
2657 2028 3008 2100 operationes
3039 2025 3404 2086 deducamur.

1815 2129 1893 2184 Ac
1929 2143 2123 2186 rursus
2161 2127 2304 2184 idem
2357 2126 2412 2182 in
2454 2124 2631 2195 primo
2677 2132 2865 2178 contra
2907 2118 3161 2176 eumdem
3199 2133 3212 2169 :
3248 2114 3407 2178 Unus

1787 2220 2084 2275 'Domiuus
2119 2236 2245 2277 cum
2277 2219 2370 2284 sit,
2419 2227 2471 2273 et
2532 2232 2640 2272 una
2693 2213 3006 2277 substantia
3041 2210 3280 2281 simplex
3338 2217 3395 2264 et

1816 2328 2014 2382 expers
2034 2310 2475 2382 compositionis,
2499 2309 2636 2364 alias
2659 2307 2821 2365 aliter
2841 2321 2901 2363 se
2919 2304 3186 2368 nominat,
3207 2310 3410 2372 aptans

1818 2405 1919 2459 sibi
1956 2405 2364 2463 nominationes
2395 2417 2517 2472 qua:
2560 2401 2767 2477 nostris
2811 2394 3234 2466 cogitationibus
3261 2393 3411 2454 inter

1819 2513 1880 2554 se
1907 2496 2191 2565 ditiorum,
2225 2495 2441 2550 diversa
2459 2493 2618 2547 enim
2668 2490 2892 2545 nomina
2925 2486 3029 2544 sibi
3067 2482 3317 2555 imponit,
3339 2488 3413 2536 ut

1818 2598 1950 2648 sum
1977 2588 2205 2642 diversa:
2227 2585 2575 2656 operationes
2599 2581 2880 2650 subjectae,
2903 2586 2958 2633 et
2976 2576 3189 2632 diversa
3215 2586 3406 2628 earum

1818 2681 1885 2736 ad
1920 2694 1980 2733 ea
2017 2694 2137 2748 quae
2183 2677 2320 2732 liunt
2356 2674 2642 2730 habitudo.
2675 2673 2820 2728 Idem
2853 2669 3018 2726 etiam
3060 2683 3076 2720 :
3109 2664 3222 2720 Nos
3270 2677 3404 2748 vero

1817 2784 1881 2823 ex
1914 2747 2325 2837 operationibus
2357 2765 2524 2820 Deum
2555 2773 2806 2822 nostrum
2846 2757 3102 2830 cognosci
3137 2747 3410 2811 dicimusi

1819 2861 1885 2916 ad
1922 2859 2223 2915 essentiam
2249 2867 2438 2913 tamen
2494 2856 2616 2925 ejus
2647 2851 3092 2924 appropinquare
3120 2862 3228 2903 non
3283 2861 3417 2914 pro-

1821 2953 2114 3015 mittimus,
2154 2948 2503 3027 operationes
2529 2950 2672 3002 enim
2703 2946 2794 3003 Dei
2814 2945 3157 3004 descendunt
3183 2939 3248 2995 ad
3275 2953 3411 2993 nos:
3490 3000 3494 3004 ,

1821 3055 1877 3100 at
1907 3045 2142 3100 essentia
2173 3044 2293 3110 ejus
2323 3050 2506 3098 manet
2545 3041 2844 3096 inaccessa.
2873 3036 2948 3090 Ex
2987 3035 3072 3090 bis
3103 3034 3267 3104 igitur
3300 3045 3418 3084 ma-

1825 3138 2088 3196 nifestum
2141 3134 2413 3200 elliritur,
2465 3132 2611 3202 quod
2661 3131 2803 3200 sicut
2852 3144 2920 3184 ex
2966 3129 3180 3197 iisquae
3218 3126 3270 3178 in
3305 3125 3416 3178 Deo

1819 3238 1955 3282 sunt
1978 3267 1993 3291 ,
2028 3223 2399 3296 philosophari
2440 3224 2506 3278 de
2543 3224 2649 3278 Deo
2706 3238 2814 3279 non
2851 3235 3168 3290 possumus,
3194 3217 3287 3274 .sic
3322 3231 3419 3272 nc-

165 3328 426 3370 causarum
486 3314 698 3368 scilicet
739 3323 786 3373 el
839 3313 1181 3368 elici-torum.
1230 3311 1446 3367 Rursus
1480 3312 1619 3366 idem
1671 3315 1721 3366 ill
1754 3319 1798 3381 ρ
1835 3335 1941 3388 que
1967 3334 2066 3389 per
2099 3333 2161 3374 ea
2193 3316 2363 3374 Deum
2393 3314 2680 3370 nominare
2714 3329 2726 3363 ε
2762 3321 2817 3367 at
2843 3328 2906 3366 εχ
2939 3310 3270 3380 coniecturis
3299 3307 3421 3376 qui-

165 3408 377 3462 centuria
411 3416 630 3471 octava,
679 3406 851 3474 capite
894 3406 964 3458 Ἡ
1006 3423 1018 3456 :
1053 3404 1484 3469 Advertendum,
1527 3404 1724 3474 inquit,

161 3509 244 3569 est,
273 3502 410 3573 quod
440 3501 633 3556 éﬂccta
665 3516 954 3554 ('auSrtrum
1005 3500 1273 3568 imagines
1329 3499 1550 3566 habent,
1590 3517 1727 3568 qua-

163 3602 300 3650 tenus
369 3594 577 3648 habere
637 3594 901 3662 possunt,
976 3607 1101 3646 esse
1169 3598 1318 3655 sunt,
1389 3607 1728 3662 qu:l'('tlltqttc

164 3697 323 3741 creata
384 3699 554 3751 sunt;
611 3701 790 3740 causa:
845 3698 994 3743 vero,
1049 3698 1170 3753 qua:
1228 3683 1316 3737 illa
1379 3683 1625 3738 efliciunt
1677 3695 1728 3738 et

166 3790 348 3845 errant,
408 3781 556 3834 nulla
612 3790 794 3832 autent
852 3776 1154 3831 similitudo
1210 3785 1294 3831 est
1337 3791 1628 3830 causarum
1678 3787 1731 3832 et

168 3869 434 3926 laetorum.
491 3873 572 3927 Ex
650 3870 852 3939 quibus
908 3878 1055 3934 patet
1144 3869 1606 3936 quemadmodum
1665 3886 1728 3923 ex

166 3961 374 4026 ellectis,
418 3963 473 4016 id
523 3971 627 4025 est,
669 3977 735 4015 ex
791 3959 1057 4015 crraturis
1111 3959 1330 4014 nomina
1381 3958 1497 4020 Dei,
1531 3960 1733 4028 quibus

171 4049 318 4107 Deum
353 4054 638 4107 laudamus
661 4061 712 4104 et
739 4050 1114 4120 imploramus,
1143 4053 1377 4106 humana
1421 4065 1574 4106 mens
1600 4067 1732 4106 con-

171 4144 446 4200 siderando
474 4144 777 4200 adinvenit.
1063 4170 1069 4175 -

753 4237 982 4292 CAPUT
1037 4237 1128 4292 Ill.

317 4331 450 4399 Qua,
486 4332 594 4385 sint
622 4329 831 4400 e/fecla,
861 4341 910 4382 et
937 4346 1054 4400 qum
1083 4345 1264 4384 eorum
1297 4331 1564 4384 materia.’

232 4424 522 4496 Gregorius
555 4423 838 4495 Nyssenus
860 4424 908 4476 in
934 4423 1316 4492 explanatione
1350 4422 1560 4477 Cantici
1607 4437 1739 4478 can-

170 4517 387 4572 ticorum
421 4536 435 4572 :
473 4515 690 4579 Omnia,
746 4514 943 4583 inquit,
975 4515 1135 4578 mira,
1196 4529 1318 4582 qua:
1373 4515 1426 4568 in
1481 4513 1739 4569 universo

1830 3412 2083 3469 busdam.
2115 3423 2237 3480 quae
2272 3417 2404 3466 sunt
2435 3422 2626 3461 eorum
2663 3421 2783 3475 qua:
2811 3405 2866 3458 iu
2893 3405 3004 3458 Deo
3037 3410 3188 3466 sunt,
3221 3399 3424 3455 simili—

1830 3503 2046 3562 tudines
2079 3511 2131 3556 et
2161 3500 2480 3562 simulacra,
2511 3498 2764 3553 notitiam
2801 3495 2892 3551 Dei
2922 3494 3255 3564 colligimus,
3287 3506 3427 3548 con-

1824 3596 2074 3665 jecturas
2110 3603 2167 3647 et
2207 3593 2560 3662 operationes
2594 3589 2734 3644 idem
2771 3604 2890 3644 esse
2925 3587 3310 3657 iutelligentes.
3351 3583 3424 3639 ιτι

1829 3689 1974 3742 enim
2004 3702 2069 3741 ex
2101 3683 2434 3756 conjecturis
2481 3682 2551 3748 de
2585 3670 2694 3738 Deo
2733 3680 3130 3736 ratiocinamur
3154 3719 3169 3744 ,
3219 3679 3296 3733 sic
3325 3691 3426 3746 per

1832 3781 2180 3848 operationes
2218 3777 2286 3832 ad
2320 3777 2736 3847 intelligendum
2773 3789 2895 3830 eum
2933 3771 3274 3836 adducimur;
3309 3769 3426 3824 sive

1833 3891 1896 3930 cx
1932 3873 2366 3946 operationibus,
2395 3883 2450 3930 et
2479 3887 2543 3927 ex
2584 3870 2652 3926 iis
2685 3867 3030 3923 mirabilibus
3060 3883 3181 3936 quae
3214 3866 3266 3919 in
3298 3865 3424 3918 uni-

1835 3983 1993 4022 verso
2041 3967 2412 4038 speculamur,
2471 3965 2642 4020 Deum
2703 3971 2950 4019 nostrum
3000 3959 3280 4015 declarare
3325 3972 3426 4012 nos

1836 4061 2097 4115 (licinius.
2129 4061 2306 4129 Atque
2336 4061 2465 4114 hinc
2503 4058 2804 4114 secundum
2846 4053 3206 4109 dill'erentiam
3232 4067 3430 4121 opera-

1837 4151 2047 4222 tionum
2077 4151 2448 4221 subjectarum
2475 4191 2490 4215 ,
2521 4159 2576 4202 et
2623 4159 2682 4204 ut
2718 4161 2949 4217 qumque
2975 4145 3222 4214 operatio
3254 4145 3321 4197 ad
3358 4158 3426 4195 ea

1836 4259 1956 4312 qum
1987 4243 2132 4298 .liunt
2174 4233 2433 4306 refer-tur,
2469 4241 2750 4311 negouum
2783 4239 3100 4294 divinorum
3135 4239 3421 4290 nominum

1838 4334 2188 4402 conﬁcimus,
2223 4349 2330 4388 non
2367 4343 2620 4403 putantes
2649 4330 3038 4400 intempestive
3068 4327 3244 4382 facere
3281 4326 3430 4399 quod

1841 4427 1955 4483 haec
1971 4427 2194 4484 nomina
2216 4442 2280 4482 ex
2299 4424 2756 4495 coniecturalibus
2771 4421 3103 4492 argumentis
3125 4419 3432 4484 colligimus

1841 4529 1898 4574 et
1947 4519 2306 4588 imponimus.
2343 4511 2645 4588 'Conjicere
2693 4524 2874 4570 autem
2924 4511 3060 4582 quid
3112 4511 3258 4565 aliud
3303 4519 3432 4573 est,

171 4611 609 4679 contemplamur.
635 4607 916 4662 materiam
955 4605 1266 4670 divinorum
1293 4606 1577 4660 nominum
1605 4621 1740 4675 prat—

172 4702 310 4764 bcnt,
351 4701 545 4770 quibus
594 4697 763 4751 Deum
809 4695 1134 4764 sapientem.
1172 4703 1472 4763 potentem,
1513 4696 1740 4761 bonum,

174 4802 427 4857 sanctum,
460 4795 697 4853 beatum,
731 4798 1018 4850 internum,
1077 4787 1339 4858 iudicem,
1395 4787 1741 4849 Salvatorem,

174 4897 223 4940 et
283 4888 396 4941 aliis
459 4882 773 4954 hujusmodi
827 4884 1189 4936 celebramus.
1257 4878 1318 4931 Et
1379 4878 1747 4936 Damasceuus

180 4972 467 5047 Τιιεειιυςιιέ
520 4979 623 5044 (a),
680 4974 843 5036 Deus,
892 4972 1084 5040 inquit,
1141 4981 1366 5040 propter
1421 4972 1744 5026 inellabilem

181 5070 458 5125 bonitatem
506 5067 678 5122 voluit
721 5066 787 5121 de
818 5064 1017 5118 nostris
1052 5063 1235 5129 rebus,
1267 5073 1326 5114 et
1360 5072 1549 5116 nostro
1599 5079 1748 5120 more

184 5161 460 5223 nominari,
495 5177 564 5214 ne
597 5159 772 5213 simus
806 5154 1050 5209 funditus
1093 5153 1301 5208 notitiae
1323 5152 1444 5221 ejus
1474 5164 1746 5220 expertes.

1845 4629 2008 4683 quem
2050 4628 2114 4668 ex
2160 4613 2228 4668 iis
2269 4628 2396 4683 quae
2424 4611 2477 4666 in
2507 4611 2760 4666 universo
2790 4609 2925 4664 mira
2974 4607 3431 4677 contemplamur.

1848 4715 1905 4764 et
1937 4722 2004 4760 ex
2032 4705 2242 4761 etl‘ectis
2286 4705 2430 4775 ipsis
2460 4704 2527 4758 ad
2559 4719 2682 4772 qua:
2722 4700 3101 4757 emanationes
3129 4711 3184 4756 et
3215 4700 3436 4754 habitu-

1845 4799 1997 4854 dines
2025 4798 2359 4862 ret‘eruntur,
2390 4796 2810 4852 similitudinem
2839 4804 2891 4849 et
2921 4794 3152 4849 formam
3182 4793 3384 4846 ducere
3409 4790 3434 4842 ?

1847 4888 1984 4943 Cum
2016 4903 2150 4958 ergo
2183 4887 2421 4942 dicimus
2456 4884 2613 4949 illud,
2663 4899 2693 4937 a
2742 4899 2854 4953 quo
2896 4894 2950 4937 et
2987 4883 3129 4938 unde
3168 4879 3391 4932 materia
3416 4914 3436 4942 ,
3508 4925 3510 4927 .

1850 4995 1958 5034 non
1992 4979 2496 5048 appropinquamus
2536 4975 2613 5030 illi
2653 4973 2720 5028 ad
2745 4971 2891 5044 quod
2925 4971 3220 5032 tendimus,
3247 4968 3298 5022 id
3329 4978 3434 5026 ρει.

1858 5069 2186 5125 substantiae
2216 5069 2360 5139 ejus.
2408 5067 2551 5122 sicut
2588 5080 2714 5120 cum
2761 5064 3019 5134 dicimus,
3049 5061 3192 5114 unde
3237 5072 3436 5112 nomen

1858 5162 1983 5217 coeli
2042 5170 2319 5230 sumptum
2374 5169 2478 5224 est,
2533 5172 2642 5212 non
2692 5155 3014 5226 attingimus
3074 5151 3434 5207 substantiam

190 5252 260 5305 Ex
306 5252 384 5308 his
426 5252 616 5322 liquet.
641 5246 1102 5320 quemadmodum
1166 5247 1400 5298 Ιιυιιιθηει
1467 5260 1623 5301 "lens
1669 5256 1753 5302 εει
1858 5255 1980 5310 (ξωιξ
2008 5303 2024 5327 ,
2065 5251 2442 5322 operationem
2487 5259 2667 5304 tamen
2707 5249 2827 5316 ejus
2860 5249 3117 5306 maxime,
3144 5256 3426 5313 argumen-

191 5359 362 5412 causa,
389 5360 507 5416 qum
527 5343 822 5402 lormat,et
854 5340 1012 5393 veluti
1036 5338 1217 5406 specie
1255 5339 1332 5406 (l)
1368 5337 1535 5392 allicit
1571 5339 1751 5393 divina
1861 5358 2040 5402 ωιηιιι·
2079 5345 2223 5400 enim
2255 5342 2495 5413 undique
2527 5343 2706 5414 ipsum
2741 5357 2769 5395 a
2807 5341 2966 5398 nobis
2994 5338 3187 5408 aspici.

194 5439 427 5506 nomina;
460 5433 688 5492 materia
739 5449 888 5497 vero,
928 5431 1018 5486 illa
1053 5430 1420 5495 admirabilia,
1451 5441 1506 5486 et
1541 5431 1752 5495 eﬂ‘ecta.
2095 5443 2116 5472 κ

1772 4665 1822 4724 D

1661 5575 1938 5639 Schoﬁa.

1867 5749 1985 5787 rom
2018 5749 2081 5788 ac
2112 5733 2443 5804 syllabarum
2480 5738 2686 5786 t‘SStSlll
2723 5730 2934 5797 species
2965 5739 3019 5784 ct
3052 5725 3222 5783 ferina
3257 5723 3436 5778 notatio.

264 5734 332 5800 (Ι)
366 5732 542 5804 Specie
567 5731 780 5788 allicere
811 5729 1030 5804 nomina
1059 5712 1144 5781 est
1174 5726 1370 5804 litteris
1412 5742 1475 5804 ac
1525 5731 1750 5804 syllabis

1869 5806 1950 5860 nis
1983 5816 2036 5860 et
2072 5806 2339 5860 vocabuli.

202 5797 554 5870 ea'inserere;
588 5821 654 5860 ex
684 5800 1082 5871 compositione
1107 5797 1259 5851 enim-
1284 5805 1339 5850 et
1374 5799 1512 5854 serie
1543 5797 1776 5856 lutei-av

274 5997 342 6057 (α)
374 5997 488 6054 Lib.
515 6013 554 6060 ι,
592 5995 664 6051 De
695 5993 799 6061 ﬁde
835 5992 1149 6048 orthodoxa.
