3784 6572
411 478 541 546 τπδ-

863 646 868 651 ,
900 620 905 626 .
1025 582 1253 640 cxpur
1294 582 1355 637 v.

470 675 744 746 Quomodo
777 675 912 732 Deus
942 678 1039 747 ﬁat
1072 696 1101 730 a
1133 678 1277 731 nobis
1313 675 1595 729 multorum
1629 678 1922 731 nominum.

483 770 784 839 Gregorius
806 767 1083 840 Nyssenus
1104 768 1388 837 disputans
1421 781 1609 823 eontra
1636 767 1981 826 Eunomium:

413 861 547 934 Ego,
586 860 784 931 inquit,
810 861 951 931 quod
977 876 1042 915 ex
1071 861 1353 930 Scriptura
1385 870 1572 915 sancta
1603 860 1790 925 didici,
1821 861 1987 915 ﬁden-

411 963 497 1005 ter
544 952 860 1029 pronuntio,
903 966 1026 1006 eum
1076 954 1169 1022 qui
1216 961 1297 1005 est
1332 954 1514 1019 supr-af
1544 966 1707 1006 omne
1762 966 2001 1018 nomen,

414 1043 534 1098 lieri
570 1042 727 1099 nobis
756 1044 1050 1097 multorum
1089 1044 1396 1106 nominum.
1428 1059 1552 1098 cum
1582 1059 1681 1112 pro
1726 1045 1988 1100 varietate

415 1133 800 1188 beneﬁciorum
838 1133 985 1187 varie
1014 1134 1348 1199 nominatur;
1378 1118 1558 1187 lumen
1589 1136 1734 1189 enim
1763 1134 1985 1199 dbitur,

412 1239 538 1278 cum
571 1225 860 1293 caliginem
907 1225 1226 1295 ignorantia
1253 1225 1502 1293 depellit;
1531 1226 1664 1290 vita,
1712 1242 1851 1280 cum;
1889 1226 1991 1278 im-

415 1315 804 1371 mortalitatem
842 1315 1108 1386 largitur:
1145 1316 1249 1382 via,
1278 1331 1399 1370 cum
1435 1317 1501 1373 ab
1530 1332 1720 1372 errore
1753 1316 1817 1370 ad
1848 1314 1988 1368 veri-

416 1413 580 1460 tatem
627 1406 889 1461 deducit:
941 1407 1021 1462 sic
1075 1409 1239 1463 turris
1293 1408 1649 1474 fortitudinis,
1703 1417 1763 1462 et
1796 1407 1989 1461 civitas

418 1493 650 1567 munita,
679 1505 734 1549 et
761 1495 902 1558 fons,
930 1504 985 1551 et
1032 1506 1180 1565 petra
1206 1536 1221 1557 ,
1254 1497 1483 1559 et‘vitis,
1529 1507 1585 1551 et
1624 1497 1891 1558 medicus,
1935 1506 1993 1549 ct

420 1587 750 1640 resurrectio
771 1625 788 1653 ,
817 1595 872 1641 et
904 1587 1159 1641 omnibus
1193 1587 1503 1653 huiusmodi
1533 1588 1848 1643 nominibus
1889 1602 1989 1656 ap-

417 1677 673 1746 pellatur.
703 1679 916 1736 Rursus
939 1680 1082 1734 idem
1113 1696 1127 1732 :
1158 1679 1300 1736 Deus
1325 1678 1541 1749 quidem
1581 1691 1662 1735 est
1685 1680 1985 1735 secundum

420 1778 482 1817 se.
515 1764 567 1818 id
609 1767 753 1829 quod
802 1766 1018 1821 demum
1055 1784 1176 1823 esse
1217 1770 1462 1824 creditur
1497 1785 1510 1822 :
1544 1771 1859 1825 nominatur
1894 1787 1991 1825 an-

420 1865 527 1909 tem
572 1858 642 1911 ab
685 1857 753 1912 iis
785 1858 877 1927 qui
916 1876 1037 1914 eum
1074 1861 1372 1929 appellant,
1407 1877 1514 1916 non
1566 1862 1797 1931 idipsum
1842 1864 1985 1931 quod

418 1955 503 2001 est
545 1947 674 2017 (non
705 1948 849 2004 enim
898 1949 1156 2018 explicari
1193 1958 1370 2021 potest
1412 1959 1603 2006 natura
1641 1951 1806 2020 ejus),
1850 1968 1983 2022 qtlln

420 2039 601 2109 potius
642 2054 707 2095 ex
764 2040 833 2096 iis
870 2057 992 2112 qua:
1045 2049 1112 2097 ad
1161 2045 1328 2097 vitam
1372 2053 1614 2099 nostram
1665 2044 1987 2115 pertinentia

418 2132 632 2200 operari
684 2134 945 2200 creditur,
999 2136 1379 2207 hmnonymias
1427 2136 1608 2201 habet,
1648 2135 1699 2191 id
1739 2146 1846 2198 est,
1895 2153 1992 2188 no-

420 2225 564 2279 mina
611 2240 733 2295 qua:
770 2227 1051 2296 ‘a-quivoea
1087 2235 1303 2282 vocant.
1337 2225 1403 2281 Et
1434 2224 1671 2281 Basilius
1707 2224 1938 2293 M'ignus
1967 2264 1983 2289 ,

414 2315 698 2382 Naturam,
728 2319 923 2388 inquit,
947 2318 1183 2374 divinam
1215 2327 1484 2390 quatenus
1511 2329 1614 2379 est.
1642 2318 1775 2373 nihil
1800 2333 1988 2373 eorum

416 2426 539 2480 quae
569 2412 969 2480 excogitantur,
999 2412 1262 2468 declarat.
1303 2411 1380 2467 E‘x
1432 2413 1515 2467 his
1563 2411 1729 2482 igitur
1773 2412 1945 2482 liquet
1971 2450 1988 2475 ,

421 2502 754 2565 tlerlJtobis
815 2504 979 2557 Deum
1035 2506 1329 2558 multorum
1374 2504 1679 2565 nominum,
1729 2502 1989 2572 quoniam

418 2594 606 2650 multis
640 2595 917 2650 beneﬁciis
946 2595 1065 2664 ejus
1090 2596 1155 2650 ad
1184 2595 1598 2651 custodiendam
1636 2593 1803 2647 vitam
1849 2594 1990 2646 imii-

418 2704 632 2762 gemus,
673 2702 878 2759 uosque
903 2704 1089 2744 sumus
1114 2688 1204 2758 qui
1232 2687 1644 2742 diﬁicultatibus
1674 2688 1990 2756 circumpli-

416 2795 650 2846 camnr,
695 2790 749 2835 et
787 2784 839 2835 in
888 2781 969 2836 eis
1025 2781 1187 2835 Deum
1230 2781 1557 2849 excogitatis
1584 2789 1638 2834 et
1671 2780 1983 2834 adinventis

415 2874 733 2929 nominibus
775 2874 1152 2944 imploramns.
1185 2877 1375 2938 Quare
1415 2873 1518 2927 hoc
1552 2876 1712 2939 etiam
1761 2872 1993 2929 eﬁicitnr

417 2961 762 3016 manilestum
789 3000 805 3025 ,
848 2964 989 3034 quod
1024 2963 1149 3017 licet
1178 2962 1318 3017 Dens
1348 2980 1410 3016 ex
1439 2962 1666 3018 inﬁnitis
1700 2964 1976 3031 operatio-

417 3055 582 3110 nibus
625 3056 810 3109 multis
863 3055 1177 3109 nominibus
1225 3053 1530 3121 adiciatur,
1585 3070 1749 3124 quam
1807 3064 1985 3109 tamen

418 3158 666 3202 naturam
710 3148 948 3212 habeat,
983 3147 1228 3203 funditus
1264 3147 1622 3217 intelligentia
1660 3156 1847 3202 nostra
1881 3164 1988 3202 non

1561 469 1885 534 I0.‘:NNlS
1921 470 1981 529 Cl

2093 470 2309 531 tiliSSI
2322 467 2487 529 ΟΤἛ
2930 513 2935 518 ε
3522 476 3592 532 .36

2020 588 2057 643 Α
2093 584 2404 650 miserendi,
2434 594 2482 645 et
2523 579 2912 635 misericordim
2942 591 3161 634 nomen.
3187 576 3246 631 Et
3277 577 3456 632 iterum
3483 582 3618 641 idom‘

2088 674 2141 727 in
2173 676 2437 738 secundo,
2474 671 2537 727 Ut
2571 671 2714 725 enim
2741 711 2757 733 ,
2811 669 3023 740 inquit,
3059 684 3167 723 non
3213 678 3353 722 esset
3402 672 3602 729 medicus

2087 763 2190 818 nisi
2224 774 2440 833 propter
2472 772 2725 833 mgrotos,
2768 762 2847 816 sic
2877 775 3072 815 rursus
3095 775 3269 830 neque
3296 762 3569 819 misericors
3590 806 3603 828 ,

2088 871 2263 925 neque
2293 858 2598 916 miscrator,
2632 869 2729 907 nec
2758 853 2878 908 aliis
2919 852 3191 920 ejusmodi
3225 834 3513 909 nominibus
3531 874 3606 925 ap-

2088 949 2401 1019 pellaretur,
2450 947 2555 1001 nisi
2604 956 2824 1016 propter
2872 960 2997 1000 eum
3052 945 3144 1014 qui
3200 944 3544 1019 misericordia
3566 960 3614 1003 οιῑ

2089 1041 2438 1095 miseratione
2471 1038 2673 1107 indiget
2707 1057 2721 1093 :
2758 1039 2837 1093 sic
2869 1039 3035 1092 etiam
3077 1052 3181 1092 nec
3205 1007 3523 1104 omnipotens
3544 1058 3609 1093 es.

2088 1139 2194 1195 set,
2254 1130 2354 1185 nisi
2390 1131 2571 1185 omnis
2599 1138 2848 1185 creatura
2890 1138 2946 1181 ut
2971 1127 3040 1181 ab
3069 1143 3135 1181 eo
3178 1139 3444 1181 teneretur
3470 1142 3516 1184 et
3539 1148 3612 1184 rn-

2088 1224 2403 1287 stodiretuu,
2441 1239 2578 1294 opus
2611 1223 2857 1276 haberet.
2884 1220 2950 1275 Et
2978 1222 3173 1275 iterum
3210 1214 3461 1288 in'primo
3484 1220 3610 1277 libro:

2090 1314 2229 1376 Alia,
2275 1314 2454 1384 inquit
2485 1353 2509 1377 ,ν
2550 1314 2781 1367 nomina
2809 1313 3117 1385 signiﬁcant
3148 1311 3281 1366 utile
3311 1310 3374 1364 ad
3406 1312 3610 1381 aliquid,

2062 1396 2151 1459 int
2195 1401 2451 1472 adjutor,’
2488 1410 2783 1470 protector,
2836 1402 3149 1462 auxiliator,
3199 1406 3255 1452 et
3298 1408 3481 1453 caetera
3521 1417 3613 1471 qua!

2089 1495 2329 1564 ejusdem
2380 1494 2798 1565 significationis
2830 1494 3219 1563 reperiuntur:
3256 1492 3309 1545 in
3362 1494 3541 1562 quibus
3581 1498 3613 1549 si

2089 1601 2213 1641 eum
2263 1586 2356 1656 qui
2405 1585 2610 1640 auxilio
2641 1584 2883 1654 indiget,
2915 1584 3221 1646 lollas,-vis
3268 1599 3387 1655 qua:
3432 1583 3481 1637 in
3527 1585 3617 1655 ipso

2092 1679 2310 1732 nomine
2340 1678 2602 1738 cernitur,
2636 1691 2806 1732 vacua
2858 1673 3041 1730 fuerit.
3097 1673 3257 1730 Unde
3302 1675 3613 1731 manifestum

2090 1770 2341 1849 etl‘witur,
2383 1769 2687 1838 posteriora
2740 1782 2862 1822 esse
2918 1768 3147 1821 nomina
3201 1768 3322 1836 ipsa
3367 1767 3621 1819 aeternitate

2096 1863 2295 1926 liei,-et
2328 1870 2451 1932 post
2482 1860 2755 1913 hominem
2793 1868 2847 1915 et
2888 1868 3125 1914 mentem
3161 1857 3403 1913 hominis
3444 1856 3620 1911 inventa

2091 1969 2233 2018 esse,
2290 1952 2643 2023 accidereque
2677 1952 2994 2021 aliquando,
3031 1960 3091 2005 ut
3121 1951 3193 2004 sit
3220 1948 3340 2018 ipsa
3368 1949 3623 2004 nominatio

2092 2060 2425 2118 supervacua
2458 2048 2500 2100 si
2537 2043 2674 2098 forte
2704 2058 2806 2113 ope
2840 2041 3174 2113 indigentem
3216 2040 3399 2095 tollas.
3430 2041 3623 2107 Denique

2092 2152 2189 2202 per
2213 2135 2393 2191 omnia
2425 2123 2855 2191 demonstratum
2886 2144 2989 2198 est,
3024 2132 3475 2204 quemadmodum
3503 2148 3622 2186 mens

2092 2228 2234 2281 sicut
2280 2226 2509 2280 aliarum
2555 2242 2737 2280 rerum
2797 2225 3021 2282 nomina
3070 2223 3372 2288 adinvenit,
3400 2224 3471 2278 sic
3495 2211 3628 2277 etiam.

2092 2318 2312 2372 nomina
2355 2316 2472 2383 Dei,
2505 2333 2782 2389 aggressa,
2816 2318 3072 2373 et-Veluti
3125 2317 3413 2371 materiam
3436 2304 3623 2380 .naeta',

2092 2411 2180 2464 ilia
2220 2410 2335 2480 ipsa
2382 2410 2575 2467 effecta
2623 2421 2679 2466 et
2731 2410 3109 2477 admirabilia,
3141 2426 3267 2480 qua:
3316 2409 3368 2463 in
3413 2409 3624 2463 universo

2091 2502 2522 2573 contemplatur,
2569 2504 2683 2559 haec
2729 2502 2877 2558 enim
2902 2486 3231 2570 insequens,
3264 2512 3320 2556 et
3346 2501 3410 2555 de
3437 2499 3534 2554 Deo
3558 2501 3626 2554 in-

2091 2598 2341 2673 quirens,
2370 2598 2595 2654 nomina
2633 2599 2911 2670 imposuit.
2944 2597 3238 2652 Declarant
3271 2597 3373 2650 hoc
3397 2597 3446 2650 in
3477 2597 3626 2665 primis

2091 2692 2184 2762 qui
2213 2692 2328 2746 haec
2359 2689 2597 2760 primum
2654 2690 3020 2748 invenerunt.
3062 2687 3174 2742 sire
3222 2687 3623 2758 antiquissimum

2091 2784 2378 2855 quemdam
2415 2782 2710 2845 Theutbin,
2755 2782 2871 2837 sive
2915 2781 3080 2835 alium
3133 2780 3447 2850 quempiam
3491 2781 3627 2835 fuisse

2090 2880 2295 2934 dicunt.
2321 2877 2561 2932 Gentiles
2591 2876 2855 2929 hactenus
2878 2873 3118 2937 fuerunt,
3151 2885 3205 2929 et
3238 2876 3295 2928 in
3326 2873 3631 2943 dogmatibus

2091 2969 2374 3040 gentilium
2410 2968 2503 3023 al:i
2532 2978 2585 3023 et
2618 2967 2858 3028 educati,
2885 2967 2977 3037 qui
3015 2975 3379 3037 praeterquam
3411 2967 3460 3019 in
3480 2966 3629 3020 divino

2090 3070 2144 3117 et
2174 3077 2340 3130 supra
2371 3070 2618 3115 naturam
2647 3056 2905 3131 mysterio
2929 3071 3129 3114 nostra:
3160 3059 3642 3123 humanitatisnlia.

2093 3153 2183 3208 Dei
2235 3155 2451 3208 nomina
2488 3154 2832 3216 invenerunt,
2868 3162 2922 3208 et
2949 3153 3316 3209 nominarunt
3340 3193 3356 3216 ,
3396 3152 3524 3207 sicut
3554 3166 3633 3204 nos

417 3240 747 3308 assequitur.
783 3239 922 3295 Cum
951 3241 1094 3293 enim
1125 3239 1317 3307 duplex
1356 3238 1424 3292 sit
1449 3238 1701 3309 qumstio,
1726 3239 1869 3308 quod
1902 3246 2054 3302 estC
2089 3246 2269 3301 hodie.
2330 3246 2433 3299 Sed
2486 3245 2611 3314 quia
2668 3260 2830 3300 omne
2883 3261 3079 3300 nomen
3131 3256 3188 3300 et
3238 3247 3392 3301 notio
3453 3253 3633 3314 propter

421 3330 585 3394 Deus,
617 3342 671 3386 et
705 3332 833 3401 quid
866 3341 984 3394 cst;
1016 3330 1146 3384 illud
1176 3332 1419 3399 quidem,
1462 3330 1512 3384 id
1554 3342 1658 3393 est,
1690 3346 1838 3395 esse,
1871 3345 1989 3384 om—

419 3426 550 3479 nino
581 3425 726 3479 inter
755 3438 944 3478 omnes
979 3423 1233 3479 convenit
1267 3439 1282 3477 :
1322 3421 1457 3491 quid
1495 3438 1621 3479 uero
1652 3424 1765 3485 sit,
1799 3431 1854 3475 et
1884 3435 1989 3491 qua

420 3527 630 3577 natura,
677 3529 789 3569 non:
838 3513 1013 3569 solum
1063 3514 1240 3580 nobis,
1294 3513 1387 3568 sed
1434 3512 1640 3581 angelis
1691 3511 1854 3566 etiam
1907 3519 1989 3566 est

426 3604 686 3676 ignotum.
1530 3594 1537 3597 ⁷

1016 3691 1244 3750 CAPUT
1299 3691 1390 3747 Vl.

681 3785 760 3842 An
794 3788 905 3841 sint
926 3801 992 3841 ea:
1024 3786 1321 3841 teter-nitate
1355 3785 1569 3840 nomina
1601 3784 1716 3841 Dei.

489 3880 726 3935 Basilius
751 3883 803 3933 in
827 3884 1069 3934 secunlo
1097 3879 1236 3933 libro
1257 3879 1453 3933 Contra
1475 3878 1792 3933 Eunomium
1821 3896 1851 3935 ε’
1869 3879 1988 3937 Non

418 3974 563 4027 enim
590 4013 605 4035 ,
633 3972 810 4041 inquit
833 4010 849 4036 ,
888 3980 1079 4026 mtura
1116 3986 1293 4024 rerum
1336 3971 1557 4025 nomina
1581 3973 1848 4039 sequitur,
1881 3975 1997 4031 imo

419 4072 543 4136 post
571 4079 657 4119 res
691 4065 837 4134 ipsas
876 4064 1089 4118 iuventa
1122 4072 1248 4117 sunt
1276 4063 1492 4118 nomina
1523 4080 1537 4117 :
1564 4065 1764 4120 etenim
1797 4066 1841 4121 si
1877 4067 1980 4122 hoc

417 4166 566 4212 esset
589 4171 914 4216 verum,non
944 4170 1067 4228 esse
1084 4155 1301 4210 nomina
1327 4157 1486 4212 rebus
1513 4159 1828 4227 posteriora,
1853 4173 1990 4229 opus

418 4256 564 4301 esset
600 4256 654 4300 ut
687 4261 918 4316 quorum
957 4258 1084 4299 sunt
1109 4247 1309 4301 eaedem
1344 4248 1768 4325 nominationes,
1801 4267 1907 4305 una
1935 4261 1991 4307 et

418 4337 606 4392 eadem
637 4338 936 4393 substantia
965 4347 1107 4393 esset
1134 4353 1149 4391 :
1180 4351 1246 4393 ex
1282 4353 1390 4409 quo
1424 4340 1608 4409 ﬁeret,
1639 4351 1697 4396 ut
1725 4344 1851 4412 quia
1884 4344 1977 4412 qui

420 4445 547 4486 sunt
576 4433 778 4485 virtute
815 4429 1054 4501 perfeCti,
1099 4432 1246 4501 digni
1288 4434 1511 4490 nomine
1546 4436 1638 4490 Dei
1691 4437 1984 4505 habentur,

418 4535 472 4577 et
497 4523 568 4577 dii
595 4524 953 4592 appellantur,
979 4535 1162 4578 essent
1195 4526 1444 4581 homines
1474 4527 1774 4592 homonoii,
1803 4529 1855 4582 id
1883 4539 1983 4595 est,

2094 3354 2253 3392 usum
2289 3337 2507 3423 quidem
2548 3353 2573 3388 a
2611 3338 2879 3409 principio
2914 3338 3222 3393 introducta
3268 3347 3433 3405 sunt,
3474 3337 3531 3390 ad
3558 3336 3635 3389 ali-

2077 3429 2223 3499 'quid
2250 3445 2377 3485 vero
2410 3431 2744 3497 referuntur,
2783 3431 2928 3486 unde
2959 3440 3175 3497 sumpta
3209 3430 3323 3484 sint
3356 3430 3529 3484 divina
3556 3445 3633 3482 no-

2092 3522 2260 3584 mina,
2301 3532 2353 3575 et
2386 3520 2517 3591 quid
2549 3522 2667 3592 ipsa
2699 3537 2794 3591 per
2834 3538 2892 3577 se
2923 3521 3257 3592 signiﬁcent,
3302 3521 3503 3579 dictum
3534 3530 3632 3583 est;

2092 3614 2158 3670 ad
2193 3614 2321 3685 quid
2351 3624 2529 3670 autem
2563 3616 2639 3670 rei
2676 3614 2935 3689 subjectus
2967 3614 3298 3681 referantur,
3321 3624 3375 3670 et
3402 3615 3521 3685 quid
3544 3614 3635 3667 istis

2092 3707 2407 3764 nominibus
2436 3708 2519 3764 sic
2555 3707 2925 3782 signiﬁcetur,
2954 3724 3020 3764 ex
3067 3707 3152 3764 his
3182 3724 3308 3779 quae
3344 3717 3632 3778 sequuntur,

2091 3797 2317 3869 patebit.
2450 3802 2455 3803 “
3018 3849 3031 3861 .

2687 3890 2917 3949 CAPUT
2956 3891 3068 3948 νη.

2097 4004 2263 4072 Quod
2280 4006 2413 4060 sicut
2451 4006 2631 4060 divina
2665 4016 2883 4067 nomina
2930 4022 2997 4060 ea:
3038 4005 3235 4074 effectis
3265 4002 3637 4075 sumpta-dile-

2165 4076 2386 4130 reutiam
2435 4078 2799 4143 operatiOnum
2832 4072 3226 4141 reprwseiitant,
3269 4077 3347 4129 sic
3390 4072 3463 4128 ἀιι
3507 4072 3634 4127 Deum

2164 4145 2335 4200 relata
2364 4146 2602 4201 diversas
2662 4163 2742 4201 res
2786 4160 3163 4216 repra'sentare
3196 4163 3300 4200 non
3328 4157 3551 4215 possunt.

2166 4260 2398 4316 Basilius
2423 4260 2668 4331 Magnus,
2694 4262 2748 4315 in
2776 4261 3000 4331 epistola
3030 4261 3095 4315 ad
3124 4262 3467 4315 Eustathium
3495 4257 3633 4314 :Out-

2093 4364 2212 4412 nes,
2246 4349 2442 4417 inquit,
2470 4350 2717 4404 notiones
2775 4359 2835 4404 ct
2861 4352 3080 4405 nomina
3106 4366 3229 4419 qum
3259 4349 3428 4404 Deum
3453 4352 3630 4407 decent,

2093 4443 2320 4512 :rqualis
2363 4442 2502 4496 inter
2540 4458 2598 4497 se
2636 4442 2859 4497 honoris
2896 4452 3057 4504 sunt,
3092 4454 3375 4511 quatenus
3394 4442 3633 4510 signiﬁca-

2096 4533 2241 4587 tione
2291 4533 2368 4587 rei
2423 4532 2683 4602 subjecta:
2732 4533 2864 4587 nihil
2918 4532 3213 4600 dimsrunt;
3262 4550 3366 4587 non
3411 4533 3542 4587 enim
3581 4530 3633 4582 ad

416 4615 660 4680 ejusdem
691 4610 1008 4671 substantiae
1034 4633 1139 4686 qua
1172 4617 1348 4682 Deus;
1382 4633 1568 4681 verum
1616 4620 1757 4675 sicut
1804 4622 1988 4676 dicere
2020 4592 2063 4646 θ
2092 4623 2252 4678 aliam
2274 4619 2404 4677 ‘rem
2438 4623 2740 4692 subiectam
2770 4634 3001 4684 mentem
3026 4624 3177 4679 ducit
3204 4625 3490 4694 appellatio
3514 4624 3632 4686 boui,

418 4707 522 4760 hoc
569 4706 853 4761 manifesta
901 4706 1110 4763 insania
1142 4717 1244 4772 est,
1294 4709 1375 4764 sic
1424 4710 1556 4764 illud
1605 4709 1787 4765 dicere
1832 4728 1988 4783 aeque

416 4798 689 4875 dementia
714 4810 819 4857 est.
852 4798 963 4855 lmo
994 4811 1045 4853 et
1066 4801 1365 4869 Gregorius
1392 4802 1671 4871 Nyssenus
1694 4804 1837 4861 libro
1867 4823 1984 4873 λιιι,

415 4893 696 4961 disputans
746 4899 935 4947 contra
992 4892 1364 4948 Eunomium:
1408 4894 1729 4963 Μίδαι-αῖσιν,
1769 4899 1986 4966 inquit,

416 4997 465 5039 et
498 4985 791 5039 misericors
823 4984 1098 5052 Dominus,
1137 4989 1366 5056 patiens,
1402 4997 1450 5041 et
1478 4982 1657 5043 multa:
1685 4991 1987 5044 misericor-

417 5075 522 5130 dia:
560 5076 625 5140 ³⁸,
662 5077 790 5145 quid
825 5079 938 5132 hac
969 5077 1120 5132 aittut
1152 5078 1499 5148 signiﬁcare?
1528 5088 1869 5145 naturamne,
1922 5096 1993 5136 an

415 5169 785 5236 operationem
809 5170 834 5222 ?
866 5184 1028 5223 nemo
1066 5184 1195 5224 (ane
1235 5169 1379 5224 aliud
1425 5171 1701 5228 declarare
1754 5173 1991 5235 dixerit,

417 5270 778 5329 prmtcrqnam
805 5261 1201 5332 operationem.
1234 5261 1465 5327 Quando
1503 5263 1670 5332 igitur
1700 5263 1992 5319 miseratus

416 5367 499 5408 εει
523 5353 807 5415 Dominus,
843 5366 899 5406 ut
937 5369 1001 5407 cx
1036 5356 1356 5422 operatione
1384 5356 1755 5411 miserationis
1788 5371 1992 5411 nomen

415 5443 677 5498 duceret?
717 5438 963 5512 nuﬂquil
1017 5454 1145 5499 ante
1198 5444 1363 5499 vitam
1419 5444 1757 5499 humanam?
1799 5447 1994 5514 ecquis

410 5536 546 5588 'tunc
575 5535 943 5592 misericordia
973 5536 1370 5605 indigebatiAt
1404 5553 1533 5592 vero
1558 5546 1676 5605 post
1706 5548 1987 5607 pectatum

422 5643 645 5695 prorsus
698 5627 1071 5681 misericordia
1123 5644 1259 5697 opus
1309 5630 1432 5689 fuit,
1483 5638 1768 5698 peceatum
1805 5639 1986 5682 autem

421 5723 541 5785 post
576 5717 850 5772 hominem
885 5719 1133 5783 exstitit;
1176 5729 1294 5786 post
1338 5721 1607 5777 hominem
1654 5694 1819 5788 igitur.
1847 5718 1997 5774 actio

497 5898 545 5932 ³⁸
571 5899 711 5958 ιῖδαι.
738 5917 925 5971 citur,
945 5902 1006 5957 8.

2093 4726 2145 4770 et
2190 4715 2270 4783 [ad
2325 4715 2487 4769 aliam
2524 4716 2814 4784 appellatio
2862 4716 3144 4783 sapientis,
3188 4727 3241 4769 et
3291 4718 3553 4785 potentis,
3594 4723 3633 4764 et

2086 4805 2216 4874 justi
2276 4805 2458 4874 :quin
2504 4806 2684 4873 potius
2748 4820 3089 4874 qutecunque
3148 4794 3388 4859 nomiua’
3424 4802 3629 4863 dixeris,

2092 4908 2259 4948 unum
2291 4904 2373 4949 est
2398 4894 2543 4962 quod
2572 4895 2932 4963 signiﬁcatur,
2956 4905 3011 4947 et
3042 4895 3086 4948 si
3117 4894 3283 4948 Deum
3318 4896 3484 4959 dicae,
3507 4908 3631 4947 eum-

2090 4986 2212 5039 dem
2246 4984 2568 5049 ostcndisti,
2618 4999 2779 5054 quem
2830 4999 2926 5052 per
2976 4985 3181 5054 reliqua
3222 4989 3437 5039 nomina
3485 4992 3630 5035 mente

2092 5076 2407 5145 concepisti.
2435 5074 2511 5129 Ex
2562 5074 2655 5129 his
2688 5075 2854 5142 igitur
2884 5074 3232 5129 manifestum
3290 5075 3364 5138 ﬁt,
3393 5073 3529 5142 quod
3560 5086 3631 5122 ea-

2090 5167 2212 5219 dem
2247 5167 2424 5219 divina
2460 5166 2702 5226 nomina,
2734 5174 2785 5219 et
2816 5165 3017 5218 emdem
3070 5166 3321 5220 notiones
3368 5175 3552 5219 nostra:
3577 5162 3628 5213 de

2093 5258 2200 5312 Deo
2231 5258 2506 5329 dicuntur,
2541 5258 2855 5326 nullamque
2881 5256 3180 5310 «limat-entia
3203 5276 3251 5310 ιη
3303 5261 3371 5312 rei
3402 5258 3628 5324 subjecta:

2094 5352 2159 5403 ad
2198 5350 2374 5404 Deum
2403 5349 2574 5404 relata
2612 5356 3026 5418 repraesentant,
3059 5358 3111 5402 ct
3140 5351 3285 5417 quod
3312 5349 3512 5401 nomina
3551 5344 3623 5397 Dri

2097 5442 2359 5511 triplicem
2396 5441 2596 5495 habent
2626 5455 2871 5504 causam,
2903 5440 3225 5493 cﬁicientent
3261 5439 3465 5510 quidem
3499 5452 3623 5490 men-

2098 5544 2202 5587 tem
2237 5533 2406 5602 ipsam
2442 5534 2768 5596 humauam;
2804 5516 3085 5586 materiam
3115 5573 3131 5598 ,
3181 5532 3271 5587 illa
3318 5531 3446 5586 unde
3492 5527 3621 5582 coll‘-

2095 5634 2315 5690 guntur,
2348 5622 2400 5677 id
2433 5633 2536 5692 est,
2567 5622 2798 5692 educta;
2827 5624 3007 5690 linem,
3055 5622 3247 5687 Deum,
3281 5624 3341 5678 ad
3378 5638 3522 5695 quem
3550 5632 3620 5671 rc-

2095 5716 2360 5770 Carnulus.
