3784 6552
149 570 241 636 791
840 543 1078 635 nscas
1121 575 1219 636 1v.
1255 601 1323 611 ——
1363 576 1915 646 sermonum.
1965 584 2214 660 DIVINI
2245 586 2605 650 NOMlNIS.
3234 588 3358 653 me

669 680 895 741 CAPUT
931 686 1064 742 Vill.
1697 697 1739 750 Α
1773 703 2022 750 naturam
2056 699 2318 756 indicant.
2359 703 2424 757 Et
2455 704 2821 757 Damaseetttts
2849 698 3161 781 Theologns
3191 720 3204 756 :
3252 703 3346 756 Div

141 789 193 854 Si
219 813 308 850 non
351 806 554 864 possunt
598 798 778 852 divina
824 803 1034 853 nomina
1067 801 1296 855 diuersas
1345 819 1424 856 res
1471 805 1523 857 in
1556 801 1660 857 Deo
1764 789 1984 855 Villius,
2016 791 2210 862 inquit.
2246 805 2497 849 naturam
2525 795 2790 855 declarat.
2820 794 2978 849 Pater
3009 804 3189 848 autem
3221 810 3344 863 pere

196 880 559 955 Ceprmseu‘tare,
586 869 900 955 relinquitur
922 873 1157 955 utsolani
1173 873 1528 927 substantiam
1549 874 1662 943 ejus

1850 898 1975 938 tam.
2006 882 2080 938 Ev
2116 886 2315 954 quibus
2343 886 2550 955 pateﬁt,
2581 887 2722 954 quod
2755 901 2879 939 cum
2913 885 3142 953 theologi
3169 884 3344 953 respi—

194 937 454 1000 dmum,"
485 953 585 992 non
612 941 737 1007 qum
771 950 870 1003 es"
893 942 981 996 ³θά
1013 945 1151 1011 quad
1177 955 1275 997 es"
1764 974 1916 1028 ciunt
1956 975 2097 1029 unde
2123 937 2368 1030 inominar
2383 977 2478 1030 Dei
2513 937 2670 1031 nobis
2693 978 2922 1032 collecta
2960 987 3127 1040 sunt,
3165 976 3232 1030 ab
3274 975 3344 1031 iis

191 1051 392 1120 Magnus
420 1050 750 1109 Athanasius
783 1055 984 1110 docens
1014 1057 1090 1127 (a)
1134 1067 1279 1113 recte
1307 1059 1510 1115 dictum
1543 1076 1668 1117 esse
1765 1065 1992 1130 scilicet,
2036 1081 2155 1136 qua:
2210 1068 2263 1121 in
2319 1069 2576 1123 universo
2609 1070 2744 1122 mira
2778 1069 3157 1137 speculamur,
3189 1076 3242 1122 et
3276 1066 3346 1120 ab

137 1158 158 1197 a
199 1143 424 1198 Patr-ibus
489 1145 702 1228 concilii
753 1145 955 1200 Νίσαιηί
987 1149 1306 1204 vocabulum
1354 1152 1612 1206 liomausii
1642 1169 1662 1207 :
1765 1156 1969 1212 eﬂ‘ectis
1999 1157 2167 1225 ipsis,
2205 1161 2575 1227 operationem
2610 1169 2663 1213 et
2687 1159 3026 1214 eﬂ'ectionem
3057 1158 3152 1212 Dei
3187 1159 3343 1211 aiunt

133 1237 245 1291 Cum
279 1235 464 1300 inquit,
497 1236 789 1294 audimus:
827 1237 938 1310 Ego
963 1259 1116 1307 sum,
1153 1245 1244 1312 qui
1268 1251 1425 1309 sum,
1460 1253 1514 1300 et
1547 1262 1562 1299 :
1601 1243 1663 1298 In
1767 1257 2186 1316 reprasentare,
2218 1257 2272 1302 et
2311 1263 2416 1301 non
2453 1249 2583 1317 quid
2619 1256 2723 1312 est,
2764 1259 2819 1302 et
2865 1249 3039 1317 ipsam
3086 1249 3346 1301 substan-

131 1327 353 1396 principia
395 1329 582 1382 creavit
619 1329 757 1384 Deus
789 1332 973 1385 calum
1001 1344 1051 1386 et
1087 1342 1304 1399 terram,
1339 1346 1390 1391 et
1440 1354 1454 1389 :
1497 1340 1662 1404 Audi,
1768 1338 1934 1405 tiam;
1981 1349 2103 1409 post
2139 1341 2412 1394 hominem
2445 1341 2591 1394 enim
2637 1341 2859 1394 inventa”
2901 1349 3028 1394 sunt
3075 1340 3342 1400 nomina;

132 1418 294 1484 Israel,
323 1418 572 1474 Dominus
593 1421 731 1476 Deus
760 1433 880 1476 tuus
913 1423 1050 1479 Dens
1075 1443 1214 1481 unus
1259 1438 1361 1490 est,
1395 1440 1449 1482 et
1485 1447 1497 1483 :
1537 1429 1666 1484 [huc
1770 1429 1878 1485 imo
1918 1447 2068 1486 mens
2114 1433 2351 1486 humana
2401 1433 2466 1486 ad
2510 1447 2668 1487 usum
2721 1447 2878 1486 suum
2920 1432 3047 1484 Ilaec
3097 1431 3345 1494 invenit;

129 1514 236 1569 dicit
256 1511 494 1567 Dominus
519 1515 931 1582 omnipotens“,
958 1517 1093 1570 nihil
1121 1518 1264 1572 aliud
1291 1535 1450 1586 quam
1491 1520 1664 1590 ipsam
1770 1540 1894 1578 cum
1930 1535 2108 1580 autem
2145 1541 2341 1580 rursus
2374 1524 2564 1578 volunt
2593 1537 2700 1594 per
2732 1525 2845 1577 haec
2885 1524 3107 1576 nomina
3151 1521 3350 1576 efferre

130 1603 389 1672 simplicem
445 1615 497 1659 et
551 1605 791 1666 beatam.
841 1619 894 1662 et
946 1623 1064 1678 quia
1117 1610 1505 1677 comprehendi
1555 1628 1664 1665 non
1771 1629 1885 1666 rem
1918 1615 2378 1690 signiﬁcatani.et_
2405 1614 2468 1668 ad
2493 1613 2698 1683 aliquid
2733 1610 3381 1678 referimur,Deuuiper'

132 1701 298 1762 potest,
331 1695 691 1749 substantiam
727 1697 845 1766 ejus
869 1698 959 1766 qui
994 1711 1076 1752 est
1099 1698 1472 1770 intelligimus.
1507 1701 1670 1757 Tam-
1773 1699 1887 1752 ha'c
1915 1700 2133 1753 nomina
2163 1699 2510 1763 invocantes,
2543 1715 2652 1754 non
2678 1700 2940 1755 dividitur
2968 1715 3057 1755 res
3082 1699 3349 1774 subjecta,

129 1786 210 1840 etsi
239 1785 394 1853 enim,
423 1788 553 1857 quid
591 1798 693 1852 est,
726 1791 1185 1858 comprehendere
1213 1808 1317 1846 non
1355 1809 1666 1863 possumus,
1773 1799 1831 1844 ut
1871 1791 2184 1846 dividuntur
2215 1793 2463 1847 notiones
2496 1794 2716 1863 (expers
2762 1793 2906 1847 enim
2956 1793 3150 1862 partis,
3183 1799 3235 1845 et
3267 1791 3351 1846 in-

131 1887 279 1932 tamen
315 1894 432 1932 eum
471 1880 746 1946 audimus,
793 1881 967 1950 Pater,
997 1894 1069 1947 et,
1101 1883 1480 1956 Omnipotens,
1538 1890 1670 1945 nihil
1773 1880 1988 1935 dividua
2007 1894 2088 1936 est
2114 1884 2417 1938 substantia
2451 1885 2565 1952 Dei)
2593 1901 2608 1950 ;
2645 1884 2848 1938 idcirco
2867 1883 3134 1938 alilrmant
3167 1889 3226 1938 se
3253 1900 3355 1937 nu-

129 1969 248 2025 aliud
278 1981 630 2040 praaterquam
677 1973 845 2040 ipsam
880 1974 1237 2028 substantiam
1273 1976 1392 2046 ejus
1428 1979 1521 2044 qni
1563 1988 1666 2040 est,
1707 2037 1739 2046 _
1776 1972 2015 2027 minibus
2044 1973 2164 2028 istis
2210 1975 2350 2030 hanc
2381 1975 2556 2046 ipsam
2593 1975 2955 2029 substantiam
2996 1975 3088 2028 Dei
3135 1973 3352 2042 signiti-

129 2037 462 2128 intelligimus.
483 2037 564 2115 iEt
594 2037 785 2118 rursus
826 2064 965 2119 idem
987 2071 994 2074 “
1015 2065 1066 2117 in
1096 2037 1560 2138 Apologetico'pro
1587 2037 1673 2140 sy;
1706 2037 1745 2091 Β
1775 2083 1918 2131 care,
1954 2085 2059 2123 non
2105 2069 2233 2140 quid
2283 2037 2511 2130 esu-sed
2547 2069 2691 2140 quod
2721 2079 2804 2125 est
2835 2070 3010 2124 solum
3050 2037 3352 2138 repraesen-

129 2153 239 2207 uodo
265 2151 471 2208 Nicaeae
512 2169 532 2208 :
570 2155 626 2209 Si
665 2153 808 2209 Deus
845 2164 950 2221 est,
984 2156 1178 2226 inquit,
1215 2159 1359 2214 aliud
1399 2161 1626 2230 simplex
1655 2199 1670 2224 ,
1775 2169 1987 2224 tantes,
2017 2160 2160 2215 sicut
2189 2161 2240 2215 in
2277 2161 2397 2217 aliis
2434 2161 2750 2218 nominibus
2782 2162 3003 2217 evenire
3035 2161 3350 2215 consuevit.

128 2255 173 2296 ut
199 2243 397 2311 quidem
430 2253 536 2307 est,
568 2259 690 2303 cum
730 2243 970 2302 dicimus
999 2247 1193 2313 Deum,
1231 2259 1285 2304 et
1325 2251 1672 2306 nominamus
1772 2252 1907 2307 Cum
1944 2253 2088 2306 enim
2121 2252 2260 2308 forte
2287 2253 2603 2324 qureriotus,
2634 2255 2776 2308 unde
2817 2271 3014 2316 nomen
3053 2252 3345 2323 ἀνθρώπου

130 2335 335 2398 Patrem,
370 2336 500 2390 nihil
547 2348 807 2407 tanquam
841 2339 985 2392 circa
1016 2356 1164 2403 cum,
1198 2343 1290 2395 sed
1335 2343 1505 2412 ipsam
1536 2345 1669 2398 sub-
1774 2346 2076 2400 derivatum
2115 2346 2204 2410 sit,
2239 2355 2293 2401 et
2323 2348 2452 2416 quid
2489 2363 2586 2415 per
2613 2364 2670 2403 se
2699 2347 2990 2416 signiticet,
3017 2347 3354 2400 aﬂirmamus

130 2430 350 2484 stantiam
381 2428 498 2498 ejus
544 2430 920 2502 intelligimus.
977 2434 1039 2488 Et
1092 2433 1384 2504 Gregorius
1439 2436 1674 2492 Theolo-
1774 2451 2160 2509 reprzesentare
2187 2441 2291 2493 vim
2317 2439 2406 2494 τοῦ
2432 2438 2545 2493 ἄνω
2575 2439 2786 2509 ἀθρεῖν,
2829 2440 2878 2493 id
2909 2449 3012 2504 est,
3039 2437 3352 2494 facultatem

131 2522 328 2592 guslb):
365 2522 423 2574 '0
455 2520 558 2588 ὢν,
585 2524 635 2576 id
655 2534 758 2584 est.
799 2525 891 2593 qui
917 2534 1022 2588 est,
1050 2537 1104 2580 et
1145 2526 1309 2592 Dens,
1337 2529 1508 2598 magis
1538 2547 1625 2598 qut

1864 2530 2096 2585 sublime
2127 2531 2452 2600 aspiciendi,
2486 2531 2600 2586 sive
2629 2531 2884 2600 ἀναθρεῖν
2930 2529 2966 2584 ἃ
3007 2530 3254 2592 ὄπωπεν,
3302 2527 3353 2581 id

130 2617 385 2674 dammodo
413 2625 546 2673 sunt
573 2619 790 2672 nomina
817 2619 1131 2673 substantiae
1163 2636 1177 2672 :
1209 2631 1261 2674 et
1288 2637 1352 2675 ex
1386 2623 1470 2676 his
1502 2623 1672 2690 magis
1772 2627 1876 2684 est,
1910 2619 2220 2674 facultatem
2255 2619 2589 2689 recogitandi
2617 2634 2740 2689 qua:
2765 2617 2997 2687 aspexit,
3034 2620 3254 2671 nomine
3283 2631 3351 2670 ex

131 2709 252 2764 ὸῶν.
288 2710 345 2765 Et
373 2725 572 2764 rursus
604 2710 790 2765 idem:
829 2709 1016 2764 Nonne
1059 2711 1314 2781 Spiritus,
1368 2724 1417 2766 et
1444 2713 1606 2784 Ignis,
1638 2731 1670 2769 ο
1772 2710 2005 2780 quadam
2045 2711 2371 2781 etymologia
2413 2719 2464 2765 et
2503 2709 2718 2766 actione
2772 2709 2919 2764 circa
2965 2725 3078 2762 rem
3129 2707 3198 2762 ab
3255 2708 3360 2760 hu-

131 2802 293 2865 amice,
321 2812 370 2856 et
397 2801 778 2871 Sapientia,et
810 2801 1050 2867 Justitia,
1078 2814 1131 2859 et
1157 2804 1392 2864 Mens.ct
1409 2804 1668 2873 Verbum,
1771 2815 1933 2856 mana
1981 2810 2160 2856 mente
2209 2803 2539 2873 excogitato.
2570 2803 2706 2858 Cum
2739 2813 2920 2857 autem
2955 2801 3034 2858 sic
3083 2817 3195 2856 rem
3249 2803 3356 2856 ali-

129 2902 172 2947 et
192 2893 294 2948 alia:
320 2892 592 2963 ejusmodi
631 2896 1030 2952 nominationes
1068 2906 1274 2951 naturze
1299 2898 1671 2953 sunt?Etite-
1771 2908 1932 2962 quam
1985 2894 2321 2948 nominatam
2386 2895 2799 2965 signiﬁcaverit,
2852 2894 2917 2948 ad
2971 2894 3346 2949 deﬁnitionem

129 3004 228 3042 rum
260 2989 390 3043 idem
440 2998 640 3043 contra
696 2968 983 3058 Evagriuin
1017 3006 1032 3044 :
1064 2990 1167 3044 Sed
1222 2991 1544 3055 nominatio,
1590 2992 1672 3046 in-
1771 2986 1914 3054 ejus,
1947 2996 2002 3041 et
2033 2987 2164 3056 quid
2203 2998 2310 3053 est,
2343 2989 2688 3043 revertimur.
2718 2989 2878 3042 Aliud
2910 2987 3076 3058 igitur
3112 2996 3196 3043 est
3227 2988 3361 3058 quid

129 3081 241 3152 quit,
274 3081 411 3136 utilis
445 3090 560 3145 est,
597 3096 716 3152 qua:
759 3097 858 3136 nos
897 3091 1118 3151 propter
1169 3083 1546 3136 necessitatem
1600 3081 1666 3135 ad
1772 3079 1873 3132 huc
1904 3095 2098 3133 notnen
2137 3079 2410 3144 declaret,
2446 3090 2499 3135 et
2528 3081 2675 3135 aliud
2710 3096 2904 3137 rursus
2935 3082 3000 3135 ad
3029 3080 3160 3148 quid
3194 3080 3363 3149 pertin

129 3177 368 3229 notionem
416 3189 614 3228 eorum
651 3189 772 3242 quae
816 3173 919 3227 sub
964 3173 1374 3243 intelligentiam
1423 3175 1624 3227 cadunt
1650 3213 1666 3237 ,
1771 3181 1894 3225 neat
1926 3186 2014 3225 res
2043 3185 2072 3225 a
2107 3171 2263 3226 nobis
2297 3173 2378 3227 sic
2408 3172 2683 3226 nominata
2719 3189 2731 3224 :
2773 3190 2837 3228 ac
2871 3174 3093 3228 nomina
3121 3172 3340 3242 quidem

128 3267 270 3322 ducit.
315 3266 552 3334 Quidam
601 3281 732 3320 vero
781 3265 909 3320 dum
959 3282 1145 3321 crasse
1180 3265 1474 3335 opinantur
1505 3266 1668 3320 simul
1772 3277 1838 3316 ex
1875 3273 2149 3318 convento
2195 3262 2272 3334 (2)
2323 3259 2541 3318 inventa
2589 3273 2716 3318 sunt
2751 3264 3138 3319 aﬂ'ettiunibus
3167 3264 3364 3318 anima:

128 3378 229 3418 cum
259 3361 574 3416 nominibus
611 3360 970 3415 substantiam
1013 3359 1222 3424 dividi,
1265 3361 1558 3430 opinantur
1603 3361 1688 3415 in-
1713 3375 1756 3433 ο
1787 3355 2054 3416 ducibus:
2093 3372 2178 3410 res
2216 3371 2343 3410 vero
2393 3356 2526 3412 foris
2559 3366 2832 3428 quatenus
2865 3370 3208 3434 unaqtmftwe
3260 3365 3346 3409 est

127 3454 406 3525 telligentiis
441 3457 591 3521 suis,
619 3469 758 3524 quas
789 3452 1123 3522 concipiunt,
1159 3467 1281 3523 quae
1312 3463 1438 3507 sunt
1466 3455 1680 3519 penitus
1784 3449 2135 3506 exstiterunt.
2184 3449 2576 3506 Consentance
2626 3451 2794 3519 igitur
2845 3452 2897 3504 in
2949 3450 3098 3503 omni
3146 3448 3366 3502 nomine

125 3545 313 3615 indigna
339 3547 572 3598 divinis.
608 3545 1046 3599 Consentaneum
1095 3559 1224 3598 vero
1274 3543 1432 3598 nobis
1465 3554 1547 3597 est
1571 3583 1584 3606 ,
1623 3553 1681 3598 ut
1783 3543 2108 3613 quau-imus,
2145 3543 2269 3612 quis
2301 3543 2509 3610 primus
2542 3543 2784 3610 invenit,
2820 3552 2874 3598 et
2903 3543 3045 3597 unde
3085 3559 3237 3596 mens
3267 3539 3367 3595 ho-

126 3639 202 3706 qui
247 3638 482 3693 veritatis
543 3637 773 3693 studiosi
823 3652 1033 3698 sumus,
1084 3641 1324 3690 sciamus
1353 3636 1594 3692 divinam
1625 3645 1676 3691 ct
1788 3635 1952 3692 minis
1982 3636 2112 3690 illud
2140 3637 2350 3705 accepit
2391 3653 2404 3691 :
2439 3645 2492 3690 et
2523 3637 2588 3691 ad
2626 3652 2792 3706 quam
2845 3653 2956 3692 reat
3005 3649 3196 3690 earum
3244 3648 3366 3704 qua:

128 3730 394 3799 simplicem
445 3729 548 3783 Dei
601 3729 965 3783 substantiam
1003 3742 1123 3782 esse
1167 3728 1549 3795 impartibilcm
1576 3770 1589 3792 ,
1623 3742 1678 3782 et
1783 3737 1936 3783 extra
1971 3740 2118 3793 sunt,
2145 3744 2242 3799 per
2272 3727 2492 3783 nomina
2520 3729 2863 3785 adducimur.

126 3821 263 3874 unius
292 3820 496 3922 fin-ina:
520 3820 668 3922 ‘ltem
700 3819 1307 3922 Gregorius-Nyssenus
1331 3818 1453 3878 :Si.
1482 3819 1679 3888 inquit,
2381 3823 2613 3922 CAPUT.
2639 3864 2701 3920 lx

127 3930 296 3967 nomen
328 3912 368 3967 D
391 3915 418 3969 -i
451 3911 537 3985 (I)
571 3926 859 3982 personam
913 3911 1175 3976 declarat,
1205 3928 1327 3966 cum
1362 3921 1469 3967 tres
1499 3928 1684 3982 perso-
1798 3981 1830 3991 ﬂ
1932 3982 1944 3991 .
2106 3957 2150 3991 _.
2251 3981 2282 3991 η
2321 3981 2332 3991 _
2387 3911 2495 3921 ""'
2523 3911 2598 3991 ξ’
2765 3981 2776 3991 .
3020 3979 3054 3991 _
3096 3981 3108 3991 .

127 4023 209 4062 nas
245 4008 494 4071 dicimus,
539 4019 650 4062 tres
684 4006 818 4062 deos
853 4006 1170 4061 necessario
1201 4006 1436 4062 dicimus
1477 4023 1492 4060 :
1537 4016 1594 4061 at
1639 4008 1682 4062 si
1790 3981 1947 4071 θηρσὶ
1973 3981 2418 4071 ’ΨπῖδῙΨ-,ίφξηξξ
2470 3979 3370 4071 1?",i?‘f{f";ﬂcj__f£"“€f

1858 4052 2217 4107 substantiam
2255 4053 2442 4114 relata,
2477 4053 2688 4119 proprie
2727 4054 2897 4119 ipsam
2927 4052 3254 4121 signiﬁcant.
3313 4057 3368 4102 et

127 4115 297 4153 nomen
330 4101 422 4154 Dei
454 4099 830 4153 substantiam
864 4097 1140 4167 signiﬁcat
1165 4136 1179 4162 ,
1205 4113 1328 4152 cum
1359 4098 1685 4153 conﬁtemur
1858 4097 3369 4189 ζῶςίῆξ’ξελξδξδῇξξῆἐτ’ἐτ”ἧῇοξᾮίᾶ⁷’,ῗῇἰᾉξξᾶπλδᾶηῇέ

127 4207 265 4246 unam
301 4192 666 4249 substantiam
700 4201 902 4246 sancta:
931 4189 1240 4255 Trinitatis,
1291 4205 1460 4244 unum
1509 4189 1678 4245 Deum
1857 4192 2042 4263 Irarum
2075 4193 2342 4263 nominum
2375 4189 2719 4263 Trinitatem,
2745 4208 2861 4263 qua:
2883 4207 3043 4261 supra
3066 4207 3223 4260 quam
3249 4189 3373 4243 sub-

125 4293 464 4339 consentanee
492 4293 752 4352 putamus
785 4299 799 4334 :
841 4281 1111 4350 siquidem
1143 4296 1337 4334 nomen
1375 4280 1486 4346 Dei,
1523 4281 1686 4336 unius
1863 4262 2061 4331 διπηιεα
2108 4271 2206 4326 θεῖν
2273 4261 2632 4315 “eduram”-

127 4374 419 4430 substantise
459 4389 662 4428 nomen
693 4381 796 4427 est.
831 4372 909 4426 Ac
939 4385 1166 4439 ntagnus
1199 4370 1360 4424 etiam
1402 4369 1637 4425 Basilius
1669 4389 1684 4424 :
1859 4373 2094 4428 Sanctus
2125 4371 2361 4444 Cyrillus
2401 4373 2455 4427 in
2497 4371 2779 4429 Tliesanris
2833 4372 2904 4443 (ε)
2958 4373 3036 4427 ait
3063 4389 3079 4427 :
3105 4371 3374 4442 ‘Oporte-

124 4454 171 4520 Si
196 4482 335 4532 vero,
365 4466 569 4535 inquit,
604 4465 964 4520 substantiam
1003 4462 1092 4516 Dei
1128 4462 1310 4516 lumen
1344 4478 1467 4518 esse
1494 4464 1686 4517 statui~
1789 4467 1880 4522 bat
1907 4475 2106 4531 tacere,
2143 4475 2197 4520 et
2227 4465 2362 4519 nihil
2387 4470 2453 4519 ad
2513 4466 2741 4520 istorum
2809 4465 2879 4520 ita
2939 4466 3144 4519 fatuam
3202 4479 3373 4533 argu-
3438 4468 3445 4477 '

129 4574 254 4623 tuus,
289 4568 380 4613 aut
409 4560 604 4623 vitam,
649 4567 744 4612 aut
773 4558 974 4610 bonum
1008 4563 1206 4621 totum,
1237 4555 1290 4608 id
1324 4567 1428 4621 est,
1456 4573 1579 4610 cum
1617 4556 1687 4611 sit
1789 4559 2179 4614 mcntationem
2217 4557 2565 4626 respondere.
2607 4558 2669 4611 Et
2703 4557 2865 4626 paulo
2913 4567 3033 4637 post
3068 4574 3083 4612 :
3117 4555 3298 4622 Quare
3325 4555 3372 4610 si

129 4651 238 4712 vita,
267 4661 436 4707 totum
471 4652 655 4705 lumen
687 4658 791 4713 est,
819 4660 870 4703 et
908 4657 1076 4702 totum
1112 4651 1338 4713 bonum,
1371 4652 1479 4702 vita
1503 4661 1684 4703 autem
1721 4717 1748 4721 Α
1790 4651 1914 4721 quis
1943 4650 2216 4705 hominem
2260 4648 2583 4711 nominavit,
2608 4649 2732 4717 quia
2778 4650 2940 4702 homo
2969 4664 3076 4702 non
3129 4657 3211 4704 est
3269 4650 3374 4702 hoc

129 4757 449 4814 consequens
500 4744 665 4797 habet
714 4731 1016 4812 ingenitum
1072 4759 1085 4796 :
1133 4742 1406 4810 quomodo
1461 4758 1566 4796 non
1607 4751 1691 4798 est
1721 4717 2014 4796 I)omniuo
2048 4749 2268 4803 nomen,
2306 4737 2449 4809 quod
2511 4741 2785 4794 hominem
2837 4739 3126 4808 signiﬁcat,
3184 4749 3242 4793 ut
3284 4739 3378 4798 isti

128 4848 301 4902 expers
327 4830 773 4901 compositionis,
818 4830 911 4898 qui
949 4840 1032 4884 est
1083 4830 1384 4885 secundum
1435 4832 1690 4886 substau-
1797 4845 2270 4905 argumentantur,
2301 4833 2563 4904 intelligat
2606 4834 2770 4902 igitur
2800 4831 2944 4885 aliud
2984 4833 3137 4901 quid,
3172 4844 3224 4885 et
3266 4847 3375 4885 non

132 4927 242 4979 tiam
292 4926 563 4996 simplex?
612 4925 756 4979 Idem
811 4923 979 4976 etiarn
1013 4938 1025 4972 :
1061 4919 1291 4977 Nomina
1345 4925 1521 4993 magni
1559 4925 1648 4978 Dei
1675 4962 1688 4985 ν
1773 4932 1906 4988 ,hoc
1941 4929 2178 4998 penitus,
2214 4926 2356 4996 quod
2396 4942 2592 4981 nomen
2642 4925 2911 4997 signiﬁrat
2939 4940 2954 4978 :
2985 4933 3041 4978 at
3070 4925 3116 4979 si
3166 4925 3269 4980 hoc
3293 4927 3376 4978 in-

190 5070 224 5102 δ’
256 5069 420 5125 Exnd.
451 5085 534 5134 Ill;
569 5067 706 5123 Gen.
739 5081 792 5131 ις
842 5064 996 5118 Deut.
1023 5078 1097 5117 vr.

1399 5182 1644 5245 Scholia
1681 5183 1742 5244 S.
1775 5183 2055 5244 Thomas.

194 5293 263 5360 (l)
294 5291 417 5347 iitec
459 5308 559 5348 vox
583 5336 597 5356 ,
637 5295 796 5358 Deus,
831 5295 972 5350 sicut
1005 5293 1245 5348 continet
1280 5307 1563 5363 personas,
1601 5292 1680 5345 sie
1795 5292 2093 5363 secundant
2151 5289 2366 5363 modum
2399 5303 2752 5363 communem
2795 5285 3156 5363 signiﬁcandi.
3218 5295 3376 5338 natu-

134 5357 279 5414 eliutu
331 5364 599 5428 signiﬁcat
647 5378 701 5420 et
742 5357 985 5420 declarat
1035 5357 1314 5431 personas,
1365 5373 1418 5415 et
1462 5365 1529 5417 de
1586 5363 1691 5415 illis
1798 5377 1912 5414 ram
1944 5361 2062 5412 sine
2092 5360 2514 5431 proprietatibus
2546 5359 2899 5431 hypostatieis
2931 5357 3373 5431 signiiicat,_t_to_n

136 5425 444 5498 prtrdicatur
474 5450 486 5483 :
519 5436 611 5488 sed
661 5436 789 5504 quia
845 5453 950 5488 non
1004 5425 1179 5486 solum
1221 5425 1462 5488 declarat
1495 5448 1688 5502 perso-
1795 5425 2119 5504 prtedicatur
2161 5425 2378 5504 proprie
2427 5430 2494 5482 de
2543 5425 2809 5504 personis.
2844 5426 3002 5480 Pater
3038 5425 3181 5478 enim
3217 5427 3374 5504 _tlivi-

136 5497 268 5566 nam,
318 5505 412 5556 sed
463 5506 622 5557 etiam
668 5497 830 5558 titiam
879 5516 1127 5558 l‘taltll‘altl
1177 5497 1525 5557 comminuam
1584 5519 1686 5555 non
1795 5497 1967 5554 nitate
2020 5511 2073 5553 ct
2107 5501 2432 5570 paternitate
2464 5497 2923 5570 tauquatnl‘ortna
2959 5509 3011 5550 et
3047 5497 3376 5570 proprietate

139 5565 450 5640 Cogitatione
484 5577 615 5637 sola,
660 5579 751 5629 soil
788 5592 863 5637 re,
896 5577 1096 5627 idcirco
1126 5577 1217 5642 qui
1262 5573 1390 5626 dicit
1424 5585 1534 5626 tres
1569 5589 1689 5641 pcr-
1794 5565 2142 5642 hypustatica
2167 5641 2170 5642 ν
2197 5568 2355 5623 Pater
2387 5579 2468 5642 est
2496 5587 2510 5633 ;
2545 5565 3245 5642 etsimiliter'inreliquis.

136 5635 433 5715 sonas,ncn
457 5647 540 5698 dic
569 5635 728 5698 tdicit
761 5635 868 5698 tres
899 5635 1209 5707 deos(sie'ut
1243 5644 1334 5712 qui
1365 5653 1474 5696 tres
1511 5635 1687 5695 houti-
1835 5635 1941 5712 ’(2)
1978 5640 2088 5695 Hoc
2123 5641 2274 5702 dicit,
2309 5641 2432 5708 quia
2471 5638 2692 5715 nomina
2724 5637 3123 5715 ex_cottstitttto
3159 5635 3372 5715 signiti-

140 5713 246 5779 nes)
271 5706 364 5769 sed
399 5732 563 5767 lllllltll
591 5733 603 5766 :
636 5717 807 5769 deitas
846 5731 970 5768 vero
1001 5706 1100 5767 etsi
1131 5706 1369 5768 continet
1400 5729 1681 5781 personas,
1789 5706 1960 5765 cant:
1993 5721 2045 5764 et
2087 5726 2149 5763 ca
2183 5727 2302 5777 que
2327 5706 2464 5762 sunt
2497 5710 2548 5760 in
2580 5724 2732 5774 voce,
2773 5709 2928 5778 signa
2961 5716 3091 5781 sunt
3123 5706 3372 5761 all'ectio-

136 5791 184 5834 et
223 5778 286 5836 de
331 5785 438 5839 illis
466 5787 791 5854 praedicatur
833 5785 1134 5839 secundum
1183 5802 1319 5844 rem,
1354 5778 1532 5838 tamen
1559 5800 1684 5852 quia
1791 5799 1918 5836 num
1951 5797 2069 5850 qua:
2103 5783 2154 5833 in
2191 5781 2372 5833 anima
2415 5790 2564 5834 sunt.
2591 5783 2602 5798 ’
2785 5793 2791 5800 '
3013 5778 3023 5788 '

203 5925 274 5996 (a)
304 5923 359 5996 in
393 5924 547 5994 epist.
579 5929 641 5978 de
668 5929 886 5996 synutlis
913 5927 1139 5979 Arimini
1168 5935 1222 5978 et
1248 5925 1526 5981 Seleucite.
1875 5913 1944 5974 lci
1975 5924 2095 5981 Lib.
2125 5939 2218 5980 VII.
2253 5939 2370 5993 Cap.
2403 5922 2459 5976 2.

202 5993 276 6062 (ὁ)
306 5995 361 6046 In
393 5993 625 6052 secunda
661 5993 904 6054 oratione
941 6003 1003 6050 de
1031 5996 1346 6066 'l‘heolugia.
