3860 6572
448 275 565 345 803

1599 206 1926 333 IdANNts
1955 256 2518 325 CYPaItiSSIOTAt

3568 260 3657 325 804

469 406 523 450 et
551 394 1054 459 immutabilem,“ut
1088 392 1339 457 salutem,
1368 399 1429 446 ut
1461 390 1756 461 justitiam,
1807 398 1867 444 ut
1915 400 2041 443 san-
2068 386 2117 447 Α
2143 389 2323 435 torum
2359 378 2641 434 nominum
2680 372 2911 431 ellicitur
2943 370 3121 438 nobis,
3154 378 3208 426 et
3238 385 3355 426 eum
3375 385 3481 426 non
3503 386 3659 442 paucis

461 487 869 552 etitlcationeni,
917 496 977 541 ut
1020 483 1476 554 redemptionem,
1548 491 1613 537 ut
1664 479 2065 563 magnitudine.
2137 470 2452 527 nominibus
2482 470 2802 525 invocamus
2833 483 2853 531 ;
2883 463 3079 520 deinde
3102 463 3533 563 coquite-rursus
3580 480 3662 527 n0-

465 576 651 629 omnia
679 584 1029 646 superantem
1053 592 1068 641 ;
1096 582 1151 629 et
1175 585 1235 628 ut
1263 574 1318 626 in
1346 587 1481 627 aura
1512 571 1682 627 tenui.
1701 569 1863 639 Atqui
1893 579 1949 623 ct
1976 568 2032 622 in

463 665 738 720 mentibus
766 680 892 719 eum
922 680 1043 722 esse
1071 668 1280 752 dicunt,
1306 680 1365 719 et
1400 665 1453 729 in
1482 662 1683 719 animis
1710 680 1727 730 ;
1755 672 1808 717 et
1831 676 2024 730 corpo-

2130 573 2249 620 stro
2291 577 2404 638 usq
2427 558 2708 626 multiplici
2751 567 2808 612 et
2868 556 3023 611 vario
3067 553 3373 608 nominandi
3421 552 3589 621 Deum,
3617 566 3663 612 rt

2132 648 2392 710 concessa
2420 649 2770 705 multitudine
2807 647 3114 709 nominum,
3142 643 3211 699 ad
3266 654 3470 713 sextum
3521 656 3663 715 caput

461 755 636 821 ribus,
662 765 717 810 et
745 757 798 811 in
834 756 995 819 coelo,
1032 733 1093 810 et
1117 756 1170 811 in
1196 765 1365 820 terra,
1390 764 1447 809 et
1487 746 1651 811 simul
1719 756 1774 809 in
1830 754 2025 809 eodem
2129 743 2474 804 deducimur,
2515 754 2709 794 rursus
2763 737 3105 821 dubitantes,
3154 747 3221 789 an
3278 748 3341 787 ex
3398 733 3663 791 aeternitate

458 846 739 911 eumdem,
775 847 829 901 in
858 847 1081 909 mundo,
1110 847 1257 901 circa
1297 848 1585 910 mundum,
1640 860 1804 913 supra
1868 861 2028 899 mun-

439 936 601 1001 dum,
648 952 817 1005 supra
856 936 1111 1002 “coelum,
1157 950 1324 1005 supra
1388 936 1775 999 substantiam,
1826 935 2023 996 solem,

444 1026 682 1104 stellam,
720 1029 922 1097 ignem,
955 1043 1182 1097 aquam,
1212 1027 1493 1097 spiritum,
1528 1043 1737 1092 rorem,
1796 1027 2020 1090 nubem,

446 1131 545 1185 per
571 1133 630 1172 se
671 1118 927 1187 lapidem,
954 1128 1187 1187 petram.
1219 1118 1403 1173 omnia
1434 1134 1554 1187 qua:
1588 1129 1740 1182 sunt,
1772 1129 1827 1171 et
1886 1117 2023 1195 nihil

438 1221 635 1261 eorum
665 1223 787 1277 qua:
815 1216 968 1263 sunt.
999 1205 1090 1262 Sic
1122 1208 1285 1278 igitur
1304 1208 1355 1261 ei
1383 1206 1476 1276 qui
1530 1205 1777 1260 omnium
1833 1220 2018 1260 rerum

440 1307 730 1365 causaest,
759 1306 815 1352 et
842 1313 1010 1369 supra
1032 1299 1239 1361 omnia,
1265 1298 1519 1367 congruit
1544 1312 1735 1353 carere
1759 1297 2017 1363 nomine;

439 1400 493 1442 et
522 1400 831 1458 congruunt
860 1405 1053 1446 rursus
1075 1390 1257 1445 omnia
1283 1404 1466 1445 rerum
1496 1390 1740 1444 omnium
1774 1392 2014 1458 nomina,

440 1489 500 1535 ut
530 1482 604 1537 sit
662 1481 901 1551 perfecte
967 1497 1195 1552 regnum
1249 1481 1628 1537 universitatis
1696 1498 1899 1548 rerum,
1961 1492 2013 1539 et

437 1571 581 1626 circa
608 1571 785 1641 ipsum
817 1572 930 1629 sint
956 1573 1162 1636 omnia,
1196 1589 1259 1628 ex
1293 1572 1409 1642 ipso
1442 1558 1699 1643 tanq'uam
1725 1589 1793 1629 ex
1825 1589 2012 1641 causa,

436 1662 733 1733 principio,
767 1671 822 1718 ct
849 1662 955 1718 fine
993 1674 1187 1718 cuncta
1229 1664 1521 1732 pendeant,
1551 1672 1609 1720 et
1636 1664 1750 1733 ipse
1808 1664 1904 1732 sit,
1954 1674 2013 1721 ut

2127 835 2352 893 nomina
2381 833 2492 901 Deo
2520 831 2836 886 tribuantur
2866 844 2882 893 ;
2918 838 3211 897 postquam
3243 840 3368 880 vero
3386 825 3663 882 audivimus

2124 940 2247 998 post
2279 941 2367 982 res
2393 925 2538 994 ipsas
2575 923 2791 981 inventa
2827 934 2952 976 esse
2984 919 3234 987 nomina,
3260 927 3315 973 et
3344 927 3460 988 post
3509 919 3665 973 homi-

2123 1034 2247 1079 nem
2282 1018 2533 1087 imposita
2564 1015 2759 1081 fuisse,
2792 1014 2860 1069 ad
2890 1012 3370 1083 contemplandum
3399 1028 3512 1082 qute
3546 1024 3658 1068 sunt

2124 1114 2345 1184 septimi
2377 1112 2599 1182 capitis,
2642 1109 3032 1174 occurrimus;
3092 1106 3238 1177 quod
3292 1106 3505 1171 scilicet
3541 1108 3663 1164 sicut

2126 1206 2389 1259 varietate
2432 1200 2713 1257 nominum
2745 1199 3058 1259 varietatem
3088 1195 3460 1266 operationum
3489 1212 3663 1267 reprtr-
3730 1268 3737 1271 Α

2117 1304 2407 1366 sentatntts
2448 1310 2462 1347 :
2511 1292 2589 1347 sic
2623 1289 2940 1345 nominibus
2970 1288 3136 1341 variis
3181 1289 3249 1349 ad
3287 1286 3450 1342 Deum
3503 1288 3662 1343 relatis

2117 1406 2223 1444 non
2260 1403 2552 1459 possumus
2581 1386 2901 1445 varietatem
2931 1399 3115 1439 rerum
3189 1382 3548 1453 subiectarum
3593 1381 3662 1434 in-

2116 1481 2391 1553 telligere;
2427 1491 2649 1536 estenso
2678 1487 2860 1535 autem
2919 1477 3088 1533 multa
3121 1475 3228 1529 diei
3283 1475 3352 1529 de
3409 1488 3512 1529 uno
3553 1475 3663 1528 sule-

2108 1573 2286 1643 jeoto,
2314 1570 2627 1627 necessario
2670 1569 3004 1638 sequebatur
3058 1578 3311 1623 octavum
3365 1575 3538 1636 caput,
3568 1582 3660 1622 non

2114 1644 2238 1720 esse
2273 1663 2486 1719 scilicet
2518 1662 2666 1717 aliud
2699 1659 3009 1730 subjectum
3044 1657 3098 1712 in
3152 1656 3282 1720 Deo,
3309 1656 3413 1711 nisi
3447 1655 3658 1710 divinam

437 1730 513 1808 ait
545 1730 829 1817 Scriptura
856 1754 924 1817 ³⁸.
950 1756 1132 1809 omnia
1166 1730 1525 1810 inmunibus.
1561 1730 1670 1810 Exi
1692 1755 1780 1811 his
1840 1730 2009 1827 igitur
2037 1730 2088 1792 Β
2113 1765 2168 1812 et
2202 1757 2415 1812 beatam
2436 1754 2804 1809 substantiam
2828 1751 2950 1821 ejus
2975 1791 2992 1817 ,
3023 1766 3188 1817 quam
3222 1763 3369 1803 nono
3390 1748 3506 1832 loco
3557 1764 3664 1818 pro-

434 1842 778 1919 mauifestum
806 1845 883 1910 ﬁt,
914 1860 1038 1902 esse
1070 1846 1246 1913 ipsum
1278 1861 1444 1898 unum
1480 1844 1647 1898 Deum
1670 1854 1785 1900 tum
1809 1846 2012 1901 nullius

432 1934 694 2000 nominis,
749 1944 863 1990 tum
911 1936 1243 2002 multorum;
1301 1936 1508 1993 nullius
1540 1935 1787 2006 quidem,
1832 1937 2011 2005 quoad

430 2024 560 2094 quid
590 2038 700 2089 est,
734 2026 1034 2081 multorum
1060 2036 1498 2097 vero,quatenus
1528 2028 1685 2083 exiis
1710 2044 1831 2098 quae
1855 2028 2004 2092 fecit,

430 2117 691 2185 probatur
728 2132 888 2182 esse;
915 2133 1022 2171 non
1055 2117 1332 2186 discrepat
1366 2118 1512 2187 quod
1541 2133 1604 2171 ex
1646 2117 2004 2174 demonstra-

427 2210 498 2263 tis
528 2209 777 2277 sequitur
826 2227 840 2263 :
873 2210 1062 2265 veruni
1086 2211 1233 2266 enim
1261 2196 1521 2281 estquod
1574 2211 1807 2267 humana
1854 2230 2007 2269 mens

424 2299 772 2354 nominallei
833 2303 1137 2366 adiuVeult,
1185 2314 1342 2371 utens
1389 2306 1505 2358 vice
1553 2304 1794 2359 materia:
1842 2306 2005 2362 rebus

425 2389 750 2462 miris,quas
780 2393 835 2448 in
863 2394 1121 2449 universo
1142 2395 1452 2464 speculatur
1479 2404 1535 2450 et
1551 2396 1950 2465 contemplatur
1983 2417 1997 2463 ;

422 2489 478 2533 et
506 2481 711 2537 idcirco
741 2483 809 2536 ad
844 2499 1010 2538 unam
1046 2484 1518 2556 rentsubjectatn,
1567 2487 1633 2539 ad
1674 2486 1855 2555 ipsum
1894 2490 2002 2543 sci-

421 2571 550 2627 licet
577 2573 744 2628 Deutn
771 2590 831 2630 se
856 2575 971 2645 ipsa
1002 2574 1300 2643 deducens,
1331 2578 1394 2631 ad
1421 2577 1862 2633 informationem
1880 2578 1999 2647 ejus

421 2666 500 2718 rei
536 2680 700 2734 quam
736 2668 1309 2735 qnmritnrevocatur.
1333 2667 1402 2724 Ut
1433 2669 1725 2737 igiturhtec
1755 2685 1997 2724 summa-

421 2761 518 2810 t'tm
553 2765 885 2826 repetamus,
925 2767 980 2812 et
1047 2759 1352 2813 secundum
1379 2759 1775 2829 expositionem
1829 2770 1994 2815 mate-

417 2849 620 2902 riarmn
652 2857 1033 2915 retractemus,
1094 2851 1328 2919 primum
1391 2852 1824 2907 demonstratum
1885 2861 1991 2918 est,

415 2940 873 3008 quemadmodum
905 2957 1062 2997 mens
1096 2942 1332 2998 hominis
1360 2942 1583 2999 nomina
1622 2943 1715 2998 Dei
1769 2945 1991 3015 excogi-

2115 1850 2233 1919 prie
2286 1846 2559 1904 nominari
2613 1844 2944 1907 didicimus,
2994 1858 3103 1897 non
3160 1840 3295 1913 quid
3322 1850 3424 1903 est,
3474 1842 3662 1897 curiose

2112 1939 2474 2010 inquirentes,
2508 1937 2601 1993 sed
2663 1937 2810 2008 quod
2840 1943 2925 1990 est
2982 1943 3188 1988 tantum
3224 1951 3241 1998 ;
3270 1932 3337 1988 ad
3403 1932 3661 2002 imponen-

2109 2031 2237 2087 dutn
2272 2031 2429 2085 linem
2457 2028 2645 2084 decadi
2686 2027 3016 2093 sequebatur
3063 2020 3333 2080 decimum
3386 2032 3558 2093 caput,
3613 2010 3664 2078 in.

2108 2135 2219 2190 quo
2258 2120 2570 2174 conclusum
2608 2127 2800 2173 est~ex
2859 2115 3274 2181 demonstratis,
3324 2114 3563 2169 eumdem
3616 2121 3661 2169 ct

2110 2228 2278 2267 unum
2321 2210 2487 2265 Deum
2528 2225 2717 2264 carere
2767 2208 2928 2263 nobis
2974 2206 3215 2271 nomine,
3252 2216 3309 2261 et
3347 2221 3467 2261 esse
3523 2205 3658 2260 nobis

2111 2286 2411 2354 multorum
2446 2299 2725 2353 nominum
2759 2314 2773 2351 :
2813 2298 2938 2352 illud
2961 2298 3205 2366 quidem,
3240 2296 3293 2352 id
3341 2307 3445 2360 est,
3493 2311 3659 2351 carere

2109 2406 2337 2462 prorsus
2366 2390 2608 2451 nomine,
2638 2399 2908 2459 quatenus
2939 2389 3066 2459 quid
3103 2399 3207 2453 est,
3236 2389 3341 2443 hoc
3371 2402 3516 2452 vero,
3544 2402 3658 2457 qua-

2106 2492 2266 2537 tenus
2291 2482 2465 2536 solutn
2493 2491 2575 2535 est
2597 2498 2610 2545 ;
2636 2481 2718 2533 sic
2746 2481 2892 2534 enim
2919 2478 3145 2534 inﬁnitis
3170 2478 3486 2536 nominibus
3514 2494 3574 2534 ex
3600 2478 3657 2534 iis

2098 2588 2220 2643 qua:
2246 2574 2524 2644 produxit,
2578 2574 2904 2643 appellatur.
2933 2571 3076 2626 Nihil
3110 2572 3297 2647 itaque
3333 2587 3518 2641 eorum
3552 2587 3657 2641 qua:

2099 2669 2239 2721 scire
2267 2666 2355 2720 hic
2378 2679 2517 2733 Opus
2541 2676 2681 2729 erat,
2716 2663 2951 2734 theologi
3008 2664 3394 2734 reliquerunt:
3428 2675 3654 2732 recteque

2095 2753 2354 2824 inscripta
2380 2762 2462 2809 est
2485 2754 2665 2817 decas,
2693 2751 2765 2807 De
2789 2752 3176 2808 informatione
3205 2753 3376 2807 divini
3408 2756 3652 2818 nominis;

2096 2862 2203 2901 non
2229 2848 2370 2901 enim
2403 2849 2772 2915 preprietates
2812 2843 3121 2898 divinorum
3184 2847 3471 2899 nominum
3530 2859 3652 2898 cutt-

2101 2942 2396 2993 merantes,
2419 2930 2785 2986 tnalet'iariatn
2814 2931 3211 2999 expositionem
3246 2947 3435 2986 earum
3471 2948 3497 2984 a
3523 2934 3656 2986 theo-

418 3030 597 3086 tavit:
623 3039 678 3084 et
706 3029 776 3085 ob
809 3032 945 3085 hanc
978 3046 1201 3087 causam
1257 3033 1370 3087 [me
1417 3034 1484 3088 de
1536 3035 1852 3091 nominibus
1895 3036 1986 3091 Dei
2018 3066 2060 3125 ο
2119 3027 2263 3097 legis
2290 3026 2544 3081 traditam
2587 3023 2989 3125 .ordinabamus
3018 3042 3035 3090 ;
3067 3025 3314 3125 dicemus
3347 3026 3489 3080 enim
3516 3026 3653 3082 dein-

417 3121 672 3175 tractatio
694 3122 858 3191 νοητή
893 3132 1143 3187 vocatur,
1193 3123 1244 3177 id
1296 3134 1398 3187 est,
1450 3125 1520 3179 ad
1576 3125 1988 3195 intelligentiam

416 3209 737 3280 pertinens;
787 3213 1047 3278 secundo,
1078 3215 1509 3268 demonstratum
1554 3225 1643 3270 est
1697 3216 1863 3271 Deum
1919 3221 1988 3275 ab

414 3298 620 3355 ell'cctis
654 3299 904 3354 laudari:
936 3300 1119 3369 tertio,
1157 3318 1277 3372 qua:
1310 3314 1437 3358 sunt
1498 3304 1709 3371 cﬁ‘ecta,
1768 3314 1822 3362 et
1869 3325 1989 3378 qua:

410 3401 443 3442 e
462 3402 602 3441 trum
639 3390 864 3444 materia
888 3403 908 3441 :
936 3401 1128 3458 postea
1161 3395 1527 3461 quaerebatur,
1555 3400 1828 3467 quomodo
1845 3398 1984 3455 Deus

411 3480 482 3533 ab
507 3478 713 3536 cllertis
752 3485 1090 3548 nominatur,
1121 3495 1179 3540 et
1209 3502 1316 3540 non
1341 3487 1497 3543 abiis
1546 3506 1665 3558 quae
1703 3502 1836 3544 sunt
1884 3506 1982 3545 na-

406 3578 543 3623 tura:
595 3571 753 3640 ejus:
784 3574 883 3629 hac
920 3583 1100 3630 autem
1150 3575 1490 3634 dubitatione
1555 3581 1750 3648 soluta,
1789 3583 1981 3651 quinto

404 3661 580 3730 capite
610 3663 840 3733 «ιιιίιιειὶο
866 3679 930 3719 ac
974 3665 1247 3745 dubitatio
1285 3679 1426 3734 erat,
1451 3687 1618 3740 quare
1640 3671 1782 3728 Deus
1843 3675 1981 3729 tnui-

398 3804 407 3813 ’
477 3826 522 3857 ³⁸
558 3824 728 3881 lCor.
753 3840 877 3886 χιιι.
911 3826 1002 3882 ‘28.
1072 3892 1079 3896 ζ

2092 3131 2219 3186 ccps
2249 3116 2317 3170 de
2336 3115 2416 3170 eis
2451 3113 2688 3168 breviter
2707 3122 2763 3168 et
2783 3122 3068 3168 contracte
3125 3114 3310 3183 quoad
3369 3115 3482 3169 ficri
3513 3126 3652 3185 pote-

2090 3211 2184 3266 rit.
2215 3209 2357 3278 Quot
2385 3218 2566 3263 autent
2590 3207 2766 3263 modis
2811 3206 3057 3261 divinum
3114 3222 3314 3261 nomen
3382 3196 3646 3273 tractatur,

2090 3302 2345 3373 superius
2371 3300 2733 3365 ostendimus,
2762 3297 3045 3369 tripliciter
3095 3313 3191 3353 cos
3229 3299 3441 3369 partiti,
3497 3296 3648 3353 infor-

2091 3396 2385 3449 mationem
2419 3394 2723 3457 nominum,
2753 3402 2809 3447 et
2839 3390 2983 3447 unde
3012 3401 3226 3463 sumpta
3281 3400 3433 3455 sunt,
3492 3400 3543 3446 et
3584 3389 3643 3444 ad

2088 3486 2218 3557 quid
2240 3487 2341 3544 ista
2371 3486 2589 3539 nomina
2614 3500 2715 3538 nos
2761 3484 3032 3537 adducant
3080 3493 3135 3536 et
3188 3484 3515 3553 perﬁciant;
3551 3497 3644 3536 ca-

2087 3587 2202 3633 tera
2231 3578 2332 3633 alia
2378 3576 2781 3632 accommodate
2816 3576 2883 3629 ad
2946 3576 3046 3631 ista
3092 3591 3216 3645 qnze
3256 3575 3642 3648 quaerebamus,

2091 3672 2424 3728 inciderunt.

1910 3926 2183 3990 Schoba.

405 4068 634 4150 stltiam,
666 4070 1242 4150 utmoruﬁrationem,
1266 4082 1321 4125 ut
1358 4073 1783 4150 red/emptionem.
1813 4076 1974 4150 lCo_t_'.

397 4154 436 4192 ι.
477 4138 542 4212 Ut
569 4138 933 4212 magnitudine
953 4146 1129 4196 omnia
1161 4138 1514 4212 superantem.
1536 4138 1691 4200 'l’sal.
1729 4160 1871 4199 χειν.
1904 4147 1973 4201 Et

397 4220 455 4261 ut
488 4211 540 4262 in
567 4228 702 4267 aura
723 4218 892 4285 tenui.
919 4212 986 4267 lll
1020 4213 1158 4285 illeg.
1188 4211 1303 4285 xix.
1343 4216 1503 4281 Atqui
1531 4226 1580 4267 et
1622 4216 1675 4267 in
1709 4219 1970 4285 utentibus

398 4295 513 4352 gum
539 4298 651 4336 esse
696 4284 904 4337 dicunt.
935 4284 1139 4352 Ephes.
1176 4298 1256 4336 Ill.
1290 4284 1496 4352 rh'entes
1526 4286 1671 4337 enini
1718 4284 1968 4342 vocatibi

393 4342 597 4421 Paulus
627 4357 811 4408 corda.
849 4353 913 4406 Et
953 4342 1007 4405 ni
1040 4354 1253 4406 animis.
1275 4351 1403 4421 Sap.
1431 4367 1522 4407 ιιι.
1551 4353 1613 4407 Et
1641 4354 1692 4407 itt
1733 4357 1963 4421 animas,

395 4418 592 4492 inquit,
624 4433 842 4492 sanctas
872 4439 929 4477 se
959 4423 1238 4492 transfert.
1267 4422 1332 4475 Et
1351 4418 1409 4475 in
1435 4425 1761 4492 corporibus.
1795 4418 1965 4481 lCor.

393 4484 559 4560 vt,'et
616 4494 629 4543 Ι
687 4491 934 4546 Thessal.
970 4507 1000 4544 v
1033 4507 1045 4541 :
1084 4490 1152 4544 Ut
1215 4492 1423 4560 integer
1472 4484 1696 4558 spiritus
1753 4508 1957 4560 v'eSter,
1999 4484 2041 4538 ί)

392 4570 447 4609 et
479 4559 684 4629 anima,
721 4572 773 4613 et
800 4577 1002 4629 corpus
1030 4560 1149 4614 sine
1178 4559 1399 4629 querela
1427 4573 1700 4628 servetur;
1730 4564 1831 4617 hoc
1861 4559 1958 4617 au-

390 4634 498 4678 tetu
533 4626 586 4680 Γπ
607 4630 877 4684 habitante
900 4626 1012 4684 Deo
1040 4632 1091 4682 itt
1131 4626 1332 4688 tuente,
1361 4642 1415 4683 et
1442 4633 1494 4683 in
1528 4626 1736 4698 anima,
1763 4644 1818 4688 et
1838 4649 1961 4687 cor-

410 4711 556 4769 tore;
591 4708 823 4769 mentem
863 4704 1077 4753 vocavit
1117 4701 1207 4752 hic
1259 4699 1456 4769 Paulus
1483 4702 1734 4769 spiritum
1765 4719 1783 4768 ;
1834 4718 1888 4757 et
1915 4702 1960 4758 ll

416 4768 514 4817 lor.
557 4781 606 4819 vt
632 4785 644 4820 :
674 4768 739 4821 Et
771 4770 1079 4823 inhabitabo
1122 4770 1174 4822 in
1196 4768 1320 4835 illis,
1356 4768 1566 4823 scilicet
1595 4773 1646 4824 in
1670 4773 1960 4837 tuentibus,

386 4837 687 4909 etauimis,
725 4841 1151 4909 etncmporibus.
1209 4838 1276 4891 Et
1325 4839 1381 4892 in
1428 4840 1576 4903 mlo,
1605 4849 1653 4893 et
1683 4843 1739 4894 in
1768 4853 1950 4901 terra.

314 4944 322 4954 .
388 4904 548 4981 ll_iet_'._
574 4921 729 4981 uti}.
762 4906 828 4959 Et
858 4904 1019 4961 sintut
1059 4910 1113 4962 in
1153 4910 1332 4962 eodem
1362 4911 1620 4967 cuutdem.
1651 4909 1761 4966 lloc
1790 4928 1956 4981 expo-

391 4973 640 5050 nitidem
677 4976 970 5050 Dionysius
1002 4995 1126 5047 cap.
1149 4994 1205 5050 IX-
1240 4984 1309 5033 de
1339 4995 1556 5050 magno,
1610 4994 1662 5034 et
1693 4973 1878 5050 parvo,
1903 4993 1959 5037 et

385 5048 601 5103 eodem.
664 5054 769 5099 etc.
806 5035 873 5099 In
920 5035 1129 5100 mund-0.
1177 5046 1336 5104 Jonn.
1391 5035 1459 5101 r.v
1487 5035 1644 5103 Circa
1678 5035 1954 5107 inundant.

385 5109 533 5165 Eceli
562 5114 917 5189 nut._Soper
946 5123 1218 5189 mundum.
1257 5116 1357 5171 lsa.
1382 5133 1530 5189 ιχνι.
1569 5119 1748 5189 Supra
1775 5125 1961 5175 ratium

382 5193 429 5260 et
464 5198 625 5262 supra
647 5185 1028 5262 substantiam.
1069 5187 1160 5243 l’s.
1191 5200 1334 5262 catt.
1362 5188 1489 5257 Sup.
1511 5185 1740 5262 rruzlos
1786 5192 1959 5262 gloria

383 5255 528 5319 ejus.
565 5255 767 5311 Solem.
823 5257 1056 5312 Malach.
1112 5272 1187 5313 tv.
1221 5255 1466 5313 Stellam.
1524 5260 1697 5331 Apoc.
1749 5255 1962 5317 ultimo.

2084 4076 2291 4150 Ignem.
2325 4079 2476 4134 Deut.
2507 4094 2576 4133 tv.
2606 4078 2830 4150 Aquam.
2852 4074 3026 4150 Joan.
3059 4093 3156 4134 \‘ll.
3178 4077 3466 4148 Spiritum.
3493 4077 3635 4135 Joan.

2082 4149 2153 4205 tv.
2182 4149 2389 4203 Ro’rcm.
2419 4154 2573 4203 Osee.
2610 4165 2715 4202 MV.
2749 4149 2974 4204 Nubem.
3024 4150 3182 4204 Osce.
3206 4167 3277 4204 vt.
3310 4151 3415 4203 Per
3437 4167 3490 4204 se
3516 4150 3637 4217 lapi-

2077 4220 2195 4274 dem
2229 4220 2525 4273 αὑτό).ιοον.
2554 4217 2645 4272 Ps.
2682 4233 2848 4272 cxxx.
2883 4219 3015 4273 Esse
3047 4221 3190 4272 enim
3236 4219 3639 4274 fundamentum

2074 4292 2307 4360 propria:
2334 4291 2573 4351 virtutis,
2603 4299 2655 4341 et
2680 4302 2776 4357 per
2802 4304 2880 4354 se,
2905 4291 3124 4360 Christo
3152 4293 3410 4360 convenit
3432 4300 3637 4358 prepter

2076 4358 2440 4419 divinitatem.
2475 4374 2596 4427 quae
2637 4373 2740 4411 nua
2777 4366 2832 4410 et
2877 4359 3061 4412 eadem
3094 4368 3179 4412 est
3222 4358 3276 4412 in
3312 4361 3492 4412 tribus
3520 4373 3632 4427 per-

2074 4432 2249 4494 sonis,
2273 4446 2399 4500 qua:
2428 4426 2552 4483 fecit
2578 4432 2628 4480 ιιι
2660 4429 2776 4495 ipso
2805 4426 3048 4500 Christo,
3077 4444 3294 4481 snonno
3333 4426 3525 4500 lapide
3547 4445 3635 4483 an-

2109 4502 2266 4565 ulart,
2297 4497 2550 4568 'utt'aque
2584 4512 2755 4568 unum
2784 4498 2870 4568 cui
2897 4503 3152 4568 convenit
3191 4514 3317 4552 esse
3343 4497 3630 4568 αὑτόλιθρν.

2109 4514 2266 4565 utart,
2323 4514 2550 4568 utraque
2584 4514 2755 4549 nnttut
2784 4514 2870 4550 Clll
2897 4514 3152 4553 convenit
3191 4514 3317 4552 esse
3343 4514 3630 4552 αυτολιυον.

2067 4514 2303 4624 garum.
2367 4566 2615 4637 [C01'.X.
2655 4566 2753 4619 Est
2780 4566 2944 4637 igitur
2976 4566 3040 4622 Β.
3088 4566 3281 4621 Petrus
3319 4576 3404 4637 (ut
3444 4556 3630 4635 ubitfue

2071 4640 2341 4693 bmreticis
2370 4636 2541 4691 nostri
2566 4634 2826 4703 temporis
2853 4639 3243 4704 occurramus)
3276 4634 3430 4705 petra
3460 4634 3632 4690 Eccle-

2068 4724 2186 4768 s1te,
2228 4718 2284 4760 nt
2330 4706 2680 4776 Evangeliutn
2719 4713 2991 4776 testatur;
3024 4722 3131 4761 non
3164 4715 3349 4761 tamen
3382 4718 3463 4762 est
3488 4706 3629 4759 αὑτό·

2068 4776 2235 4843 λιθυς,
2263 4794 2359 4832 nec
2384 4774 2713 4846 αὺτὸπὲτρα,
2739 4774 2789 4827 id
2825 4782 2931 4847 est,
2957 4791 3052 4844 per
3075 4794 3133 4830 se
3160 4777 3323 4845 lapis,
3352 4779 3434 4831 vel
3454 4792 3548 4847 per
3576 4790 3631 4830 so

2069 4858 2261 4914 petra;
2300 4862 2469 4916 neque
2496 4847 2541 4901 si
2575 4860 2812 4910 unquam
2853 4846 2904 4916 in
2956 4847 3242 4916 Scriptura
3282 4858 3532 4916 voratur,
3574 4854 3629 4898 ut

2063 4918 2316 4972 Christus
2353 4914 2495 4971 licus
2548 4922 2755 4977 noster,
2790 4915 2883 4982 qui
2919 4915 2998 4968 sic
3028 4914 3110 4970 est
3135 4914 3536 4985 αὐτοθιμόλιος,
3574 4917 3621 4966 id

2057 4996 2162 5053 est,
2198 5003 2290 5056 per
2324 5002 2382 5042 se
2412 4990 2841 5050 fundamentum,
2883 4994 3076 5051 praeter
3119 4988 3262 5054 quod
3308 5001 3403 5054 per
3435 5001 3494 5038 se
3520 4993 3629 5037 tun.

2058 5057 2371 5111 damentntn
2433 5056 2578 5112 aliud
2634 5068 2796 5106 nemo
2839 5064 3012 5122 potest
3050 5069 3271 5124 ponere,
3317 5056 3458 5108 sicut
3491 5056 3622 5124 Apo-

2060 5130 2233 5181 stolus
2255 5129 2363 5184 ait:
2398 5131 2466 5185 de
2501 5130 2605 5182 hoc
2625 5127 2768 5177 enim
2788 5138 2887 5194 per
2919 5139 2979 5180 sc
3009 5125 3429 5179 fundamentum
3462 5123 3625 5193 loqui-

2062 5203 2173 5252 tur.
