3860 6544
117 426 207 490 809

742 415 977 479 DECAS
1015 415 1079 476 V.
1124 438 1191 453 --
1232 412 1329 472 DE
1366 404 2034 473 PROPRIETATIBUS
2095 402 2330 462 DlVlN.
2371 399 2639 461 NOMlN.

3211 392 3317 457 810

123 537 315 607 quldem
336 533 584 597 dicimus,
611 532 755 600 quod
788 528 1213 598 pulchritudinis
1241 528 1512 597 particeps
1528 531 1602 576 est
1631 537 1646 586 ;
1680 526 1721 579 Α
1754 534 1849 573 nes
1880 530 1933 574 et
1961 520 2260 575 accidentia
2299 520 2350 572 in
2382 520 2545 573 rebus
2612 523 2920 607 censentur,
2946 514 3089 585 quod
3125 513 3177 607 in
3209 514 3321 567 Deo

124 625 554 699 pulchritudinem
582 638 712 679 vero
737 622 1208 693 participationem
1235 634 1414 673 causa;
1468 615 1651 693 omnia

125 722 323 790 pulchra
352 714 655 772 eﬂicientis.
684 716 882 781 Quoin
920 715 1042 767 loco
1090 714 1167 767 ait
1205 722 1426 766 sanctus
1481 708 1654 761 Maxi-

125 823 256 865 mus:
276 806 505 861 Pulcher
523 806 720 861 dicitur
744 805 887 860 Deus
914 807 965 858 in
984 803 1208 858 Cantica
1223 804 1559 856 canticorum
1583 798 1653 864 ",

124 912 167 955 et
192 897 680 966 Darid:Speciosus
730 898 902 967 [arma
956 912 1066 967 pm
1112 894 1238 963 [iliis
1305 889 1667 946 hominum”.

126 991 305 1063 Dicitur
334 999 511 1051 antem
535 990 823 1058 pulchrum
857 999 910 1042 et
943 986 1318 1056 pulchritudo,
1353 984 1481 1053 quia
1540 983 1657 1037 dis-

125 1081 359 1149 tinguitur
388 1080 441 1137 iu
475 1080 638 1141 rebus
690 1080 744 1139 in
803 1077 1177 1145 participantia
1232 1084 1285 1129 et
1316 1073 1657 1143 participata,

124 1171 168 1225 in
191 1169 289 1225 Deo
315 1180 498 1225 autem
532 1184 641 1225 non
672 1170 752 1229 sic
788 1187 802 1223 :
835 1169 996 1231 καλὸς
1035 1182 1290 1236 namque,
1316 1167 1365 1220 id
1396 1174 1502 1229 est,
1546 1163 1661 1233 pul-

125 1261 235 1314 cher
264 1260 480 1327 dicitur,
511 1269 566 1315 et
597 1261 725 1330 quia
780 1260 975 1314 tribuit
994 1260 1250 1314 omnibus
1296 1255 1658 1325 pulchritudi-

125 1366 249 1415 nem,
278 1360 330 1406 et
350 1352 477 1421 quia
500 1354 684 1411 omnia
716 1352 783 1406 ad
800 1366 862 1406 se
888 1350 1063 1414 καλεῖ,
1096 1352 1147 1403 id
1178 1360 1282 1422 est,
1310 1358 1466 1403 vocat
1496 1367 1508 1413 ;
1546 1362 1665 1400 rur-

126 1460 206 1499 sus
232 1444 384 1497 καλὸν
411 1447 487 1507 ὡς
519 1444 608 1497 ἀεὶ
672 1442 752 1508 ὃν.
786 1446 837 1501 id
863 1453 969 1506 est,
1037 1442 1324 1510 pulchrqu
1385 1451 1661 1509 tamquam

128 1550 311 1606 semper
337 1535 960 1600 exsistens,secuudttm
1010 1534 1183 1589 Graeci
1254 1534 1492 1587 nominis
1550 1543 1665 1602 ety-

132 1628 411 1696 mologiam,
458 1636 646 1698 utpote
674 1639 952 1692 nunquam
970 1625 1314 1687 decrescens,
1351 1638 1449 1677 nec
1500 1638 1666 1692 auge-

129 1732 285 1772 tcens.
328 1718 530 1775 Ibidem
564 1720 726 1777 etiam
763 1716 1055 1787 Dionysius
1085 1735 1096 1769 :
1130 1716 1491 1781 Quamobrem
1524 1714 1665 1767 idem

129 1820 198 1865 est
224 1810 500 1880 pulchrum
532 1819 697 1878 atque
726 1810 949 1872 bonum,
974 1808 1234 1876 quoniam
1261 1808 1442 1863 omnia
1472 1821 1668 1860 secun-

131 1872 237 1955 dum
282 1915 498 1956 omnem
548 1872 770 1954 causam
819 1872 1104 1967 pulchrum
1148 1906 1201 1951 et
1243 1899 1443 1952 bonum
1500 1910 1667 1965 appe-
1701 1872 1742 1927 Β

133 1992 317 2062 tunt(5)
342 2001 431 2047 :et
454 1992 590 2047 nihil
611 2001 696 2049 est
719 1990 769 2045 in
792 2005 968 2043 rerum
990 2000 1203 2054 natura,
1223 1990 1353 2059 quin
1377 1988 1664 2056 pulchrum

131 2084 380 2145 etbonum
417 2085 713 2157 participet
758 2100 771 2136 :
831 2081 1043 2141 audebo
1102 2082 1265 2135 etiam
1309 2081 1411 2135 hoc
1465 2079 1667 2143 dicere,

134 2174 376 2244 quodnon
416 2182 525 2239 est,
554 2174 841 2243 pulchrum
866 2174 1130 2227 etbonum
1165 2174 1512 2241 participare,
1539 2180 1670 2227 tunc

135 2266 252 2320 enim
274 2274 353 2322 est
384 2266 911 2335 ipsuut,'puldirum
936 2275 989 2319 et
1061 2266 1288 2329 bonum,
1345 2266 1566 2333 quando
1615 2264 1670 2317 in

141 2358 226 2417 Deo
240 2358 481 2419 laudatur
499 2374 663 2429 supra
688 2357 1045 2419 substantiam
1065 2358 1360 2413 auferendo
1376 2357 1555 2412 omnia
1573 2358 1670 2427 (ιι).

139 2450 266 2518 Quod
325 2460 507 2507 autem
566 2451 707 2505 idem
769 2460 855 2505 est
905 2450 1189 2516 pulchrum
1248 2462 1412 2520 atque
1468 2452 1669 2507 bonum

140 2541 182 2596 in
207 2541 323 2606 Deo,
344 2543 438 2614 qui
472 2553 556 2597 est
584 2557 749 2611 supra
804 2542 1172 2601 substantiam
1198 2560 1211 2606 ;
1242 2550 1295 2595 et
1354 2543 1498 2611 quod
1561 2544 1674 2599 haec

141 2647 239 2700 qua:
270 2633 627 2693 substantiam
648 2632 766 2695 Dei,
793 2646 916 2702 quae
949 2642 1031 2689 est
1089 2634 1244 2703 origo
1288 2632 1673 2698 deiﬁcationis,

144 2722 404 2789 declarant,
445 2723 511 2777 ad
539 2724 716 2792 ipsum
756 2738 848 2790 per
878 2722 1068 2776 divina
1096 2723 1315 2775 nomina
1366 2722 1581 2789 pulchri
1626 2731 1679 2776 et

146 2810 524 2885 bonipertineut
554 2833 568 2869 :
596 2814 820 2883 etquod
880 2813 945 2867 ad
972 2828 1035 2867 ea
1068 2830 1189 2881 qua:
1245 2813 1297 2866 in
1354 2814 1463 2868 Deo
1528 2824 1677 2882 sunt,

149 2920 233 2959 non
264 2908 673 2976 distinguuntur
701 2907 756 2959 in
789 2905 1240 2974 participationes
1270 2915 1321 2959 et
1385 2907 1680 2976 participa-

150 3006 206 3063 υ,
231 2999 390 3070 liquet
420 3016 489 3054 ex
512 3014 785 3055 consensu
809 2999 1213 3071 theologorum.
1236 2997 1293 3053 ln
1338 3001 1537 3069 quibus
1582 3014 1681 3059 .au-

154 3102 237 3146 tem
266 3093 614 3165 distinguitur
644 3091 880 3155 bonitas,
909 3102 961 3147 et
987 3106 1082 3163 per
1110 3092 1277 3161 ipsam
1298 3094 1608 3162 pulchrum,
1631 3105 1685 3150 et

1760 626 1868 663 non
1908 611 1982 664 ita
2011 622 2120 675 est,
2154 614 2245 680 qui
2285 611 2464 665 omnia
2537 609 2829 663 antecellit.
2873 606 3085 662 Rursus
3132 606 3318 661 idem:

1758 701 2039 757 Desiderio
2087 704 2414 772 intelligendi
2457 713 2510 757 et
2559 702 2772 755 dicundi
2832 699 3034 771 aliquid
3081 698 3149 752 de
3211 697 3322 750 Deo

1759 811 1953 849 nomen
1986 795 2116 850 boni
2175 796 2430 867 Theol0gi
2484 792 2595 851 Deo
2656 796 3042 855 attribuerunt,
3105 792 3324 863 proprie

1760 887 1903 943 enim
1926 888 2068 943 Deus
2096 898 2177 944 est
2194 904 2352 957 supra
2369 904 2532 958 quam
2552 888 2748 948 bonus.
2767 898 2820 942 et
2846 902 3173 957 supraquam
3198 886 3328 941 sitb-

1761 982 1984 1045 stantia,
2016 981 2227 1034 bonitas
2257 990 2434 1034 autem
2464 995 2658 1034 nomen
2683 989 2765 1034 est
2789 979 3174 1033 venerationis.
3202 978 3327 1031 llt‘llt

1765 1074 1907 1128 idem
1942 1074 2265 1129 incumbens
2286 1077 2339 1127 in
2372 1090 2433 1127 ea
2464 1091 2583 1142 quae
2607 1084 2732 1127 sunt
2771 1074 2822 1126 in
2846 1083 3040 1143 quarto
3063 1074 3237 1141 capite
3266 1072 3334 1125 de

1763 1165 1968 1219 eisdem
2050 1164 2253 1219 divinis
2330 1164 2688 1219 nominibus:
2732 1163 2965 1225 Bonum,
3025 1163 3223 1231 inquit,
3276 1171 3332 1215 et

1764 1259 2078 1328 pulchrum,
2106 1258 2248 1327 qttod
2286 1258 2339 1311 in
2397 1258 2654 1311 omnibus
2716 1256 2879 1323 inest,
2915 1273 3023 1310 non
3055 1268 3138 1311 est
3201 1256 3331 1308 illud

1768 1350 2003 1420 primum
2038 1350 2327 1418 pulchrum
2361 1361 2415 1403 et
2442 1349 2643 1402 bonum
2674 1349 2942 1411 omnium,
2991 1347 3146 1414 Cujus
3211 1364 3335 1415 par-

1769 1443 2081 1512 ticipatione
2120 1445 2303 1497 omnia
2325 1454 2451 1498 sunt
2484 1443 2704 1513 pulchra
2736 1453 2789 1495 et
2825 1443 2985 1505 bona,
3016 1442 3157 1510 quod
3188 1440 3330 1493 cnim

1769 1543 1851 1585 est
1885 1532 1937 1585 itt
1974 1533 2138 1587 rebus
2162 1534 2454 1603 pulchrum
2487 1541 2538 1586 et
2574 1534 2797 1595 bonum,
2830 1549 2934 1584 non
2970 1542 3053 1583 est
3080 1532 3336 1584 subst-tn-

1771 1625 1866 1687 tia,
1899 1640 2264 1694 nequegcnus
2297 1626 2633 1689 substantiae,
2701 1628 2794 1679 sed
2853 1626 3130 1691 accido-ns,
3191 1624 3333 1692 quoi

1774 1716 1935 1770 habet
1964 1716 2381 1771 similitudinem
2423 1714 3212 1791 aliquantulumcunjunctam.
3262 1714 3335 1766 lix

1772 1808 1972 1878 quibus
1994 1809 2201 1877 pateﬁt,
2261 1809 2723 1876 quemadmodum
2776 1808 2994 1861 bonitas
3042 1820 3097 1861 et
3156 1809 3334 1877 ipsum

1777 1899 2062 1969 pulcltrum
2092 1900 2144 1953 in
2185 1899 2293 1953 Deo
2336 1888 2659 1968 c0pulantur
2689 1919 2703 1965 ;
2735 1908 2787 1953 et
2818 1900 2958 1953 idem
2998 1912 3077 1953 est
3134 1901 3335 1964 bonum

1777 1996 1938 2058 atque
1966 1988 2275 2057 pulchrum,
2313 2000 2463 2044 extra
2504 1989 2671 2042 Deum
2700 1987 2848 2052 veio,
2881 2000 2935 2043 et
2966 1991 3017 2043 in
3070 1992 3342 2045 creaturis

1777 2080 1897 2149 ejus
1928 2080 2161 2135 discreta
2194 2089 2344 2147 sunt,
2372 2081 2786 2151 passionesque,
2824 2089 2875 2134 et
2909 2082 3207 2135 accidentia
3234 2099 3335 2141 utt-

1779 2182 2083 2225 merantur.
2130 2170 2305 2225 Etiam
2373 2172 2758 2240 proprietatem
2827 2172 3021 2227 horum
3082 2174 3342 2243 intelligeo

1783 2277 1927 2326 mus,
1963 2264 2007 2317 si
2050 2280 2170 2333 quae
2202 2262 2333 2317 dicit
2384 2279 2637 2319 summus
2701 2264 2982 2333 theologus
3051 2265 3343 2336 Dionysius

1782 2354 2161 2410 advertimus:
2232 2355 2366 2408 Boni
2427 2357 2596 2419 enim,
2657 2356 2854 2424 inquit,
2920 2373 3144 2425 nomen,
3201 2360 3348 2426 quod

1784 2447 2064 2500 universas
2093 2448 2469 2503 emanationcs
2500 2450 2744 2504 auctoris
2788 2450 3034 2506 omnium
3083 2451 3346 2515 declarat.

1785 2538 1838 2590 in
1873 2553 1932 2592 ea
1964 2554 2087 2608 qua:
2126 2547 2274 2602 sunt,
2298 2546 2349 2592 et
2390 2554 2508 2608 qua:
2536 2554 2644 2593 non
2668 2550 2816 2605 sunt,
2854 2530 3091 2597 tenditur
3125 2552 3177 2597 et
3224 2558 3352 2615 por-

1787 2629 2016 2698 rigitur;
2048 2638 2103 2683 et
2133 2644 2295 2697 supra
2316 2629 2499 2683 omnia
2528 2638 2649 2698 qna:
2677 2640 2825 2697 sunt,
2853 2644 2906 2686 et
2927 2648 3049 2701 qua:
3067 2648 3172 2688 non
3199 2645 3326 2688 sunt

1786 2730 1871 2781 est
1906 2737 1920 2775 :
1954 2721 2000 2779 si
2030 2731 2210 2775 autem
2245 2721 2447 2775 bonum
2476 2720 2715 2791 idipsutn
2773 2737 2898 2777 cum
2953 2724 3182 2793 pulchro
3242 2737 3347 2787 est,

1789 2828 2134 2868 communem
2160 2816 2385 2868 omnino
2412 2828 2539 2868 cum
2570 2830 2637 2870 eo
2671 2816 3056 2885 proprietatem
3095 2818 3351 2882 habebit;

1800 2907 2011 2975 eritque
2052 2908 2355 2979 proprietas
2387 2907 2603 2979 pulchri
2660 2908 2805 2969 tendi
2846 2909 2899 2971 in
2921 2924 2983 2970 ea
3034 2926 3160 2985 quae
3203 2920 3356 2976 sunt.

1789 3008 1841 3052 et
1868 3014 1990 3067 quae
2012 3015 2116 3053 non
2147 3010 2294 3062 sunt,
2330 3011 2577 3083 propter;
2586 3001 2871 3075 pulchrum
2907 3003 3051 3059 enim
3077 3012 3129 3057 et
3151 3004 3351 3058 bonum

1792 3100 1987 3145 cuneta
2018 3091 2285 3160 producta
2316 3103 2468 3156 sunt,
2511 3093 2621 3146 imo
2652 3102 2875 3162 propter
2898 3093 3011 3146 haec
3036 3096 3176 3162 ipsa,
3238 3096 3357 3165 pul-

156 3186 273 3255 quod
303 3187 355 3241 iu
385 3196 644 3241 creatura
676 3184 1106 3255 distinguuntur,
1154 3196 1209 3239 et
1269 3201 1388 3255 quae
1442 3187 1681 3255 ipsorum
1716 3219 1762 3283 ϐ
1795 3184 1987 3235 chrum
2021 3183 2140 3237 dico
2179 3192 2230 3238 et
2261 3185 2488 3248 bonum,
2522 3186 2651 3253 item
2683 3200 2745 3241 ea
2782 3201 2900 3259 quae.
2936 3204 3041 3247 non
3072 3195 3222 3252 sunt,
3253 3206 3359 3242 non

159 3279 405 3333 nominum
441 3277 768 3346 preprietas,
795 3291 863 3330 ex
906 3277 989 3330 his
1051 3275 1400 3333 manifestum
1450 3278 1540 3333 sit.
1590 3276 1690 3348 Sy-

157 3370 303 3424 nedus
331 3380 520 3425 contra
552 3369 878 3424 Manichaeos
897 3368 964 3422 ab
985 3369 1245 3439 episcopo
1301 3369 1480 3425 Caron
1533 3370 1689 3425 habi-

158 3462 426 3530 taQqutcin
454 3460 709 3515 Pauariis
775 3462 966 3523 fertur,
1021 3461 1133 3516 ait:
1197 3461 1405 3516 Bonum
1469 3464 1521 3516 in
1584 3463 1691 3516 Deo

157 3555 431 3611 substantia
482 3562 587 3616 est,
638 3553 696 3606 iu
748 3553 1021 3607 creaturis
1073 3563 1254 3607 autem
1298 3553 1575 3608 accidens.
1628 3552 1693 3607 Et

161 3642 276 3695 idem
300 3644 501 3698 ibidem
534 3657 555 3695 τ
576 3642 804 3703 Bonitas
830 3644 1001 3708 enim,
1037 3658 1160 3713 quae
1186 3644 1242 3697 in
1276 3644 1531 3699 universo
1576 3660 1694 3699 cer-

162 3732 304 3799 aitur,
335 3735 697 3791 intensioaem
726 3743 780 3788 et
822 3735 1200 3793 remissionem
1237 3746 1294 3789 ut
1318 3737 1573 3791 accidens
1605 3752 1693 3791 rc-

162 3822 287 3890 cipit.
321 3824 385 3883 Et
409 3824 702 3893 Dionysius
731 3825 906 3894 capite
936 3824 1151 3880 decimo
1177 3827 1337 3880 tertio
1378 3826 1451 3880 De
1504 3827 1695 3881 divinis

165 3916 455 3981 nominibus,
507 3913 620 3970 Nec
684 3918 881 3986 ipsum,
937 3916 1136 3987 inquit,
1195 3932 1393 3972 nomen
1443 3918 1700 3974 b0uitatis

166 4004 408 4059 divinitati
469 4015 727 4075 tanquam
787 4015 973 4075 aptum
1049 4009 1551 4073 accommodamus,
1603 4008 1696 4065 sed

171 4096 412 4152 desiderio
436 4098 638 4167 aliquid
684 4098 1018 4169 inu‘lligendi
1039 4108 1099 4154 et
1126 4098 1348 4153 dicendi
1378 4101 1445 4155 de
1503 4112 1699 4156 natura

174 4188 245 4241 illa
270 4204 458 4243 arcana
486 4201 539 4243 et
570 4190 850 4253 inetfabili,
897 4192 1043 4267 quod
1098 4200 1181 4245 est
1224 4192 1464 4246 omnium
1530 4196 1702 4248 nomi~

174 4292 280 4331 num
312 4282 539 4335 maxime
588 4282 917 4345 venerabile,
971 4284 1073 4353 ipsi
1122 4284 1358 4351 primum
1418 4301 1705 4339 consrcra«

179 4370 399 4435 musllbi
426 4386 660 4428 sanctus
693 4373 959 4429 Maximus
993 4393 1006 4427 :
1040 4375 1121 4428 0b
1152 4376 1291 4429 hanc
1313 4392 1559 4443 causam,
1617 4381 1704 4432 in-

1795 3283 1924 3328 sunt
1953 3276 2235 3344 producta,
2274 3278 2530 3345 quoniam
2558 3294 2699 3341 unus
2725 3279 2803 3334 sol
2831 3289 3052 3348 prepter
3079 3280 3280 3335 bonum
3306 3290 3363 3334 et

1797 3367 2087 3434 pulchrum
2120 3369 2295 3423 lactus
2327 3379 2430 3434 est,
2458 3380 2511 3422 ct
2539 3370 2675 3425 alter
2715 3371 2795 3424 sol
2827 3371 2917 3439 qui
2950 3386 3054 3424 non
3104 3383 3206 3437 est,
3241 3388 3365 3441 pro-

1798 3465 1914 3524 pter
1948 3459 2145 3511 bonum
2176 3458 2302 3510 item
2337 3469 2388 3512 et
2416 3459 2701 3526 pulchrum
2726 3475 2833 3513 non
2870 3470 2953 3515 est
3006 3460 3181 3516 lactus
3209 3479 3221 3514 :
3258 3462 3364 3515 ila-

1800 3568 1904 3619 que
1930 3553 2036 3605 duo
2071 3567 2175 3604 non
2202 3560 2329 3605 sunt
2360 3550 2486 3604 facti
2513 3560 2730 3620 propter
2752 3553 2999 3611 eamdem
3064 3552 3362 3608 bonitatem

1802 3654 1855 3699 et
1882 3645 2366 3712 pulchritudinem.
2394 3644 2450 3700 Si
2474 3645 2619 3698 enim
2652 3659 2821 3699 unum
2869 3646 3039 3700 solem
3076 3648 3127 3700 in
3172 3650 3367 3703 ardore

1800 3735 1948 3789 ferre
1975 3751 2080 3789 non
2117 3750 2430 3804 possumus,
2460 3738 2503 3789 si
2538 3736 2645 3790 duo
2671 3745 2875 3813 essent,
2913 3737 3035 3805 quis
3082 3755 3187 3793 non
3220 3756 3370 3797 com-

1770 3823 2002 3879 ‘bustus
2047 3826 2411 3880 remaneret?
2465 3825 2693 3901 Propter
2741 3827 3038 3883 bonitatem
3103 3830 3268 3898 igitur
3315 3843 3371 3888 et

1806 3916 2271 3985 pulchritudinem
2300 3918 2465 3972 etiam
2493 3918 2639 3986 quod
2697 3929 2929 3983 nonest,
2967 3936 3076 3975 non
3113 3936 3198 3976 est
3250 3924 3367 3979 {aco

1809 4018 1942 4062 tum.
1969 4008 2589 4063 Simuldemonstralum
2611 4018 2714 4074 est,
2732 4014 2914 4065 omnia
2938 4015 3157 4067 nomina
3182 4016 3233 4069 in
3262 4015 3373 4081 Deo

1810 4113 1917 4153 non
1952 4099 2118 4153 dividi
2157 4100 2209 4152 in
2258 4101 2710 4169 participatioues
2737 4113 2793 4159 et
2821 4105 3140 4174 participata
3172 4126 3185 4161 :
3217 4119 3373 4163 extra

1812 4194 1981 4251 Deum
2022 4200 2224 4257 autem,
2258 4207 2383 4246 cum
2420 4195 2599 4260 agitur
2630 4196 2697 4248 de
2729 4196 3195 4261 emanationibus,
3240 4209 3373 4252 tunc

1811 4294 1865 4338 et
1885 4284 2353 4354 participationes,
2386 4296 2438 4338 et
2495 4286 2799 4355 passiones,
2841 4296 2897 4339 et
2946 4290 3247 4342 accidentia
3290 4306 3375 4343 re-

1812 4388 2074 4448 putautur
2104 4394 2117 4429 :
2144 4378 2285 4432 sicut
2315 4388 2495 4431 mutus
2522 4378 2575 4430 iu
2637 4379 2950 4443 mobilibus,
3008 4392 3060 4433 et
3116 4383 3377 4449 Operatio-

179 4462 293 4526 quit.
324 4480 505 4519 nomen
545 4466 671 4519 boni
708 4476 800 4518 aut
834 4466 1044 4532 pulchri
1083 4482 1185 4520 nou
1223 4471 1439 4537 proprie
1489 4486 1702 4525 accom-
1814 4488 1910 4528 nes
1977 4471 2032 4523 in
2090 4469 2335 4535 eD‘ectis;
2393 4484 2493 4525 nec
2546 4485 2669 4538 quae
2720 4471 2842 4527 talia
2878 4482 3025 4536 sunt,
3061 4473 3381 4529 substantia

184 4556 401 4610 modatur
426 4558 551 4620 Deo,
592 4557 718 4626 quia
756 4557 866 4610 haec
909 4557 961 4611 itt
994 4559 1155 4613 rebus
1181 4562 1528 4628 reperiuntur
1562 4582 1574 4617 :
1627 4567 1707 4620 sic
1743 4572 1783 4626 ι)
1814 4566 2097 4629 dicuntur,
2130 4565 2259 4634 quia
2290 4573 2352 4617 ut
2381 4574 2541 4618 antea
2590 4566 3023 4627 demonstratum
3076 4578 3181 4633 cst,
3252 4581 3382 4625 tunc
3442 4612 3443 4617 η

182 4645 591 4725 etiatnstqierius
623 4649 830 4711 dictum
854 4649 1117 4718 reptaies.
1138 4652 1274 4719 quia
1332 4653 1447 4707 ha-c
1502 4656 1707 4721 passio-
1815 4667 1964 4722 sunt,
1997 4672 2119 4711 cum
2150 4656 2304 4709 ﬁunt.

242 4833 282 4864 δ’
307 4835 448 4892 Cant.
483 4852 523 4904 l,
558 4837 648 4903 15,
726 4836 769 4868 ³⁸
799 4836 941 4892 Psal.
969 4852 1110 4903 μιν,
1143 4837 1194 4891 5.

1634 4955 1904 5017 Schoha.

254 5064 320 5137 (ὅ)
350 5063 537 5127 Omnia
598 5071 883 5137 secundum
943 5076 1152 5137 omnem
1202 5075 1416 5117 causam
1449 5058 1724 5137 pulchrum
1827 5062 2113 5137 auferendo
2152 5064 2351 5137 omnia.
2403 5062 2632 5137 Exponit
2687 5068 2904 5136 quando
2957 5071 3099 5137 quod
3141 5085 3243 5125 non
3278 5081 3383 5136 est,

192 5136 431 5205 cl_bonum
458 5144 725 5202 appetuiu.
767 5132 907 5205 Quia
962 5130 1106 5205 Deus
1130 5141 1211 5205 est
1250 5145 1410 5185 causa
1482 5132 1725 5205 omnium
1826 5135 2121 5205 participat
2148 5134 2433 5205 pulchrum
2467 5130 2778 5205 et‘bonttin,
2807 5130 3027 5205 quando
3054 5142 3261 5194 scilicet
3290 5130 3387 5195 ali;

196 5202 422 5279 edertrix,
459 5200 547 5271 qui
580 5218 703 5257 cum
743 5202 998 5278 omnibus
1027 5200 1322 5279 bonitatem
1365 5209 1422 5279 et
1475 5200 1723 5279 pulcltri-
1826 5200 1950 5279 quis
1969 5200 2098 5279 dicit
2119 5202 2265 5279 :_H_uc
2284 5217 2390 5255 non
2418 5212 2499 5257 cst
2527 5202 2685 5264 Deus.
2709 5200 2978 5279 necilltnl,
3001 5211 3090 5263 sed
3117 5222 3197 5265 est
3226 5227 3390 5279 supra

197 5268 1001 5343 tudinetn'suautcommunicat,
1025 5268 1241 5343 ct__qt_tia
1282 5270 1409 5343 linis
1456 5270 1723 5343 omnium,
1828 5268 1943 5327 haec
1970 5289 1985 5336 ;
2013 5273 2111 5326 hoc
2141 5274 2303 5341 igitur
2339 5288 2444 5325 nou
2473 5289 2610 5333 esse,
2646 5278 2848 5328 ablatio
2876 5268 3093 5343 inquam
3124 5268 3389 5343 omnium,

202 5344 351 5395 munia
380 5346 513 5396 enim
574 5342 718 5395 facta
771 5350 919 5414 sunt,
955 5348 1012 5391 ut
1064 5338 1305 5414 divinam
1344 5339 1727 5414 bonitatem_et
1828 5338 2187 5414 sivenegatin
2213 5343 2497 5410 participat
2522 5345 2805 5413 pulchrum
2839 5356 2890 5400 et
2942 5338 3167 5406 bonum,
3200 5338 3387 5414 ιιιιειιθξ

204 5415 643 5475 pulchritudinem,
686 5423 743 5464 ut
774 5409 1013 5478 quidque
1051 5415 1251 5477 potest,
1282 5409 1580 5462 imitentur.
1626 5408 1725 5463 Est
1829 5428 1929 5466 nus
1956 5408 2095 5465 Deus
2123 5414 2323 5466 dicitur
2361 5408 2464 5464 non
2500 5408 2640 5468 esse.
2702 5417 2881 5469 Potest
2933 5420 3093 5468 etiam
3128 5408 3231 5472 dtci
3310 5420 3395 5474 hic

206 5494 424 5556 prater-ea
462 5498 622 5538 causa
648 5478 1161 5556 esetuplatisDeus,
1184 5479 1307 5544 quia
1331 5480 1513 5556 omnia
1536 5480 1723 5556 prius-
1826 5498 1933 5535 non
1988 5497 2107 5535 esse
2141 5483 2454 5556 materiaut
2483 5485 2586 5535 dici
2629 5487 2766 5538 solet
2812 5503 2840 5538 a
2872 5487 3150 5556 llinttysitt,
3204 5499 3396 5556 quate-

204 5565 335 5613 quatn
377 5552 577 5617 tierent,
611 5565 662 5605 et
688 5554 828 5605 inter
857 5564 925 5622 se
956 5549 1441 5622 distinguereutur,
1500 5549 1554 5601 in
1601 5551 1717 5617 ipso
1830 5568 1931 5605 nus
1960 5568 2158 5616 expers
2184 5562 2266 5605 est
2294 5553 2530 5620 pulchra
2554 5555 2758 5613 fortine,
2790 5565 2965 5622 potest
2999 5549 3120 5608 item
3149 5549 3250 5611 dici
3290 5574 3395 5611 non

205 5628 350 5681 erant,
375 5633 424 5674 et
452 5624 743 5679 secundum
770 5619 1005 5675 rationes
1046 5627 1099 5671 et
1128 5618 1454 5685 exemplaria
1476 5622 1720 5686 omnium
1826 5637 1947 5676 esse
1978 5622 2200 5685 malum,
2231 5618 2304 5675 ut'
2334 5624 2497 5675 etiam
2528 5624 2661 5676 alias
2694 5618 2917 5686 dicitur,
2968 5635 3016 5677 cl
3070 5629 3169 5679 hoc
3231 5631 3394 5682 etiam

206 5702 305 5750 una:
361 5693 411 5745 in
469 5708 527 5748 se
591 5692 847 5755 habebat,
919 5692 1103 5743 omnia
1174 5692 1314 5746 facta
1376 5698 1429 5742 et
1484 5692 1721 5745 discreta
1829 5694 2117 5766 participat
2174 5695 2395 5766 bonum,
2448 5696 2573 5766 quia
2632 5695 2687 5747 ﬁt
2722 5708 2942 5766 promer
2988 5698 3217 5763 aliquid,
3252 5702 3397 5766 quod

211 5766 333 5833 sunt.
379 5828 399 5833 Δ
543 5832 549 5833 7
644 5830 655 5833 _
727 5827 757 5833 Δ
829 5787 836 5793 ι
890 5827 900 5833 _
997 5826 1007 5833 _
1448 5829 1457 5833 _
1626 5831 1633 5833 ξ
1830 5762 2116 5829 pulchrum
2155 5773 2207 5817 ct
2234 5764 2435 5820 bonum
2467 5763 2698 5819 videtur.
2726 5762 2817 5818 Ex
2862 5765 2917 5819 S.
2964 5762 3225 5833 Maximo,
3256 5762 3396 5826 etes

272 5826 329 5897 (Α)
367 5828 584 5896 Quando
638 5830 689 5884 in
716 5827 829 5883 Deo
880 5826 1135 5881 laudatur
1175 5843 1333 5899 supra
1377 5829 1725 5885 substantiam
1824 5826 2171 5902 Pacbymcro.

486 5925 749 5988 PATROL.
795 5924 911 5984 Gn;
957 5923 1127 5985 ειη.

919 5690 1103 5743 omnia
1174 5684 1314 5746 facta
1376 5698 1429 5742 et
1484 5684 1721 5745 discreta

3012 5929 3087 5990 26
