3860 6572
169 403 248 467 813

795 392 1030 451 necas
1069 393 1215 456 v.—-
1254 391 1352 451 ns
1383 349 2044 455 PROPRIETATlliUS
2086 386 2321 449 nivm.
2362 382 2639 446 NOMIN.

3233 374 3342 442 814

168 524 280 566 nunc
307 519 415 560 vero
452 500 726 557 amabilem
780 511 832 555 et
869 501 1172 555 dilectum?
1206 500 1352 556 illius
1406 501 1649 569 quidem,
1683 517 1724 571 Α
1775 495 2042 563 principio
2069 493 2459 562 carenszquod
2493 492 2708 558 quidem
2735 486 3063 543 desiderium
3088 496 3335 544 nostrum

169 602 315 660 idest,
366 594 549 648 amoris
599 607 662 647 ac
693 591 1002 647 dilectionis
1034 601 1247 655 auctor,
1289 601 1344 646 et
1401 602 1660 669 tanquam

166 689 407 759 productor
449 692 500 737 et
556 691 841 753 generator
891 692 991 748 est;
1046 683 1149 737 hoc
1206 694 1412 747 autem,
1481 682 1532 735 id
1583 688 1669 735 est

166 778 367 834 amabilis
388 784 438 831 et
466 775 831 843 dilectusipse
864 784 966 840 εει,
1023 774 1113 828 illo
1144 775 1387 843 quidem,
1452 775 1503 827 id
1563 782 1668 839 est,

166 876 383 924 arnoreet
407 864 691 919 dilectione
721 876 1005 928 movetur;
1062 864 1166 917 hoc
1214 874 1418 929 autem,
1465 864 1513 918 id
1564 873 1667 928 est,
1698 891 1720 907 ο

172 968 214 1012 ιιι
240 956 459 1009 amabilis
487 965 537 1006 et
566 953 798 1008 dilectus
828 964 1028 1019 movet,
1063 956 1186 1023 quia
1209 970 1267 1009 se
1296 955 1411 1024 ipse
1427 955 1669 1020 adducit,

164 1063 203 1103 et
226 1048 309 1102 sibi
330 1045 534 1100 adducit
560 1053 614 1098 et
637 1052 845 1099 movet:
873 1044 975 1098 hac
992 1056 1168 1099 autent
1188 1045 1395 1099 ratione
1412 1045 1669 1098 dilectum

162 1150 201 1193 et
238 1136 488 1189 amabilem
538 1149 657 1187 eum
714 1142 925 1200 vocant,
975 1142 1225 1200 tanquam
1274 1131 1558 1201 pulchrum
1616 1140 1671 1182 et

164 1232 324 1285 bonum
354 1244 366 1279 :
399 1241 630 1279 amorem
665 1210 793 1278 vero
866 1238 1057 1278 rursus
1098 1234 1150 1276 et
1181 1222 1522 1277 dilectionem
1552 1229 1671 1274 tan-

167 1338 293 1395 quam
315 1327 607 1372 moventem
642 1316 739 1385 (i),
767 1331 888 1371 eum
919 1316 1127 1371 scilicet
1177 1317 1242 1369 ad
1299 1324 1596 1375 creaturas,
1623 1321 1676 1365 et

160 1416 579 1471 adaecreaturas
610 1408 989 1474 adducentem,
1040 1408 1133 1477 qui
1175 1408 1324 1463 solus
1368 1417 1453 1463 est
1497 1408 1673 1476 ipsum

159 1512 338 1572 propter
368 1516 424 1555 se
455 1502 740 1571 pulchrum
770 1508 823 1552 et
844 1500 1048 1553 boatuin
1076 1510 1129 1552 et
1160 1509 1415 1569 tanquam
1439 1500 1670 1555 indicem

160 1596 222 1650 sui
247 1595 397 1663 ipsius
442 1608 539 1664 per
594 1593 857 1656 seipsum,
891 1601 946 1645 et
995 1601 1053 1644 ut
1096 1592 1295 1645 bonum
1332 1606 1673 1661 progressum

160 1686 396 1755 superlata
459 1684 702 1749 unionis,
743 1694 797 1737 et
843 1684 1165 1736 amatoriam
1220 1685 1511 1738 motionem
1571 1685 1672 1754 (9),

156 1777 432 1846 simplicem,
492 1791 591 1844 per
649 1788 708 1829 se
748 1774 1023 1838 mobilem,
1076 1788 1171 1843 per
1220 1790 1278 1827 se
1334 1787 1671 1845 Operantem,

1782 590 1833 640 in
1870 589 2036 640 Deum
2068 586 2328 640 declarat.
2373 585 2605 638 Adverte
2633 593 2837 644 autem,
2878 579 3334 650 quemadmodum

1772 678 2038 732 circulum
2074 678 2205 730 dicit
2240 680 2294 730 in
2330 677 2495 742 bono,
2550 676 2932 746 progrediente
2983 674 3076 728 illo
3114 672 3333 742 quidem

1771 784 1827 823 in
1853 784 1915 823 ea
1942 783 2062 838 quae
2084 768 2185 822 sub
2203 767 2611 835 intelligentiam
2645 774 2699 820 et
2741 768 2843 821 sub
2864 781 3083 822 sensum
3111 765 3339 828 cadunt,

1771 870 1825 916 et
1873 875 2062 915 rursus
2094 861 2158 913 ad
2191 860 2431 929 seipsum
2492 860 2581 914 illa
2639 867 3011 924 convertente,
3066 867 3121 912 ει
3164 871 3342 926 neque

1771 959 2043 1015 cessante,
2079 966 2254 1021 neque
2280 952 2518 1006 ﬁniente.
2548 952 2626 1021 Ac
2651 966 2843 1006 rursus
2877 950 3018 1005 idem
3051 951 3341 1021 Dionysius

1782 1044 1836 1097 in
1862 1044 2052 1098 eodem
2075 1043 2275 1112 capite.
2312 1040 2378 1095 Et
2408 1042 2530 1104 hoc,
2573 1041 2771 1109 inquit,
2806 1056 2932 1095 vere
2960 1039 3226 1094 audemus
3258 1040 3343 1092 di-

1775 1149 1923 1196 cere,
1961 1135 2105 1201 quod
2144 1133 2260 1202 ipse
2298 1132 2389 1201 qui
2438 1141 2521 1186 est
2576 1132 2823 1184 omnium
2872 1145 3061 1194 causa,
3123 1138 3346 1197 propter

1780 1227 2162 1284 excellentiam
2204 1226 2461 1281 bonitatis
2484 1226 2663 1278 omnia
2696 1232 2862 1287 amat,
2897 1221 3078 1277 omnia
3110 1222 3343 1292 perﬁcit,

1790 1320 1974 1373 omnia
2008 1320 2272 1383 continet,
2305 1318 2488 1372 omnia
2519 1316 2788 1369 convertit
2812 1315 2879 1369 ad
2909 1330 2999 1379 se;
3030 1323 3188 1370 etest
3208 1315 3347 1369 divi-

1777 1426 1882 1465 nus
1932 1425 2084 1464 amor
2113 1410 2292 1464 bonus
2327 1409 2451 1465 boni
2489 1414 2710 1476 propter
2760 1406 2984 1471 bonum,
3028 1405 3142 1474 ipse
3199 1408 3343 1460 enim

1775 1517 1928 1558 amor
1950 1501 2197 1566 divinus,
2246 1499 2337 1569 qui
2369 1499 2664 1552 bonitatem
2696 1497 2750 1551 in
2781 1496 2849 1551 iis
2878 1511 2999 1567 quae
3024 1504 3170 1559 sunt,
3211 1512 3346 1566 ope-

1778 1603 1949 1656 ratur,
1993 1591 2121 1659 quia
2173 1589 2323 1658 pritts
2349 1587 2551 1641 exstitit
2591 1588 2644 1640 in
2698 1587 2840 1641 bono
2899 1586 3191 1656 superlate,
3238 1602 3345 1639 non

1780 1685 1907 1739 sivit
1930 1684 2103 1752 ipsum
2126 1682 2256 1735 inse
2288 1681 2405 1735 sine
2428 1680 2537 1732 fetu
2572 1692 2817 1741 manere,
2842 1678 2935 1732 sed
2971 1677 3148 1747 potius
3180 1677 3350 1732 movit

1781 1792 1905 1831 eum
1941 1776 2007 1828 ad
2035 1774 2369 1842 operandum
2394 1769 2693 1826 secundum
2720 1770 3097 1825 excellentiam
3132 1770 3346 1825 virtutis

157 1870 273 1940 prius
292 1868 635 1922 exsistentem
667 1866 722 1925 in
741 1866 885 1920 bono
908 1875 1040 1919 etcx
1078 1865 1217 1919 bono
1247 1866 1300 1917 in
1323 1880 1383 1918 ea
1410 1880 1530 1934 quae
1551 1875 1676 1920 sunt
1711 1897 1748 1949 Β
1778 1882 1889 1921 suae
1920 1866 2167 1919 omnium
2218 1879 2400 1918 rerum
2455 1862 2768 1919 eﬂectricis.
2808 1861 2929 1928 Quo
2981 1863 3037 1916 in
3069 1862 3188 1916 loco
3217 1875 3349 1916 san-

159 1958 523 2019 rcdiuidantcm,
560 1969 624 2009 ac
645 1968 833 2009 rursus
871 1953 935 2007 ad
982 1953 1184 2006 bonum
1213 1961 1593 2014 revertentem,
1620 1951 1677 2008 iit

155 2065 235 2119 quo
259 2047 656 2117 perpetuitatem
690 2062 873 2109 suam,
900 2054 952 2102 et
978 2058 1161 2097 carere
1206 2058 1264 2096 se
1292 2041 1501 2109 origine
1536 2042 1674 2094 divi-

157 2155 235 2194 tius
274 2154 418 2194 amor
470 2139 801 2194 excellenter
854 2138 1208 2201 demonstrat,
1264 2135 1404 2191 sicut
1457 2133 1675 2204 quidam

156 2210 354 2284 aricinos
378 2229 643 2291 circulus,
675 2239 893 2299 propter
925 2228 1127 2282 bonum
1157 2228 1513 2281 conversione
1538 2226 1679 2280 iner-

153 2329 277 2375 rante
304 2318 822 2382 circumambulans,
846 2330 898 2373 et
920 2319 973 2372 in
999 2319 1189 2373 eodem
1213 2318 1509 2373 secundum
1535 2319 1674 2371 idem

150 2427 188 2468 et
219 2414 580 2484 progrediens,
616 2421 669 2467 et
702 2426 952 2476 manens,
982 2421 1035 2466 et
1071 2424 1371 2469 revertens.
1419 2410 1676 2476 Quasdam

152 2519 201 2559 ex
230 2507 302 2558 bis
337 2505 605 2558 adnoraus
638 2514 863 2557 sanctus
924 2501 1192 2556 Maximus
1256 2519 1271 2556 :
1339 2500 1677 2567 Dilectionis,

154 2596 311 2666 inquit,
327 2603 378 2650 et
414 2595 623 2648 amoris
652 2594 829 2662 ipsum
866 2592 1075 2648 scilicet
1112 2594 1278 2646 Deum
1316 2601 1473 2647 vocat
1510 2593 1679 2647 emis-

155 2695 394 2755 sorom,e,;
428 2697 760 2756 parentem:
796 2684 910 2753 ipse
952 2683 1093 2737 enim
1129 2684 1263 2748 haec,
1295 2700 1415 2753 quae
1464 2685 1519 2739 in
1566 2685 1682 2753 ipso

153 2790 292 2845 erant,
314 2779 570 2848 produxit
596 2778 649 2832 in
695 2792 757 2831 ea
786 2791 905 2847 quae
963 2775 1098 2830 foris
1128 2790 1278 2840 sunt,
1312 2776 1364 2829 id
1397 2784 1501 2839 est,
1538 2777 1681 2832 circa

154 2879 409 2923 creaturas.
457 2868 597 2922 Item
656 2866 799 2920 idem
848 2863 1046 2919 ibidem
1092 2865 1453 2920 :Amatorius
1501 2874 1685 2923 motus

154 2956 272 3024 prius
297 2955 567 3010 exsistens
610 2954 665 3008 in
699 2953 867 3017 bono,
917 2951 1167 3020 simplex,
1224 2967 1321 3021 per
1350 2966 1409 3007 se
1443 2954 1682 3018 mobilis,

156 3061 230 3113 per
267 3061 319 3102 se
363 3061 626 3117 operans,
688 3054 876 3115 postea
931 3041 1281 3113 providentiis
1337 3046 1578 3101 externis
1629 3046 1680 3100 in

157 3149 399 3194 creaturas
433 3138 792 3208 progrediens
824 3150 1021 3191 rursus
1067 3137 1257 3192 eodem
1283 3136 1444 3204 redit,
1492 3139 1595 3194 line
1629 3151 1683 3195 et

1779 1968 1898 2013 etus
1933 1958 2199 2010 Maximus
2229 1956 2457 2011 miriﬁce
2484 1957 2653 2021 dicit,
2706 1958 2849 2025 quod
2913 1955 3092 2009 bonus
3153 1969 3349 2018 amor,

1785 2051 1874 2119 qui
1912 2060 2034 2103 ante
2065 2051 2246 2102 omnia
2288 2051 2339 2102 in
2373 2049 2516 2103 bono
2535 2047 2765 2110 exstitit,
2794 2061 2901 2101 non
2937 2046 3201 2101 remansit
3228 2039 3349 2100 sine

1782 2143 1913 2208 fcto,
1950 2142 2042 2196 sed
2078 2143 2259 2210 potius
2290 2143 2491 2196 bonum
2516 2156 2757 2195 amorem
2792 2139 2949 2194 nobis
3000 2138 3225 2207 peperit,
3252 2151 3349 2205 per

1779 2251 1943 2304 quem
1968 2235 2256 2302 pulchrum
2286 2245 2339 2289 et
2366 2236 2565 2291 bonum
2592 2235 2918 2304 expetimus.
2948 2231 3190 2287 Observa
3222 2231 3349 2285 hinc

1779 2328 2023 2379 divinum
2059 2336 2287 2392 motum,
2315 2340 2471 2379 amor
2499 2325 2643 2380 enim
2685 2324 2950 2379 bonorum
2979 2322 3199 2377 elfector
3231 2336 3347 2374 ino-

1782 2415 1860 2469 vit
1890 2414 2059 2467 Dcum
2097 2414 2162 2469 ad
2199 2413 2591 2483 providendum
2628 2412 2807 2477 nobis,
2836 2418 2889 2466 et
2913 2421 2967 2466 ut
3002 2424 3101 2464 nos
3139 2406 3346 2462 consti-

1785 2517 1982 2572 tueret,
2019 2515 2074 2559 ut
2098 2520 2222 2559 cum
2259 2512 2589 2566 moveretur,
2622 2503 2961 2572 produceret.
3004 2511 3057 2554 et
3104 2516 3211 2552 non
3262 2514 3349 2550 re-

1784 2607 2023 2653 maneret
2045 2613 2238 2667 expers
2266 2596 2425 2652 l'etus.
2453 2596 2589 2651 llinc
2614 2594 2794 2649 evadit
2812 2592 3177 2653 manifestum,
3204 2591 3352 2658 quod

1786 2706 1978 2745 nomen
2008 2692 2216 2745 amoris
2271 2690 2515 2744 divinum
2560 2696 2615 2742 et
2672 2687 2977 2741 venerabile
3015 2701 3045 2739 a
3089 2683 3355 2754 principio,

1786 2784 2023 2851 theologi
2059 2782 2427 2848 celebrarunt;
2476 2794 2528 2838 et
2560 2782 2702 2853 quod
2734 2780 2874 2834 idem
2923 2788 3025 2841 est,
3073 2775 3352 2831 eamdem-

1785 2890 1894 2945 que
1922 2876 2027 2929 vim
2059 2856 2223 2929 habei
2243 2889 2438 2929 nomen
2471 2874 2675 2929 amoris
2708 2870 3109 2934 etdilectionis,
3133 2867 3354 2938 etquod

1791 2965 2063 3021 estetiam
2122 2963 2417 3020 exsraticus
2444 2978 2599 3019 amor
2627 2962 2867 3027 divinus,
2918 2961 3008 3031 qui
3061 2974 3169 3014 non
3222 2957 3357 3014 sinit

1784 3066 2029 3109 amantes
2057 3070 2182 3110 esse
2210 3070 2364 3121 suos,
2392 3057 2486 3111 sed
2504 3070 2694 3109 eorum
2719 3069 2857 3125 quos
2886 3062 3091 3115 amant;
3125 3060 3179 3106 et
3204 3049 3354 3119 quod

1787 3146 2141 3215 providentiae
2178 3160 2363 3202 rerum
2400 3157 2554 3203 extra
2593 3146 2764 3201 Deum
2797 3154 2945 3211 sunt,
2970 3153 3022 3199 et
3053 3142 3351 3200 secundum

1621 3284 1891 3351 Scholia.

158 3410 542 3490 Deiis__charit_as
564 3417 669 3474 est,
692 3415 910 3487 propter
943 3416 1222 3490 creaturas
1250 3423 1385 3477 quas
1411 3411 1679 3490 produxit,

1791 3419 2029 3473 secunda
2049 3420 2349 3490 proprietas
2370 3419 2649 3473 charitatis
2670 3429 2771 3480 est,
2796 3415 2939 3490 quod
2960 3413 3086 3468 facit
3106 3421 3166 3490 ut
3187 3411 3234 3467 is
3255 3413 3353 3483 qui

152 3492 213 3534 est
241 3482 428 3548 alioqai
462 3482 629 3543 Deus,
674 3495 741 3530 ne
772 3477 897 3548 quis
941 3477 1043 3530 hoc
1077 3479 1190 3530 tolli
1225 3486 1373 3546 putet
1394 3477 1685 3536 {absolute

151 3551 241 3618 ipsa
265 3546 428 3619 per—se
447 3548 691 3603 ebaritas
717 3546 1011 3615 superlata,
1050 3562 1160 3602 non
1207 3561 1411 3615 creata,
1445 3554 1537 3604 sed
1564 3567 1683 3604 om-

149 3622 270 3672 nium
297 3621 552 3673 creatrix.

207 3688 275 3758 (5)
330 3686 940 3758 Tanquamumoceutem.
981 3682 1299 3758 Observavit
1326 3688 1414 3743 hic
1439 3689 1495 3742 S.
1540 3686 1685 3743 Tho-

155 3753 248 3810 mas
260 3753 549 3828 triplicem
567 3753 818 3809 eﬂ‘ectuin
840 3756 1069 3828 amoris,
1085 3756 1215 3828 rsive
1239 3760 1541 3824 charitatis,
1577 3762 1688 3828 pri—

156 3842 256 3881 mus
273 3824 369 3891 est,
402 3825 554 3895 quod
582 3838 757 3889 amor,
807 3824 921 3895 sive
943 3824 1183 3895 eharitas
1214 3837 1391 3881 movet
1415 3824 1686 3881 amaniem

157 3897 212 3949 ad
240 3892 628 3963 Operationein,
659 3894 800 3963 unde
838 3892 920 3960 (ut
946 3894 1048 3947 hoc
1084 3894 1262 3963 obiter
1283 3896 1598 3951 observetur
1634 3898 1686 3951 in

159 3961 435 4032 haereticos,
469 3964 572 4033 qui
605 3961 876 4015 hominem
900 3976 993 4028 per
1016 3962 1185 4017 solam
1220 3964 1377 4017 ﬁdem
1406 3965 1686 4033 justiﬁeari

123 4025 370 4104 ‘tradunt)
404 4025 556 4088 sicin.
601 4045 742 4104 aqua
788 4025 1153 4104 Operationeni
1179 4033 1247 4086 ab
1292 4025 1432 4102 igne',
1487 4037 1689 4089 scilicet

152 4103 538 4158 calefactionem
573 4103 782 4166 recipit,
807 4112 861 4153 et
886 4103 1062 4154 ealelit
1099 4103 1360 4171 (operatio
1393 4104 1689 4171 eniinignis

152 4186 319 4239 aquam
355 4173 586 4240 movet),
615 4172 855 4241 sic_lides
886 4172 1257 4241 operationem
1287 4173 1476 4241 recipit
1496 4188 1524 4226 a
1555 4172 1688 4227 cha-

151 4255 306 4307 rnate,
361 4258 467 4311 qua
508 4239 820 4309 operatione
861 4240 1025 4311 veluti
1046 4241 1366 4311 _viviﬁcatur
1401 4239 1467 4295 et
1516 4246 1692 4298 ealelit

155 4320 197 4362 et
218 4305 324 4365 sine
346 4305 407 4365 ea
436 4305 621 4378 friget,
654 4316 799 4381 et‘ut
832 4308 906 4360 ait
942 4308 1002 4381 Β.
1039 4305 1272 4364 Jacobus
1296 4314 1433 4379 (cap.
1457 4314 1519 4381 ii)
1544 4328 1690 4366 inor-

154 4390 227 4451 tua
264 4390 361 4442 est,
410 4397 480 4434 ex
521 4377 643 4447 quo
686 4377 783 4451 tit,
832 4385 896 4451 (ut
940 4379 1249 4451 hujusniodi
1291 4377 1421 4435 ﬁdes
1444 4377 1533 4447 sit,
1571 4398 1690 4451 quae

154 4448 195 4499 in
229 4450 438 4504 Christo
459 4452 629 4521 valet,
651 4449 793 4501 sicut
815 4448 1187 4521 Apostolusad
1212 4448 1428 4521 Galatas
1463 4448 1603 4519 (cap;
1636 4456 1686 4521 ν)

153 4521 365 4585 Scripsit,
411 4520 863 4587 quzepinquam,
929 4533 1020 4582 per
1072 4517 1391 4572 eharitatem
1444 4517 1691 4575 movetur

151 4588 337 4640 scilicet
390 4586 523 4657 erga
577 4586 782 4657 Deum;
813 4588 1083 4640 secundus
1135 4588 1278 4639 enim
1316 4587 1536 4643 cﬂectus
1582 4602 1685 4657 est,

148 4659 271 4723 quod
292 4656 475 4710 movet
508 4656 874 4724 operationem
935 4669 1058 4723 erga
1099 4668 1359 4723 amatum,
1415 4660 1556 4714 unde
1611 4663 1691 4714 sic

1788 3504 2027 3542 amorem
2051 3483 2177 3544 'sive
2200 3491 2517 3545 eharitatem
2544 3490 2720 3549 habet,
2753 3483 2825 3539 ad
2850 3501 2974 3540 eum
3003 3483 3207 3545 tendat,
3223 3498 3352 3553 erga

1789 3574 1947 3625 quem
1984 3560 2143 3614 habet
2173 3561 2509 3621 eharitatem,
2543 3570 2728 3611 contra
2752 3566 2914 3625 atque
2943 3555 3070 3607 facit
3090 3552 3348 3623 cognitio,

1790 3644 1907 3696 quae
1929 3645 2037 3681 rem
2064 3630 2333 3700 cognitam
2374 3630 2536 3683 trahit
2591 3628 2655 3681 ad
2705 3632 3165 3700 engnoscentemi
3196 3637 3354 3676 amor

1789 3693 1918 3752 vero
1945 3699 2107 3752 trahit
2130 3693 2397 3753 amantem
2423 3700 2487 3751 ad
2506 3714 2627 3750 cum
2652 3693 2808 3764 quem
2838 3704 3009 3764 amat;
3031 3693 3203 3764 tertia
3230 3707 3355 3760 pro-

1791 3768 1990 3833 prietas
2020 3778 2124 3833 est,
2157 3785 2276 3823 esse
2309 3769 2604 3837 simplicem
2637 3763 2847 3837 motum
2890 3763 3191 3837 eharitatis,
3222 3764 3352 3830 quia

1790 3848 1871 3890 est
1907 3840 2115 3905 primus
2135 3848 2314 3893 motus
2340 3833 2609 3907 appetitus
2651 3854 2665 3891 :
2698 3846 2750 3889 et
2770 3835 3002 3907 primum
3023 3833 3073 3885 in
3099 3845 3353 3899 unoquo-

1791 3922 1895 3977 qui:
1912 3904 2112 3977 genere
2139 3918 2349 3977 oportet
2377 3904 2428 3962 ui
2463 3909 2535 3962 sit
2557 3907 2808 3975 simplex,
2830 3904 2955 3973 quia
2978 3918 3122 3956 exeo
3149 3911 3347 3977 eajtera

1792 3971 1845 4028 in
1875 3971 1941 4029 eti
1969 3971 2486 4046 genere'composita
2515 3971 2813 4041 exsisiunt;
2840 3971 3031 4041 quarta
3049 3971 3352 4040 proprietas

1793 4056 1894 4111 est,
1938 4061 2056 4115 esse
2087 4061 2181 4115 per
2203 4060 2261 4101 se
2296 4048 2571 4108 mobilem,
2600 4047 2727 4114 quia
2779 4048 2829 4097 in
2870 4057 3199 4111 unoquoque
3254 4056 3349 4108 ge-

1793 4114 2195 4185 iierepriuseSt
2228 4118 2370 4185 quod
2394 4127 2473 4168 est
2502 4131 2594 4182 per
2622 4129 2700 4177 se,
2755 4128 2915 4182 quam
2943 4116 3086 4185 quod
3115 4119 3198 4163 est
3256 4125 3351 4177 per

1792 4184 1961 4246 aliud;
2012 4184 2152 4237 unde
2210 4183 2263 4237 iii
2314 4200 2511 4253 genere
2562 4196 2741 4236 motus
2776 4183 3081 4250 appetentis
3130 4188 3351 4253 oportet

1795 4264 1853 4305 ut
1886 4254 2095 4321 primus
2123 4248 2440 4321 motus,'qui
2470 4263 2552 4306 est
2577 4248 2968 4321 amor,sit’per
2996 4264 3055 4302 se
3107 4248 3347 4321 mobilis,

1794 4317 1940 4376 unde
1977 4323 2138 4376 timor
2176 4326 2303 4391 quia
2332 4317 2413 4376 est
2444 4326 2587 4375 sicut
2616 4331 2797 4374 motus
2832 4317 3100 4391 violentus
3142 4317 3352 4391 extrin-

1792 4406 1951 4445 secus
2006 4388 2293 4457 accedens,
2323 4408 2427 4444 non
2456 4402 2536 4445 «πει
2569 4393 2621 4444 in
2652 4391 2940 4453 charitate,
2969 4389 3113 4442 sicut
3144 4388 3220 4439 ait
3256 4388 3352 4457 be-

1792 4470 1913 4515 atus
1934 4460 2173 4516 Joannes
2197 4455 2430 4532 (I‘Joau.
2466 4462 2561 4529 iv),
2609 4461 2701 4532 sed
2732 4458 2971 4528 perfecta
3002 4458 3240 4532 Charitas
3263 4455 3352 4532 io-

1795 4546 1882 4583 ras
1899 4532 2119 4597 expellit
2148 4525 2562 4598 tiiiiorem.’quia
2587 4525 2827 4583 charitas
2859 4538 3037 4581 motus
3064 4540 3142 4580 est
3177 4528 3242 4580 ab
3261 4525 3349 4577 iii-

1792 4607 1946 4660 timo.
1972 4611 2028 4651 ut
2055 4602 2128 4654 ait
2158 4612 2373 4654 sanctus
2396 4600 2649 4662 Thomas,
2672 4600 3000 4667 procedens;
3022 4600 3208 4664 quinta
3224 4612 3351 4663 pro-

1793 4671 1992 4734 prietas
2021 4671 2351 4739 est,operat'i
2381 4686 2474 4737 per
2502 4686 2582 4731 se,
2613 4671 2759 4736 quod
2793 4671 3069 4737 preprium
3102 4675 3186 4719 est
3214 4667 3350 4717 cha-

153 4723 650 4813 ξιξξθψεέξηξξξίξλξῗξι
669 4723 1483 4813 (ηιξξῇλξέξειιξιλᾼιὶίίξξξρβυεᾲξιξκῆξ
1509 4744 1522 4813 ξ
1555 4727 1684 4813 Qui?
1717 4758 1760 4813 υ
1793 4723 1989 4813 i'ilatis,
2028 4754 2078 4791 in
2103 4723 2212 4808 qui)
2226 4746 2293 4791 ab
2313 4723 2408 4807 spe
2428 4723 2924 4813 diﬂer’t,l_quieniiii
2952 4747 3170 4805 propter
3194 4749 3345 4813 spem

153 4809 231 4860 per
261 4793 653 4863 operationem,
703 4793 909 4845 setlicet
953 4793 1252 4857 charitatis,
1305 4806 1578 4863 operatur,
1630 4801 1682 4851 id

151 4875 241 4929 est,
265 4874 535 4928 movetur,
558 4864 770 4930 passive
797 4863 940 4914 enim
1000 4864 1372 4931 accipiendum
1406 4876 1488 4917 est
1526 4881 1682 4920 voca-

155 4935 313 4985 bulum
342 4935 741 5003 ἐνεργουμένη,
772 4935 978 5003 utalias
1012 4948 1041 4985 a
1072 4935 1226 4985 nobis
1249 4936 1534 5000 probatum
1562 4947 1681 5001 cst;

152 5005 317 5057 tertius
340 5001 586 5065 eﬂ'eetus,
652 5001 797 5069 quod
838 5016 988 5074 amor
1017 5003 1253 5074 seipsutn
1286 5006 1521 5074 ostendit
1553 5018 1679 5074 erga

150 5085 278 5136 eum,
302 5089 426 5143 erga
468 5087 631 5143 quem
657 5081 759 5136 est,
790 5074 931 5143 unde
963 5073 1152 5126 beatus
1173 5071 1405 5126 Jacobus
1424 5076 1562 5141 (cap.
1596 5071 1679 5143 ti),

152 5152 318 5210 contra
358 5141 485 5197 eum
510 5142 602 5210 qui
637 5143 703 5193 de
757 5142 858 5193 tide
892 5141 1009 5193 sine
1041 5144 1297 5209 operibus
1342 5144 1605 5209 gloriatur
1640 5141 1677 5195 ’:

151 5209 361 5266 Ostende
390 5223 469 5273 tu,
492 5209 688 5283 inquit,
709 5210 865 5262 lldem
892 5217 1036 5262 tuam
1061 5212 1182 5264 sine
1199 5212 1549 5283 cperibus,_et
1576 5229 1676 5283 ego

148 5284 411 5334 ostendam
449 5281 546 5336 tibi
608 5281 765 5333 iidem
814 5293 1008 5349 meaui_
1040 5295 1103 5333 ex
1156 5282 1431 5349 operibus.
1473 5280 1676 5339 Deinde

148 5350 430 5405 observavit
471 5355 633 5405 etiam
669 5352 807 5403 idem
867 5346 925 5401 S.
968 5346 1209 5405 Thomas
1260 5354 1495 5419 quinque
1554 5368 1670 5420 pro-

146 5430 383 5484 prtetates
407 5424 612 5487 amoris
638 5421 750 5473 sive
774 5420 1056 5473 charitatis
1095 5435 1148 5471 Ill
1178 5422 1282 5473 his
1316 5438 1434 5489 qua:
1483 5424 1567 5475 hic
1612 5438 1676 5475 ex

148 5489 385 5559 Dionysio
403 5492 739 5553 recitantur;
773 5490 942 5556 prima
978 5498 1081 5554 est,
1111 5493 1357 5557 prOgt-edi
1381 5494 1445 5543 ad
1482 5493 1679 5545 unien-

146 5559 256 5611 dutn
286 5577 405 5613 eum
431 5576 520 5629 qui
545 5560 737 5629 diligit,
777 5574 900 5612 cum
920 5574 985 5611 eo
1008 5575 1167 5627 quem
1192 5560 1383 5629 diligit;
1403 5573 1453 5613 et
1476 5573 1679 5627 quanto

143 5630 472 5684 excellentior
493 5641 578 5683 est
599 5646 773 5693 amor,
798 5638 943 5682 tanto
971 5630 1320 5682 excellentius
1354 5631 1500 5695 unit;
1533 5633 1675 5685 unde

144 5711 256 5761 quia
280 5716 433 5753 amor
458 5704 510 5753 in
539 5698 705 5753 Deum
742 5708 826 5753 est
860 5698 1150 5762 excellens,
1178 5699 1503 5753 excellenter
1543 5716 1669 5755 cum

145 5763 241 5823 De»
267 5770 560 5840 coniungit;
604 5778 655 5825 et
685 5782 810 5839 erga
840 5769 1011 5838 magis
1044 5778 1332 5840 comuncta
1365 5772 1534 5838 major
1554 5779 1667 5836 est;

1786 4808 2015 4865 alterius
2041 4807 2316 4876 operatur,
2353 4820 2575 4877 propter
2607 4808 2753 4861 aliud
2788 4818 3064 4875 operatur,
3111 4807 3206 4873 qui
3247 4820 3349 4856 au-

1784 4884 1891 4928 tem
1942 4881 2141 4946 (inquit
2169 4889 2391 4932 sanctus
2424 4877 2684 4937 Thomas)
2734 4893 2795 4931 ex
2835 4890 3021 4929 amore
3066 4886 3345 4944 operatur,

1782 4960 1881 5013 per
1915 4964 1974 4999 se
2009 4953 2189 5015 ipsum
2222 4957 2479 5014 cperatur
2505 4947 2634 5000 illud
2672 4956 2925 5015 tanquam
2962 4946 3066 4999 sibi
3096 4950 3195 4999 hoc
3230 4946 3347 5015 pla»

1780 5026 1916 5067 ceat.
1946 5014 2168 5072 Pi'ieStat
2189 5034 2327 5071 scire
2362 5032 2481 5084 qua:
2504 5016 2697 5070 elliciat
2730 5014 2988 5077 churilas,
3012 5026 3066 5066 et
3099 5031 3217 5082 qua:
3234 5014 3369 5067 sint.

1782 5086 1902 5153 ejus
1962 5091 2175 5155 propria
2235 5087 2298 5139 ad
2354 5085 2791 5152 cognoscendum
2845 5086 3225 5139 excellentiam
3287 5090 3342 5135 ει

1784 5161 2151 5220 praestantiam
2185 5157 2301 5222 ejus
2333 5171 2495 5223 supra
2529 5156 2685 5208 [idem
2722 5156 2917 5217 solani,
2968 5171 3130 5222 quatit
3171 5160 3341 5207 ltzcrc-

1778 5226 1867 5276 ttci
1901 5242 2036 5279 vane
2059 5227 2411 5295 qutant,tton
2444 5226 2804 5295 intelligentes
2829 5241 2949 5294 quze
2965 5227 3172 5290 dicunt,
3193 5239 3342 5276 ama-

1777 5303 1992 5347 tortam.
2622 5320 2665 5342 θ

1853 5366 1927 5432 t6)
1989 5365 2294 5419 Motionem.
2346 5365 2626 5430 Quatenus
2689 5382 2844 5417 amor
2902 5376 2957 5417 et
2985 5364 3225 5417 Charitas
3273 5379 3339 5416 ex

1784 5434 1903 5503 ipso
1937 5437 2043 5488 Deo
2068 5448 2287 5489 manant
2319 5444 2384 5489 ad
2415 5448 2715 5499 creaturas,
2757 5442 2868 5503 ipse
2892 5436 3098 5487 amoris
3127 5444 3178 5487 et
3203 5433 3339 5484 chan

1785 5505 1960 5559 ritatis
1990 5515 2175 5558 auctor
2207 5508 2408 5561 moveri
2452 5507 2670 5567 dicitur,
2726 5516 2996 5572 quatenus
3056 5518 3184 5557 vero
3224 5505 3340 5570 ipse

1785 5586 1869 5627 est
1900 5576 2170 5639 amabilis,
2200 5587 2254 5630 et
2285 5576 2606 5645 diligendus,
2638 5584 2819 5628 movet
2850 5585 2904 5627 et
2934 5577 3039 5645 ciet
3071 5576 3135 5626 ad
3181 5588 3342 5645 auio-

1782 5659 1893 5726 rem
1929 5648 2130 5709 omnia,
2192 5640 2407 5718 quibus.
2426 5649 2504 5701 vis
2531 5646 2746 5700 amandi
2788 5643 3178 5699 convenienter
3207 5640 3342 5713 ipsis

1780 5729 1938 5770 ttiStta
1962 5726 2062 5770 est.
