3784 6544
525 376 632 442 815

1699 369 2024 432 JOANNIS
2063 369 2627 431 CYPARISSIOT/E
3595 387 3668 448 8i6

523 506 616 547 cas
645 491 756 555 ipse
779 487 938 542 etiam
974 487 1112 541 Deus
1136 493 1287 540 extra
1327 500 1382 538 se
1411 492 1512 547 cst,
1541 481 1898 538 contorsiune
1940 483 2087 536 iner-
2118 487 2164 542 Α
2194 482 2450 536 omnibus
2483 481 2669 535 tribuit
2698 489 2754 534 ut
2785 479 2894 534 sint
2941 487 3109 532 totum
3146 477 3362 547 idqttod
3396 495 3535 547 sunt,
3560 500 3599 543 et
3617 510 3674 553 egi

521 587 679 634 rante
715 578 888 632 instar
934 574 1124 630 circuli
1185 577 1607 638 circummeans;
1659 583 1712 630 et
1746 572 1890 642 quod
1947 571 2091 627 Deus

463 739 470 752 '
526 680 695 720 amor
749 665 1067 735 prteexstitit
1107 665 1159 718 in
1199 663 1306 718 Deo
1358 664 1611 733 simplex,
1684 680 1778 735 per
1821 679 1878 720 se
1922 665 2096 719 mobi-

461 822 466 827 η
537 759 625 824 lis,
657 775 752 828 per
775 773 835 812 se
860 769 1114 826 operans,
1151 767 1199 810 et
1227 758 1368 825 quod
1390 767 1509 809 erat
1531 756 1710 810 divina
1731 765 1783 810 et
1801 756 1954 810 beata
1977 756 2096 825 ejus

527 850 836 906 substantia
867 865 880 902 :
922 861 1093 919 quare
1128 857 1239 903 tota
1266 848 1502 901 Trinitas
1529 849 2092 917 suprasubstantialis,

525 947 753 1009 quaeest
787 951 961 1000 amor,
991 944 1046 990 et
1070 935 1321 997 dulcedo,
1355 944 1408 988 et
1437 934 1788 998 desiderium,
1817 947 1924 988 non
1973 937 2098 988 si'vit

520 1042 640 1080 eam
673 1028 726 1081 in
749 1042 809 1081 se
846 1028 963 1095 ipsa
989 1027 1109 1081 sine
1146 1025 1490 1080 fecunditate
1523 1038 1768 1091 manere,
1794 1025 1887 1080 sed
1915 1027 2098 1094 potius

518 1119 695 1174 movit
733 1134 793 1173 se
835 1118 952 1188 ipsa
981 1118 1048 1171 ad
1079 1117 1388 1171 faciendum
1417 1126 1471 1171 ct
1531 1117 1852 1172 creandum.
1905 1118 2096 1174 Provi-

517 1212 716 1267 dentia:
749 1209 914 1280 igitur
952 1207 1041 1264 Dei
1070 1219 1308 1263 externae
1367 1207 1503 1262 nihil
1547 1209 1690 1262 aliud
1726 1219 1880 1274 sunt,
1931 1225 2096 1280 quam

520 1311 801 1366 creatura,
827 1309 880 1354 et
912 1300 1141 1364 creatio;
1181 1309 1235 1354 et
1263 1313 1326 1354 ex
1365 1300 1451 1354 his
1479 1299 1639 1368 plane
1657 1300 1812 1356 nobis
1840 1302 2097 1368 mitescit,

518 1392 668 1463 quod
714 1391 893 1446 omnis
944 1399 1195 1445 creatura
1226 1388 1395 1443 Deum
1434 1391 1593 1444 habet
1625 1391 2011 1461 producentem
2045 1399 2100 1446 et

519 1492 898 1552 generantem,
927 1482 1042 1552 ipse
1065 1482 1209 1537 enim
1243 1481 1356 1535 haec
1378 1493 1501 1536 cum
1531 1479 1583 1535 in
1605 1496 1662 1536 se
1693 1464 1933 1548 haberet,
1964 1497 2097 1551 pro-

518 1578 674 1631 duxit
700 1591 763 1630 ea
804 1575 975 1639 foras,
1015 1575 1118 1628 hoc
1137 1581 1238 1635 est,
1265 1575 1470 1626 circum
1495 1583 1810 1628 creaturas:
1844 1575 2098 1642 quocirca

499 1683 718 1722 .nomen
734 1665 1313 1721 amorisetdilectionis
1335 1667 1387 1718 in
1409 1679 1576 1718 unum
1597 1673 1650 1719 et
1672 1665 1812 1719 idem
1833 1680 1955 1720 cum
1977 1666 2100 1736 pul-

518 1758 656 1814 chro
689 1766 742 1810 et
789 1759 928 1811 bono
956 1757 1098 1810 redit
1124 1771 1138 1820 ;
1161 1769 1393 1824 cumque
1422 1756 1473 1806 in
1511 1753 1616 1809 Deo
1635 1755 1766 1817 sint,
1787 1755 1923 1810 etad
1955 1770 2102 1810 eum-

517 1850 642 1906 dem
669 1850 999 1914 rel‘erantur,
1046 1847 1284 1900 divinam
1334 1856 1390 1901 et
1439 1846 1651 1900 beatam
1691 1848 1810 1918 ejus
1844 1849 2099 1902 substan-

525 1943 680 2004 tiam,
704 1940 849 2010 quod
885 1950 968 1994 est
1014 1947 1246 2003 tantum,
1277 1949 1664 2008 repraesentant
1697 1955 1709 1991 :
1742 1949 1894 1992 extra
1931 1941 2097 1994 Deum

518 2046 650 2087 vero
677 2044 802 2084 eum
845 2038 996 2095 sunt,
1023 2029 1078 2082 in
1102 2029 1324 2097 negatio
1375 2038 1643 2083 creaturae
1671 2030 1961 2097 desinunt;
2017 2031 2098 2084 id-

519 2123 668 2179 circo
718 2121 1006 2191 passiones
1036 2130 1091 2173 et
1123 2117 1422 2174 accidentia
1463 2121 1607 2175 circa
1653 2136 1771 2175 eam
1807 2131 2100 2178 censentur

517 2224 571 2271 et
597 2222 973 2286 numerantur.
1009 2213 1247 2280 Apparet
1306 2213 1470 2266 etiam
1531 2226 1631 2282 per
1664 2213 1801 2273 haec,
1856 2213 2001 2282 quod
2029 2215 2096 2270 ad

515 2306 906 2379 proprietatem
928 2304 1125 2358 horum
1162 2301 1449 2356 nominum
1477 2303 1731 2372 pertinet,
1765 2307 1910 2360 ratio
1946 2306 2094 2360 enim

517 2399 718 2452 amoris
739 2407 792 2450 et
831 2393 1142 2450 dilectionis
1175 2396 1360 2448 eadem
1395 2404 1479 2449 est
1517 2403 1677 2464 atque
1710 2397 1850 2451 ratio
1874 2398 2094 2454 bonita-

517 2491 588 2546 tis
621 2499 674 2544 et
704 2486 1151 2559 pulchritudinis;
1188 2485 1332 2542 Deus
1372 2486 1516 2540 enim
1550 2497 1776 2557 propter
1819 2490 2092 2546 excellen-

517 2591 626 2637 tem
646 2595 888 2636 amorem
921 2579 1105 2634 omnia
1142 2579 1420 2646 produxit;
1472 2585 1526 2632 et
1560 2587 1783 2649 propter
1814 2581 2092 2638 eumdem

517 2685 760 2728 amore-ii
788 2709 805 2736 ,
849 2684 972 2740 quae
1005 2685 1113 2723 non
1139 2677 1286 2734 sunt,
1318 2683 1426 2723 non
1453 2668 1732 2740 produxit,
1762 2670 1894 2725 dum
1925 2672 2092 2736 cavit,

517 2779 587 2820 ne
614 2763 988 2834 producendo,
1013 2761 1312 2832 quidquam
1343 2775 1532 2816 eorum
1558 2776 1681 2831 qua:
1711 2764 1949 2828 amabat,
2001 2765 2093 2820 lae-

515 2853 690 2911 deret.
728 2856 914 2909 Potest
960 2863 1141 2908 autem
1192 2852 1422 2924 intelligi
1459 2853 1667 2924 aliquid
1703 2856 1868 2910 etiam
1916 2858 2090 2928 magis

515 2949 800 3017 speciatim
831 2947 1107 3018 proprium
1137 2987 1153 3014 ,
1188 2945 1333 3016 quod
1383 2945 1592 3002 scilicet
1641 2946 1826 3002 divina
1873 2950 2088 3006 bonitas

517 3043 573 3096 in
604 3041 880 3098 inﬁnitum
947 3039 1349 3110 progrediatur,
1387 3037 1606 3093 divinus
1641 3054 1768 3094 vero
1802 3054 1956 3095 amor
2001 3043 2087 3097 in-

2194 586 2320 627 vere
2349 571 2576 625 clIector
2603 569 2934 624 exsistcntim
2953 568 3053 636 (l),
3094 580 3359 635 personae.
3389 573 3673 644 substantia,

2195 674 2443 731 naturae;
2488 664 2615 717 item
2646 660 2997 730 principium,
3045 667 3097 712 et
3146 674 3383 714 mensura
3429 669 3677 727 saeculorum

2193 768 2248 812 et
2277 767 2582 826 temporum
2607 795 2622 818 ,
2653 764 2705 809 et
2738 753 2866 808 facit
2899 760 2959 805 ut
3003 752 3198 804 saecula
3229 759 3283 804 et
3313 762 3527 822 tempera
3565 762 3677 818 sint:

2195 857 2277 902 ρει
2317 848 2573 903 δεερυιιιιιι
2610 855 2797 899 eorum
2833 846 2951 913 qua:
2989 853 3113 896 sunt
3141 859 3154 894 ε
3188 851 3389 910 tempus
3418 859 3573 900 eorum
3602 868 3682 919 que

2197 939 2369 1003 ﬁunt;
2400 947 2480 991 est
2511 951 2631 991 esse
2674 937 2742 990 iis
2785 948 2906 1004 qum
2953 945 3079 988 sunt
3120 935 3595 1006 quomodocunque;
3630 958 3685 998 eu

2199 1029 2477 1098 generatio
2521 1026 3017 1096 qttomutlocunque
3078 1025 3270 1092 genitis
3317 1040 3380 1078 ex
3418 1042 3476 1080 en
3515 1032 3682 1099 quiest;

2199 1120 2481 1181 sarculum,
2519 1118 2842 1177 substantia,
2869 1126 2922 1170 et
2959 1130 3124 1168 unum
3164 1124 3262 1168 :et
3309 1122 3523 1184 tempus,
3563 1131 3684 1189 elge.

2201 1208 2434 1274 neratio,
2463 1217 2517 1263 et
2550 1209 2694 1276 quod
2722 1207 2962 1278 gignitur
2991 1222 3007 1260 :
3040 1214 3124 1260 est
3155 1220 3368 1276 eaqute
3415 1219 3525 1265 sunt
3561 1214 3602 1266 in
3638 1219 3682 1272 iis

2201 1313 2323 1368 quae
2347 1307 2511 1364 sunt;
2547 1308 2599 1352 et
2633 1312 2754 1368 qua:
2800 1311 3133 1366 quocunque
3174 1297 3335 1351 modo
3374 1298 3686 1369 exsistunt,et

2203 1403 2323 1458 quae
2353 1404 2448 1458 per
2482 1403 2540 1443 se
2573 1388 2868 1443 exsistunt.
2904 1386 3048 1442 Deus
3080 1384 3225 1440 enim
3275 1401 3382 1441 non
3427 1387 3499 1447 sic
3536 1400 3616 1457 est,
3648 1408 3687 1452 ιιι

2201 1483 2276 1537 sit
2307 1481 2734 1552 quodammodo,
2769 1480 2863 1535 sed
2897 1479 3220 1549 simpliciter
3261 1488 3313 1533 et
3357 1479 3543 1535 inﬁnite
3571 1493 3684 1541 unum

2201 1589 2326 1629 esse
2378 1575 2430 1627 in
2482 1589 2542 1628 se
2589 1571 2904 1641 complexus
2930 1570 3031 1640 (9.).
3066 1569 3132 1625 Et
3160 1571 3323 1640 paulo
3353 1580 3463 1640 post
3492 1587 3504 1626 :
3531 1572 3584 1627 Et
3608 1590 3684 1632 ante

2204 1667 2344 1721 alias
2383 1666 2501 1735 ejus
2542 1665 2988 1735 participatioues
3019 1663 3347 1734 productum
3386 1673 3462 1719 cst
3503 1679 3628 1728 esse.
3653 1682 3680 1724 et

2201 1767 2288 1812 est
2319 1759 2498 1828 ipsum
2533 1757 2835 1813 secundum
2885 1770 2944 1810 se
2988 1769 3112 1810 esse
3146 1755 3421 1824 antiquius
3445 1770 3580 1826 quam
3611 1776 3682 1814 esse

2206 1868 2302 1924 per
2335 1867 2394 1908 se
2431 1853 2596 1906 vitam
2625 1851 2726 1922 (5).
2758 1860 2812 1906 et
2852 1865 2948 1920 per
2993 1864 3052 1905 se
3097 1849 3416 1918 sapientiam
3442 1885 3457 1911 ,
3493 1857 3539 1903 et
3562 1865 3687 1918 perse

2202 1944 2620 2004 similitudinem
2652 1943 2892 1998 divinam
2917 1993 2932 2019 ,
2964 1951 3018 1996 et
3050 1940 3178 2006 alia,
3219 1955 3443 2007 quorum
3477 1941 3689 2011 participa-

2207 2040 2410 2095 tionem
2443 2052 2564 2108 qua:
2594 2036 2817 2100 habent,
2847 2043 2972 2089 ante
3005 2033 3253 2088 omnium
3301 2031 3503 2084 illorum
3538 2036 3692 2101 partiri.

2204 2132 2488 2204 pationem
2534 2123 2865 2200 participant
2900 2139 3021 2181 esse
3063 2143 3078 2180 :
3122 2125 3236 2178 into
3274 2135 3400 2176 vero
3429 2122 3528 2192 ipsa
3562 2139 3632 2194 per
3657 2142 3692 2180 se

2201 2225 2390 2281 omnia
2419 2237 2539 2292 quae
2571 2221 2639 2276 ab
2669 2219 2738 2274 iis
2779 2232 2900 2288 qua:
2950 2226 3100 2280 sunt,
3145 2215 3544 2285 participantur,
3570 2217 3691 2284 ipsum

2198 2331 2296 2386 per
2335 2329 2394 2370 se
2426 2325 2548 2368 esse
2579 2309 2944 2381 participant;
2977 2316 3030 2360 et
3083 2305 3223 2360 nihil
3269 2315 3349 2360 est
3377 2306 3522 2374 cujus
3546 2319 3625 2361 non
3651 2313 3695 2363 sit

2197 2406 2529 2483 substantia,
2574 2414 2628 2462 et
2673 2403 2938 2458 sarculum
2987 2401 3162 2470 ipsius
3213 2414 3311 2469 per
3355 2415 3410 2454 se
3446 2411 3563 2454 esse.
3602 2401 3694 2455 Deus

2155 2521 2159 2525 ·
2196 2499 2364 2568 igitur
2403 2510 2527 2551 cum
2580 2496 2668 2557 sit,
2703 2504 2762 2548 ut
2791 2499 3190 2548 consentanum
3233 2499 3336 2554 est,
3364 2489 3587 2545 omnibus
3613 2491 3694 2547 ariis

2199 2589 2374 2658 magis
2408 2586 2771 2658 principiaiis,
2807 2585 2876 2638 ab
2906 2583 3215 2652 antiquiore
3256 2580 3397 2634 dono
3438 2592 3526 2634 suo
3563 2581 3696 2634 lauda-

2196 2693 2284 2738 tur
2315 2721 2328 2745 ,
2381 2677 2645 2749 siquidem
2721 2677 2871 2746 prius
2919 2688 3042 2729 esse
3074 2712 3089 2736 ,
3131 2683 3188 2727 et
3251 2671 3572 2726 excellentius
3615 2686 3696 2726 esse

2193 2785 2316 2826 cum
2394 2769 2544 2839 prius
2617 2767 2848 2831 habeat,
2886 2775 2941 2820 et
2990 2762 3347 2819 excellentius
3381 2761 3558 2815 habeat
3600 2763 3698 2828 prius

2191 2862 2323 2919 fecit
2385 2875 2507 2916 esse
2569 2858 2714 2930 quod
2777 2864 2914 2912 est:
2976 2854 3152 2925 ipsum
3187 2893 3202 2918 ,
3262 2855 3506 2923 inquam,
3562 2863 3700 2922 perse

2191 2971 2334 3022 esse,
2370 2964 2422 3009 et
2453 2967 2544 3024 per
2575 2953 2754 3022 ipsum
2787 2959 2947 3004 omne
2974 2948 3121 3016 quod
3156 2945 3699 3016 quomodocunqueest,

2192 3049 2462 3105 exsistere
2514 3046 2662 3101 fecit.
2713 3041 2874 3112 Atqui
2922 3039 3189 3110 principia
3221 3052 3411 3091 eorum
3457 3050 3560 3106 qua:
3581 3043 3700 3098 sunt,

519 3143 637 3191 διαὶ·
669 3131 865 3190 εὲτευιί
891 3132 1220 3197 εἰτουιηειιις
1274 3145 1399 3185 nam
1458 3144 1488 3184 θ
1538 3145 1597 3184 3“-
1648 3131 1867 3200 (luidem
1906 3135 2097 3207 incipit
2125 3154 2168 3214 ο
2202 3141 2385 3197 omnia
2425 3139 2753 3209 participant
2785 3149 2925 3195 esse,
2963 3142 3016 3186 et
3047 3143 3192 3193 sunt,
3217 3139 3278 3184 et
3311 3128 3555 3198 principia
3580 3139 3698 3191 sunt;

515 3227 752 3296 Operari,
785 3225 977 3280 deinde
1017 3240 1114 3294 per
1150 3239 1214 3278 ea
1257 3239 1377 3293 quae
1424 3223 1701 3292 produxit,
1749 3229 2102 3296 providemus

515 3319 633 3375 suis
663 3317 795 3372 foris
839 3330 1067 3371 manens
1115 3317 1220 3370 line
1254 3315 1506 3384 imposito
1537 3316 1604 3370 ad
1629 3331 1687 3372 se
1718 3333 1908 3378 rursus
1946 3327 2100 3383 redit.

1133 3423 1360 3482 CAPUT
1400 3424 1486 3479 ιν.

517 3505 595 3578 De
622 3531 740 3577 cute
770 3529 820 3574 et
850 3521 909 3575 de
937 3518 1178 3588 partibus
1211 3518 1326 3593 ejus
1351 3555 1367 3580 ,
1397 3526 1447 3570 et
1491 3533 1609 3593 quia
1658 3517 1730 3571 sit
1772 3519 1827 3573 in
1872 3523 1939 3576 iis
1988 3540 2104 3593 quae

987 3598 1138 3650 sunt,
1169 3587 1439 3655 propietas
1466 3588 1625 3642 emis.

583 3701 819 3775 magnus
856 3697 1151 3770 Dienysius
1184 3699 1360 3768 capite
1390 3700 1604 3771 quinto,
1651 3703 1729 3757 D‘e
1772 3704 1966 3758 divinis
1999 3720 2094 3758 no-

521 3799 748 3853 minibus
788 3813 806 3850 :
847 3797 981 3864 Age,
1013 3793 1208 3862 inquit,
1250 3791 1537 3848 laudemus
1588 3794 1790 3849 bonum
1833 3807 2093 3866 tanquam

518 3891 664 3961 quod
703 3902 830 3942 vere
859 3895 988 3950 est,
1047 3893 1104 3940 et
1154 3885 1397 3938 omnium
1447 3884 1782 3941 substantias
1805 3886 2001 3953 edicit,
2045 3897 2098 3943 et

523 3981 824 4039 secundum
860 3979 967 4033 vim
1007 3991 1161 4032 suam
1217 3989 1337 4046 quae
1385 3990 1546 4047 supra
1587 3977 1946 4032 substantiam
1993 3987 2096 4044 est,

2200 3244 2253 3289 et
2284 3232 2519 3303 primum
2552 3239 2703 3292 sunt,
2743 3236 2798 3281 et
2839 3233 3023 3294 postea
3061 3221 3332 3293 principia
3362 3230 3501 3284 sunt,
3529 3221 3628 3273 etsi
3650 3219 3699 3272 tis

2201 3323 2523 3388 viventium,
2563 3330 2834 3390 quatenus
2865 3316 3075 3379 vivunt,
3109 3312 3442 3384 principium
3473 3309 3622 3363 dicere
3640 3324 3699 3376 per

2201 3433 2260 3473 se
2295 3415 2457 3471 vitam
2489 3431 2504 3469 :
2537 3419 2593 3467 et
2623 3409 2910 3470 similium,
2944 3414 3213 3476 quatenus
3251 3403 3446 3460 similia
3474 3409 3610 3466 sunt,
3640 3414 3699 3468 per

2200 3523 2260 3566 se
2287 3502 2704 3562 similitudinem
2739 3516 2753 3553 :
2783 3509 2838 3554 et
2869 3497 3274 3567 copulatorum,
3306 3504 3557 3565 quatenus
3581 3507 3697 3560 εοριι·

2202 3601 2308 3655 lata
2338 3604 2466 3654 sunt
2486 3636 2502 3663 ,
2535 3611 2632 3666 per
2663 3609 2722 3649 se
2751 3590 3153 3663 cepulationem
3183 3603 3198 3653 ;
3253 3595 3311 3642 et
3361 3586 3697 3645 ordinatorum,

2201 3697 2473 3762 quatenus
2503 3686 2755 3740 ordinata
2791 3690 2954 3744 sunt,
3006 3692 3100 3747 per
3134 3691 3194 3732 se
3240 3676 3609 3731 ordinationem
3635 3682 3698 3725 :et

2193 3783 2447 3841 similiter
2479 3783 2534 3836 in
2571 3779 2724 3842 aliis,
2751 3787 3090 3844 quaecunque
3137 3771 3269 3834 hoc,
3324 3779 3417 3824 aut
3458 3768 3574 3824 illud
3596 3807 3608 3830 ,
3633 3776 3693 3818 aut

2195 3888 2511 3946 utrumque,
2547 3881 2641 3928 aut
2674 3870 2846 3925 multa
2873 3865 3207 3938 participant
3226 3865 3251 3916 Ὺ
3270 3873 3326 3918 et
3357 3864 3474 3929 hoc,
3495 3869 3576 3916 aut
3594 3859 3695 3920 illud,

2196 3969 2282 4024 vel
2311 3975 2627 4033 utrumque.
2654 3971 2746 4016 aut
2778 3957 2947 4014 multa
2990 3969 3118 4011 sunt
3146 3953 3498 4025 'participata,
3531 3953 3698 4019 reperies

2027 4089 2304 4156 Scholia.

549 4277 552 4280 .
590 4227 666 4295 (i)
703 4221 794 4278 Est
824 4219 1176 4295 vere‘e/I‘ector
1195 4219 1816 4295 exsistantiw,_persoule,
1849 4217 2096 4272 substano

523 4289 631 4358 the,
654 4289 893 4349 'ttuturw.
925 4289 1058 4356 Quae
1093 4290 1390 4351 exsistunt,
1411 4290 1746 4344 considerari
1781 4299 2011 4358 possunt
2037 4299 2096 4344 ut

522 4364 846 4436 singularia.
877 4369 931 4415 et
950 4372 1028 4436 “ut
1059 4358 1303 4425 species;
1341 4358 1419 4412 vel
1452 4374 1660 4436 genus...
1683 4366 1737 4412 et
1768 4369 1823 4410 ut
1865 4372 2092 4436 natura,

522 4427 674 4493 verbi
707 4443 905 4501 gratia,
947 4427 1205 4483 Socrates
1235 4437 1319 4482 est
1358 4443 1616 4496 persona,
1648 4427 1812 4501 homo
1865 4428 2089 4501 animal,

657 4495 756 4563 ies,
790 4510 846 4555 et
871 4515 1080 4568 genus;
1109 4512 1231 4566 quae
1261 4495 1526 4568 potestate
1547 4495 1824 4568 continent
1851 4495 2089 4566 singula-

525 4565 630 4640 ria,
657 4573 784 4642 quia
813 4565 1044 4638 possunt
1068 4565 1292 4635 cogitari
1319 4568 1371 4619 in
1401 4565 1794 4633 singularibus,
1831 4565 2079 4620 humani-

524 4656 606 4702 tus
635 4654 716 4698 est
747 4649 960 4698 natura,
1003 4652 1123 4705 qua:
1154 4651 1250 4690 nec
1277 4646 1421 4697 actu,
1460 4649 1634 4702 neque
1669 4642 1936 4705 potestate
1963 4652 2092 4691 eon-

523 4717 663 4770 tinet
703 4703 1045 4778 singulariar
1077 4707 1262 4778 itaque
1294 4705 1458 4757 homo
1505 4703 1802 4778 secundum
1837 4706 2092 4778 substan-

522 4787 657 4838 tiam
689 4774 902 4837 constat
935 4793 1000 4830 ex
1037 4774 1393 4836 humanitate,
1437 4789 1559 4842 quae
1590 4784 1674 4827 est
1721 4775 1958 4828 hominis
1989 4791 2089 4827 na-

522 4866 668 4917 tura,
699 4851 854 4920 cujus
881 4856 1060 4914 partes
1089 4855 1216 4920 sunt
1243 4858 1440 4910 corpus
1483 4852 1536 4896 et
1577 4846 1757 4896 anima
1787 4845 1838 4896 in
1875 4846 2092 4897 univer-

523 4915 974 4988 suli;'sec'undum
996 4915 1368 4968 exsistenttatn
1396 4923 1690 4988 constatex
1718 4917 1820 4966 hoc
1843 4928 2088 4982 corpore,

523 5004 578 5049 et
611 4984 676 5046 ex
719 4993 817 5043 hac
849 4987 1052 5048 anima,
1101 4993 1288 5036 natura
1338 4984 1571 5049 generis,
1615 4985 1694 5037 vel
1741 4985 1982 5050 speciei,
2039 4985 2090 5038 id

522 5072 626 5121 est.
656 5056 1000 5120 universalis,
1051 5068 1116 5108 ea
1165 5063 1374 5107 tantum
1413 5063 1534 5106 actu
1582 5053 1849 5118 continet,
1881 5070 2002 5121 quae
2036 5057 2088 5108 in

522 5132 890 5190 deﬁnitionem
923 5129 1126 5178 cadunt
1150 5162 1164 5187 ,
1201 5133 1260 5176 ut
1305 5123 1631 5187 humanitas,
1665 5138 1784 5191 qute
1817 5139 1923 5175 non
1959 5141 2088 5177 cun-

524 5207 661 5258 tinet
688 5211 814 5254 actu
841 5211 1038 5249 carnes
1071 5206 1122 5246 et
1153 5208 1275 5247 ossa
1300 5232 1312 5254 ,
1349 5208 1469 5260 quae.
1503 5208 1609 5244 non
1649 5194 1847 5246 cadunt
1880 5195 1932 5244 in
1961 5194 2091 5245 deli-

522 5275 812 5332 nitinzicm,
850 5269 991 5318 sicut
1022 5265 1264 5316 continet
1297 5263 1492 5326 homo;
1523 5261 1648 5332 quia
1676 5274 1823 5313 notto
1853 5264 2088 5316 hominis

526 5362 633 5399 non
672 5330 939 5394 abstrahit
970 5340 1038 5388 ab
1067 5335 1202 5392 istis,
1233 5332 1375 5385 sicut
1407 5330 1675 5386 abstrahit
1719 5333 1864 5384 notio
1899 5332 2088 5384 huma-

523 5417 749 5476 nitatis;
795 5408 1042 5463 continet
1092 5413 1271 5476 tamen
1311 5403 1570 5476 potentia,
1607 5415 1802 5476 carnes
1835 5410 1888 5453 ct
1935 5415 2086 5476 ossa,

523 5488 652 5554 quin
692 5471 1124 5554 potest‘cugitari
1160 5474 1468 5552 humanitas
1515 5473 1566 5525 in
1609 5471 1824 5554 nomine
1865 5472 2086 5550 univer-

525 5541 648 5614 s'ali,
681 5541 772 5620 qui
802 5541 1077 5606 deﬁnitur,
1100 5544 1370 5620 principia
1403 5552 1578 5620 autem
1614 5541 1876 5620 individui
1911 5556 2086 5620 neque

527 5612 766 5694 potentia
801 5621 1067 5678 continet,
1095 5619 1433 5694 humanitate
1464 5612 1608 5666 enim
1629 5622 1722 5694 est
1751 5614 1914 5691 homo
1942 5628 1955 5675 ;
1990 5614 2082 5694 sed

526 5682 631 5749 non
662 5703 770 5757 est,
802 5705 978 5759 neque
1017 5689 1439 5759 cogitarigputcst
1467 5698 1587 5759 esse
1627 5683 1964 5759 humanitate
1997 5682 2085 5734 hic

523 5767 712 5827 homo,
737 5751 800 5815 ex
826 5751 1110 5815 S."l‘hont:
1139 5757 1218 5808 Ad
1251 5751 1392 5808 hunc
1425 5755 1640 5827 modum
1675 5769 1734 5806 se
1753 5751 1959 5827 habent
1991 5767 2085 5818 per

529 5853 585 5890 se
619 5824 981 5904 participatio,
1008 5827 1372 5896 participatio,
1405 5833 1458 5878 et
1490 5825 1601 5877 haec
1627 5824 1987 5890 partietpatio,
2025 5831 2082 5875 ut

2196 4213 2356 4270 .verbi
2396 4210 2570 4281 gratia
2590 4249 2606 4272 ,
2655 4219 2752 4281 per
2779 4217 2838 4281 se
2864 4201 2997 4281 vita,
3028 4197 3157 4281 vita,
3190 4195 3384 4281 etiam
3426 4191 3543 4252 vita,
3567 4205 3695 4281 pera

2203 4262 2604 4339 vita—naturam,
2628 4262 2750 4329 vitae
2779 4262 3070 4340 significat,
3102 4265 3154 4320 id
3178 4275 3287 4340 est,
3331 4276 3394 4317 ea
3431 4277 3539 4340 qua
3557 4262 3695 4339 cadunt

2204 4333 2664 4408 i'n’detinitionem
2695 4333 2859 4406 vitta?
2902 4341 3034 4400 vita,
3066 4346 3157 4408 est
3196 4333 3496 4408 universale
3535 4333 3694 4406 speciei,

2290 4400 2701 4478 v‘i'ta'itotninis,
2745 4400 2850 4465 vita
2885 4408 3045 4478 equi;
3082 4405 3162 4459 vel
3195 4400 3496 4478 universale
3521 4400 3693 4470 generis,

2203 4470 2262 4548 EE
2293 4470 2627 4557 adﬁngent,
2666 4470 3076 4557 hominis-equi
3102 4494 3114 4539 ;
3144 4484 3197 4528 et
3218 4473 3364 4557 sicut
3389 4470 3528 4557 petis

2117 4551 2170 4611 D
2329 4540 2798 4631 pcrﬂseuhoininis,
2817 4540 3497 4631 idest,'lnintanitatisgest,
3516 4540 3694 4631 inquas:

2193 4606 2713 4696 Eiit'sij'ui'iiiiurs
2745 4606 2986 4696 hominis
3011 4619 3084 4696 sit
3117 4629 3241 4696 esse
3273 4612 3469 4664 animal
3495 4606 3695 4696 rationale

2195 4679 2510 4771 (iiié'cfénini
2542 4679 2789 4771 continet
2811 4687 3178 4771 'hntnanitast,
3201 4693 3255 4736 et
3275 4689 3464 4771 artetur
3500 4679 3692 4771 humi-Itis;

2191 4755 2244 4824 et
2274 4769 2432 4839 hujus
2469 4764 2742 4839 hominis;
2777 4761 2856 4813 sic
2884 4771 3051 4837 causa
3075 4763 3158 4808 est
3179 4767 3281 4839 per
3311 4764 3370 4802 se
3393 4755 3524 4839 vitae:
3544 4755 3590 4839 et
3613 4758 3693 4839 ηεξ

2190 4823 2246 4894 et
2277 4823 2438 4909 huius
2465 4837 2596 4909 rita:
2622 4873 2636 4897 ,
2686 4823 2792 4909 per_
2821 4843 2881 4882 se
2918 4828 3024 4909 vita
3058 4839 3164 4902 non
3198 4823 3520 4909 cupierint-2

2192 4884 2649 4967 EI.§"é‘iiiIsi'siétis’,
2686 4884 2752 4954 'ut
2779 4899 2966 4959 homo,
3002 4894 3159 4961 lapis,
3190 4884 3330 4945 sicut
3357 4899 3521 4967 neque
3551 4884 3689 4967 burna-

2193 4983 2357 5043 nitas,
2405 4977 2496 5033 sed
2545 4965 2654 5042 quo
2700 4968 2906 5037 aliquid
2949 4975 3072 5027 est;
3107 4972 3165 5014 ut
3199 4973 3294 5030 per
3318 4971 3376 5010 se
3408 4966 3510 5008 rita
3540 4965 3688 5010 vitreus,

2192 5051 2329 5104 sicut
2347 5042 2698 5102 humanitate
2735 5042 2919 5092 homo.

2179 5089 2338 5188 ο”’”(ἒ’δ
2844 5089 2893 5159 ei
2924 5101 3141 5188 inﬁnite]
3173 5097 3309 5188 ραις
3341 5106 3500 5150 totum
3527 5105 3617 5188 88:8

2189 5205 2242 5243 se
2266 5169 2640 5255 complectens,
2669 5181 2796 5248 quia
2828 5169 3086 5230 omnibus
3111 5169 3215 5249 dat
3231 5182 3350 5221 esse
3397 5181 3487 5255 per
3515 5175 3613 5215 esse
3636 5171 3688 5208 su:

2189 5239 2655 5328 ρδτιίεείωιίοηρκίι
2684 5239 2699 5313 ξ
2731 5261 2784 5303 ει
2807 5252 2936 5326 ipse.
2959 5253 3042 5298 est
3073 5241 3254 5295 omnia
3296 5239 3687 5328 secunduntﬁtnl"

2189 5307 2447 5391 Qithit"
2478 5307 2589 5378 suo
2628 5307 2747 5373 es'se
2791 5307 2977 5391 omnia
3007 5327 3129 5391 quae
3186 5321 3333 5372 sunt,
3365 5318 3418 5361 et
3449 5307 3683 5391 quotopti-

2189 5372 2575 5464 cunque-sunt,
2603 5372 2738 5444 facit
2759 5402 2902 5464 esse,
2933 5386 3013 5439 sie
3026 5372 3118 5436 'est
3150 5397 3314 5436 causa
3352 5375 3549 5446 praprie
3571 5372 3685 5421 abso.

2187 5458 2912 5524 luta-etinetrcutnscripta.
3005 5522 3016 5525 _
3399 5513 3442 5525 ,,
3511 5501 3662 5525 Α,,,,,;

2259 5513 2495 5602 ibi)";
2510 5513 2575 5587 se.
2596 5513 2706 5602 esse
2741 5513 3116 5602 et'sectrndum
3131 5533 3210 5602 _se
3232 5513 3540 5602 ‘esaemidem1

2189 5579 2699 5665 ﬁeavult,‘|t.i'e,wutv
2732 5595 2862 5649 αὐτὸ
2900 5589 3039 5665 εἶναι
3066 5631 3080 5652 ,
3108 5593 3152 5665 ἒή
3172 5661 3178 5665 _
3197 5589 3257 5665 to
3283 5584 3399 5665 κξιθς
3428 5579 3542 5665 aut?

2187 5646 3034 5731 miles;aliis,"statim
3061 5646 3266 5731 enim;
3299 5658 3432 5731 ζωὴνὶ
3467 5651 3543 5731 καὶ
3567 5646 3676 5731 ἠξῇ

2185 5718 2782 5815 ἷξξωῖῗέιῖίῆίίεέθζ
2803 5734 3000 5815 αὑτὴγ..
3019 5730 3151 5815 ζωὴ.
3188 5718 3348 5814 ἧῖίδυν
3374 5718 3673 5815 ἔληὲέΐέηῗδ

2187 5789 2397 5870 {alii
2433 5789 2728 5867 αὑτδ⁶εῖνὰι
2758 5789 3074 5875 ἡγουν”ὅ).ὀν
3107 5789 3162 5850 ἐὺ
3190 5789 3338 5864 sinat,
3371 5789 3666 5864 progreditur,
