3784 6540
115 475 200 544 sit
717 472 954 536 nscas
996 475 1056 540 ν.
1086 503 1152 513 -
1188 475 1286 540 DE
1317 435 1979 548 rnorntcrmeus
2008 486 2240 552 DIVIN.
2275 489 2542 551 NOMIN.

3183 491 3289 556 818

117 604 193 660 ρετ
230 599 280 640 se
311 579 734 652 participationes
766 587 1002 654 primum
1034 590 1358 660 participare
1383 608 1520 659 esse,
1570 604 1622 650 et
1650 600 1695 658 Α
1728 598 1797 652 tia
1831 614 1936 653 non
1964 615 2127 670 posse
2155 616 2170 655 :
2201 603 2294 671 qui
2327 602 2796 672 przedestinatione
2829 600 3156 672 cognitionis
3181 620 3292 660 sua!

112 681 172 733 sic
205 675 410 743 primum
443 686 556 726 esse
593 672 735 741 quod
768 685 893 728 sunt
921 713 936 737 ,
969 677 1169 734 deinde
1205 680 1385 749 liuius,
1417 693 1511 739 aut
1551 686 1615 738 ilo

113 771 193 821 ints
225 763 462 832 principia
491 777 643 818 esse:
672 771 726 817 et
756 767 1132 836 participando
1163 787 1302 836 esse,
1330 777 1614 842 exsistere,

108 870 146 913 et
173 853 472 925 participari.
495 852 548 907 Si
572 855 686 909 haec
713 865 920 923 autem,
950 875 1070 929 qua:
1097 863 1325 918 aliorum
1354 867 1618 934 principia

107 958 428 1012 mirae-rantur,
460 963 556 1018 per
583 952 1053 1022 participationem
1090 969 1211 1011 esse
1239 969 1368 1014 ‘sunt
1395 999 1409 1021 ,
1448 963 1620 1018 multo

105 1042 241 1113 magis
260 1055 368 1110 qua;
407 1040 520 1110 ipsa
565 1041 650 1094 illa
686 1045 953 1115 principia
988 1048 1340 1119 participant.
1376 1051 1626 1116 Primum'

103 1135 234 1201 igitur
259 1132 444 1186 donum
495 1146 588 1200 per
642 1149 701 1188 se
750 1150 894 1200 esse,
921 1152 1044 1192 cum
1076 1154 1169 1208 per
1207 1158 1266 1197 se
1306 1144 1392 1198 illa
1428 1161 1622 1214 supra-

100 1240 227 1293 quam
269 1221 469 1278 bonitas
517 1224 809 1293 producat,
856 1231 1052 1284 merito
1091 1233 1158 1287 ab
1211 1236 1520 1310 antiquiore
1565 1247 1619 1293 et

99 1316 236 1386 prima
265 1315 491 1369 omnium
530 1318 1007 1388 participatiouum
1045 1323 1316 1384 laudatur.
1357 1329 1420 1382 Et
1459 1331 1620 1399 paulo

101 1416 232 1469 post:
269 1405 322 1460 Si
361 1419 541 1462 autem
579 1409 690 1464 vult
713 1409 972 1467 Clemens
1009 1415 1372 1486 philosophus
1404 1421 1469 1476 ad
1519 1423 1622 1477 ali-

101 1499 198 1567 quid
223 1498 319 1552 diei
346 1502 679 1570 exemplaria
710 1518 831 1570 quae
862 1516 989 1560 sunt
1040 1506 1092 1559 in
1138 1510 1300 1566 rebus
1342 1513 1618 1583 principa-

101 1592 223 1664 liora,
247 1592 580 1662 progreditur
600 1594 815 1664 quidem
847 1611 970 1651 cum
1002 1600 1079 1655 sic
1111 1600 1369 1672 loquitur,
1393 1623 1498 1660 non
1526 1625 1619 1678 per

100 1681 273 1750 propria
301 1692 350 1735 et
380 1683 620 1752 perfecta
653 1694 706 1739 et
741 1687 1010 1758 simplicia
1042 1695 1262 1748 nomina
1295 1696 1372 1767 (l)
1405 1712 1418 1749 :
1451 1700 1542 1762 sed
1572 1701 1617 1755 si

99 1772 406 1827 concedamus
467 1785 616 1831 recte
675 1777 779 1833 hoc
830 1779 979 1848 dici,
1033 1793 1249 1852 oportet
1303 1789 1618 1845 meminisse

101 1862 362 1930 Scriptura,
393 1879 511 1930 qua:
545 1866 620 1920 ait
655 1884 671 1922 :
711 1868 828 1922 Non
856 1872 1059 1925 ostendi
1091 1872 1187 1928 illa
1220 1874 1314 1930 tibi
1332 1875 1503 1948 (2),ut
1528 1897 1617 1934 eas

1726 690 2020 748 ineli‘abilis
2059 694 2242 748 omnia
2277 695 2328 748 in
2362 710 2420 749 se
2455 695 2568 764 ipse
2600 694 2916 764 complexus
2947 703 3060 759 est,
3093 705 3143 750 et
3172 711 3295 750 om-

1723 781 1810 833 nia
1842 781 1895 834 in
1928 797 1988 837 se
2014 798 2079 836 ex
2113 792 2223 838 toto
2252 799 2370 839 esse
2404 795 2662 854 tauquam
2693 785 2746 839 in
2778 786 3068 854 exemplari
3095 793 3146 842 et
3173 787 3294 842 idea

1725 869 1884 932 fecit,
1924 871 2028 926 hoc
2073 873 2216 926 enim
2251 873 2433 928 statim
2468 874 2641 942 prima
2686 876 2908 930 notione
2945 891 3102 930 mens
3138 877 3293 939 cogi-

1723 971 1822 1025 tat,
1863 976 1985 1017 esse
2031 963 2252 1032 inquam
2281 1001 2296 1026 ,
2350 973 2536 1032 postea
2588 965 2712 1027 hoc,
2749 975 2842 1019 aut
2894 964 3008 1028 illo,
3043 976 3137 1020 aut
3184 967 3294 1020 alio

1725 1053 1887 1108 uvodo
1914 1069 2032 1109 esse
2061 1056 2487 1126 contemplatur.
2512 1055 2649 1112 ‘Esse
2683 1057 2845 1127 igitur
2873 1059 3216 1126 simpliciter,
3243 1072 3294 1112 ct

1724 1160 1828 1199 non
1856 1146 2038 1214 aliquo
2068 1146 2232 1200 modo
2257 1161 2396 1211 esse,
2430 1146 2724 1202 declaravit
2750 1163 2869 1202 cum
2901 1149 3062 1215 dixit,
3102 1164 3199 1219 per
3234 1165 3292 1205 se

1722 1252 1863 1301 esse,
1897 1239 2038 1292 sicut
2083 1239 2337 1308 deinceps
2373 1238 2512 1293 dixit
2562 1255 2658 1308 per
2696 1255 2754 1295 se
2789 1241 2978 1306 vitam,
3013 1257 3109 1311 per
3133 1258 3193 1298 se
3225 1245 3298 1299 si-

1725 1331 2085 1385 militudinem
2111 1372 2124 1393 .
2172 1341 2222 1386 et
2275 1331 2377 1386 alia
2409 1331 2698 1400 ejusmodi,
2733 1347 2858 1388 esse
2885 1334 3030 1388 enim
3066 1348 3296 1404 prorsus

1725 1422 1888 1477 vitam
1922 1422 2020 1492 (3),
2054 1434 2107 1482 et
2150 1422 2476 1493 simpliciter
2509 1427 2690 1478 vivere
2715 1441 2822 1479 non
2856 1425 3126 1496 signiﬁcat
3157 1428 3298 1480 banc

1725 1515 1884 1570 talem
1920 1517 2130 1581 vitam;
2180 1526 2232 1569 et
2286 1515 2538 1571 similiter
2569 1516 2622 1569 in
2674 1516 2840 1571 aliis:
2879 1517 3020 1572 sicut
3068 1519 3296 1585 exempli

1725 1610 1894 1677 gratia
1938 1607 2014 1678 (4)
2049 1609 2101 1662 in
2137 1610 2514 1679 qualitatibus,
2556 1609 2706 1678 prius
2758 1624 2855 1682 per
2903 1626 2962 1664 se
3011 1610 3299 1678 qualitates

1726 1700 1932 1764 insunt,
1963 1710 2149 1769 postea
2183 1700 2492 1756 accidentes
2523 1709 2821 1769 operantur
2842 1737 2860 1764 ,
2908 1699 2974 1754 ad
3010 1699 3153 1754 hunc
3184 1716 3304 1754 mos

1723 1789 1850 1844 dum
1882 1791 2234 1861 proportione
2259 1791 2314 1846 in
2346 1791 2415 1847 iis
2445 1807 2566 1862 qua!
2591 1791 2852 1856 diximus,
2885 1791 3296 1861 intelligendum

1723 1891 1825 1938 est.
1849 1882 1984 1937 item
2016 1883 2146 1938 dicit
2169 1883 2223 1936 in
2256 1882 2435 1953 primo
2461 1895 2587 1953 cap.
2619 1881 2760 1936 idem
2789 1882 3056 1937 Maximus
3089 1898 3103 1935 :
3131 1881 3298 1936 Crea-

97 1964 184 2022 post
215 1955 296 2008 illa
325 1955 404 2021 ";
461 1957 558 2012 sed
601 1966 660 2012 ut
706 1975 801 2028 per
836 1964 1242 2033 proportionem
1289 1945 1618 2040 cognitionis
1653 1945 1690 1999 Β
1722 1976 1924 2030 tionem
1968 1977 2109 2040 vitaz,
2141 1981 2196 2030 et
2233 1945 2564 2030 creationem
2598 1974 2954 2038 substantiae,
2993 1975 3043 2029 id
3072 1984 3177 2035 est.
3212 1990 3300 2030 res

96 2047 248 2100 horum
278 2047 341 2101 ad
370 2051 808 2116 cognoscendam
853 2055 1100 2110 omnium
1145 2073 1399 2123 causam,
1435 2064 1615 2132 quoad

95 2155 356 2207 pissumus,
385 2142 746 2200 adducamur.
776 2144 900 2201 Haec
925 2149 1196 2206 adnotans
1229 2152 1289 2209 S.
1327 2153 1618 2224 Maximus,

95 2233 181 2287 Hoc
209 2247 410 2295 nomen,
439 2235 642 2305 inquit,
674 2239 934 2309 imposuit
958 2241 1061 2304 sibi
1087 2243 1247 2309 Deus,
1282 2261 1406 2302 cum
1432 2247 1567 2303 dixit
1601 2268 1616 2304 :

93 2322 180 2388 qu
203 2343 326 2382 sum.
357 2329 445 2396 qui
478 2346 599 2383 sum
642 2332 733 2396 ⁸³⁸,
758 2348 788 2386 a
821 2349 928 2403 quo
969 2346 1337 2394 consentanee
1362 2339 1616 2396 laudatur

91 2427 188 2470 ante
218 2419 310 2472 alia
337 2435 455 2488 quze
489 2424 562 2478 de
592 2423 708 2492 ipso
739 2426 1018 2496 dicuntur,
1047 2431 1227 2498 qualia
1261 2443 1384 2491 sunt
1415 2449 1613 2489 nomen

90 2513 201 2573 vitae,
224 2512 512 2582 sapientiae,
541 2525 594 2571 et
622 2518 728 2572 alia
758 2519 1048 2588 ejusmodi,
1073 2522 1202 2578 illud
1235 2534 1442 2593 autem,
1463 2528 1615 2598 prius

89 2615 200 2666 esse,
225 2612 272 2656 et
307 2621 466 2674 supra
503 2623 632 2663 esse
663 2609 984 2666 deciaravit‘
1012 2628 1132 2668 esse
1163 2613 1330 2669 Deum
1358 2659 1371 2679 ,
1423 2633 1615 2672 carere

89 2693 308 2764 principio
327 2733 344 2761 ,
376 2707 428 2750 et
454 2699 625 2754 Deum
653 2703 868 2771 penitus
892 2706 1280 2774 comprehendi
1314 2706 1617 2776 intelligen-

139 2835 176 2870 ”
196 2834 352 2892 Exod.
376 2854 510 2902 xxv.
533 2839 628 2895 Mi.
703 2841 771 2876 δι’
787 2841 956 2897 Exod.
992 2858 1073 2910 tu,
1109 2844 1196 2898 li.

1724 2067 1868 2137 ipsas
1899 2065 2027 2121 fecit
2051 2067 2194 2122 Deus
2226 2065 2510 2122 exsistere.
2541 2064 2785 2120 Primum
2823 2065 2989 2136 igitur
3018 2067 3296 2120 notionem

1720 2161 1797 2214 rei
1839 2161 2009 2230 ipsius
2044 2159 2212 2215 menti
2263 2158 2631 2214 informamus
2661 2175 2675 2224 ;
2707 2167 2895 2228 postea
2927 2159 3290 2213 univcrsalcm

1671 2262 1673 2264 '
1718 2251 1838 2320 ejus
1855 2251 1931 2306 rei
1951 2251 2250 2316 notionem,
2293 2258 2351 2304 ut
2384 2249 2657 2303 notionem
2681 2247 2808 2302 vitae
2854 2247 2936 2300 vel
2974 2248 3300 2302 substantia:

1723 2338 1977 2394 universe
1999 2338 2422 2401 consideratam,
2442 2337 2633 2392 deinde
2665 2337 2714 2393 id
2744 2347 2916 2406 parte,
2933 2337 2983 2392 id
3003 2346 3106 2397 est.
3132 2339 3301 2394 notio-

1726 2446 1846 2486 nem
1871 2430 2171 2486 secundum
2199 2429 2444 2500 singulas
2464 2429 2674 2499 species
2700 2429 3028 2497 accepimus,
3053 2439 3112 2484 ut
3140 2429 3297 2499 vitae;

1723 2523 1806 2577 vel
1835 2522 2153 2577 substantia
2181 2521 2440 2591 angelica!
2465 2561 2481 2586 ,
2510 2520 2592 2576 vel
2641 2519 2914 2584 humanm,
2945 2531 3036 2575 aut
3063 2523 3302 2591 reliquo-

1723 2629 1842 2668 rum
1869 2613 1920 2666 in
1948 2613 2202 2669 universa
2232 2612 2433 2682 specie.
2459 2611 2725 2667 Praeterea
2753 2612 2896 2666 idem
2923 2626 2984 2666 ca
3003 2627 3055 2680 p.
3079 2614 3298 2681 quinto,

1719 2706 2166 2776 participationes
2195 2705 2346 2773 dicit,
2371 2719 2504 2774 quas
2530 2720 2593 2760 ea
2627 2719 2748 2774 quae
2773 2715 2923 2773 sunt,
2951 2706 3296 2775 participant,

1543 2938 1812 3004 Schoﬁu.

143 3042 205 3106 il)
246 3041 356 3096 Non
395 3058 478 3110 per
523 3045 740 3111 propria
772 3055 820 3098 et
849 3046 1079 3113 perfecta
1127 3052 1176 3098 et
1220 3043 1486 3112 simplicia
1517 3060 1613 3098 no-

89 3114 215 3164 mine.
246 3113 294 3165 id
324 3125 427 3170 est.
457 3130 562 3181 per
593 3130 653 3167 se
691 3131 833 3174 esse,
864 3124 916 3170 et
943 3130 1037 3179 per
1071 3129 1129 3169 se
1161 3115 1302 3176 vita;
1337 3123 1390 3166 et
1424 3130 1516 3182 per
1555 3130 1613 3168 se

91 3183 331 3252 sapirntia,
369 3193 422 3238 et
460 3183 668 3238 similia
705 3201 823 3248 quae
853 3193 981 3240 sunt
1021 3183 1287 3254 principia
1335 3192 1385 3237 et
1435 3183 1613 3238 causa"

89 3266 240 3328 eurum
286 3269 403 3319 quze
455 3263 611 3314 sunt,
667 3272 787 3322 qum
818 3254 1027 3328 vivunt,
1080 3263 1133 3307 et
1176 3270 1310 3328 quae
1349 3254 1612 3328 sapientia

89 3323 272 3388 przedita
302 3334 447 3387 sunt,
476 3340 589 3376 non
615 3334 842 3390 possunt
870 3325 974 3378 dici
1008 3325 1223 3392 proprie
1248 3323 1611 3390 exemplaria;

88 3393 185 3468 quia
235 3410 491 3468 quorum.
530 3394 630 3447 ista
688 3404 812 3468 sunt
853 3394 1166 3468 principia,
1221 3409 1334 3468 non;
1375 3394 1512 3468 liunt
1559 3403 1616 3448 ut

87 3462 328 3515 imileuttlr
359 3465 450 3517 illa
477 3464 599 3529 ipsa
629 3465 917 3532 principia,
946 3462 1197 3517 sed'iiunt
1233 3473 1292 3516 ut
1324 3464 1615 3527 impleatur

84 3533 125 3582 in
174 3533 243 3585 eis
293 3535 436 3599 quod
497 3533 680 3588 divina
746 3535 1024 3602 Sapientia
1075 3533 1368 3593 ordinavit,
1407 3535 1458 3587 id
1507 3543 1614 3597 est,

84 3603 197 3666 quod
225 3614 331 3656 erat
371 3607 424 3657 in
481 3605 606 3657 idea
640 3614 693 3658 et
729 3605 1022 3672 exemplari
1071 3604 1280 3664 divino,
1333 3619 1440 3657 non
1487 3611 1616 3658 stunt

84 3673 215 3724 etiam
248 3673 484 3738 perlecta
525 3675 878 3742 exemplaria,
921 3690 1044 3727 cum
1100 3673 1216 3739 ipsa
1253 3674 1378 3728 aliis
1426 3689 1616 3728 exem-

85 3744 288 3804 plaribus
321 3745 629 3813 indigeant,
675 3759 782 3804 non
813 3754 952 3804 suntp
971 3745 1267 3813 simplicia,
1300 3745 1425 3813 quia
1454 3743 1615 3797 simul

85 3823 185 3862 sunt
229 3816 512 3878 exemplar
557 3816 620 3867 ad
671 3813 901 3866 lormata
959 3816 1099 3880 (qun
1128 3815 1287 3875 vulgo
1350 3823 1616 3867 vocantur

82 3885 374 3946 erotundata)
411 3894 465 3936 et
511 3885 866 3948 exemplaria,
895 3899 957 3937 ex
993 3894 1181 3937 sancto
1205 3883 1437 3938 Thoma.

134 3952 202 4016 (2)
244 3953 359 4012 Non
415 3955 627 4010 ostendi
683 3956 779 4010 illa
837 3957 958 4010 tibi.
1013 3953 1212 4016 Locum
1280 3953 1450 4014 Exod.
1513 3969 1618 4008 xxv

82 4024 185 4096 citat
217 4025 514 4096 Dionysius
562 4025 621 4076 οὐ
670 4026 812 4079 κατὰ
841 4025 919 4096 to
951 4025 1136 4096 ῥητὸν,
1177 4024 1308 4082 αλλὰ
1339 4023 1476 4096 κατὰ
1518 4022 1616 4091 τὴν

80 4094 308 4157 διὰνοιαν,
350 4093 402 4148 id
438 4101 549 4160 est,
583 4111 688 4148 non
724 4093 1022 4149 secundum
1059 4096 1240 4156 verba,
1279 4093 1372 4150 sed
1422 4110 1615 4148 serun-

83 4166 186 4215 uum
233 4181 483 4225 sensum,
541 4165 620 4219 sic
677 4165 960 4229 apostolici
1019 4165 1268 4232 discipuli
1331 4180 1356 4216 a
1416 4163 1617 4220 sanctis

80 4235 310 4297 apostolis
363 4235 678 4289 didicerunt
707 4237 878 4288 citare
921 4233 1212 4301 aliquando
1247 4235 1612 4302 Scriptnram,

79 4306 198 4375 sicut
241 4305 340 4371 ipsi
403 4305 583 4358 sancti
637 4306 867 4375 apostoli
927 4304 1199 4375 interdum
1240 4305 1480 4365 faciunt,
1540 4304 1616 4358 sic

79 4373 199 4425 enim
254 4375 328 4444 ait
383 4373 729 4444 Scriptura:
783 4374 1015 4443 InSpice,
1062 4383 1116 4427 ct
1173 4373 1255 4427 lac
1316 4375 1614 4427 secundum

80 4443 344 4506 exemplar,
399 4443 552 4512 quod
615 4444 711 4496 tibi
770 4453 1131 4497 monstratum
1188 4452 1270 4497 est.
1331 4446 1383 4496 in
1435 4452 1618 4497 monte

80 4513 253 4572 (Exod.
289 4531 419 4573 xxv,
448 4513 574 4578 46).
621 4512 756 4567 Cum
783 4515 886 4574 ait.
920 4513 1146 4581 inspice,
1189 4522 1242 4567 et
1292 4512 1374 4567 l'ac
1419 4529 1618 4567 secun-

1723 3047 2012 3116 principia.
2039 3055 2097 3099 ut
2127 3060 2304 3116 caiisa
2329 3045 2394 3101 ad
2419 3043 2638 3107 eil‘erta,
2661 3055 2716 3099 et
2749 3045 2936 3116 edente
2973 3047 3042 3107 ad
3072 3062 3291 3112 causas,

1722 3114 1766 3170 si
1806 3118 1885 3176 sic
1909 3114 2122 3179 accepit
2151 3114 2420 3178 Clemens,
2452 3124 2509 3168 ut
2545 3116 2702 3180 plane
2741 3115 3017 3180 accepisse
3045 3119 3290 3178 videtur,

1721 3197 1865 3239 rer-te
1895 3188 2135 3253 accepit;
2170 3194 2223 3239 et
2264 3186 2343 3239 sic
2373 3185 2534 3237 etiam
2570 3185 2672 3238 ista
2709 3183 3138 3251 principialiora,
3171 3203 3294 3255 qua!

1719 3255 2052 3322 exemplaria
2083 3263 2258 3316 vocat,
2290 3265 2470 3324 creata
2507 3264 2652 3324 sunt,
2679 3255 2822 3310 sicut
2854 3255 2947 3310 illa
2982 3257 3292 3324 spiritualia

1719 3327 2045 3393 exemplaria
2098 3333 2314 3396 ostensa
2350 3322 2621 3396 Moysihiu
2660 3334 2865 3389 monte,
2916 3322 3025 3380 non
3071 3327 3294 3396 quidem

1717 3406 1977 3463 tanquam
2015 3393 2345 3461 exemplaria
2382 3393 2469 3464 illa
2507 3393 2719 3464 divina,
2742 3410 2864 3464 qum
2891 3405 3028 3464 sunt
3056 3393 3294 3452 increata

1717 3476 1769 3520 et
1800 3462 2025 3528 aeterna,
2075 3464 2364 3535 invisibilia
2401 3462 2527 3527 Dei,’
2570 3473 2621 3517 et
2658 3462 2960 3526 adoranda,
3011 3482 3134 3535 qua:
3168 3475 3295 3521 sunt

1719 3535 1834 3603 ipse
1863 3536 2004 3590 Deus
2040 3534 2504 3603 simplicissimus,
2535 3535 2928 3604 sedﬂtanquam
2956 3534 3290 3604 exemplaria

1717 3602 1901 3660 creata
1955 3613 2010 3658 et
2063 3602 2350 3674 informata
2410 3602 2580 3657 menti
2623 3602 2823 3674 Moysis
2884 3602 3171 3669 divinitus,
3235 3615 3298 3661 ut

1717 3677 2018 3752 secundum
2063 3689 2126 3728 ea
2160 3673 2384 3740 iaceret,
2442 3688 2562 3752 quc
2615 3673 2800 3752 facere
2839 3675 2988 3752 Deus
3014 3677 3062 3730 ei
3097 3677 3296 3752 pracci-

1717 3746 1920 3814 piebat,
1961 3759 2083 3813 qum
2116 3753 2271 3799 erant
2315 3745 2498 3800 omnia
2545 3743 2809 3814 imagines
2841 3743 3161 3802 tenuiterret
3195 3747 3293 3800 oi)-

1719 3831 1877 3870 scurc
1911 3815 2250 3869 adumbratae
2299 3815 2514 3868 illorum
2545 3815 2966 3882 exemplarium.
3004 3817 3105 3869 Alii
3150 3817 3294 3872 hunc

1717 3885 1897 3940 locum
1938 3901 1966 3938 a
1999 3885 2258 3951 Dionysio
2285 3886 2509 3938 citatum
2552 3899 2617 3937 ex
2653 3883 2816 3938 Dent.
2869 3900 2989 3951 cap.
3029 3902 3106 3950 tv,
3135 3901 3292 3941 sum-

1716 3967 1868 4023 ptum
1924 3970 2056 4026 esse
2099 3954 2538 4026 adnotaverunt;
2603 3955 2696 4007 sed
2733 3954 2878 4009 nulla
2911 3956 3122 4016 ratione
3154 3973 3296 4026 qua—

1719 4026 1859 4086 drat.
1892 4026 2000 4093 Ego
2029 4024 2315 4093 Georgium
2350 4025 2746 4094 Pacbymcrum
2779 4034 3000 4080 secutus
3027 4024 3291 4094 sum,’qui

1719 4097 1784 4148 ad
1818 4097 1965 4148 illum
1996 4094 2174 4148 locltm
2217 4094 2388 4147 Exodi
2437 4109 2542 4145 xxv
2567 4093 2772 4158 retulit,
2806 4109 2962 4162 quem
3015 4097 3124 4149 dixi
3158 4093 3294 4150 cita-

1719 4179 1832 4220 tum
1861 4180 1985 4220 esse
2017 4181 2046 4218 a
2081 4163 2336 4234 Dionysio
2372 4163 2672 4234 secundum
2710 4179 2957 4234 sensum,
2994 4166 3136 4220 sicut
3181 4167 3287 4220 ali-

1717 4236 1937 4304 quando
1964 4235 2142 4290 solent
2185 4233 2524 4304 apostoli,iet
2569 4235 2744 4288 sancti
2779 4233 3007 4301 Patres,
3036 4235 3288 4294 similiter

1718 4303 1905 4366 citavit
1959 4307 2118 4360 etiam
2182 4304 2376 4357 ibidem
2433 4303 2727 4372 Dionysius
2792 4304 2967 4356 locum
3022 4306 3183 4372 epist.
3219 4305 3288 4359 ad

1723 4374 1878 4428 Rom.
1918 4391 2035 4442 cap.
2071 4387 2088 4426 ι
2128 4391 2153 4442 ς-
2180 4372 2477 4427 lnvisibiiia
2513 4371 2684 4442 ipSius
2728 4388 2755 4425 a
2806 4371 3063 4426 creatura
3101 4376 3287 4428 mundi

1723 4460 1817 4512 per
1859 4461 1920 4498 ea
1949 4441 2070 4511 qua:
2119 4441 2264 4498 facta
2319 4452 2468 4506 sunt,
2522 4441 2794 4496 intellecta
2827 4444 3284 4512 conspiciuntur;

1722 4511 1930 4580 eitavi-t,
1960 4519 2205 4584 inquam,
2253 4513 2402 4584 hunc
2443 4513 2624 4568 locum
2675 4511 2979 4584 secundum
3033 4529 3283 4578 sensum,

79 4587 186 4637 dum
234 4584 518 4654 exmrplar
575 4583 740 4654 (sive
762 4584 1112 4654 exemplaria,
1166 4598 1272 4642 non
1329 4584 1474 4637 enim
1517 4581 1616 4654 luit
1647 4586 1693 4640 ι)
1724 4588 1813 4652 qui
1846 4593 1949 4654 est,
1979 4581 2052 4644 ut“
2077 4585 2152 4638 ait
2185 4581 2620 4654 Dionysius,_per
2653 4583 3058 4654 proportionem
3101 4586 3290 4653 cogni-

82 4671 224 4704 unum
279 4652 599 4720 exemplar,
651 4652 745 4707 sed
799 4653 1004 4720 multa)
1065 4654 1159 4707 tibi
1218 4663 1496 4708 ostensum
1560 4653 1613 4707 in

84 4733 274 4782 monle,
325 4725 464 4778 satis
513 4722 657 4777 clare
705 4723 856 4783 dicit.
903 4723 1115 4778 ostendi
1166 4723 1462 4789 exemplar,
1498 4723 1616 4777 sive

82 4793 384 4862 rxetnplaria
421 4808 532 4847 non
567 4793 632 4846 ad
664 4793 949 4846 colendum
998 4793 1086 4847 illa
1134 4792 1260 4860 (hoc
1291 4794 1436 4858 enim
1473 4803 1613 4857 erat,

47 4862 145 4915 nire
171 4873 279 4927 post
316 4879 406 4926 ea,
443 4863 625 4918 colere
658 4864 766 4929 illa,
786 4874 838 4917 et
870 4863 1069 4917 habere
1101 4877 1165 4916 ea
1195 4878 1292 4932 pro
1337 4862 1488 4933 diis),
1523 4863 1616 4916 sed

82 4938 264 4986 oden"!
301 4934 636 5000 exemplaria
672 4934 736 4987 ad
787 4933 1096 4986 faciendum
1155 4932 1452 4986 secundum
1508 4933 1616 4993 illa,

82 5019 184 5067 qum.
218 5003 459 5056 facienda
496 5013 622 5056 sunt
657 5004 709 5055 in
742 5003 1096 5056 tabernaculo
1121 5011 1173 5056 et
1209 5004 1351 5056 vasis
1383 5001 1518 5069 ejus,
1566 5015 1619 5056 et

81 5070 125 5122 in
150 5075 516 5126 sacerdotibus
547 5084 599 5126 et
625 5087 816 5126 eorum
849 5071 1154 5133 sacriﬁciis,
1186 5083 1238 5125 et
1267 5073 1319 5124 in
1354 5072 1495 5138 aliis,
1535 5072 1619 5126 lex

80 5144 204 5193 θίιίιιι
235 5144 488 5198 crebram
517 5144 746 5200 habebat
771 5141 1074 5198 futurorum
1101 5143 1395 5204 bonorum,
1417 5144 1622 5196 scilicet

83 5214 455 5279 spiritualium,
491 5229 617 5282 quin
661 5212 873 5281 quidem
911 5223 1132 5267 Osteusa
1183 5222 1312 5266 sunt
1362 5212 1530 5281 Moysi
1567 5213 1619 5265 in

83 5284 273 5352 spiritu,
310 5300 546 5350 quorum
584 5283 972 5348 exemplarium
1008 5283 1270 5352 imagines
1312 5292 1466 5352 erant
1510 5297 1624 5336 om-

83 5350 155 5421 uin
198 5349 410 5421 quain
447 5355 561 5420 lege
591 5354 808 5418 ﬁebant,
852 5353 994 5405 sicut
1040 5349 1289 5405 ait'idem
1317 5349 1620 5421 Dionysius

79 5420 124 5469 iu
162 5420 402 5476 extrema
437 5424 627 5492 pagina
658 5438 776 5491 cap.
807 5425 837 5477 4
891 5421 1090 5476 Eccles.
1121 5421 1266 5476 Hier.
1295 5420 1435 5486 Quia
1461 5423 1624 5490 igitur

81 5491 311 5547 (ilo-naeus
368 5491 589 5547 videbat
643 5494 712 5550 τὰ
763 5496 963 5557 νοητὰ,
1033 5493 1080 5546 id
1140 5503 1258 5555 est,
1315 5491 1622 5560 spiritualia

81 5569 280 5624 ostensa
319 5561 492 5632 Moysi
525 5563 702 5615 vocari
741 5563 792 5615 in
837 5560 1115 5624 Scriptura
1159 5561 1329 5615 Exodi
1366 5562 1604 5630 παραδεί-

80 5644 271 5702 γματα,
307 5631 433 5701 quae
472 5643 596 5686 sunt
642 5633 707 5685 ad
760 5633 984 5700 aliquid,
1034 5635 1161 5702 quia
1193 5633 1508 5685 referuntur
1557 5631 1624 5684 ad

79 5697 339 5767 imagines
365 5705 664 5771 (excinuim'
687 5697 1080 5757 .euim'dieitu}
1105 5704 1377 5772 imaginis.
1403 5711 1458 5754 et
1479 5702 1622 5756 ima-

80 5773 522 5838 goexemplarisl,
544 5773 792 5827 similiter
813 5774 1062 5828 Cleon-ns
1087 5788 1207 5842 qua:
1231 5781 1357 5827 sunt
1385 5773 1435 5824 in
1467 5773 1625 5824 rebus

83 5843 499 5910 principiaiiora,
536 5843 864 5910 exemplaria
896 5843 1000 5894 diri
1048 5843 1239 5908 voluit,
1267 5859 1386 5907 qua!
1431 5842 1493 5895 ad
1527 5843 1623 5894 aii-

81 5914 195 5972 quni
262 5913 594 5975 referuntur,
648 5915 714 5967 ad
771 5916 858 5966 illa
913 5914 1139 5979 scilicet,
1195 5927 1425 5982 quorum
1501 5925 1626 5965 sunt

1721 4655 1885 4707 tionis
1923 4652 2527 4709 ereaturarum-addttci
2575 4666 2694 4716 nos,
2736 4653 2915 4719 quoad
2972 4652 3286 4720 possumus,

1720 4725 1786 4778 ad
1843 4721 2277 4792 cognoscendum
2325 4736 2550 4792 causam
2601 4721 2874 4792 omnium.
2927 4721 3112 4791 itaque
3163 4738 3288 4778 cum

1719 4796 1853 4848 dixit
1882 4791 2233 4848 {invisibilia
2253 4793 2428 4859 ipsius
2459 4791 2547 4862 (ut
2578 4791 2680 4862 boc
2711 4791 2888 4845 obiter
2915 4794 3286 4862 observetur),

1722 4865 1938 4918 videtur
1997 4863 2156 4932 plane
2224 4863 2422 4916 Paulus
2474 4860 2834 4932 intellexisse
2901 4862 2992 4916 illa
3062 4864 3117 4916 in
3179 4860 3291 4918 Deo

1722 4931 2050 5000 exeumlaria
2099 4942 2322 4993 αξιοι-ηδ,
2351 4947 2472 5000 qxtze
2502 4931 2637 4984 idea:
2670 4942 2950 4995 vocantur,
2986 4934 3288 4987 secundum

1723 5019 1859 5071 quas
1891 5004 2072 5056 omnia
2121 5016 2215 5069 per
2269 5003 2560 5054 essentiam
2603 5015 2758 5054 suam
2831 5002 3292 5071 simplicissimaut

1723 5074 2024 5141 cognoscit,
2057 5083 2110 5125 ct
2137 5071 2270 5125 fecit
2311 5072 2494 5126 omnia
2533 5080 2788 5140 tanquam
2827 5087 2925 5140 per
2959 5073 3285 5141 principium

1722 5153 1776 5196 et
1829 5158 2048 5199 causam
2107 5145 2374 5207 omnium,
2427 5153 2480 5208 et
2543 5149 2624 5195 est
2675 5143 2897 5208 omnia,
2955 5151 3012 5204 ut
3045 5143 3290 5204 omnium

1723 5228 1908 5267 causa.

1797 5284 1874 5353 (ὅ)
1926 5281 2122 5335 Vitam.
2156 5280 2327 5334 Vitam
2359 5281 2509 5348 dicit,
2538 5297 2660 5353 cum
2690 5282 2795 5334 vita
2826 5280 3075 5353 absolute
3103 5283 3289 5338 consi-

1725 5351 1984 5418 deratur;
2027 5355 2101 5406 ita
2157 5362 2214 5404 ut
2267 5358 2377 5408 tota
2431 5351 2798 5407 consideratio
2859 5351 2930 5408 sit
2984 5354 3122 5417 vitaz,
3184 5368 3294 5408 nou

1724 5433 1993 5493 quatenus
2045 5432 2129 5476 est
2155 5422 2421 5489 outnium,
2475 5421 3054 5493 au_t_particuiaritun,
3089 5424 3140 5476 id
3171 5433 3282 5493 est,

1727 5488 1842 5570 non
1892 5494 2268 5570 consideratur
2311 5488 2684 5570 _gener_alllét‘,
2750 5501 2949 5570 neque
2994 5488 3292 5560 particula;-

1728 5565 1896 5628 riter;
1957 5564 2051 5617 sed
2092 5561 2412 5631 simpliciter
2465 5561 2595 5629 vita.
2649 5574 2770 5628 qua:
2825 5560 3024 5613 dicitur
3081 5578 3176 5632 per
3231 5577 3292 5618 se

1730 5635 1857 5686 \ila.

1799 5703 1874 5771 (4)
1924 5701 2080 5761 ,γενὸὶ
2115 5703 2310 5773 gratia.
2356 5701 2472 5772 Ipsa
2523 5716 2621 5766 per
2655 5714 2711 5751 se
2747 5699 3052 5765 corporalis
3089 5702 3290 5760 albedo

1729 5773 2022 5826 adveniens
2055 5775 2267 5840 corpori
2302 5775 2479 5841 album
2517 5773 2645 5841 facit
2673 5783 2894 5838 corpus,
2923 5780 2977 5824 et
3007 5784 3292 5841 postquam

1729 5845 1925 5897 accidit
1977 5839 2209 5910 corpori,
2259 5839 2532 5912 disgregat
2565 5839 2762 5907 visum,
2798 5855 2922 5910 quae
2957 5839 3038 5897 est
3071 5839 3294 5915 prepria

1729 5918 1848 5981 ejus
1881 5917 2144 5981 operatio.
