3860 6568
513 458 622 524 81".)
1503 509 1512 513 -
1680 455 2002 534 JOANNIS
2041 473 2610 536 cvmmssrom
3600 486 3686 555 ego

514 579 676 666 quale
708 587 791 634 est
822 577 1000 648 ipsum
1041 594 1134 651 per
1173 597 1232 637 se
1268 597 1411 644 esse,
1448 583 1617 652 ipsam
1652 601 1746 654 per
1778 601 1837 642 se
1875 588 2042 641 vitam
2070 628 2086 650 ,
2118 592 2161 648 Α
2195 590 2559 659 antiquiorem
2609 589 2732 645 aliis
2768 586 2970 644 divinis
3003 587 3160 645 donis
3190 585 3266 644 ait
3291 602 3404 647 esse
3432 598 3690 666 proprieta.

511 665 686 732 ipsam
713 668 1056 736 sapientiam,
1086 671 1262 740 ipsum
1293 674 1563 739 ordinem,
1599 684 1654 730 et
1685 679 1927 747 reliqua;
1963 695 2084 750 quae
2186 689 2292 734 tem
2327 680 2422 734 τοῦ
2450 681 2624 745 ὄντος,
2660 681 2710 734 id
2736 691 2840 743 est,
2873 681 3016 737 entia
3051 696 3066 733 :
3102 681 3363 750 siquidem
3387 665 3578 743 bonitas
3605 706 3688 745 non

510 757 728 826 quidem
797 761 1241 831 participationes
1298 765 1477 820 divina
1530 769 1669 824 dona
1725 780 1891 836 sunt,
1946 787 2084 838 quas
2185 771 2350 826 habet
2397 771 2631 826 similem
2682 771 2947 826 rationem
2980 772 3035 826 in
3075 773 3266 828 ordine
3297 773 3560 843 donorum,
3587 794 3696 848 quo-

511 849 774 918 principia
803 866 991 906 eorum
1023 869 1144 922 quae
1192 866 1339 919 sunt,
1391 860 1622 916 vocavit.
1657 861 1737 916 Ex
1776 863 1862 917 his
1914 863 2084 933 igitur
2183 864 2328 916 niam
2377 863 2674 932 porrigitur
2707 872 2762 917 et
2794 863 3033 918 tenditur
3078 879 3241 931 supra
3298 879 3358 920 ea
3405 881 3513 934 quae
3549 881 3692 927 sunt:

508 946 743 1008 constat,
771 944 1226 1008 quemadmodum
1256 946 1397 1002 Deus
1429 951 1726 1006 secundum
1758 962 2080 1021 potestatem
2181 961 2439 1022 praeterea
2468 960 2641 1020 potest
2671 966 2793 1007 esse
2822 952 3124 1022 proprietas
3153 953 3270 1021 ejus
3293 951 3428 1023 quod
3450 963 3524 1011 est
3546 971 3626 1026 per
3651 974 3698 1014 se

507 1031 624 1086 sive
657 1031 908 1087 virtutem
941 1049 1119 1102 suam,
1161 1053 1282 1107 quae
1325 1053 1491 1104 supra
1543 1041 1904 1098 substantiam
1954 1054 2037 1099 est
2062 1083 2076 1105 ,
2182 1058 2324 1106 esse,
2365 1043 2490 1114 quia
2527 1044 2630 1099 hoc
2660 1053 2787 1098 ante
2827 1043 2932 1098 alia
2979 1059 3102 1113 quae
3145 1053 3274 1101 sunt
3319 1046 3553 1115 produxit
3585 1049 3698 1105 Deus

505 1138 672 1178 causa
704 1133 788 1181 est
817 1125 1061 1182 eﬂ'ectrix
1091 1139 1142 1183 et
1174 1132 1406 1186 creatrix
1449 1133 1620 1187 totius
1664 1150 1806 1197 esse.
1855 1146 1906 1190 et
1953 1151 2080 1205 par-
2182 1135 2370 1200 prius:
2419 1132 2614 1187 deinde
2648 1133 2752 1186 hoc
2797 1147 2895 1202 per
2941 1148 2998 1188 se
3040 1148 3160 1190 esse
3190 1175 3205 1199 ,
3258 1143 3501 1204 tanquam
3539 1146 3698 1194 natura

489 1213 640 1268 tium
682 1215 824 1286 ejus,
863 1217 1235 1284 exsistentim,
1271 1235 1554 1289 personae,
1588 1223 1944 1289 substantiae,
1983 1211 2082 1280 na-
2181 1222 2416 1290 quadam
2477 1233 2657 1285 utens,
2705 1223 3047 1290 universum,
3073 1226 3548 1296 quomodocunque
3613 1241 3694 1294 est,

508 1315 668 1373 tum,
698 1318 792 1363 aut
819 1310 1022 1377 saeculi,
1055 1321 1107 1366 et
1137 1314 1418 1380 temporis.
1453 1315 1606 1381 Quod
1641 1317 1685 1370 si
1737 1317 1875 1372 Deus
1909 1319 2032 1372 totit

2182 1313 2476 1381 produxit;
2509 1313 2718 1378 adhaec,
2765 1313 2870 1369 alia
2925 1328 3106 1369 rerum
3155 1315 3418 1385 principia
3467 1332 3699 1387 nunquam

507 1411 630 1452 esse
667 1398 892 1454 eﬂector
919 1411 1034 1468 est;
1072 1403 1212 1455 haud
1243 1403 1491 1464 dubium,
1525 1404 1654 1472 quin
1692 1407 1927 1474 partium
1960 1407 2080 1477 ejus
2182 1412 2409 1471 possunt
2436 1417 2580 1467 esse,
2608 1404 2739 1473 quin
2768 1403 2838 1458 sit
2867 1404 3045 1473 ipsum
3088 1420 3184 1474 per
3231 1420 3290 1459 se
3329 1421 3452 1461 esse
3477 1423 3491 1458 :
3515 1407 3603 1464 hoc
3625 1423 3702 1464 au-

508 1487 732 1544 ell‘ector
764 1490 855 1554 sit,
903 1500 958 1546 et
1009 1501 1179 1547 totum
1229 1495 1448 1562 penitus
1475 1495 1708 1560 emciat,
1743 1505 1912 1551 totum
1953 1514 2082 1554 vero
2183 1503 2288 1547 tem
2310 1494 2442 1548 sine
2471 1493 2578 1547 illis
2610 1500 2693 1547 est
2715 1532 2730 1558 ,
2757 1491 2953 1548 deinde
2981 1493 3396 1565 participatione
3438 1494 3583 1565 hujus
3612 1496 3704 1550 alia:

507 1595 632 1637 esse
670 1593 777 1648 est,
809 1584 951 1651 quod
990 1585 1172 1640 statim
1210 1587 1386 1656 prima
1439 1589 1659 1644 notione
1710 1606 1865 1644 mens
1910 1589 2082 1646 infor-
2181 1585 2441 1639 dicuntur
2483 1583 2950 1654 participationes,
2983 1595 3037 1640 et
3068 1599 3164 1654 per
3201 1599 3261 1639 se
3291 1586 3700 1656 participationes,

509 1683 660 1740 mat;
701 1677 1000 1731 secundum
1031 1694 1191 1748 quam
1225 1681 1454 1750 primam
1486 1681 1761 1737 notionem
1793 1698 1992 1752 genera
2024 1683 2076 1738 in
2181 1683 2235 1728 el
2263 1673 2520 1729 dicunt“?
2561 1687 2684 1730 8838
2714 1682 2769 1729 θῑ
2818 1690 3060 1731 manere.
3108 1675 3226 1730 Hoc
3269 1684 3446 1732 autem
3495 1677 3700 1741 ευῦιεηο,

507 1767 974 1835 disputationibus
999 1773 1461 1841 contemplamur;
1488 1785 1673 1843 postea
1703 1787 1883 1846 partes
1909 1775 2031 1831 totit

2183 1765 2330 1819 nulla
2375 1764 2480 1821 erit
2512 1766 2894 1836 participatio;
2944 1776 3058 1822 tum
3117 1767 3282 1822 etiam
3333 1769 3500 1838 ipsum
3546 1784 3628 1838 per
3661 1783 3701 1822 se

505 1859 698 1914 ordine
723 1860 1094 1929 expromimus
1120 1902 1135 1926 ,
1166 1871 1220 1918 et
1248 1864 1392 1918 sicut
1419 1865 1592 1935 logice
1621 1882 1649 1920 a
1680 1867 1974 1934 generibus
2008 1880 2029 1918 a

2182 1870 2326 1920 esse,
2374 1871 2497 1925 quae
2543 1862 2626 1912 est
2672 1856 3022 1926 participatio
3052 1859 3254 1931 prima,
3287 1872 3315 1911 a
3352 1857 3491 1911 nullo
3523 1866 3630 1910 ante
3660 1871 3703 1910 se

506 1951 738 2019 species,
772 1952 852 2007 sic
877 1961 961 2008 est
990 1968 1085 2023 per
1109 1970 1169 2010 se
1198 1971 1340 2022 esse,
1373 1957 1424 2011 id
1451 1965 1537 2012 est
1561 1996 1577 2019 ,
1612 1965 1782 2012 totum
1822 1972 1980 2024 esse;
2017 1975 2030 2013 t

2181 1947 2553 2016 participatur,
2584 1946 2768 2002 omnia
2800 1957 2980 2002 autem
3013 1956 3136 2017 post
3164 1963 3290 2002 eum
3319 1957 3369 2002 et
3404 1948 3702 2018 participant,

505 2041 572 2094 ad
604 2043 757 2109 quod
785 2043 1192 2114 intelligendum
1231 2061 1384 2102 mens
1410 2048 1650 2118 primum
1684 2049 1793 2103 vim
1824 2050 2074 2115 intendit,
2177 2045 2229 2093 et
2265 2039 2394 2093 tiunt
2428 2037 2552 2093 aliis
2581 2037 2744 2106 inira,
2782 2039 3254 2109 participationes.
3307 2037 3510 2093 Habent
3555 2051 3703 2094 autem

504 2133 785 2200 antiquius
818 2144 900 2189 est
939 2136 1062 2191 aliis
1105 2151 1225 2206 quae
1271 2149 1454 2206 postea
1491 2155 1646 2195 mens
1686 2133 2028 2210 cotemplatui

2183 2131 2293 2186 hac
2328 2144 2434 2184 non
2475 2144 2695 2200 parvam
2727 2131 3084 2200 quaestionem
3105 2169 3120 2194 ,
3157 2131 3433 2200 quomodo
3465 2130 3707 2198 Dionysius

502 2219 622 2277 Non
662 2225 804 2278 enim
842 2241 1132 2295 possumus
1173 2231 1337 2284 vitam
1387 2231 1688 2284 secundum
1721 2243 1780 2286 se
1829 2240 2077 2285 contem-
2179 2237 2302 2277 Cum
2333 2221 2770 2293 praemunitione.
2808 2219 2864 2276 Si
2916 2222 3020 2287 Vis.
3053 2221 3258 2292 ἰηίιυὶι,
3309 2221 3587 2276 Viventi"!!!
3615 2234 3706 2276 ιεηε

504 2313 668 2381 piari,
697 2325 791 2369 aut
827 2318 1176 2384 sapientiam,
1215 2329 1306 2373 aut
1334 2321 1742 2376 similitudinem
1768 2361 1783 2386 ,
1821 2322 1922 2376 nisi
1958 2323 2074 2393 pri-
2177 2330 2338 2382 quam
2373 2313 2672 2368 viventium
2711 2313 3044 2384 principium
3086 2314 3271 2369 dicere
3303 2329 3395 2383 per
3438 2329 3493 2369 se
3531 2313 3703 2374 vitam.

505 2423 658 2463 mum
698 2423 819 2464 esse
867 2425 1157 2479 ponamus,
1211 2420 1297 2468 est
1345 2412 1488 2468 enim
1538 2414 1649 2468 vila
1695 2415 1970 2484 primum;
2021 2424 2077 2470 ει
2179 2416 2448 2473 quatenus
2486 2404 2697 2461 scilicet
2730 2401 3082 2460 manifestum
3123 2413 3208 2460 est
3235 2443 3252 2469 ,
3303 2405 3414 2459 haec
3456 2404 3704 2466 absoluta,

504 2508 637 2554 tunc
671 2501 970 2556 secundum
1002 2517 1061 2558 se
1099 2505 1545 2574 contemplantes.
1597 2507 1674 2570 ὡς
1723 2509 1786 2561 τὸ
1819 2509 1871 2561 τι
1913 2511 2028 2563 ἐστι

2185 2513 2284 2552 non
2313 2496 2530 2568 proprie
2558 2496 2808 2552 absoluta
2844 2511 2988 2560 esse,
3025 2497 3176 2553 solus
3205 2498 3350 2552 enim
3382 2499 3516 2552 Deus
3550 2496 3709 2551 horum

506 2605 986 2661 vocamusrper-se
1010 2595 1175 2647 vitam
1202 2596 1283 2660 ;si
1317 2595 1479 2666 igitur
1509 2598 1698 2654 subter
1725 2614 1864 2666 esse,
1891 2615 1987 2670 per
2017 2617 2076 2657 se
2178 2597 2368 2642 auctor
2403 2587 2652 2642 absoluta
2691 2601 2856 2643 causa
2889 2587 3129 2643 dicitur:
3163 2603 3288 2658 quae
3323 2596 3500 2643 autem
3535 2589 3594 2642 ab
3617 2587 3711 2656 ipso

505 2681 642 2748 vita,
675 2692 728 2736 et
783 2697 878 2752 per
927 2697 986 2737 se
1035 2685 1326 2752 sapientia,
1356 2694 1409 2740 et
1447 2701 1543 2756 per
1576 2702 1638 2742 se
1669 2689 1994 2755 similitudo,
2025 2700 2078 2746 et
2177 2679 2366 2734 eﬂecta
2382 2687 2530 2746 sunt,
2555 2680 2821 2735 voluntati
2840 2682 3194 2752 permittitur,
3229 2683 3386 2739 utsic
3401 2697 3460 2756 ea
3468 2681 3711 2756 geminet,

504 2776 613 2829 alia
643 2773 1005 2839 collocantur,
1031 2777 1196 2832 totius
1228 2788 1406 2833 autem
1435 2794 1554 2834 esse
1585 2789 1780 2837 auctor
1807 2792 1892 2837 est
1913 2783 2074 2848 Deus,
2181 2787 2365 2825 verum
2397 2786 2520 2826 cum
2539 2771 2908 2842 adiunctione.
2933 2775 3230 2829 Viventium
3252 2753 3514 2844 quateiiiis
3537 2774 3714 2837 vivunt,

505 2865 784 2935 quomodo
805 2882 913 2922 non
950 2869 1054 2922 erit
1083 2879 1273 2925 auctor
1299 2871 1492 2925 horum
1524 2887 1645 2941 qua:
1672 2889 1766 2940 per
1795 2889 1854 2929 se
1889 2874 2029 2929 dicm

2190 2861 2508 2930 principium
2538 2875 2660 2917 esse
2687 2876 2783 2932 per
2819 2877 2877 2919 se
2901 2862 3094 2928 vitam,
3119 2877 3232 2918 non
3257 2872 3435 2918 autem
3479 2869 3714 2932 quatenus

507 2971 618 3025 tur,
655 2960 770 3014 sive
811 2975 876 3015 ea
927 2967 1196 3016 vocentur
1237 2971 1494 3032 tanquam
1545 2967 1862 3023 exsistentia
1893 3007 1908 3026 .
1961 2967 2031 3022 sit

2191 2952 2500 3006 substantia:
2529 2962 2682 3017 sunt,
2721 2961 2816 3007 aut
2858 2953 3142 3023 sapientia
3167 2993 3185 3018 ,
3221 2966 3317 3008 aut
3349 2953 3596 3014 rationes,
3626 2950 3715 3004 hac

505 3065 762 3123 umquam
795 3064 996 3119 ιηοιιιε,
1034 3055 1293 3111 formam)
1334 3057 1458 3112 vim
1480 3097 1494 3120 ,
1528 3056 1782 3112 [οι-τηειίυ
1817 3061 2078 3116 δυιηιωη-
2179 3042 2322 3098 enim
2350 3043 2538 3098 subter
2567 3043 2718 3098 aliud
2747 3051 2801 3100 et
2833 3044 2978 3100 aliud
3040 3045 3367 3114 principium
3399 3043 3714 3103 collocantur,

509 3147 616 3211 tiae,
650 3147 1026 3204 similitudinis
1063 3149 1318 3214 imitatio,
1367 3158 1420 3203 et
1450 3149 1596 3204 alia?
1641 3149 1883 3210 Primum
1932 3153 2033 3206 enii

2187 3134 2320 3206 quod
2351 3135 2569 3204 quidem
2609 3135 2662 3188 in
2693 3135 2803 3190 Deo
2829 3134 3028 3190 eii'erre
3054 3151 3162 3192 non
3189 3145 3277 3192 est
3308 3144 3711 3197 consentaneum,

504 3237 637 3292 fecit
665 3237 808 3295 Deus
835 3233 958 3295 esse
988 3255 1075 3294 res
1104 3240 1271 3308 ipsas,
1297 3250 1484 3310 postea
1513 3255 1632 3296 esse
1658 3243 1963 3310 generalem
1995 3259 2024 3296 e

2189 3239 2294 3276 una
2322 3224 2588 3294 siquidem
2616 3239 2779 3280 causa
2805 3232 2858 3277 et
2899 3240 3009 3280 uno
3039 3226 3312 3298 principio
3339 3227 3518 3283 omnia
3551 3224 3713 3296 produc

2194 3317 2260 3342 ..ει
2327 3325 2380 3342 ..ι
2425 3316 2888 3342 ,1-Μ-....ι-,.ιιὲι....

506 3345 629 3384 rum
663 3331 944 3386 notionem
974 3373 989 3397 ,
1023 3331 1184 3400 quale
1215 3340 1298 3386 est
1323 3332 1687 3402 contemplari
1744 3335 1908 3387 vitam
1935 3374 1950 3399 ,
2001 3350 2030 3386 v

1383 3332 1687 3402 intemplari
1744 3335 1908 3387 vitam
1935 3374 1950 3399 ,
2001 3331 2089 3389 vel
2114 3316 2157 3342 ν
2192 3317 2284 3382 cit,
2327 3325 2385 3371 ut
2422 3316 2907 3373 demonstrabitur.

504 3423 874 3477 substantiam
907 3425 960 3477 in
997 3423 1142 3476 omni
1179 3439 1396 3494 genere,
1423 3435 1478 3480 et
1502 3425 1758 3479 omnibus
1789 3425 1988 3480 modis.
2017 3424 2092 3478 Ex
2189 3474 2455 3494 ΛΜΨ-Δ-
2519 3473 2647 3494 nu”
2690 3475 2736 3494 Δ,
3064 3405 3129 3462 v-

506 3607 652 3662 Deus
679 3616 873 3662 auctor
904 3618 986 3662 est
1015 3621 1206 3662 eorum
1248 3623 1370 3678 quae.
1404 3608 1699 3677 singularia
1735 3619 1859 3662 sunt
1885 3649 1899 3671 ,
1932 3608 2012 3664 sic
2040 3619 2096 3666 et
2261 3607 2376 3668 nim
2405 3607 2619 3682 e/Tector
2647 3607 2865 3669 dicitur.

507 3716 698 3754 eorum
745 3715 865 3770 quae
909 3699 1088 3768 prima
1123 3709 1254 3756 sunt
1287 3739 1303 3766 ,
1345 3715 1408 3755 ex
1445 3701 1642 3769 quibus
1689 3701 2086 3756 dubitationem
2255 3699 2483 3767 Magnus
2520 3701 2811 3771 Dionysius
2847 3717 2968 3772 cap.
2996 3704 3049 3769 9,
3087 3703 3163 3759 De
3197 3705 3392 3760 divinis
3423 3702 3715 3760 nominibus:

505 3792 808 3846 Clementis
840 3791 1148 3862 philosophi
1177 3792 1245 3847 de
1279 3791 1345 3847 iis
1377 3809 1496 3862 quas
1548 3793 1720 3861 magis
1764 3793 2086 3864 principalia
2188 3791 2294 3848 Sed
2326 3793 2478 3862 quia,
2525 3792 2723 3863 inquit,
2761 3782 2894 3849 alias
2935 3810 3020 3850 me
3052 3811 3149 3864 per
3181 3797 3469 3866 epistolam
3518 3796 3714 3851 interro-

508 3883 564 3936 in
598 3882 765 3938 rebus
794 3883 1092 3948 exsistunt,
1120 3882 1171 3936 id
1211 3891 1333 3947 est,
1366 3883 1432 3936 de
1466 3886 1676 3939 naturis
1721 3899 1934 3948 earum,
1959 3886 2094 3941 dua-
2184 3885 2343 3956 gasti,
2377 3883 2507 3955 quid
2536 3885 2801 3955 appellem
2829 3901 2926 3956 per
2956 3901 3016 3942 se
3048 3903 3192 3952 esse,
3224 3904 3325 3958 per
3350 3903 3410 3942 se
3443 3889 3612 3951 vitam,
3642 3896 3716 3953 per

505 3975 610 4029 lius
655 3973 1075 4029 auctoritatibus
1103 3973 1402 4044 Scriptura:
1435 3975 1595 4030 solvit
1629 3994 1644 4039 ;
1673 3962 1787 4030 una.
1829 3978 2092 4034 estzNon
2186 3993 2245 4032 se
2299 3977 2644 4046 sapientiam,
2677 3989 2733 4033 et
2781 3987 2956 4033 tecum
3011 3979 3094 4036 ais
3132 3981 3434 4049 dubitasse,
3483 3976 3716 4050 quomodo

506 4065 723 4122 ostendi
765 4067 881 4122 haec
912 4066 1030 4132 tibi,
1066 4077 1124 4122 ut
1151 4084 1243 4123 eas
1282 4077 1402 4137 post
1439 4083 1536 4134 ea;
1574 4069 1740 4124 altera
1771 4079 1856 4125 est
1893 4085 1908 4122 :
1943 4067 2088 4124 Invi-
2186 4071 2357 4126 Deum
2400 4070 2690 4140 aliquando
2728 4071 2950 4140 quidem
3005 4087 3142 4128 voco
3190 4087 3291 4143 per
3341 4090 3399 4131 se
3427 4073 3606 4138 vitam,
3638 4070 3716 4124 ali-

505 4161 687 4214 sibilia
729 4159 822 4214 Dei
849 4177 941 4230 per
981 4177 1044 4215 ea
1093 4177 1208 4231 qua:
1243 4161 1384 4230 facta
1413 4170 1556 4229 sunt,
1579 4161 1848 4217 intellecta
1885 4164 2088 4233 conspi-
2185 4165 2404 4235 quando
2432 4179 2560 4218 vero
2590 4161 2900 4220 effectorem
2956 4180 3052 4235 per
3085 4180 3144 4221 se
3175 4167 3336 4233 vitae;
3389 4163 3714 4223 necessarium

507 4255 719 4308 ciuntur
753 4253 820 4319 ι’,
855 4270 921 4310 ex
971 4255 1348 4325 magnitudine
1395 4255 1542 4309 enim
1577 4264 1636 4309 et
1675 4255 2087 4325 pulchritudine
2184 4270 2307 4311 esse
2338 4253 2635 4309 arbitratus
2665 4269 2808 4319 sum,
2846 4253 3013 4310 homo
3042 4254 3133 4310 Dei
3163 4265 3381 4324 sancte,
3417 4257 3484 4312 ab
3513 4257 3607 4311 hac
3643 4255 3719 4307 du-

506 4357 884 4403 creaturarum
914 4348 1263 4416 proportione
1291 4345 1519 4402 eﬁ‘ector
1555 4348 1956 4422 consideratur,
1982 4348 2087 4402 hoc
2187 4346 2453 4401 bitatione
2505 4347 2682 4416 quoad
2733 4346 2941 4416 possim
2997 4359 3049 4401 te
3103 4347 3362 4403 liberare.
3399 4349 3475 4402 Ac
3517 4345 3715 4416 primum

505 4442 651 4493 enim
675 4439 961 4507 signiﬁcat
998 4437 1144 4508 quod
1197 4437 1372 4501 dixit,
1409 4446 1470 4492 ut
1531 4452 1626 4507 per
1682 4439 2088 4508 proportionem
2184 4437 2428 4506 quidem,
2482 4446 2542 4491 ut
2601 4452 2748 4492 nunc
2799 4447 3109 4507 repetamus
3163 4453 3291 4508 quae
3358 4438 3551 4493 millies
3603 4435 3719 4488 dicta

508 4529 839 4599 cognitionis
867 4530 1059 4582 horum
1100 4527 1166 4582 ad
1205 4529 1648 4598 cognoscendum
1676 4530 1921 4584 omnium
1959 4544 2090 4583 cau-
2185 4537 2334 4592 sunt,
2361 4542 2467 4582 non
2499 4533 2740 4596 pugnant
2766 4542 2951 4582 secum
2986 4526 3154 4582 Deum
3187 4543 3287 4598 per
3322 4543 3382 4584 se
3411 4533 3719 4598 potestatem.

507 4635 626 4675 sam
664 4618 1038 4686 adducamura
1068 4616 1160 4675 Sic
1193 4633 1371 4674 autem
1405 4619 1639 4674 solvisse
1667 4619 2088 4687 dubitationem,
2123 4618 2170 4676 D
2196 4631 2250 4677 et
2291 4636 2385 4690 per
2413 4635 2472 4675 se
2510 4623 2675 4675 vitam
2700 4638 2714 4688 ;
2750 4629 2802 4675 et
2828 4621 3008 4675 dicere
3037 4619 3207 4676 Deum
3236 4629 3541 4675 creatorem
3571 4629 3654 4686 per
3675 4625 3722 4666 se

506 4711 784 4782 quomodo
829 4727 939 4766 non
967 4712 1318 4782 apertissime
1349 4710 1611 4780 patefacit
1646 4721 1826 4768 creata
1866 4727 1990 4767 esse
2022 4728 2085 4768 ea
2187 4714 2330 4778 vitm,
2369 4711 2448 4766 vel
2497 4726 2594 4780 per
2633 4726 2693 4765 se
2727 4712 2894 4781 pacis,
2925 4711 3008 4766 vel
3041 4726 3134 4780 per
3179 4727 3241 4767 se
3298 4712 3596 4782 potestatis,
3631 4709 3722 4759 brec

506 4818 629 4872 qua
658 4802 738 4857 sic
769 4811 900 4860 sunt
935 4804 992 4858 in
1027 4803 1190 4859 rebus
1221 4806 1392 4872 magis
1428 4802 1768 4873 principalia,
1800 4819 1923 4872 qua!
1953 4819 2089 4858 con—
2186 4806 2332 4860 enim
2359 4804 2558 4857 dicitur
2610 4801 2755 4857 Deus
2782 4818 2844 4858 ex
2879 4803 3098 4873 iis-qua:
3128 4812 3281 4867 sunt,
3314 4816 3369 4858 et
3418 4803 3638 4858 maxime
3669 4808 3720 4850 ex

508 4894 650 4950 cedit
673 4894 779 4949 dici
803 4895 1132 4968 exemplaria
1161 4894 1228 4950 ad
1265 4895 1472 4964 aliquid
1497 4935 1513 4961 ,
1546 4904 1605 4947 ut
1637 4909 1732 4964 per
1758 4910 1821 4950 ea
1860 4911 2087 4965 propor-
2189 4897 2255 4951 iis
2287 4909 2408 4966 qua:
2443 4893 2618 4964 prima
2648 4902 2798 4958 sunt,
2832 4902 3090 4963 tanquam
3128 4909 3297 4950 causa
3348 4895 3586 4964 omnium
3623 4899 3718 4956 qua

508 4988 657 5042 tione
687 4988 922 5056 quadam
951 5026 968 5051 ,
1016 4997 1277 5056 tanquam
1319 5002 1416 5056 per
1449 4988 1670 5056 specula
1707 4999 1764 5042 et
1794 4990 2084 5060 aenigmata
2186 5000 2352 5053 sunt;
2382 4987 2471 5041 illa
2510 4995 2691 5042 autem
2727 4987 2949 5053 dicitur,
2983 4996 3242 5057 tanquam
3289 5003 3414 5058 quae
3455 4987 3524 5042 sit
3555 4995 3716 5052 supra.

507 5093 906 5147 cognoscamus
939 5078 1165 5133 divina?
1196 5079 1272 5132 Ex
1322 5077 1390 5134 iis
1433 5078 1597 5132 etiam
1631 5093 1754 5149 qua:
1791 5088 1949 5134 antea
1990 5077 2087 5134 de-
2187 5079 2622 5135 substantialiter
2650 5093 2809 5148 supra
2841 5084 3024 5133 omnia
3057 5094 3178 5148 qua:
3207 5088 3362 5145 sunt,
3394 5089 3448 5133 et
3495 5090 3604 5148 qua:
3631 5068 3719 5139 pri-

515 5179 820 5225 monstrata
873 5176 1043 5234 sunt,
1101 5178 1326 5240 apparet
1380 5171 1522 5246 quod
1575 5171 1641 5225 ad
1696 5171 2083 5241 proprietatem
2191 5188 2282 5225 mo
2317 5183 2462 5225 sunt.
2501 5169 2710 5236 Quaeris
2751 5179 2929 5224 autem
2963 5169 3106 5239 quod
3138 5185 3366 5240 prorsus
3395 5169 3614 5224 dicimus
3644 5174 3719 5232 per

508 5263 749 5332 pertinet
784 5276 801 5315 :
844 5262 898 5316 in
930 5262 1036 5316 illis
1067 5265 1233 5328 enim,
1267 5264 1473 5318 scilicet
1501 5264 1646 5318 bono
1671 5274 1726 5319 et
1757 5264 2008 5332 pulchro,
2035 5263 2090 5316 in
2156 5267 2158 5270 ’
2191 5277 2252 5317 se
2287 5276 2430 5321 esse,
2482 5266 2577 5312 aut
2630 5274 2723 5328 per
2762 5273 2822 5314 se
2860 5259 3050 5325 vitam,
3112 5267 3205 5313 aut
3234 5271 3568 5328 quzecnnque
3591 5256 3718 5307 absoo

509 5369 573 5408 ea
601 5368 722 5423 quas
759 5364 910 5417 sunt,
951 5365 1005 5408 et
1036 5369 1156 5423 qua:
1183 5371 1291 5409 non
1325 5365 1475 5423 sunt,
1507 5355 1749 5410 tenditur
1780 5355 2090 5425 proprietas
2192 5353 2303 5408 lute
2359 5363 2414 5407 et
2453 5351 2827 5421 principaliter
2866 5366 3012 5416 esse,
3055 5361 3106 5406 et
3165 5367 3231 5406 ex
3295 5351 3406 5406 Deo
3463 5365 3524 5404 ac
3573 5343 3717 5415 primo

510 5445 754 5501 nominis
787 5445 911 5500 boni
944 5454 998 5500 et
1029 5446 1283 5515 pulchri;
1331 5448 1384 5500 in
1435 5448 1524 5502 bis
1553 5455 1760 5508 autem,
1803 5447 1858 5500 in
1889 5461 1952 5500 ea
1998 5460 2090 5501 so-
2193 5452 2377 5499 creata
2423 5458 2544 5498 esse
2576 5443 2851 5511 ponimus.
2887 5443 3329 5513 Respondemus,
3361 5457 3464 5496 non
3503 5435 3718 5493 essehoc

510 5536 624 5591 lum
660 5553 780 5608 qum
812 5546 978 5597 sunt.
1014 5554 1210 5593 nomen
1243 5538 1482 5593 divinum
1531 5539 1624 5592 τοῦ
1670 5540 1842 5602 ὄντος,
1880 5539 1932 5593 id
1961 5547 2080 5593 est.
2192 5542 2522 5598 contortum,
2560 5532 2654 5589 sed
2694 5543 2924 5600 rectum,
2957 5542 3014 5597 et
3059 5533 3363 5604 simplicem
3415 5531 3602 5586 habens
3637 5537 3715 5578 el-

513 5627 680 5688 entis,
714 5628 1029 5698 porrigitur.
1070 5627 1136 5683 Et
1172 5631 1284 5685 haec
1311 5639 1397 5686 est
1437 5633 1736 5702 proprietas
1770 5635 1910 5701 ejus.
1947 5629 2082 5686 Nota
2192 5627 2582 5697 planationcm.
2643 5641 2749 5681 non
2783 5627 2931 5698 enim
2967 5642 3063 5697 per
3108 5642 3169 5682 se
3213 5642 3338 5682 esse
3389 5617 3711 5681 substantiam

516 5727 696 5773 tamen
732 5722 896 5774 etiam
930 5719 1066 5788 hoc,
1099 5737 1223 5777 esse
1256 5725 1479 5793 primam
1513 5723 1982 5795 participationem
2028 5731 2084 5777 rt
2190 5720 2481 5791 quamdam
2536 5719 2776 5777 divinam
2815 5711 2911 5776 aut
2965 5721 3266 5790 angelicam
3318 5732 3436 5776 esse
3492 5713 3710 5775 dicimus.

604 5900 650 5942 ⁸³
679 5897 838 5956 Dom.
877 5915 916 5967 t,
949 5899 1038 5953 20.
