3784 6538
122 480 221 546 rer
244 484 271 498 κ
723 473 958 534 DECAS
988 474 1049 533 v.
1076 498 1145 507 —-
1184 472 1280 531 DE
1321 462 1985 530 I’RUPRIETATtBUS
2021 464 2258 527 DlVIN.
2298 461 2566 526 NOMIN.
3206 456 3313 521 89.2

122 612 223 669 qua:
262 594 324 648 sit
373 603 526 645 causa
576 595 637 642 ut
690 589 800 642 sint
849 588 1030 641 omnia
1080 600 1201 655 quae
1249 593 1376 640 sunt
1433 582 1631 650 (solum
1664 582 1707 640 Α
1739 588 1791 632 et
1822 591 2026 635 natura:
2058 580 2189 646 sint,
2223 581 2529 636 antecellat.
2562 578 2693 647 Quae
2723 579 2937 649 quidem
2974 593 3096 633 cum
3134 580 3310 631 adnu—

117 680 237 746 enim
264 684 347 754 qui
377 691 455 736 est
487 694 815 749 supraquam
849 680 1178 741 substantia,
1221 675 1550 747 principium
1579 683 1632 727 et
1738 681 1812 726 tat
1845 683 2068 728 sanctus
2107 672 2373 727 Maximus
2412 690 2426 725 :
2470 673 2527 727 In
2579 672 2686 739 his,
2729 672 2927 743 inquit,
2964 671 3109 725 clare
3152 670 3314 725 solvit

116 777 319 835 essentia
348 784 400 829 et
434 788 593 828 causa
626 781 712 827 est
750 784 807 827 ut
852 772 960 827 sint
1013 772 1197 827 omnia
1248 784 1367 839 qua:
1403 776 1549 829 sunt,
1580 774 1634 818 et
1742 765 2075 833 propositam
2113 766 2470 833 qumsliouem
2519 784 2532 821 :
2581 763 3053 833 Quemadmodum
3095 771 3312 831 oportet
3356 792 3363 799 ο

118 877 263 941 ipsum
294 865 426 935 esse)
467 880 567 918 nec
598 864 754 918 aliam
791 863 1157 927 divinitatem,
1192 875 1312 930 quae
1347 859 1510 912 vitam
1542 872 1633 925 pa-
1740 855 1942 919 dicere,
1967 854 2295 924 quandoque
2321 857 2540 925 quidem
2569 857 2946 926 accipiendum
2971 870 3092 909 esse
3118 854 3311 917 Deum,

118 965 217 1023 riat,
259 966 597 1026 praterquam
654 955 818 1007 vitam
869 952 947 1021 (l)
1009 966 1343 1022 supraquam
1394 948 1632 1003 divinam
1738 960 1861 1001 cum
1889 946 2124 1002 dicimus
2152 961 2247 1016 per
2270 962 2329 1002 se
2358 949 2547 1013 vitam,
2578 957 2632 1004 et
2661 949 2764 1002 alia
2797 946 3105 1016 ejusmodi;
3142 961 3315 1013 quau-

115 1053 321 1110 omnium
370 1061 703 1117 quiscunque
758 1046 946 1099 vivunt
983 1054 1035 1098 et
1087 1044 1259 1112 ipsius
1296 1057 1390 1111 per
1423 1056 1481 1096 se
1510 1041 1635 1095 vitae
1737 1040 1917 1119 doque
1965 1053 2094 1094 vero
2148 1040 2342 1093 horum
2386 1038 2700 1093 effectorem
2752 1055 2892 1103 esse,
2943 1038 3003 1093 id
3044 1049 3146 1102 est,
3197 1035 3313 1089 hare

113 1157 297 1200 causam
331 1139 605 1208 periimus;
647 1152 764 1203 nec,
798 1145 856 1190 ut
909 1136 1218 1191 summatim
1269 1135 1470 1197 dicam,
1502 1132 1636 1187 alias
1738 1126 1955 1187 creasse
1991 1148 2004 1185 :
2048 1134 2308 1199 quoniam
2336 1139 2596 1200 tanquam
2631 1146 2794 1185 causa
2832 1130 2921 1184 ille
2960 1128 3179 1198 quidem
3218 1129 3316 1181 ho-

113 1246 277 1289 causas
323 1216 659 1297 principiales
694 1240 899 1287 rerum,
941 1233 995 1277 et
1027 1236 1297 1291 creantes,
1348 1233 1401 1277 et
1452 1238 1546 1293 per
1577 1238 1636 1278 se
1739 1239 1882 1288 rum,
1921 1232 1974 1278 et
2004 1222 2331 1292 principium
2364 1237 2693 1291 supraquam
2724 1220 3055 1290 principium
3090 1229 3317 1273 vocatur

114 1298 419 1383 exsiste'ntes,
450 1332 586 1386 quas
615 1316 837 1385 quidam
877 1326 929 1369 et
964 1316 1094 1370 deos
1129 1330 1333 1377 rerum,
1390 1323 1445 1369 et
1501 1313 1635 1368 efTe-
1741 1315 1826 1370 his
1856 1315 2169 1369 nominibus
2196 1330 2211 1377 ;
2243 1329 2306 1368 ea
2341 1330 2470 1366 vero
2495 1330 2615 1383 qum
2646 1316 2758 1367 luce
2788 1313 3135 1383 participant,
3168 1310 3313 1373 inde,

112 1429 263 1470 ctores
291 1422 484 1467 temere
521 1410 874 1465 eﬂ'utiverunt
909 1409 984 1480 (a)
1015 1426 1028 1462 :
1082 1424 1219 1478 quos
1254 1423 1382 1464 vere
1428 1417 1481 1462 et
1512 1423 1639 1478 pro-
1740 1408 1791 1462 id
1821 1416 1922 1473 est,
1964 1423 2031 1462 ex
2080 1406 2419 1476 participatis
2456 1407 2715 1461 dicuntur
2746 1420 2888 1469 esse,
2929 1416 2981 1459 et
3014 1405 3217 1467 vivere,
3263 1411 3317 1456 et

107 1499 206 1578 prie
230 1505 395 1558 dicere
448 1502 673 1572 (quippe
701 1516 824 1555 cum
858 1517 964 1555 non
996 1504 1200 1567 essent)
1237 1515 1336 1555 nec
1367 1502 1490 1570 ipsi,
1538 1516 1637 1556 nec
1738 1500 1918 1553 divina
1957 1513 2101 1561 esse,
2136 1501 2255 1554 vitm
2289 1499 2454 1569 igitur
2506 1498 2861 1563 creationem,
2890 1506 2942 1549 et
2996 1495 3316 1550 substantia:

112 1611 266 1653 eorum
320 1600 498 1663 patres
528 1607 594 1647 ac
630 1590 868 1661 majores
915 1592 1195 1647 sciverunt
1230 1610 1243 1647 :
1278 1592 1406 1660 quin
1458 1591 1637 1659 potius
1741 1592 2098 1655 creationem,
2127 1592 2294 1661 ipsas,
2333 1593 2581 1660 inquam,
2610 1607 2696 1645 res
2723 1590 2850 1644 fecit
2880 1588 3042 1643 Deus.
3074 1585 3315 1641 Primum

114 1706 186 1761 per
208 1703 260 1742 se
285 1702 419 1753 esse,
454 1696 508 1741 et
542 1702 638 1757 per
668 1700 726 1741 se
752 1686 939 1748 vitam.
975 1696 1027 1741 et
1059 1701 1156 1755 per
1189 1699 1248 1740 se
1297 1683 1635 1738 divinitatem
1741 1684 1906 1754 igitur
1932 1684 2234 1753 cogitemus
2282 1698 2394 1737 rem
2429 1684 2597 1752 ipsam
2628 1702 2639 1748 ;
2678 1682 2875 1737 deinde
2908 1680 3081 1751 ipsius
3113 1679 3187 1733 rei
3220 1694 3316 1747 ge-

114 1776 461 1850 prineipialiter
491 1776 715 1846 quidem
752 1785 805 1831 et
831 1775 1030 1842 divine,
1059 1784 1113 1831 et
1143 1775 1438 1832 efficienter
1468 1790 1635 1830 unum
1742 1774 1979 1829 neralem
2024 1774 2296 1827 notionem
2345 1772 2726 1834 informemus,
2758 1773 2905 1827 verbi
2946 1772 3117 1843 gratia
3152 1770 3314 1824 vitent

112 1872 316 1927 omnium
353 1871 681 1941 principium
711 1880 765 1925 et
810 1887 1031 1927 causam
1060 1886 1393 1942 supraquam
1431 1870 1637 1941 princi-
1674 1917 1711 1942 η
1743 1875 1837 1921 aut
1875 1866 2238 1921 substantiam
2295 1866 2549 1920 universe
2576 1865 2999 1929 consideratam,
3033 1872 3085 1917 et
3126 1872 3313 1934 postea

114 1966 251 2031 pium,
274 1972 321 2016 et
347 1976 680 2032 supraquam
727 1962 1088 2018 substantiam
1119 1978 1239 2017 esse
1281 1962 1539 2017 dicimus.
1573 1960 1641 2016 Ut
1674 1956 1712 1972 "
1746 1960 1798 2014 in
1832 1967 2004 2028 parte.
2033 1956 2177 2011 Idem
2212 1956 2473 2012 Maximus
2502 1958 2679 2027 capite
2703 1972 2886 2013 nono:
2918 1956 3087 2021 Solet,
3112 1957 3311 2026 inquit,

113 2066 257 2110 autem
289 2056 340 2110 in
386 2031 552 2110 donis
604 2054 719 2111 suis
750 2055 1114 2125 participatur
1148 2055 1316 2118 Deus,
1349 2054 1644 2125 providen-
1749 2054 2039 2125 Dionysius
2070 2052 2239 2105 Deum
2273 2052 2339 2107 ab
2366 2050 2572 2107 effectis
2627 2051 2808 2106 dicere
2843 2066 2940 2121 per
2986 2066 3045 2104 se
3088 2066 3229 2116 esse,
3266 2031 3333 2103 et.

112 2148 192 2201 tias
216 2160 245 2201 a
278 2145 403 2212 Deo,
433 2145 528 2215 qui
567 2145 621 2199 in
667 2160 727 2202 se
761 2161 867 2201 non
912 2145 1292 2214 participatur,
1330 2153 1641 2209 manantes,
1746 2148 1919 2217 ipsius
1950 2162 2047 2216 per
2077 2161 2134 2201 se
2164 2161 2285 2202 esse
2315 2146 2627 2202 effectorem
2656 2166 2668 2211 ;
2702 2155 2755 2202 et
2778 2147 2957 2215 ipsum
2987 2162 3107 2201 esse
3139 2162 3233 2216 per
3259 2163 3319 2202 se

111 2238 305 2293 dicimus
343 2251 434 2307 per
478 2251 543 2292 se
570 2237 891 2293 substantiae
932 2237 1298 2300 affectionem,
1332 2250 1430 2305 per
1465 2249 1523 2289 se
1560 2235 1641 2288 vi-
1746 2238 1933 2303 vitam,
1962 2247 2015 2293 et
2047 2254 2139 2308 per
2162 2253 2220 2295 se
2250 2238 2373 2293 vitae
2400 2239 2747 2306 effectorem;
2781 2241 2926 2295 sicut
2960 2256 3106 2295 nunc
3140 2241 3315 2309 ipsum

112 2330 457 2394 vilicationem,
490 2344 592 2399 per
616 2344 675 2384 se
708 2329 1146 2393 deificationem;
1189 2341 1424 2398 quorum
1468 2327 1642 2397 parti-
1747 2344 1870 2385 esse
1922 2345 2019 2400 per
2070 2344 2126 2385 se
2161 2330 2598 2397 similitudinem,
2625 2340 2678 2386 et
2715 2346 2809 2400 per
2847 2346 2907 2387 se
2945 2332 3319 2386 similitudinis

110 2421 391 2489 cipatiouem
428 2434 573 2489 quae,
611 2431 671 2474 ut
699 2421 899 2485 cuique
932 2421 1209 2483 convenit,
1255 2419 1482 2483 habent,
1516 2419 1649 2473 sub-
1749 2430 2044 2485 auctorem,
2095 2423 2210 2477 bzec
2243 2432 2423 2477 autem
2466 2422 2622 2488 dicit,
2657 2438 2764 2477 non
2810 2422 2966 2492 quasi
2999 2424 3145 2479 dicat
3183 2425 3318 2478 alte-

112 2514 328 2569 stantiam
356 2512 615 2567 habentia
658 2523 711 2567 et
739 2512 973 2567 viventia
1009 2520 1061 2565 et
1089 2511 1275 2565 divina
1316 2518 1443 2565 sunt
1478 2517 1531 2564 et
1560 2509 1647 2563 di-
1749 2528 1864 2567 ram
1902 2514 2118 2584 quidem
2164 2514 2330 2568 vitam
2360 2529 2480 2569 esse
2507 2513 2684 2585 ipsum
2717 2514 2905 2582 Deum,
2933 2516 3158 2571 alteram
3191 2530 3319 2570 vero

112 2614 300 2669 cuntur,
329 2614 382 2658 et
414 2603 674 2658 similiter
707 2604 759 2657 in
788 2603 930 2669 aliis,
955 2603 1312 2673 quamobrem
1345 2602 1525 2656 bonus
1554 2602 1646 2657 ille

113 2708 153 2754 et
187 2700 431 2768 ipsorum,
473 2711 599 2766 qua:
645 2695 817 2765 prima
848 2703 997 2760 sunt,
1030 2701 1222 2749 auctor
1266 2709 1389 2749 esse
1422 2694 1646 2759 dicitur,

112 2791 274 2847 deinde
299 2804 489 2845 eorum
523 2803 645 2859 quae
675 2787 970 2856 generatim
1002 2796 1056 2839 et
1110 2785 1368 2840 universe
1403 2784 1491 2839 illa
1528 2801 1650 2855 par-

1752 2605 2072 2675 productam
2126 2620 2245 2661 esse
2294 2606 2739 2672 substantialem,
2795 2616 2850 2661 et
2904 2607 3073 2661 veluti
3135 2622 3230 2676 per
3262 2623 3322 2662 se
3384 2657 3389 2662 .

1752 2700 2102 2753 cxsisteutem
2156 2706 2351 2767 praeter
2389 2698 2578 2764 Deum,
2614 2714 2778 2769 quam
2828 2700 3156 2769 participant
3202 2715 3325 2768 quae

1754 2791 1919 2845 vitam
1960 2790 2319 2860 participant;
2362 2789 2455 2845 sed
2508 2790 2713 2860 potius,
2750 2791 2894 2846 sicut
2919 2791 3036 2861 ipse
3074 2800 3157 2845 est
3189 2805 3326 2845 suus

117 2881 325 2951 ticipant,
355 2889 547 2949 postea
572 2893 762 2933 eorum
791 2892 914 2947 quas
940 2876 996 2931 in
1024 2887 1197 2947 parte.
1226 2875 1331 2930 Sed
1361 2875 1492 2945 quid
1521 2876 1652 2930 atti-

116 2982 188 3027 net
210 2973 271 3027 de
314 2972 397 3026 bis
425 2970 659 3026 dicere?
710 2969 988 3039 Siquidem
1039 2968 1290 3024 nonnulli
1340 2984 1405 3023 ex
1452 2968 1654 3023 nostris

1756 2883 2044 2951 interpres,
2073 2898 2123 2938 c.
2171 2898 2225 2937 ιι
2264 2901 2277 2938 :
2319 2881 2420 2938 Per
2474 2898 2533 2938 se
2576 2884 2795 2954 quidem
2841 2884 2973 2948 vita,
3025 2886 3220 2954 inquit,
3272 2893 3329 2939 et

1756 2990 1851 3045 per
1879 2988 1937 3028 se
1966 2983 2226 3042 potestas,
2252 2984 2305 3029 et
2346 2991 2440 3045 per
2474 2990 2532 3031 se
2561 2977 2885 3043 similitudo,
2910 2988 2965 3032 et
3004 2979 3110 3033 alia
3139 2978 3329 3049 hujus.

116 3065 281 3119 divinis
307 3063 593 3133 magistris
634 3062 823 3118 dicunt
862 3062 1014 3115 illum
1064 3074 1395 3130 supraquam
1426 3061 1651 3125 bonum,
1760 3066 1903 3122 modi
1939 3067 2139 3120 dicitur
2168 3066 2329 3129 Deus,
2373 3067 2517 3133 quod
2563 3069 2678 3123 haec
2714 3069 2785 3123 sit
2836 3078 3093 3136 tanquam
3130 3072 3335 3139 princ?-

116 3167 154 3209 ει
179 3168 495 3224 supraquam
533 3152 699 3207 Deum
743 3162 1023 3206 auctorem
1055 3165 1177 3206 esse
1223 3167 1321 3220 per
1350 3167 1407 3206 se
1448 3152 1659 3205 bonita-
1761 3158 1955 3227 paliter
1981 3167 2034 3211 et
2063 3156 2269 3223 divine,
2304 3166 2357 3211 et
2386 3157 2700 3225 efﬁcienter,
2736 3160 2848 3214 haec
2894 3160 3042 3215 enim
3075 3170 3161 3216 est
3215 3162 3331 3229 ipse

118 3246 186 3311 tis,
217 3255 267 3301 et
296 3262 386 3317 per
415 3259 479 3302 se
515 3244 839 3308 divinitatis,
878 3252 1077 3297 vocant
1110 3253 1292 3297 autem
1329 3258 1427 3311 per
1454 3258 1513 3298 se
1555 3243 1656 3297 bo-

1779 3268 1945 3308 :orum
1979 3267 2140 3307 verus
2177 3251 2333 3315 fons;
2367 3261 2558 3306 auctor
2583 3267 2713 3307 vero
2751 3262 2833 3308 est
2865 3268 2959 3323 per
2987 3267 3045 3308 se
3076 3252 3333 3317 similitu-

117 3340 330 3400 ιιίι²ιθ¹ι¹ν
368 3345 421 3393 ει
451 3352 553 3407 Pe?
583 3350 643 3392 5°
672 3335 1012 3390 δίνίυίιθίθῐη
1040 3335 1242 3388 domm
1268 3348 1297 3387 ³
1339 3334 1446 3387 Deo
1478 3331 1658 3402 profe-
1757 3346 1920 3411 (linis,
1946 3354 2000 3399 ct
2036 3344 2297 3399 similium
2324 3351 2583 3414 tauquam
2618 3343 2859 3415 largiens
2896 3345 3224 3415 participate
3262 3347 3332 3400 iis

116 3441 254 3496 ctum,
285 3428 427 3502 quod
461 3432 644 3488 bonos
671 3440 725 3485 et
765 3428 896 3484 deos
920 3427 1048 3483 facit
1077 3426 1194 3500 (ΞΜ
1230 3435 1284 3481 et
1312 3440 1407 3495 per
1432 3441 1492 3481 se
1531 3425 1658 3496 pul-
1759 3451 1878 3506 quas,
1914 3436 2148 3505 primum
2182 3436 2323 3491 inter
2363 3450 2429 3491 ea
2462 3451 2584 3505 qua:
2614 3445 2762 3501 sunt,
2796 3438 2898 3491 hoc
2923 3439 3128 3492 donum
3164 3442 3335 3507 parti-

114 3526 442 3580 chritudinem
492 3523 696 3578 donum
728 3537 758 3576 a
790 3519 898 3575 Deo
932 3518 1188 3585 effusum,
1223 3517 1368 3588 quod
1402 3518 1659 3587 pulchros
1760 3530 1963 3599 cipam,
2001 3536 2199 3582 cuncta
2241 3542 2500 3597 namque,
2542 3535 2603 3582 ut
2636 3528 2908 3598 cujusque
2958 3540 3167 3585 natura:
3202 3545 3334 3585 con-

117 3616 289 3682 reddit,
316 3617 514 3670 dicunt
545 3616 711 3669 etiam
747 3622 912 3667 totam
945 3611 1426 3681 pulchritudinem,
1453 3620 1507 3665 et
1534 3611 1659 3681 pul-
1763 3623 1926 3683 vertit,
1968 3618 2283 3687 huiusmodi
2311 3620 2449 3672 dona
2482 3621 2832 3690 participant,
2875 3621 3067 3691 prima:
3111 3621 3333 3690 quidem

116 3711 449 3765 cliritudiuem
487 3722 556 3762 ex
601 3716 786 3777 parte;
822 3712 874 3759 et
907 3704 1161 3757 universe
1206 3703 1456 3773 pulchra.
1509 3712 1563 3757 et
1608 3704 1661 3756 in
1762 3720 1815 3764 et
1847 3724 2115 3779 supremae
2145 3710 2285 3764 inter
2324 3711 2577 3767 caelestes
2610 3721 2822 3767 mentes
2854 3720 3119 3767 creaturae
3166 3712 3337 3779 parti-

120 3810 244 3869 parte
274 3800 526 3870 pulchra,
562 3806 616 3853 et
643 3809 984 3867 quaecunque
1012 3793 1118 3847 alia
1160 3794 1350 3846 eodem
1385 3790 1547 3846 modo
1578 3793 1664 3847 di-
1764 3804 1942 3870 cipant
1976 3802 2283 3871 praecipue;
2342 3817 2465 3871 qua:
2513 3817 2645 3857 vero
2679 3804 2959 3872 deinceps,
3010 3802 3341 3873 participant

118 3908 186 3948 cta
214 3902 350 3960 sunt,
383 3904 437 3948 et
490 3892 762 3955 dicentur,
792 3904 912 3961 quae
964 3887 1246 3942 declarant
1297 3886 1668 3955 providentias
1736 3891 1905 3946 -inf'ra
1951 3891 2091 3947 illas.
2140 3893 2216 3947 Ex
2245 3893 2446 3962 quibus
2499 3893 2846 3949 manifestum
2900 3892 3153 3959 efficitur,
3190 3892 3337 3962 quod

120 3987 465 4052 rtbonilates,
488 3984 558 4039 ab
596 3982 664 4038 iis
689 3997 809 4051 quae
840 3982 894 4039 iu
922 3995 1102 4035 rerum
1140 3988 1333 4033 natura
1368 3988 1517 4042 sunt,
1549 3994 1669 4047 par-
1762 3985 1910 4039 sicut
1947 3985 2110 4038 Deum
2142 3998 2316 4038 aevum
2343 3993 2397 4040 et
2436 3993 2653 4055 tempus
2703 3986 2960 4051 dicimus,
2994 3994 3050 4039 et
3088 3985 3337 4039 eumdem

122 4079 364 4147 iacimus,
396 4093 426 4132 α
464 4077 580 4132 Deo
614 4075 709 4146 qui
740 4083 823 4130 est
857 4082 1009 4128 extra
1049 4073 1133 4127 sui
1168 4069 1663 4141 participationem,
1770 4090 1961 4131 rursus
1983 4076 2080 4130 aevi
2122 4084 2177 4131 et
2213 4076 2469 4146 temporis
2509 4086 2786 4133 auctorem
2815 4079 2902 4141 (ex
2949 4076 3159 4133 effectis
3188 4078 3336 4131 enim

123 4171 247 4241 larga
269 4170 538 4226 effusione
566 4166 909 4222 dimanautes
937 4174 988 4220 et
1011 4164 1343 4235 profluentes
1375 4172 1433 4217 ut
1460 4164 1553 4233 qui
1583 4171 1669 4218 est
1694 4184 1699 4189 λ
1773 4177 1825 4223 et
1859 4166 2080 4231 creatis,
2110 4181 2231 4236 quae
2259 4166 2377 4235 ipse
2404 4168 2684 4236 produxit,
2721 4169 2961 4238 suppetit
2990 4168 3151 4223 nobis
3181 4169 3337 4237 copia

122 4277 260 4318 causa
290 4262 560 4327 omnium,
610 4258 851 4330 perfecte
899 4258 970 4313 sit
1020 4256 1162 4311 ultra
1210 4254 1433 4319 omnia;
1484 4263 1538 4310 et
1571 4255 1666 4324 qui
1772 4254 2085 4325 imponendi
2135 4255 2184 4311 ei
2232 4255 2477 4323 nomina)
2522 4265 2577 4311 et
2621 4258 2765 4312 sicut
2820 4259 2993 4328 magis
3043 4256 3211 4311 Deum
3248 4273 3343 4311 no-

124 4355 463 4409 substantiam
502 4362 556 4408 et
595 4360 847 4405 naturam
878 4355 1192 4417 exsuperat,
1226 4361 1290 4401 ex
1317 4347 1466 4400 omni
1511 4356 1668 4417 parte
1774 4347 2049 4402 mittamus
2078 4362 2255 4402 aevum
2289 4349 2387 4419 ('5),
2427 4364 2455 4401 a
2487 4348 2665 4419 primo
2698 4347 2818 4419 ejus
2852 4364 3016 4419 opere
3048 4349 3229 4416 facto;
3260 4350 3341 4403 sic

124 4459 166 4502 et
200 4449 251 4503 in
278 4447 598 4502 universum
633 4444 890 4500 omnibus
917 4441 1300 4526 cujuscunque
1347 4439 1667 4497 substantiae
1775 4442 1945 4497 etiam
1974 4442 2043 4496 ab
2086 4441 2153 4496 lis
2187 4454 2310 4510 quae
2347 4450 2475 4497 sunt
2513 4440 2815 4497 secundum
2852 4457 3051 4509 aevum,
3092 4442 3343 4498 absolute

1592 4576 1872 4642 Scholia.

186 4711 254 4781 (l)
287 4710 461 4765 Vitam
494 4718 813 4776 sapraquam
840 4701 1094 4781 divinam.
1121 4698 1247 4781 Vita
1271 4699 1363 4753 Dei
1393 4707 1478 4754 est
1502 4714 1667 4767 supra
1694 4705 1748 4765 Ι)
1774 4701 1869 4759 sed
1894 4699 2107 4755 ratione
2128 4699 2201 4781 ab
2220 4700 2303 4753 eis
2322 4713 2633 4781 separatum
2652 4698 2744 4769 qui
2771 4702 3191 4781 participatione
3214 4702 3341 4757 vitze

130 4767 272 4834 vitam
303 4767 589 4836 hominum
620 4767 935 4831 sanctorum
968 4780 1023 4826 et
1051 4770 1392 4839 angelorum,
1429 4783 1665 4839 quorum
1774 4780 1993 4834 creatae,
2026 4784 2148 4839 qua:
2171 4768 2376 4823 donum
2401 4767 2495 4824 Dei
2521 4781 2627 4835 est,
2654 4767 2703 4823 et
2739 4767 3000 4837 perfectio
3031 4774 3099 4825 ab
3132 4787 3197 4825 eo
3226 4787 3345 4825 ma-

129 4852 223 4905 vita
251 4861 332 4907 est
358 4850 565 4911 divina,
596 4848 743 4901 sicut
774 4845 1037 4911 scriptum
1066 4837 1193 4911 est;
1227 4837 1383 4911 ADe‘us
1416 4838 1662 4911 deorum,
1772 4854 1934 4911 naris,
1966 4837 2222 4911 dicuntur
2248 4850 2301 4911 et
2344 4846 2474 4911 sunt
2517 4839 2819 4911 formaliter
2854 4840 3133 4894 viventes;
3171 4850 3223 4895 ει
3252 4844 3330 4894 εί-

132 4931 220 4973 etc.
253 4906 440 4985 (Psal.
474 4906 644 4985 nix),
677 4927 728 4968 et
746 4906 937 4985 illud:
971 4910 1080 4981 Ego
1106 4908 1264 4985 dixi,
1286 4906 1380 4963 .Dli
1415 4909 1569 4972 estis,
1611 4916 1667 4962 et
1772 4908 1977 4985 militer
2020 4910 2077 4985 in
2109 4908 2341 4985 reliquis
2371 4908 2682 4985 hujusmodi
2724 4910 3007 4981 principiis
3039 4911 3339 4985 secundum

133 4931 220 4973 etc.
297 4931 440 4976 l’sal.
474 4931 644 4985 mat),
677 4931 728 4968 et
763 4931 937 4967 Illua:
971 4931 1080 4981 tngo
1126 4931 1264 4974 ultu,
1286 4931 1380 4963 ,uu
1415 4931 1569 4972 suis,
1611 4931 1667 4962 et.
1772 4931 1977 4963 [uniter
2026 4931 2077 4962 tu
2110 4931 2336 4977 reliquis
2371 4931 2682 4977 unjusmuut
2724 4931 3007 4981 prtrwtptts
3039 4931 3339 4964 St’ClllHllllll

133 4931 438 5046 liliiﬁsxcelsi
476 4983 884 5052 omnes(l‘sal.
922 4981 1148 5052 Lxxy).
1403 5048 1414 5052 _
1494 5047 1506 5052 _
1553 5047 1564 5052 _
1774 4978 2217 5052 uniuscujusque
2264 4977 2513 5047 principii
2565 4990 2814 5033 naturam
2866 4990 2921 5034 et
2969 4980 3236 5045 ordinem,
3276 4996 3343 5035 ex

194 5063 260 5131 (2)
277 5061 422 5126 Quod
443 5062 625 5131 bonos,
644 5046 837 5131 ctuosa
860 5054 1009 5131 facit.
1033 5046 1314 5119 Tanquam
1336 5047 1664 5131 principium
1774 5048 1831 5103 S.
1854 5046 2103 5131 "Eho-rita.

133 5117 443 5200 paiti’cipans
487 5125 811 5196 principium
852 5117 1096 5200 ortinium
1142 5117 1351 5200 rerum,
1381 5117 1524 5199 quod
1560 5133 1667 5171 non
1848 5120 1927 5188 (ὅ)
1982 5118 2047 5171 Et
2090 5120 2236 5200 sicut
2294 5121 2460 5200 magis
2497 5134 2684 5200 derunt.
2743 5118 3107 5200 Sicut.Deus_
3146 5120 3345 5173 dicitur

135 5190 288 5267 potest
311 5190 854 5269 'participarc'neque
876 5194 928 5244 in
958 5206 1015 5245 se
1043 5190 1378 5269 participari,
1406 5191 1536 5269 quia
1562 5203 1666 5269 non

138 5259 298 5337 potest
321 5259 443 5325 'tieri
484 5259 900 5337 pars‘alictijus.
930 5259 1074 5337 quod
1113 5271 1195 5314 est
1234 5260 1382 5337 solus
1420 5259 1581 5337 Deus_.
1614 5266 1670 5309 et

140 5328 376 5409 tanquam
410 5328 737 5407 principium
764 5328 1251 5409 iiuparticipatum,
1286 5328 1411 5397 quia
1445 5338 1526 5381 est
1552 5328 1668 5409 (οι-τ

140 5399 260 5463 male
294 5399 620 5479 principium
658 5399 1109 5479 participautibUS
1146 5399 1198 5479 in
1227 5414 1326 5479 suo
1352 5412 1584 5478 genere;
1614 5406 1671 5448 ut

136 5493 220 5546 per
248 5468 308 5534 se
332 5468 565 5540 bonitas,
614 5468 939 5547 principium
968 5468 1202 5547 formale
1239 5468 1396 5547 bonis
1429 5481 1557 5547 non.
1592 5480 1666 5528 re,

138 5538 219 5602 sed
250 5550 455 5602 ratione
487 5538 807 5615 separatum
834 5556 864 5595 a
896 5539 1073 5605 bonis,
1113 5539 1206 5616 qui
1251 5538 1670 5616 participatione

138 5618 382 5672 bonitatis
413 5606 609 5672 creatae
656 5615 910 5666 dicuntur
940 5621 993 5664 et
1023 5606 1149 5663 sunt
1184 5606 1484 5661 formaliter
1517 5606 1670 5668 boni,

138 5703 224 5756 per
244 5704 301 5746 se
322 5691 449 5757 vita,
477 5684 805 5759 principium
836 5680 1059 5735 formate
1089 5678 1419 5743 viventibus,
1451 5690 1555 5732 non
1588 5690 1666 5740 re,

201 5897 269 5971 (a)
300 5897 462 5967 Plato,
491 5900 545 5956 in
573 5895 787 5952 Timwo.

1777 5203 1978 5253 aevum,
2011 5190 2105 5257 qui
2137 5199 2221 5245 est
2245 5188 2436 5241 artetur
2458 5188 2578 5249 aevi,
2608 5198 2662 5243 et
2693 5205 2881 5242 eorum
2917 5190 2971 5243 in
2996 5190 3195 5257 quibus
3227 5202 3345 5243 teu-

1777 5259 1926 5311 ditur
1963 5274 2138 5312 aevum
2168 5278 2180 5324 ;
2216 5260 2295 5313 sic
2334 5257 2537 5315 dicitur
2571 5276 2664 5328 per
2696 5275 2753 5313 se
2777 5275 2918 5325 esse,
2991 5275 3085 5327 per
3114 5276 3173 5315 se
3209 5261 3341 5323 vita,

1780 5344 1874 5396 per
1908 5342 1967 5382 se
2007 5328 2297 5397 sapientia,
2318 5338 2371 5382 et
2406 5330 2659 5383 similiter
2692 5329 2743 5383 in
2776 5330 2922 5393 aliis,
2957 5335 3085 5397 quia
3109 5338 3189 5384 est
3216 5346 3349 5383 cau-

1780 5414 1838 5450 sa
1878 5399 1930 5450 iu
1969 5400 2236 5453 creaturis
2279 5414 2370 5466 per
2400 5415 2458 5452 se
2499 5414 2642 5461 esse,
2680 5414 2777 5468 per
2819 5414 2877 5453 se
2904 5402 3047 5462 vine,
3084 5411 3135 5453 et
3187 5400 3347 5453 sitni-

1780 5468 1934 5529 lium,
1956 5483 2075 5536 qum
2092 5478 2221 5538 sunt
2244 5469 2385 5522 d0na
2409 5470 2548 5538 ejus,
2572 5470 2625 5521 in
2648 5468 2850 5537 quibus
2864 5480 3109 5523 versatur
3133 5484 3346 5535 aevum;

1780 5551 1887 5590 nun
1920 5538 2065 5592 enim
2091 5537 2193 5592 fuit
2232 5537 2467 5606 tempus,
2504 5554 2626 5591 cum
2674 5554 2781 5591 non
2811 5548 2997 5592 essent
3045 5541 3180 5601 haec,
3221 5556 3348 5603 qua:

1778 5623 1901 5660 cum
1924 5623 2039 5661 aevo
2061 5616 2233 5675 empta
2270 5620 2395 5663 sunt
2422 5608 2729 5677 (siquidem
2764 5610 2982 5662 fuerunt
3008 5608 3064 5663 in
3096 5609 3347 5678 angelis),

1782 5692 1901 5746 qua:
1932 5680 2262 5750 cegitatione
2291 5690 2479 5734 nostra
2526 5688 2651 5733 sunt
2686 5678 2937 5735 absoluta
2969 5690 3022 5736 et
3063 5680 3345 5736 abstracta
