3784 6548
440 385 551 463 823

440 614 495 658 et
518 618 545 658 a
593 620 688 676 per
715 625 772 665 sc
801 615 1085 685 sapientia,
1130 628 1230 677 nec
1258 625 1401 679 enim
1435 626 1550 684 bare
1594 630 1851 688 dicuntur
1876 635 2011 690 sim-

440 696 655 764 pliciter
677 704 947 774 absoluta,
984 711 1078 765 sed
1108 706 1341 784 alicujus
1387 734 1508 774 esse
1547 722 1772 792 aliquid,
1807 725 2011 783 idcirco

441 792 622 857 primo
669 800 790 851 esse
822 796 976 868 dixit,
1009 820 1349 879 quaecunque
1375 811 1617 881 ejusdem
1649 816 1857 874 ordinis
1886 833 2010 874 cum

440 891 576 947 tero,
603 884 850 946 absolute
879 892 1156 964 dicuntur,
1205 904 1480 971 quomodo
1514 906 1660 961 enim
1711 923 1809 977 per
1828 923 1888 965 se
1916 925 2013 966 ex-

438 975 585 1033 sistit
617 986 791 1038 :cvum
841 994 895 1041 et
938 996 1171 1060 tempus,
1205 995 1311 1050 nisi
1360 998 1778 1057 considerentur
1830 1001 1885 1058 in
1943 1004 2012 1060 iis

436 1085 560 1139 qua:
610 1084 782 1162 aevum
825 1084 992 1152 ag’unt
1051 1094 1107 1139 et
1155 1090 1410 1156 tempus?
1466 1093 1636 1157 Aliter
1687 1097 1850 1151 etiam
1906 1099 2013 1154 Iret:

436 1172 608 1234 patet,
639 1167 686 1222 si
735 1172 881 1226 enim
936 1173 1076 1233 Deus
1116 1180 1359 1235 omnium
1415 1198 1538 1253 qua:
1584 1181 1733 1253 sunt,
1789 1187 2011 1247 eﬁ'ector

436 1264 541 1323 est,
595 1260 766 1316 multo
799 1266 972 1336 magis
1005 1274 1194 1326 earum
1237 1289 1359 1345 quae
1410 1277 1585 1345 prima
1638 1290 1789 1348 sunt,
1837 1282 1906 1338 ab
1946 1283 2012 1339 iis

440 1349 609 1418 igitur
652 1368 771 1423 qua:
804 1367 953 1424 sunt,
996 1368 1051 1415 et
1076 1365 1429 1431 potissimum
1475 1385 1596 1438 qua:
1648 1373 1821 1442 prima
1859 1387 2008 1444 sunt,

439 1443 697 1512 tanquam
758 1450 1005 1504 omnium
1053 1464 1245 1510 auctor
1299 1460 1637 1517 nominatur.
1688 1463 1827 1530 Quia
1878 1443 2010 1522 vero

437 1537 555 1591 vult
587 1539 759 1611 magis
791 1544 939 1612 quod
971 1546 1122 1614 dicit,
1180 1550 1496 1621 explanare,
1553 1557 1715 1611 valde
1773 1559 2012 1616 dilucide

441 1644 563 1699 qua:
595 1623 708 1688 haec
739 1632 791 1689 in
817 1635 1043 1692 dubium
1074 1650 1362 1710 venerunt,
1391 1645 1553 1702 solvit
1589 1666 1602 1704 :
1634 1656 1691 1703 et
1720 1664 2012 1722 aggressus

445 1738 507 1779 ea
537 1740 657 1794 qua:
684 1728 764 1782 sic
792 1730 1040 1786 absolute
1066 1731 1325 1789 dicuntur
1364 1737 1653 1805 ὑπάρξεις.
1688 1742 1741 1796 id
1788 1752 1891 1809 est,
1920 1759 2012 1799 es-

444 1818 659 1871 sentia.
682 1817 941 1887 Primam,
982 1829 1035 1877 et
1069 1839 1190 1892 qum
1228 1826 1466 1882 maxime
1492 1829 1902 1898 quodammodo
1936 1834 2014 1889 vi-

442 1902 601 1964 detur
627 1910 955 1982 substantia,
983 1930 1091 1971 non
1117 1919 1481 1976 substantiam
1506 1922 1771 1993 aliquam,
1808 1925 2009 1996 inquit,

440 2002 677 2059 divinam
721 2015 815 2063 aut
852 2010 1155 2078 angellcam
1185 2012 1420 2070 dicimus
1473 2029 1567 2083 per
1608 2029 1667 2070 se
1698 2031 1841 2083 esse,
1892 2032 2014 2087 qua:

438 2094 513 2150 sit
544 2112 707 2156 causa
762 2108 821 2154 ut
868 2101 1055 2155 omnia
1089 2102 1200 2158 sint
1234 2122 1249 2169 ;
1285 2105 1328 2161 si
1384 2117 1564 2162 autem
1610 2109 1912 2182 antiquius,
1960 2116 2014 2165 et

439 2192 678 2260 primum
715 2208 779 2248 ex
811 2192 990 2261 donis,
1024 2196 1169 2265 quad
1215 2198 1344 2265 quia
1395 2210 1478 2255 est
1528 2209 1584 2254 et
1634 2200 2013 2270 participatur.

437 2282 545 2337 alia
578 2283 721 2339 dona
751 2280 957 2344 suntet
1005 2288 1286 2359 dicuntur,
1333 2303 1558 2347 nonest
1600 2309 1777 2364 neque
1829 2295 2014 2352 divina

436 2391 540 2433 nec
600 2379 846 2448 angelica
908 2383 1239 2450 substantia,
1303 2384 1412 2441 imo
1460 2402 1563 2442 nec
1611 2403 1777 2444 causa
1816 2398 1877 2447 ut
1905 2389 2015 2445 sint

435 2470 621 2525 omnia
655 2471 827 2539 (solus
867 2472 1011 2529 enim
1049 2474 1213 2543 Deus,
1256 2478 1350 2547 qui
1396 2488 1477 2533 est
1524 2494 1852 2550 supraquam
1886 2484 2015 2538 sub-

437 2564 663 2631 stantia,
695 2575 750 2621 et
798 2567 1154 2637 principium,
1180 2577 1237 2636 et
1267 2571 1528 2636 essentia,
1557 2580 1611 2626 et
1642 2588 1804 2645 causa
1835 2586 1920 2629 est
1952 2584 2012 2629 ut

435 2657 548 2710 sint
571 2668 766 2712 cuncta
796 2674 914 2729 quae
945 2671 1093 2722 sunt.
1135 2670 1190 2717 et
1221 2662 1460 2734 idipsum
1502 2664 1820 2736 simpliciter
1843 2668 2009 2737 esse),

436 2745 493 2801 iu
524 2748 670 2817 quali
715 2749 933 2805 tandem
964 2752 1156 2807 ordine
1194 2768 1257 2808 ea
1289 2769 1412 2823 qua:
1441 2756 1523 2812 sic
1547 2756 1807 2813 dicuntur
1840 2759 2012 2829 magis

435 2840 809 2911 principialia,
844 2845 1154 2912 ponemus?
1184 2845 1251 2900 Et
1283 2846 1332 2901 si
1382 2861 1492 2903 non
1540 2857 1671 2904 sunt
1709 2864 1890 2907 causa:
1919 2867 2013 2905 eo-

432 2948 555 2989 rum
588 2950 711 3005 qua:
745 2948 897 3000 sunt,
930 2953 1031 2994 nec
1070 2939 1198 2995 item
1231 2948 1395 2997 erunt
1440 2940 1740 2999 eﬂectricia
1789 2945 2008 3010 borum,

432 3027 580 3105 quod
618 3028 663 3084 si
706 3043 815 3084 non
861 3022 1102 3085 elliciunt
1129 3046 1192 3087 ea
1234 3048 1354 3102 qua:
1380 3042 1533 3102 sunt,
1561 3051 1740 3106 neque
1764 3046 1893 3092 sunt
1922 3036 2009 3091 l‘a-

1591 414 2499 495 JOANNIS'CYPARISSIOTIE

442 508 825 573 nominamus:
868 521 989 577 ilico
1019 539 1049 578 a
1091 543 1184 594 per
1204 546 1282 601 .se
1318 548 1460 596 esse,
1486 545 1540 591 et
1576 552 1604 591 a
1638 554 1732 608 per
1770 553 1831 595 se
1871 541 2003 608 vita,
2035 541 2084 599 Δ
2109 559 2271 616 esse;
2311 553 2414 609 hoc

2448 563 2655 614 tantum
2682 557 2962 644 dilierunt,
3010 569 3154 638 quod
3179 570 3293 626 haec
3314 574 3513 643 quidem
3535 583 3624 650 pri-

2117 658 2265 700 mum
2294 647 2485 705 ell‘ecta
2522 662 2674 723 sunt,
2716 666 2773 712 et
2821 674 2917 728 per
2946 660 3061 717 haec
3085 660 3272 719 εσθαι
3317 647 3553 739 extrema,
3582 685 3629 732 ut

2113 733 2159 787 si
2181 736 2304 803 quis
2331 737 2385 792 in
2422 741 2665 800 minimis
2705 749 2976 805 creaturis
3001 750 3177 806 videat
3203 753 3374 809 nubes
3403 733 3626 824 priuso:-

2112 825 2308 883 sistere
2337 843 2502 900 quam
2536 834 2799 904 pluviam,
2839 849 2892 894 et
2924 856 3020 910 per
3043 842 3219 899 nubes
3253 842 3413 900 Deum
3450 850 3627 921 pluere;

2113 925 2166 971 et
2199 917 2344 974 sicut
2376 933 2558 982 motus
2584 928 2856 986 exsistunt
2889 941 3107 1001 propter
3147 933 3390 1002 mobilia,
3416 917 3466 993 et
3492 917 3633 1001 nubes

2115 1023 2337 1082 propter
2371 1015 2634 1083 pluviam,
2669 1021 2735 1075 ad
2782 1023 3035 1078 eumdem
3090 1026 3312 1081 modum
3363 1028 3634 1091 substantia

2113 1105 2417 1162 creationes
2458 1120 2683 1179 propter
2713 1112 3075 1182 substantias,
3131 1126 3184 1175 et
3214 1118 3340 1172 vitat
3373 1122 3633 1180 creatione:

2114 1207 2336 1268 propter
2382 1202 2545 1269 vitas,
2597 1213 2653 1260 et
2686 1206 3049 1264 deiﬁcatiouis
3104 1210 3411 1267 creationcs
3456 1225 3635 1286 propter

2112 1289 2385 1359 deillcata,
2418 1309 2581 1350 omne
2617 1306 2797 1353 autem
2828 1300 2975 1369 quod
3013 1310 3238 1371 propter
3262 1317 3477 1359 cattsam
3503 1316 3573 1363 est
3592 1318 3634 1365 et

2115 1395 2384 1451 movetur,
2420 1396 2600 1442 ortum
2636 1405 2858 1460 quoque
2894 1391 3098 1448 habere
3121 1392 3538 1451 demonstratum
3555 1410 3634 1456 est.

2112 1471 2274 1529 Ponit
2303 1487 2486 1533 autem
2519 1479 2812 1552 Dionysius
2838 1498 2962 1540 esse
2994 1484 3164 1542 Deum
3193 1492 3467 1542 auctorem
3496 1496 3576 1559 per
3594 1506 3639 1547 se

2113 1566 2396 1637 bonitatis,
2438 1581 2494 1628 et
2540 1588 2635 1645 per
2669 1591 2730 1631 se
2760 1576 3086 1645 divinitatis,
3132 1578 3390 1635 similiter
3418 1588 3475 1635 ut
3501 1582 3639 1639 actio-

2113 1675 2244 1715 num
2276 1669 2333 1717 et
2368 1664 2672 1721 motionum
2698 1667 2793 1722 Dei
2831 1668 2972 1725 Deus
3004 1678 3092 1725 est
3115 1680 3335 1736 auctor,
3371 1668 3639 1731 divinitatea

2115 1768 2245 1810 vero
2283 1754 2575 1814 inferiores
2618 1757 2861 1829 intelligo
2900 1761 3250 1832 angulorum,
3297 1770 3353 1816 et
3403 1761 3641 1820 hominum

2044 1882 2088 1939 Β
2110 1845 2411 1919 iustorum,
2445 1865 2640 1907 rursus
2664 1866 2793 1907 vero
2818 1851 3081 1924 intelligo,
3110 1855 3524 1922 interpretatum
3547 1870 3642 1912 esse

2116 1939 2458 2008 apertissime
2497 1941 2817 2012 Dionysium
2847 1943 3128 2001 declarare
3159 1943 3282 2000 haec
3326 1945 3643 2010 nomina,th-

2115 2044 2247 2084 num
2285 2045 2314 2084 a
2355 2030 2469 2088 Deo
2496 2033 2825 2103 prouectum,
2866 2043 2924 2091 et
2955 2034 3175 2105 pulchri
3209 2039 3271 2090 in
3302 2049 3367 2090 ea
3393 2048 3506 2103 qua
3539 2034 3642 2091 loris

2116 2131 2266 2188 sunt,
2319 2121 2682 2192 eﬁ‘usionem;
2733 2125 3033 2192 declarare,
3080 2126 3334 2196 inquam,
3384 2133 3568 2182 motum
3604 2134 3647 2183 et

2117 2216 2387 2272 actionem
2421 2215 2541 2283 Dei,
2588 2228 2847 2290 tanquam
2889 2218 3239 2276 adactionem
3272 2226 3328 2276 ct
3357 2220 3642 2279 creationem

2118 2308 2291 2380 ipsius
2313 2308 2425 2366 Dei.

2715 2423 2947 2483 CAPUT
2999 2423 3092 2481 Vl.

2118 2534 2192 2598 De
2220 2551 2502 2612 potestate,
2554 2543 2667 2596 sine
2713 2541 2927 2605 virtute,
2975 2548 3025 2595 et
3066 2539 3336 2612 justiti“
3372 2540 3421 2595 el
3463 2538 3581 2607 quod
3618 2553 3643 2594 ι

2182 2609 2439 2681 potestate
2482 2612 2689 2682 inﬁnite
2718 2612 2934 2678 potenti,
2965 2609 3086 2682 et_a
3107 2609 3357 2679 iustitia,
3387 2622 3547 2682 perge
3572 2622 3642 2675 po-

2187 2677 2374 2747 testas,
2401 2692 2450 2737 et
2480 2677 2574 2754 per
2592 2698 2647 2737 se
2661 2682 2881 2751 iustitia
2905 2677 3181 2748 productae
3209 2688 3336 2735 sunt
3370 2689 3419 2735 et
3446 2679 3642 2749 eiecta;

2182 2764 2234 2811 et
2269 2770 2386 2824 qua:
2411 2754 2464 2808 in
2502 2755 2576 2809 eis
2605 2754 2981 2823 proprietates.

2183 2868 2415 2940 Magnus
2454 2866 2752 2939 Dionysius
2793 2882 2920 2935 cap.
2952 2872 3153 2945 octavo
3189 2862 3272 2920 De
3304 2864 3489 2919 diuinis
3510 2864 3648 2918 uenti-

2113 2961 2288 3025 nibua,
2320 2959 2398 3015 ait
2428 2976 2442 3013 :
2467 2958 2537 3014 Et
2562 2958 2708 3030 quod
2736 2957 2883 3015 Deus
2914 2957 3293 3014 deiﬁcatlonis
3328 2956 3649 3027 princepssw

2115 3069 2214 3126 pra
2246 3067 2467 3109 onmem
2508 3058 2837 3123 potestatem
2870 3048 3070 3117 fertur,
3106 3058 3161 3105 et
3196 3056 3423 3105 omnem
3454 3054 3647 3116 potesta-

433 3119 614 3176 cultas
647 3135 750 3176 nec
796 3122 1044 3192 operatio
1099 3125 1189 3180 Dei
1221 3126 1465 3183 eliectrix
1499 3138 1554 3184 et
1596 3131 1834 3186 creatrix
1886 3132 2011 3186 uni-
2112 3119 2780 3223 ίειῃδφιοηιοάοεηηιιυθ
2798 3142 3648 3212 estetexcogitatur,exsupmt;

429 3210 601 3281 versi,
629 3213 959 3285 relinquitur
1002 3226 1060 3272 ut
1090 3217 1201 3272 sint
1230 3219 1344 3276 haec
1392 3221 1745 3279 habitudines
1777 3233 1829 3278 et
1857 3239 1979 3280 ema
2036 3221 2079 3279 C
2111 3252 2221 3294 non
2244 3210 2385 3308 inito
2417 3236 2589 3290 ultum
2616 3210 2789 3290 exviis
2813 3235 2909 3304 qui
2934 3234 2988 3289 in
3019 3210 3340 3304 Scripturis
3372 3231 3555 3286 divinis
3574 3231 3645 3285 Illi

434 3304 709 3381 nationes,
736 3321 856 3377 quat
884 3319 1162 3365 suntcum
1186 3311 1323 3366 liunt
1343 3319 1577 3381 tantum,
1606 3314 1754 3370 sicut
1781 3315 2012 3374 demotis

430 3378 665 3453 stratum
702 3408 806 3454 est.
868 3397 1004 3454 Cum
1044 3411 1222 3455 autem
1282 3378 1573 3473 Dionysius
1634 3404 1826 3461 borum
1870 3424 2009 3464 con-

430 3492 843 3562 templationem
884 3480 1121 3549 dilatat:
1152 3494 1262 3551 Nec
1301 3497 1488 3565 aliam,
1523 3498 1719 3568 inquit,
1749 3501 2009 3558 divinita-

430 3592 564 3650 tem,
622 3600 745 3656 quae
791 3589 958 3642 vitam
1012 3588 1209 3655 pariat,
1243 3590 1501 3658 dicimus,
1533 3600 1730 3662 praeter
1784 3608 2008 3650 causam

431 3692 764 3748 supraquam
816 3679 1055 3735 divinam
1105 3682 1348 3736 omnium
1405 3699 1746 3757 quaecunque
1797 3688 2006 3757 vivunt,

431 3781 486 3826 et
508 3786 604 3839 per
633 3786 692 3826 se
722 3771 845 3826 vitae
881 3770 1140 3837 causam;
1175 3776 1318 3843 quod
1345 3776 1393 3829 si
1437 3792 1541 3831 non
1591 3787 1675 3833 est
1703 3780 1809 3836 alia
1844 3796 2010 3839 causa

430 3860 762 3928 viventium,
791 3877 891 3917 nec
921 3862 1024 3917 alia
1057 3865 1315 3921 divinitas
1365 3882 1487 3937 qua:
1520 3870 1681 3924 vitam
1724 3873 1907 3941 pariat
1931 3875 2012 3929 vi-

434 3955 711 4021 ventibus,
739 3956 840 4011 nisi
868 3956 976 4011 vita
1006 3972 1337 4028 supraquam
1369 3959 1575 4028 divina,
1610 3972 1668 4019 et
1700 3965 2009 4024 substantia

437 4064 780 4122 supraquaur
821 4052 1158 4108 substantia:
1191 4065 1247 4109 et
1292 4055 1467 4123 ipsum
1500 4055 2005 4127 singularissimum

435 4157 492 4205 et
531 4142 1034 4213 splendidissimum
1072 4161 1263 4211 unum,
1308 4154 1363 4201 et
1411 4149 1516 4202 hoc
1558 4161 1645 4206 est
1693 4152 1808 4206 sola
1841 4167 2006 4209 causa

433 4238 946 4303 omnium,evidcus
975 4248 1061 4294 est
1091 4239 1235 4309 quod
1270 4240 1388 4295 hac
1410 4254 1537 4310 qua
1567 4243 1743 4312 primo
1764 4252 1825 4299 et
1852 4246 2008 4316 prin-

432 4329 698 4399 cipialiter
722 4339 869 4395 sunt,
900 4341 951 4385 et
986 4331 1178 4385 ell‘ecta
1218 4340 1457 4399 tantum,
1497 4334 1630 4389 nihil
1664 4351 1856 4392 eorum
1882 4344 2009 4409 qua

433 4432 621 4491 postea
665 4433 811 4488 sunt,
853 4434 1111 4493 tanquam
1142 4440 1309 4479 causa
1350 4427 1638 4482 alliciunt:
1678 4428 1885 4486 idcirco
1910 4434 2011 4488 ito-

437 4530 542 4567 nus
575 4513 714 4568 Deus
744 4531 935 4568 eorum
965 4517 1211 4593 ipsorum
1242 4533 1363 4584 quae
1390 4517 1565 4585 prima
1594 4531 1746 4586 sunt,
1780 4523 2007 4581 cll‘eclor

435 4605 658 4668 dicitur,
696 4604 891 4661 deinde
938 4622 1126 4660 eorum
1187 4622 1310 4676 quae
1360 4608 1618 4666 universe
1649 4612 1725 4684 (a)
1781 4616 2007 4683 partici-

436 4706 594 4766 pant,
626 4706 810 4767 postea
838 4707 1028 4752 eorum
1065 4700 1266 4767 quain
1296 4707 1454 4769 parte
1490 4708 1507 4756 ':
1550 4704 1636 4759 Sic
1664 4704 2009 4765 demonstrat

437 4790 622 4845 Solum'
680 4790 848 4845 Deu’m
909 4796 1030 4845 esse
1084 4798 1308 4848 causam
1370 4795 1655 4868 'oinnium,
1727 4792 1841 4857 sive
1891 4804 2011 4872 pri-

436 4898 525 4935 Ilia
579 4880 853 4949 dicuntur,
907 4881 1019 4936 sive
1080 4885 1352 4953 universe,
1422 4886 1540 4943 sive
1600 4889 1656 4945 in
1706 4903 1891 4963 parte;
1959 4908 2013 4954 ct

435 4977 551 5031 sive
594 4975 675 5031 sic
721 4975 1047 5045 participata
1096 4976 1372 5043 dicuntur,
1424 4982 1540 5037 sive
1581 4976 1962 5057 participanda
1990 5034 2004 5058 ,

436 5067 583 5138 quod
620 5068 665 5123 si
698 5069 838 5123 idem
868 5077 922 5124 et
956 5071 1105 5126 solus
1152 5082 1341 5127 auctor
1362 5085 1525 5131 estet
1562 5079 2004 5151 participantium

392 5142 494 5217 ἐι
550 5156 1026 5231 participatorum,
1084 5164 1307 5219 evidens
1356 5177 1442 5221 est
1508 5169 1552 5222 si
1622 5173 2005 5244 participantia

436 5263 707 5309 creatura:
738 5263 892 5319 sunt,
954 5266 1008 5309 et
1068 5257 1391 5325 participata
1444 5259 1671 5329 penitus
1714 5274 2005 5326 creaturas

2113 3334 2242 3384 sunt
2268 3325 2579 3391 eteducati,
2608 3325 2884 3395 ignorare,
2900 3324 3257 3381 multisenim
3275 3323 3332 3379 in
3354 3320 3648 3389 locisScﬁpo

2116 3429 2241 3476 tura
2270 3427 2325 3475 et
2352 3418 2786 3475 dominationem
2818 3420 2993 3487 ipsam
3020 3428 3144 3472 esse
3166 3415 3362 3479 tradit,
3386 3422 3439 3471 et
3465 3414 3525 3469 ab
3546 3413 3647 3484 ipsis

2114 3526 2279 3585 supra
2325 3512 2645 3571 ctelestibus
2698 3512 3064 3584 potestatibus
3107 3519 3362 3583 separat.
3403 3510 3648 3578 Quomodo

2117 3608 2285 3676 igitur
2314 3606 2553 3675 theologi
2606 3616 2869 3674 tanquam
2922 3611 3252 3673 potestatem
3288 3602 3524 3664 laudant,
3554 3614 3647 3670 qua

2114 3700 2269 3754 extra
2293 3699 2512 3755 omnem
2548 3703 2875 3766 potestatem
2909 3696 3089 3763 posita
3127 3692 3261 3747 esti
3288 3700 3389 3746 aut
3418 3689 3647 3760 quomodo

2114 3792 2171 3849 in
2196 3805 2262 3847 ea
2293 3802 2489 3845 nomen
2525 3786 2812 3858 potestatis
2838 3785 3176 3855 accipiemus
3198 3786 3224 3838 Ἰ
3261 3782 3494 3838 Dicimus
3518 3781 3647 3851 igitur

2112 3885 2284 3943 Deum
2320 3892 2444 3940 esse
2471 3889 2820 3953 potestatem,
2859 3889 2920 3935 ut
2955 3879 3049 3949 qui
3080 3878 3403 3948 praebabeat
3434 3880 3483 3930 in
3513 3889 3582 3937 se.
3607 3882 3645 3926 et

2113 3988 2448 4048 stipi-aquam
2486 3975 2688 4030 habeat
2727 3986 2943 4028 omnem
2977 3975 3309 4041 potestatein
3342 3986 3357 4033 ;
3384 3977 3439 4022 et
3469 3979 3526 4021 ut
3554 3980 3647 4018 om-

2111 4068 2199 4124 nis
2223 4067 2514 4137 potestatis
2541 4075 2757 4133 auctor,
2788 4071 2849 4118 et
2879 4072 2940 4117 ut
2968 4062 3156 4117 omnia
3193 4058 3479 4115 inﬂesibili
3508 4066 3557 4111 et
3580 4057 3643 4158 in.

2112 4158 2534 4227 circumscripta
2562 4163 2835 4225 potestate
2864 4153 3202 4223 produceus,
3236 4160 3292 4206 et
3310 4159 3372 4204 ut
3398 4153 3644 4210 auctorip-

2110 4250 2227 4308 sius
2273 4265 2371 4320 per
2421 4264 2481 4304 se
2527 4261 2647 4304 esse
2690 4254 3034 4317 potestatem,
3088 4245 3170 4298 vel
3201 4259 3328 4298 esse
3354 4243 3643 4300 universam.

2102 4346 2207 4397 ἰρι
2235 4339 2569 4410 singularem
2613 4335 2850 4406 alicujus
2880 4342 3209 4405 potestatem
3240 4352 3258 4399 ;
3290 4342 3347 4388 et
3376 4340 3436 4387 ut
3474 4328 3645 4385 inﬁnite

2110 4443 2330 4507 potens,
2360 4440 2472 4487 non
2500 4432 2680 4487 solum
2698 4446 2767 4485 eo
2784 4430 2936 4499 quod
2961 4442 3178 4484 omnem
3207 4434 3527 4498 potestatein
3546 4435 3646 4494 pro-

2115 4528 2289 4592 ducit,
2324 4526 2416 4582 sed
2451 4524 2599 4595 quod
2649 4532 2736 4577 est
2776 4537 2942 4591 supra
2982 4536 3199 4576 omnem
3236 4528 3568 4590 potestatem,
3607 4529 3646 4567 et

2118 4623 2282 4692 supra
2314 4621 2484 4691 ipsam
2520 4633 2617 4687 per
2649 4631 2708 4671 se
2739 4623 3105 4702 potestatem:
3134 4619 3188 4666 et
3217 4610 3367 4681 quod
3398 4623 3549 4679 supra
3570 4620 3645 4675 po-

2119 4710 2225 4770 test
2246 4700 2728 4769 innumerabiliter
2754 4700 3002 4761 munitas
3052 4704 3193 4759 anas
3216 4711 3511 4775 potestates
3541 4712 3635 4769 pro-

2120 4804 2364 4874 ducere;
2398 4815 2453 4862 ct
2486 4794 2633 4875 quod
2667 4800 2920 4867 in'll'nitae,
2966 4808 3019 4856 et
3051 4796 3269 4855 inlinit‘o
3305 4804 3522 4854 numero
3542 4802 3645 4866 pro-

2120 4905 2297 4961 ducta
2318 4909 2617 4973 micantes
2646 4902 2929 4964 numquam
2952 4901 3164 4963 queant
3190 4891 3451 4947 hebetare
3473 4897 3557 4944 aut
3576 4902 3639 4942 rc-

2125 4996 2354 5052 tundere
2391 4994 2723 5061 supraquam
2763 4985 3086 5040 i‘n’li'uitatem
3132 4982 3477 5039 eﬂectionem
3522 4986 3643 5048 pste-

2118 5088 2277 5147 statis
2310 5085 2430 5154 ejus
2465 5077 2812 5152 po'tentilicae,
2847 5076 2963 5131 haec
2986 5074 3158 5144 igitur
3190 5083 3438 5146 potestas
3466 5066 3550 5127 Dei
3577 5070 3639 5123 in-
3694 5113 3700 5122 .

2119 5180 2271 5234 linite
2300 5183 2517 5245 potens,
2558 5172 2612 5225 in
2648 5169 2835 5225 omnia
2863 5181 2986 5236 qua:
3014 5174 3169 5232 sunt,
3204 5173 3352 5220 meat
3377 5172 3431 5220 ct
3452 5173 3639 5234 progre-

2116 5272 2286 5337 ditur,
2316 5266 2570 5337 nihilQue
2594 5268 2790 5320 eorum
2825 5270 2950 5331 qua
2980 5268 3128 5332 sunt,
3157 5258 3387 5314 omitto
3414 5255 3635 5312 nudatum

1914 5421 2186 5490 Seboba.

437 5557 469 5597 a
495 5543 661 5599 rebus
690 5543 1106 5605 exsistentibns,
1140 5554 1247 5595 non
1274 5549 1458 5595 tamen
1487 5543 1811 5613 simpliciter
1842 5548 2004 5605 abso-

435 5614 550 5670 luto
577 5627 632 5668 et
657 5616 952 5679 abstracta,
978 5613 1107 5681 quia
1147 5613 1202 5666 in
1224 5624 1288 5666 re
1308 5613 1714 5680 participantur
1736 5618 1806 5672 ab
1829 5620 2007 5676 exsis-

438 5686 707 5751 teatibus,
733 5694 787 5739 et
817 5694 948 5739 sunt
969 5683 1166 5737 ctfecta
1197 5697 1223 5735 a
1250 5682 1387 5750 Deo,
1414 5697 1444 5737 a
1479 5699 1590 5754 quo
1617 5690 1876 5758 pendent,
1902 5693 2003 5748 sui

2112 5552 2229 5608 haec
2262 5549 2437 5622 magis
2467 5548 2791 5622 _'adl_tu¢u§i
2825 5550 2956 5615 ’cap.
3022 5545 3056 5598 Ἰ
3106 5542 3326 5601 decadis
3374 5539 3425 5608 7,
3471 5536 3573 5595 deo.
3608 5530 3637 5590 8

2113 5636 2235 5693 cap.
2267 5623 2322 5690 4,
2352 5616 2544 5676 facem
2570 5616 2901 5700 intelligere.

513 5870 592 5942 (a)
631 5869 911 5938 Uuit'ersr,
943 5880 1001 5926 ut
1032 5871 1139 5925 vita
1166 5870 1405 5927 omnium
1431 5872 1758 5942 viventium;
1792 5878 1844 5933 in
1875 5886 2049 5949 parte,
2082 5880 2140 5930 ut
2160 5874 2269 5932 vita
2296 5871 2575 5930 hominum
2603 5879 2697 5927 aut
2720 5866 3063 5940 angelorum,
3084 5875 3194 5921 etc.
