3784 6548
223 434 312 496 8ἐὸ

880 424 1121 485 DECAS
1152 426 1217 487 ν.
1246 451 1314 464 --
1346 425 1445 487 DE
1480 425 1738 487 PROPR

1863 429 1916 486 'A
1933 426 2153 492 I'IBUS
2186 426 2428 489 DIVIN.
2472 423 2747 486 ΝΟΜΙΝ.

3310 415 3416 485 82τῖ

222 556 309 609 est,
346 541 460 611 quin
494 537 725 607 aliquam
766 546 1079 606 potestatcn
1120 538 1317 593 habeat
1345 559 1357 604 ;
1387 540 1518 607 quin
1557 542 1734 610 potius
1763 546 1811 603 Α
1839 544 1981 613 quod
2044 544 2270 599 inﬁnitae
2327 552 2630 613 potestates
2687 542 2739 596 in
2810 539 3079 595 inﬁnitum
3132 538 3415 609 productae

221 642 501 707 potestatem
533 628 688 684 habet
719 628 805 683 vel
831 629 1242 696 intelligentem,
1276 626 1361 683 vel
1397 631 1737 685 ratiocinan-

218 739 330 791 tem,
368 723 440 779 vel
472 722 805 785 sentientem,
854 720 938 774 vel
981 718 1278 785 viventem,
1330 720 1411 775 vel
1457 723 1732 792 propriam

217 814 499 873 substantia:
525 832 538 878 ;
568 821 619 867 et
640 810 814 881 ipsum
845 826 985 871 esse.
1020 810 1063 866 si
1096 811 1177 867 fas
1205 822 1288 867 est
1316 813 1521 877 dicere,
1550 825 1734 883 potes-

217 920 355 966 tatem
385 906 535 961 habet
562 912 617 958 ut
651 905 743 970 sit,
774 904 842 958 ab
875 900 991 972 ipsa
1030 917 1195 973 supra
1227 905 1593 960 substantiam
1637 920 1739 975 po-

215 1006 417 1062 testate;
447 1002 568 1051 etut
591 993 759 1050 semel
795 992 992 1059 dicam,
1028 992 1161 1045 nihil
1189 996 1275 1047 est
1298 993 1352 1047 in
1389 995 1736 1060 universum,

214 1091 336 1163 quod
360 1087 738 1158 omnipotentis
784 1086 971 1151 tutela,
1001 1092 1055 1140 et
1089 1085 1501 1142 conservatione
1530 1086 1731 1144 divinat

212 1176 435 1249 potentias
456 1176 722 1244 privatum
747 1172 838 1240 sit,
880 1170 1023 1245 quod
1050 1174 1195 1229 enim
1229 1176 1486 1231 universe
1519 1177 1725 1231 nullam

213 1269 351 1323 habet
369 1274 700 1337 potestatem,
729 1276 829 1321 nec
856 1274 956 1332 est,
983 1281 1081 1321 nec
1104 1261 1394 1336 quidquam
1414 1276 1516 1331 est,
1538 1282 1637 1323 nec
1657 1276 1743 1324 est

213 1350 428 1415 funditus
444 1356 595 1413 'ullus
622 1359 741 1427 ejus
775 1357 935 1413 situs.
966 1352 1032 1411 Et
1062 1373 1253 1414 rursus
1282 1359 1425 1414 idem
1461 1360 1515 1414 in
1543 1361 1732 1415 eodem

211 1450 401 1519 rapite:
437 1448 474 1503 Α
525 1448 737 1517 justitia
799 1452 979 1503 autem
1034 1462 1227 1505 rursus
1278 1449 1532 1506 laudatur
1573 1451 1739 1518 Deus,

210 1541 333 1610 quod
362 1541 627 1607 omnibus,
657 1550 714 1595 ut
742 1540 967 1618 dignum
995 1550 1079 1598 est
1109 1543 1314 1597 tribuat
1344 1553 1395 1598 et
1420 1556 1733 1613 congruen-

211 1645 299 1689 tem
329 1633 559 1699 modum,
588 1644 644 1688 et
679 1634 1162 1703 pulchritudinem,
1203 1643 1257 1691 et
1281 1637 1737 1706 compositionem

209 1726 409 1789 ordinis,
438 1733 492 1779 et
526 1723 980 1794 dispositionem;
1026 1733 1083 1780 et
1122 1726 1379 1781 omnibus
1421 1726 1731 1798 dispertiat,

207 1828 251 1872 et
282 1817 496 1887 singulis
525 1816 745 1873 ordines
777 1809 1079 1887 praestituat
1114 1818 1415 1874 secundum
1451 1832 1636 1873 veram
1686 1826 1741 1874 et

1840 637 2172 691 creationem
2212 651 2543 706 supraquam
2587 635 2856 689 inﬁnitam
2891 633 3215 703 potentiﬁerc
3257 644 3411 703 pote-

1840 728 1998 780 statis
2032 727 2153 795 ejus
2201 726 2493 780 retundere
2532 742 2811 794 nunquam
2850 734 3100 795 possunt.
3141 725 3197 778 Si
3248 725 3413 791 igitur

1840 824 2083 885 potestas
2121 826 2339 870 ostensa
2374 832 2482 871 non
2516 814 2742 869 haberet
2770 824 3090 884 potestatem
3125 815 3222 867 has
3264 824 3413 883 pute-

1841 917 2008 963 states
2038 907 2358 976 recipiendi,
2397 923 2678 978 nunquam
2713 908 3056 976 promitteret
3093 908 3407 976 Dionysius,

1842 996 2083 1051 inﬁnitas
2114 997 2233 1050 illas
2265 1005 2562 1065 potestates
2592 1012 2620 1049 a
2648 998 2952 1066 potentiiica
2980 1006 3256 1065 potestate
3285 1012 3411 1066 pro-

1840 1088 2032 1143 ductas
2059 1103 2166 1143 non
2199 1103 2358 1157 posse
2396 1089 2663 1144 actionem
2698 1090 2816 1158 ejus
2867 1091 3116 1144 obtusam
3158 1089 3410 1152 reddere,

1841 1195 2011 1251 quare
2044 1180 2246 1244 evenit,
2287 1187 2347 1234 ut
2381 1189 2623 1249 potestas
2673 1179 2817 1234 bono
2867 1181 3263 1251 appropinqnet
3306 1180 3409 1250 (a),

1840 1271 1984 1344 quod
2019 1271 2161 1328 enim
2200 1271 2256 1326 in
2287 1270 2603 1326 universum
2637 1271 2838 1325 nullam
2871 1281 3191 1340 potestatem
3222 1271 3408 1339 habet,

1840 1377 1943 1420 nec
1985 1372 2088 1430 est,
2127 1378 2229 1419 nec
2279 1361 2484 1432 aliquid
2536 1370 2641 1425 est,
2679 1376 2781 1416 nec
2830 1375 3059 1431 prorsus
3108 1366 3243 1417 situs
3291 1363 3414 1432 ejus

1840 1463 1965 1512 est:
2021 1452 2226 1511 idcirco
2273 1452 2479 1509 eisdem
2520 1451 2723 1508 ﬁnibus
2770 1452 3027 1507 metimur
3062 1460 3409 1522 potestatem,

1840 1554 1893 1603 et
1930 1547 1983 1603 id
2013 1546 2157 1617 quod
2203 1554 2305 1611 est,
2341 1560 2441 1601 nec
2473 1544 2774 1617 porrigitur
2814 1553 3058 1615 potestas
3100 1544 3153 1598 in
3190 1559 3253 1598 ea
3288 1560 3412 1611 qua:

1842 1653 1950 1694 non
1982 1648 2130 1707 sunt,
2182 1639 2331 1695 sicut
2360 1637 2567 1693 bonum
2620 1635 2943 1707 porrigitur,
2997 1634 3183 1690 eadem
3230 1644 3413 1689 autem

1840 1740 1922 1786 est
1949 1729 2250 1807 proprietas
2274 1730 2557 1784 nominum
2584 1728 2841 1800 justitia,
2869 1727 3087 1794 salutis,
3118 1735 3170 1781 et
3202 1725 3417 1782 redem-

1842 1819 2068 1892 ptionis,
2100 1819 2311 1891 justitia
2348 1818 2495 1875 enim
2533 1817 2628 1873 Dei
2666 1831 3008 1889 supraquam
3044 1825 3263 1887 potens,
3292 1828 3421 1884 quae

205 1885 533 1978 justissimam
564 1885 1054 1977 praescriptionem,
1083 1916 1135 1963 et
1152 1908 1408 1964 omnibus
1428 1922 1540 1965 suae
1556 1909 1743 1980 cujus-
1776 1885 1814 1939 Β
1838 1885 1989 1986 justa
2018 1885 2119 1974 est:
2150 1922 2204 1969 et
2235 1912 2484 1983 justitias
2514 1911 2715 1981 diligit,
2742 1885 3184 1979 uniuscujusque
3222 1920 3415 1963 eorum

205 2012 296 2067 que
322 1998 543 2053 actionis
573 2008 764 2054 auctor
797 2000 887 2065 sit,
921 2000 1104 2055 omnia
1139 2002 1284 2055 enim
1312 1998 1494 2055 divina
1529 2000 1741 2072 justitia

206 2087 413 2150 ordinat,
441 2096 495 2142 et
523 2090 642 2145 suis
672 2090 922 2145 terminis
952 2088 1174 2156 deﬁnit;
1209 2097 1267 2147 et
1292 2092 1476 2147 omnia
1510 2092 1578 2148 ab
1615 2108 1741 2148 om-

203 2180 333 2233 nium
363 2178 614 2235 mistione
646 2166 699 2235 et
722 2179 1045 2236 confusione
1088 2181 1256 2237 libera
1300 2192 1521 2249 servat;
1560 2184 1743 2238 omni-

206 2271 307 2333 bus,
334 2285 449 2339 quae
474 2271 677 2342 cuique
703 2274 1057 2339 conveniunt,
1083 2280 1135 2330 et
1159 2282 1217 2329 ut
1237 2274 1494 2345 quodque
1518 2276 1739 2345 dignum

203 2372 292 2427 est,
324 2361 455 2417 dona
487 2363 736 2434 largitur.
777 2365 853 2417 Ex
887 2364 973 2419 his
1022 2377 1203 2420 autem
1242 2364 1352 2435 jam
1384 2374 1553 2436 patet,
1590 2366 1735 2436 quod

204 2460 416 2523 potestas
445 2452 536 2509 Dei
570 2457 862 2524 potestatis
886 2455 1153 2524 eﬁ‘ectris,
1184 2468 1305 2526 qua
1326 2471 1543 2512 omnem
1576 2473 1741 2515 exsu-

202 2555 333 2614 perat
374 2554 723 2615 potestatem,
756 2563 877 2619 quae
922 2537 1004 2603 est
1054 2562 1248 2615 unum,
1302 2558 1356 2605 et
1406 2564 1739 2621 supraquam

203 2637 503 2704 substantia,
532 2654 657 2707 quas
686 2653 903 2713 omnem
936 2646 1259 2709 potestatem
1296 2640 1350 2694 in
1378 2655 1436 2696 se
1465 2642 1743 2710 praehabet

199 2737 246 2780 et
260 2742 406 2797 supra
426 2729 609 2795 habet,
631 2730 745 2785 haec
761 2740 977 2785 omnem
998 2738 1314 2801 potestatem
1343 2736 1396 2785 et
1412 2732 1737 2801 generalem,

199 2827 243 2871 et
266 2819 313 2871 in
346 2826 514 2888 parte,
547 2829 607 2875 et
640 2822 811 2890 ipsam
838 2814 989 2876 illam
1022 2834 1116 2893 per
1144 2838 1203 2879 se
1236 2832 1555 2893 potestatem
1589 2825 1741 2896 cegi-

196 2906 380 2965 tatiOne
406 2912 765 2979 abstractam,
793 2928 859 2966 ex
884 2914 953 2968 iis
976 2930 1097 2983 quae
1117 2930 1224 2969 non
1251 2924 1399 2983 sunt,
1433 2917 1737 2970 secundum

199 3010 333 3057 suam
364 2995 716 3062 inflexibilem
759 3015 810 3060 et
840 3006 1373 3075 incircumscriptam
1412 3016 1737 3077 potestatem

199 3096 446 3165 producit,
472 3106 526 3153 et
551 3097 684 3154 facit
709 3100 973 3155 exsistere
998 3118 1012 3154 :
1048 3107 1104 3155 et
1131 3115 1195 3154 ex
1229 3102 1344 3168 ipsa
1371 3100 1735 3163 emanatione,

1844 2020 1966 2075 qua:
1999 2013 2148 2072 sunt,
2184 2002 2432 2059 ordinem
2485 2000 2693 2068 deﬁnit,
2740 2011 2794 2055 et
2843 2000 3115 2071 producit,
3162 2009 3218 2055 et
3261 1999 3416 2069 ponit

1844 2096 2144 2153 secundum
2196 2092 2476 2163 propriam
2510 2092 2781 2145 actionem
2819 2107 2831 2143 :
2877 2098 2930 2144 ct
2978 2087 3280 2144 secundum
3317 2102 3413 2143 su-

1845 2202 2105 2257 praquam
2134 2182 2408 2240 inﬁnitam
2432 2182 2703 2252 justitiam
2738 2196 2893 2236 suam
2930 2182 3225 2251 unicuique
3248 2179 3413 2250 justi-

1845 2276 1931 2333 tia:
1958 2278 2025 2333 ab
2052 2274 2171 2346 ipso
2211 2275 2492 2345 producta:
2533 2275 2789 2328 virtutem
2824 2273 3041 2352 indidit,
3092 2270 3413 2326 reddentem

1844 2369 2100 2425 omnibus
2126 2383 2226 2439 pro
2255 2368 2558 2437 dignitate;
2585 2367 2668 2421 vel
2691 2365 2966 2436 propriam
2994 2365 3266 2419 actionem
3293 2377 3419 2431 par-

1842 2462 1979 2516 tium
1998 2462 2212 2526 animre,
2238 2462 2321 2515 vel
2352 2457 2785 2515 mediocritatem
2820 2458 2961 2512 inter
2985 2454 3108 2527 plus
3130 2464 3184 2509 et
3214 2454 3414 2516 minus,

1843 2556 1926 2609 vel
1966 2556 2263 2624 appetitum
2312 2552 2634 2607 tribuentem
2664 2547 3035 2619 aequalitatem
3066 2565 3081 2609 ς
3117 2547 3200 2600 vel
3227 2560 3416 2599 rursus

1844 2647 2087 2702 habitum
2142 2646 2563 2716 prospicientem
2624 2642 2778 2696 utilia
2832 2641 2888 2695 in
2948 2654 3276 2702 commune,
3330 2637 3419 2691 vel

1839 2738 2109 2794 scientem
2140 2752 2330 2790 eorum
2372 2749 2494 2805 quae
2524 2742 2649 2788 sunt
2699 2729 3015 2794 tribuenda,
3054 2737 3105 2781 et
3138 2742 3260 2796 quae
3304 2741 3416 2781 non

1846 2832 2171 2894 tribuenda;
2202 2830 2283 2882 vel
2315 2830 2610 2889 fneutrum,
2644 2834 2699 2878 et
2730 2834 2789 2879 ut
2822 2822 2991 2879 semel
3040 2820 3246 2888 dicam,
3282 2819 3420 2873 nihil

1846 2923 2063 2992 reliquit
2091 2922 2210 2978 sine
2259 2920 2469 2974 honore
2505 2916 2731 2987 jnstitiae
2759 2932 2786 2971 a
2820 2931 2879 2971 se
2930 2914 3242 2984 productae;
3286 2911 3419 2981 quin

1844 3018 2025 3086 potius
2054 3029 2244 3068 omnes
2269 3012 2495 3082 capillos
2512 3010 2705 3080 capitis
2728 3008 2900 3065 nostri
2928 3016 3201 3071 numerat,
3225 3012 3278 3058 et
3296 3019 3422 3075 pas-

1845 3119 2017 3164 serem
2052 3105 2281 3159 duorum
2312 3104 2513 3158 assium
2546 3115 2651 3153 non
2681 3099 2810 3154 sinit
2838 3096 3144 3152 inciderein
3166 3095 3421 3164 laqueum

196 3196 301 3256 qua:
336 3187 388 3241 in
418 3192 681 3245 universo
708 3191 971 3255 cernitur,
1027 3190 1266 3259 suppetit
1296 3191 1464 3244 nobis
1505 3188 1740 3245 facultas

1863 3202 1960 3253 line
1996 3196 2304 3268 justissima
2349 3193 2627 3248 voluntate
2655 3205 2797 3246 sua:
2832 3199 2888 3243 et
2960 3186 3260 3254 injustitias
3320 3200 3420 3239 no-

203 3278 490 3335 nominandi
515 3281 685 3336 Deum
711 3290 1055 3352 potestatem.
1074 3281 1220 3335 Idem
1242 3281 1406 3335 etiam
1434 3282 1746 3339 celebratus

194 3380 269 3426 est
295 3386 323 3425 a
356 3373 510 3428 nobis
536 3375 758 3428 nomine
787 3373 1036 3443 justitia,
1088 3388 1197 3427 non
1227 3374 1371 3441 quod
1407 3373 1520 3441 ipse
1546 3374 1616 3428 sit
1652 3388 1747 3428 co-

196 3466 361 3533 gnitus
387 3464 601 3533 justitia
625 3464 726 3535 (t),
765 3465 911 3536 (hoc
950 3464 1097 3519 enim
1131 3476 1308 3533 neque
1334 3465 1488 3519 eﬁ'ari
1523 3479 1631 3520 nec.
1656 3458 1742 3520 in-

195 3553 419 3624 telligere
447 3566 764 3624 possumus,
789 3554 931 3609 sicut
956 3551 1352 3621 magnitudinis
1380 3554 1502 3623 ejus
1530 3568 1638 3609 non
1661 3563 1743 3610 est

198 3645 329 3708 ﬁnis,
354 3653 407 3700 et
442 3647 754 3701 intellectus
786 3646 903 3712 ejus
932 3658 1041 3699 non
1073 3655 1158 3700 est
1186 3656 1451 3700 numerus
1478 3648 1496 3713 )
1527 3646 1622 3700 sed
1642 3660 1745 3700 co-

196 3737 459 3804 gnoseitur
498 3736 725 3807 justitia
752 3746 817 3791 ex
846 3735 1055 3805 justitia
1092 3751 1256 3805 quam
1280 3738 1536 3807 produxit
1564 3740 1744 3803 nobis,

200 3829 473 3897 imponens
502 3831 741 3899 singulis
768 3830 929 3884 rebus
950 3828 1193 3883 ordinem
1219 3839 1271 3884 et
1300 3828 1744 3900 descriptionem,

195 3928 244 3971 el
272 3928 459 3973 caetera
495 3920 679 3973 omnis
721 3918 949 3987 justitia:
1002 3918 1265 3986 pondera.
1315 3915 1391 3971 Ex
1446 3920 1530 3975 his
1579 3922 1745 3976 etiam

198 4021 361 4078 potest
402 4014 527 4081 quis
557 4012 836 4082 percipere
869 4012 1249 4081 proprietates,
1302 4014 1545 4069 cernitur
1572 4015 1746 4081 enim,

198 4104 649 4172 quemadmodum
682 4104 737 4157 in
780 4116 1121 4173 quacunque
1152 4106 1416 4174 pervadit,
1458 4107 1532 4160 ibi
1563 4116 1746 4177 potes-

200 4206 273 4251 tas
297 4198 409 4266 ejus
429 4205 698 4260 versatur,
723 4205 777 4251 et
803 4194 850 4251 si
876 4194 955 4251 fas
982 4206 1069 4251 est
1086 4196 1271 4252 dicere
1293 4198 1370 4268 (2i
1398 4200 1574 4266 ipsum
1602 4214 1750 4267 esse,

198 4297 244 4341 et
272 4288 412 4356 quod
446 4297 533 4343 est
564 4288 877 4342 universum
907 4303 1046 4351 esse,
1076 4299 1133 4341 ut
1165 4289 1257 4353 sit,
1293 4298 1614 4356 potestatem
1650 4290 1748 4345 ha-

200 4379 278 4433 bet
310 4380 375 4433 ab
426 4379 546 4449 ipsa
592 4388 879 4448 potestate,
912 4392 1034 4448 quas
1065 4388 1395 4449 supraquam
1443 4379 1749 4435 substantia

195 4480 292 4535 est,
316 4472 484 4541 igitur
505 4485 648 4533 esse,
675 4484 813 4540 opus
841 4480 923 4524 est
948 4472 1279 4540 potestatis;
1307 4473 1397 4525 sed
1433 4484 1543 4526 non
1568 4474 1746 4543 ipsum

1850 3298 2029 3352 stras,
2064 3301 2186 3356 qua:
2235 3285 2521 3348 dicuntur,
2570 3281 2848 3336 convincit
2882 3293 3004 3335 esse
3041 3278 3423 3332 abet-rationes

1847 3391 2162 3437 nostrorum
2195 3376 2615 3449 desideriorum,
2661 3381 2892 3428 cunctos
2924 3387 3052 3426 vero
3079 3370 3293 3438 justitia
3320 3384 3419 3424 sua

1849 3472 2051 3540 implet.
2076 3470 2133 3523 et
2160 3466 2296 3521 nihil
2327 3480 2521 3522 eorum
2552 3478 2677 3533 qua:
2725 3472 2874 3521 sunt.
2927 3462 2981 3515 in
3014 3475 3072 3515 re
3117 3459 3225 3514 ulla
3264 3457 3421 3528 justa

1848 3559 1965 3629 ejus
2005 3559 2182 3614 salute
2236 3567 2290 3613 et
2330 3553 2752 3610 conservatione
2799 3551 3075 3621 privatum
3119 3557 3223 3613 est,
3275 3547 3425 3602 unde

1848 3653 2061 3707 videtur
2092 3650 2223 3704 mihi
2268 3648 2452 3703 valere
2500 3644 2634 3701 illud
2690 3644 3103 3715 pervulgatum:
3159 3642 3422 3712 lnjuriam

1848 3745 2063 3817 quidem
2116 3744 2295 3799 facere
2342 3754 2557 3802 omnes,
2596 3738 2729 3792 nulli
2780 3754 2907 3793 vero
2965 3735 3222 3806 injuriam
3275 3732 3421 3789 ﬁeri.

2436 3852 2669 3912 CAPUT
2710 3852 2827 3907 Vll.

1856 3977 1929 4032 De
1959 3975 2086 4037 vita,
2122 3983 2171 4028 et
2216 3972 2281 4025 de
2309 3972 2595 4042 sapientia,
2640 3982 2759 4042 qua:
2810 3967 2866 4020 in
2902 3965 3006 4021 Deo
3049 3975 3153 4030 est,
3187 3972 3238 4017 et
3274 3960 3423 4031 quod

1922 4048 2037 4114 ipsa
2065 4045 2173 4097 vita
2198 4052 2246 4096 et
2274 4043 2537 4109 sapientia
2564 4052 2615 4094 et
2643 4043 2783 4114 Deus
2807 4047 2887 4114 est
2911 4046 3099 4089 auctor
3129 4046 3176 4089 et
3213 4043 3425 4114 creator

1920 4104 2011 4185 per
2046 4130 2099 4167 se
2138 4115 2278 4175 vitae,
2325 4104 2507 4185 etgper
2536 4127 2589 4163 se
2639 4108 2949 4176 sapientia’;
2982 4116 3031 4160 et
3079 4121 3194 4175 qua:
3235 4104 3425 4156 horum

1924 4183 2193 4239 hominum
2220 4183 2627 4253 proprietates.

1925 4297 2217 4368 Dionysius
2272 4311 2392 4365 cap.
2440 4301 2595 4350 sexto
2650 4293 2722 4346 De
2769 4291 2955 4345 divinis
2993 4288 3290 4345 nominibus
3321 4286 3420 4356 (b).

1853 4390 2027 4456 Nunc,
2049 4389 2246 4459 inquit,
2267 4386 2532 4442 laudanda
2563 4384 2721 4437 nobis
2750 4394 2834 4437 est
2852 4383 2958 4435 vita
2984 4390 3207 4442 aeterna,
3225 4394 3289 4431 ex
3316 4392 3424 4447 qua

1854 4499 1950 4553 per
1987 4498 2046 4538 se
2098 4484 2229 4545 vita,
2264 4491 2318 4535 et
2362 4478 2540 4533 omnis
2567 4477 2672 4530 vita
2703 4483 2926 4539 manat;
2955 4484 3008 4527 et
3040 4487 3070 4525 a
3103 4486 3209 4540 qua
3245 4471 3431 4523 Vivere

197 4572 305 4617 esse
343 4571 587 4631 peteslas
610 4571 713 4627 εει,
752 4575 942 4617 verum
977 4570 1233 4632 tanquam
1279 4562 1334 4616 ίη
1376 4563 1628 4633 ΒυῦΙεδόῑο
1668 4574 1751 4621 est
1782 4558 1825 4612 ο
1853 4571 1911 4632 in
1956 4576 2138 4631 omnia
2172 4588 2396 4646 quoquo
2420 4572 2579 4627 modo
2609 4571 2772 4624 vitam
2795 4565 3423 4637 participantia,conve-

199 4663 461 4722 potestas,
534 4664 794 4724 praeterea
858 4646 1000 4708 inest
1060 4654 1360 4722 proprietas
1416 4672 1749 4729 supraquam

201 4759 370 4812 posse,
418 4745 688 4816 siquidem
730 4753 971 4815 potestas
1017 4760 1351 4816 supraquam
1394 4758 1586 4814 potens
1636 4749 1751 4815 Dei,

198 4837 281 4904 qui
319 4846 401 4891 est
436 4852 770 4907 supraquam
808 4837 1136 4899 substantia,
1171 4838 1365 4892 indidit
1400 4840 1560 4896 nobis
1591 4842 1753 4897 intel-

200 4928 382 4983 lectum
413 4931 756 5001 possibilcm,
798 4940 851 4985 ut
878 4930 968 5000 qui
1006 4945 1129 4983 eum
1158 4932 1408 4998 producit
1436 4944 1493 4985 et
1519 4935 1752 5002 creavit,

203 5022 267 5075 sit
288 5038 616 5115 supraquam
646 5035 839 5093 potens
870 5023 935 5075 ad
969 5024 1379 5090 producendum
1409 5024 1546 5109 alias
1576 5036 1755 5095 potes-

202 5121 332 5170 tates
356 5113 600 5172 diversas
633 5119 699 5169 ab
725 5116 791 5169 iis
825 5130 946 5185 quae
974 5124 1128 5180 sunt,
1163 5114 1372 5169 inﬁnite
1400 5113 1659 5186 inﬁnitas,
1697 5126 1752 5173 et

1857 4671 2071 4725 nienter
2106 4667 2399 4737 unicuique
2427 4662 2833 4719 disseminatus.
2864 4658 3048 4728 Itaque
3082 4658 3214 4723 vita,
3261 4663 3429 4723 atque

1858 4760 2245 4817 immortalitas
2267 4756 2657 4812 immortalium
2691 4752 3033 4823 angelorum,
3068 4758 3121 4804 et
3153 4747 3289 4802 illud
3314 4760 3427 4801 non

1857 4868 2018 4923 posse
2051 4867 2245 4921 capere
2275 4848 2557 4903 interitum
2595 4845 3010 4915 perpetuitatem
3047 4840 3307 4908 angelicae
3344 4840 3427 4893 vi-

1855 4952 1945 5008 ωε,
1982 4958 2047 4998 ex
2082 4943 2195 5013 ipsa
2226 4952 2277 4995 et
2302 4949 2518 5011 propter
2547 4938 2718 5007 ipsmn
2752 4941 2903 4990 estet
2932 4931 3204 4992 subsistit,
3236 4945 3435 4998 quam-

1854 5041 2039 5090 obre'n
2093 5050 2311 5102 semper
2371 5036 2619 5087 viventes
2658 5039 2711 5084 et
2740 5027 3080 5083 immortales
3120 5024 3428 5087 dicuntur;

1859 5137 1913 5183 et
1931 5144 2132 5183 rursus
2162 5142 2269 5183 non
2294 5125 2647 5188 immortales,
2672 5123 2799 5194 quia
2829 5136 2943 5175 non
2978 5132 3096 5189 θέε
3127 5116 3327 5171 habent
3365 5123 3436 5170 ut

1676 5256 1947 5321 Scholia.

266 5346 336 5423 (ι)
384 5353 757 5424 Cognoscimus
802 5353 1011 5420 quidem
1060 5349 1225 5406 Deum
1268 5369 1379 5407 esse
1420 5353 1651 5420 justum,
1693 5365 1749 5410 et

201 5440 315 5480 esse
355 5427 526 5492 ipsam
573 5424 873 5493 justitiam;
909 5438 1014 5475 non
1046 5431 1230 5493 tamen
1260 5438 1589 5487 cognoscere
1624 5440 1749 5493 pos-

203 5512 385 5549 sumus
417 5495 557 5563 qnod
588 5496 713 5563 quid
740 5501 823 5547 est
850 5495 988 5562 ejus,
1019 5493 1069 5547 id
1090 5502 1196 5554 est,
1225 5493 1575 5560 quidditatem
1608 5494 1747 5562 ejus,

202 5579 353 5632 quam
383 5578 603 5628 vocant,
635 5581 754 5618 esse
779 5563 1073 5631 justitiam,
1111 5573 1168 5617 ut
1198 5565 1343 5617 enim
1382 5564 1521 5617 scire
1557 5579 1751 5631 poesu-

202 5650 318 5689 tnus
344 5636 412 5691 de
441 5634 549 5689 Deo
577 5636 723 5705 quod
756 5642 859 5719 est,
891 5633 972 5688 sic
999 5649 1110 5686 non
1146 5641 1328 5703 potest
1358 5634 1748 5702 comprehendi

272 5842 344 5908 '(b)
371 5838 502 5894 Vivle
531 5838 699 5909 epist;
720 5838 755 5894 2
788 5840 1027 5912 Dionysii
1064 5841 1129 5895 ad
1164 5838 1378 5897 Caium.

1859 5362 2007 5506 qua)
2022 5372 2207 5498 988:1“
2243 5439 2329 5506 est
2372 5431 2568 5506 dicere,
2604 5429 2742 5506 Quia
2777 5431 2894 5485 ‘non
2929 5427 3156 5506 proprie
3180 5423 3439 5506 dicitur,

1860 5496 2165 5627 guoldhgsse
2211 5503 2274 5556 sit
2306 5542 2321 5566 ,
2372 5502 2466 5557 sed
2514 5503 2662 5570 quod
2713 5513 2810 5555 uer
2837 5514 2958 5555 esse
2988 5496 3192 5569 aliquid
3224 5496 3315 5560 sit,
3349 5496 3437 5551 δίεν

1904 5610 1920 5624 .
2073 5588 2213 5628 mas.

267 5769 340 5849 (α)
365 5770 611 5851 Potestas
652 5770 1052 5894 appropinquat
1086 5769 1255 5853 bono,
1295 5772 1423 5841 quia
1471 5772 1607 5828 nihil
1651 5778 1736 5827 est
1764 5786 1958 5844 expers
1985 5774 2265 5841 bonitatis,
2299 5777 2367 5832 ita
2404 5790 2579 5845 neque
2606 5775 2910 5842 potestatis.

273 5842 344 5894 ibi
371 5838 502 5894 Vtile
531 5852 687 5894 emst.
788 5840 1027 5894 DlOllVSll
1064 5841 1129 5894 ad
1164 5838 1378 5894 Catum.
