3860 6542
386 464 489 527 8‘27

1577 461 1902 525 JOANNIS
1934 459 2504 529 CYPARISSIOT/E

3525 476 3616 547 838

388 568 720 628 immortales
753 572 887 637 sint,
911 581 965 628 et
998 582 1266 644 perpetuo
1304 573 1510 639 vivant,
1546 576 1640 631 sed
1673 593 1739 630 ex
1778 575 1958 630 vivili-
1988 573 2035 631 Α
2064 582 2282 651 mundi,
2317 592 2439 655 «ius:
2484 598 2731 657 apparet,
2779 597 2834 642 et
2886 602 3075 645 vocem
3119 589 3229 646 fere
3281 604 3371 659 per
3422 608 3481 648 ea
3508 612 3616 664 qum

388 685 472 732 ca,
502 678 556 723 et
587 667 766 721 omnis
794 668 915 721 vitae
944 666 1217 723 eﬂectrice
1241 677 1294 724 et
1323 669 1731 724 conservatrice
1762 684 1954 732 causa,

385 770 442 815 et
471 760 617 815 sicut
660 758 975 814 dicebamus
1004 760 1070 815 de
1113 774 1178 816 eo
1213 760 1306 830 qui
1342 768 1429 816 est
1462 760 1562 831 (l),
1613 776 1735 816 esse
1781 776 1957 814 mvum

387 849 562 918 ipsius
608 865 703 919 per
755 862 815 904 se
840 862 1000 915 esse,
1037 849 1118 904 sic
1161 850 1324 904 etiam
1359 850 1449 906 hic
1497 851 1608 904 vita
1658 850 1841 904 divina
1876 858 1959 904 est

390 955 490 1010 per
513 956 574 996 se
600 940 728 994 vitae
758 938 1082 994 viviﬁcatrix
1119 950 1174 995 et
1200 939 1465 1006 effectrix,
1492 950 1547 997 et
1579 941 1809 1010 largitur
1839 941 1956 1010 pri-

392 1047 542 1085 mum
585 1045 680 1100 per
705 1044 768 1086 se
796 1029 942 1094 vitae,
992 1045 1117 1086 esse
1162 1031 1373 1096 vitam;
1419 1040 1474 1085 et
1519 1031 1667 1085 omni
1716 1032 1857 1091 vitm.
1906 1038 1961 1085 et

389 1122 591 1191 cuique
622 1122 768 1187 vitae,
805 1135 927 1178 esse
959 1136 1402 1191 unamquamque
1429 1133 1553 1192 apte
1585 1123 1651 1178 ad
1701 1131 1953 1178 naturam

388 1229 546 1267 suam
576 1231 589 1278 ;
623 1220 677 1268 et
705 1213 887 1283 (quod
929 1214 1168 1269 divinius
1220 1214 1346 1283 est)
1382 1229 1482 1269 nos
1534 1222 1696 1277 totos,
1745 1215 1959 1269 animas

386 1303 536 1370 dico,
568 1314 621 1359 et
648 1318 903 1374 corpora,
935 1303 999 1358 ad
1044 1304 1337 1376 perfectam
1380 1319 1437 1362 et
1480 1305 1843 1361 immortalem
1876 1305 1956 1359 vi-

386 1402 499 1449 tam
554 1399 946 1454 translaturam
1000 1414 1060 1456 se
1103 1400 1374 1470 promisit,
1427 1401 1478 1455 id
1525 1400 1671 1471 quod
1722 1399 1961 1471 antiqui-

387 1487 485 1541 tati
514 1487 589 1559 (2)
643 1489 863 1559 quidem
897 1499 1092 1561 praeter
1118 1500 1370 1546 naturam
1395 1505 1518 1546 esse
1547 1491 1787 1557 videtur,
1819 1490 1958 1546 mihi

386 1592 519 1632 vero
558 1585 612 1632 et
652 1578 749 1633 tibi
784 1585 838 1632 et
870 1580 1086 1634 veritati
1134 1580 1316 1634 divina
1353 1596 1463 1648 res,
1497 1591 1552 1636 et
1586 1596 1751 1650 supra
1792 1589 1957 1635 natu-

389 1682 551 1734 ram;
589 1683 756 1738 supra
784 1680 1038 1724 naturam
1078 1677 1323 1725 nostram
1370 1670 1517 1737 dico,
1550 1686 1672 1742 quae
1717 1671 1955 1734 videtur,

388 1776 502 1816 non
534 1767 716 1815 autem
752 1760 899 1815 illam
929 1759 1363 1830 omnipotentem
1402 1761 1525 1817 vitae
1569 1762 1791 1829 divinre,
1826 1761 1957 1819 huic

387 1853 560 1918 enim,
597 1860 659 1907 ut
690 1868 807 1921 quae
836 1852 906 1908 sit
938 1854 1184 1907 omnium
1216 1852 1476 1917 vitarum,
1510 1861 1563 1909 et
1592 1868 1783 1908 earum
1815 1869 1954 1922 prae-

386 1944 576 1999 sertim
624 1959 747 2013 quae
778 1944 1076 2000 diviniores
1119 1954 1269 2010 sunt,
1303 1955 1522 2010 natura,
1551 1945 1697 2001 nulla
1726 1947 1835 2001 vita
1875 1955 1959 2001 est

385 2046 580 2107 praeter
605 2044 856 2091 naturam
882 2045 973 2089 aut
996 2051 1159 2104 supra
1188 2045 1457 2093 naturam.
1484 2036 1743 2103 Quaedam
1776 2038 1959 2107 itaque

390 2127 661 2183 adnotans
681 2128 770 2182 hic
807 2127 866 2183 S.
900 2126 1191 2192 Maximus,
1217 2127 1534 2200 Συνοχικὴν,
1566 2129 1619 2184 id
1642 2141 1747 2195 est,
1778 2128 1958 2184 conti-

384 2225 603 2271 nentem
635 2231 855 2272 causam
883 2216 1119 2283 vocavit,
1154 2215 1354 2286 inquit,
1382 2216 1548 2272 vitam
1572 2217 1835 2284 divinam,
1867 2224 1958 2272 ut-

384 2313 508 2375 pote
522 2319 643 2375 quae
657 2318 764 2360 non
783 2305 959 2360 solum
975 2304 1139 2359 vitam
1168 2305 1223 2359 in
1247 2320 1425 2361 rerum
1450 2313 1645 2361 natura
1667 2306 1954 2373 creaverit,

384 2395 477 2449 sed
510 2412 630 2466 quae
657 2395 823 2449 vitam
875 2397 1151 2451 contineat
1198 2406 1253 2450 et
1284 2404 1593 2461 conservet,
1627 2408 1687 2451 ut
1717 2395 1877 2450 duret
1903 2405 1958 2451 et

385 2493 723 2551 permaneat,
746 2494 799 2539 et
816 2499 1006 2539 rursus
1027 2484 1082 2538 in
1108 2484 1311 2539 eisdem
1339 2503 1353 2540 :
1377 2483 1527 2539 lianc
1546 2485 1733 2552 vitam,
1756 2484 1952 2555 inquit,

387 2575 691 2631 secundum
724 2575 1085 2631 substantiam
1115 2574 1415 2631 fabricatus
1442 2576 1604 2639 Deus,
1628 2577 1695 2631 ad
1730 2578 1952 2632 immor-

388 2667 594 2722 talitcm
625 2667 834 2737 angelis
878 2677 933 2722 et
981 2665 1183 2723 animis
1235 2668 1440 2724 nostris
1489 2668 1687 2725 eﬂ’ecit.
1742 2668 1952 2727 Rursus

388 2759 529 2813 idem
566 2758 853 2830 Dionysius
881 2759 934 2813 in
967 2760 1204 2829 septimo
1236 2758 1415 2829 capite
1446 2758 1521 2814 De
1562 2759 1755 2815 divinis
1783 2763 1953 2817 nomi-

385 2852 538 2906 nibus
564 2869 583 2907 :
615 2851 766 2907 lianc
795 2851 963 2922 igitur
995 2851 1225 2908 rationis
1254 2861 1556 2923 expertem,
1590 2862 1643 2908 et
1671 2863 1947 2911 amentem

384 2951 548 3010 atque
582 2940 790 2995 fatuam
844 2941 1170 3012 sapientiam
1204 2941 1486 3010 superlata
1518 2941 1827 3010 laudantes,
1862 2947 1948 3001 di-

384 3032 567 3087 ximus
600 3032 780 3087 omnis
810 3035 1009 3087 mentis
1037 3041 1093 3087 et
1121 3033 1373 3103 rationis,
1401 3035 1690 3106 omnisque
1725 3038 1948 3108 sapien-

384 3120 473 3172 tl:e
516 3127 570 3173 et
600 3120 974 3192 inlelligcntia:
1004 3138 1225 3178 causam
1270 3139 1435 3193 esse;
1494 3132 1548 3181 et
1596 3126 1771 3196 ipsius
1824 3143 1947 3184 esse

382 3223 545 3263 omne
568 3210 884 3275 consilium,
916 3219 970 3266 et
1000 3212 1067 3266 ab
1095 3226 1156 3266 ea
1205 3225 1423 3267 omnem
1454 3214 1739 3270 scientiam
1778 3226 1830 3272 et
1865 3216 1948 3270 in-

385 3300 736 3370 tclligentiam
786 3303 1084 3372 proﬁcisci,
1120 3313 1174 3359 et
1209 3303 1264 3358 in
1317 3320 1382 3360 ea
1431 3320 1625 3364 omnes
1659 3308 1948 3365 thesauros

382 3392 665 3461 sapientiae
716 3400 771 3449 et
816 3394 1058 3450 scientiae
1109 3396 1463 3454 absconditos
1518 3414 1682 3468 esse;
1744 3402 1949 3457 etenim

384 3484 773 3540 convenienter
809 3486 890 3542 iis.
916 3502 1038 3557 qua:
1073 3498 1233 3543 antea
1272 3490 1420 3546 dicta
1468 3503 1619 3561 sunt,
1652 3507 1821 3550 causa
1858 3511 1951 3551 su-

383 3589 646 3645 praquam
674 3576 918 3647 sapiens,
949 3588 1004 3633 et
1045 3579 1233 3635 omnia
1274 3580 1456 3639 sciens
1492 3597 1589 3652 per
1631 3598 1692 3638 se
1731 3586 1950 3655 sapien-

383 3667 493 3731 tiae,
527 3677 581 3722 et
631 3670 799 3724 totius
831 3670 1135 3739 sapientiae,
1160 3679 1216 3727 et
1260 3674 1433 3744 partis
1471 3674 1716 3733 effectrix
1755 3689 1859 3734 est.
1891 3679 1948 3736 In

382 3757 546 3828 huius
577 3761 779 3830 capitis
812 3760 1261 3819 adnotationibus
1303 3766 1362 3819 S.
1392 3764 1665 3825 Maximus
1693 3786 1707 3823 :
1752 3768 1945 3841 Omne,

382 3850 584 3919 inquit,
615 3852 997 3922 participatum
1027 3854 1308 3923 antiquius
1335 3864 1422 3911 est
1461 3855 1529 3912 iis
1566 3872 1689 3928 quae
1724 3870 1851 3916 sunt
1881 3878 1945 3918 ex

381 3942 523 4009 ipso,
557 3958 728 4011 quare
763 3942 905 3998 Deus
952 3955 1006 3999 et
1045 3961 1220 4000 aevum
1270 3955 1324 4002 et
1359 3957 1575 4018 tempus
1614 3954 1830 4023 proprie
1854 3970 1950 4012 no-

382 4032 644 4101 minatur,
664 4044 723 4088 ut
757 4034 849 4104 qui
881 4036 1080 4090 saecula
1102 4046 1158 4091 et
1189 4046 1433 4107 tempora
1477 4039 1627 4107 fecit,
1664 4045 1743 4099 sic
1781 4044 1949 4116 igitur

380 4125 518 4178 etin
554 4124 661 4178 vita
709 4136 763 4181 et
791 4126 844 4180 in
896 4128 1500 4207 sapientia‘dicendum
1534 4143 1638 4201 est,
1692 4139 1820 4207 quia
1855 4154 1948 4196 ea-

384 4229 504 4268 rum
550 4223 633 4270 est
665 4226 874 4273 auctor.
912 4218 975 4273 Et
1006 4218 1203 4276 rursus
1233 4221 1414 4281 idem:
1445 4222 1605 4291 Quia,
1640 4228 1838 4298 inquit,
1889 4233 1946 4287 in

382 4307 654 4376 sapientia
682 4308 774 4365 Dei
803 4325 907 4364 non
932 4314 1186 4382 cognovit
1218 4315 1457 4373 mundus
1494 4333 1591 4388 per
1620 4322 1944 4391 sapientiam

386 4393 557 4451 Deum
580 4397 663 4463 “;
696 4415 792 4469 per
819 4402 1167 4472 sapientiam,
1190 4404 1437 4474 inquam,
1475 4423 1596 4478 qua:
1624 4411 1676 4465 in
1704 4427 1945 4471 concen-

383 4494 437 4539 tu
470 4497 525 4541 et
555 4491 746 4546 ordine
790 4503 1056 4549 creatura)
1084 4506 1313 4565 apparet
1350 4508 1404 4552 et
1435 4512 1699 4559 cernitur.
1746 4506 1862 4562 lmo
1889 4519 1944 4567 et

385 4595 613 4650 magnus
650 4580 883 4638 Basilius
930 4586 983 4639 in
1028 4586 1355 4657 principium
1403 4590 1846 4665 Proverbiorum,
1881 4613 1935 4660 et
1972 4575 2017 4631 θ

384 4673 617 4740 denique
662 4673 717 4727 in
766 4674 921 4741 illud,
966 4676 1222 4731 Dominus
1262 4683 1458 4735 creavit
1506 4702 1587 4739 me
1614 4690 1933 4762 principium

382 4763 587 4817 riarum
626 4782 842 4820 suarum
866 4768 952 4824 ηε
994 4768 1285 4842 Loquitur,
1319 4775 1518 4845 inquit,
1550 4779 1616 4835 de
1656 4785 1923 4853 sapientia

2060 690 2401 743 cernuntur,
2455 678 2678 747 omittit,
2735 680 2879 750 quod
2941 680 3147 736 scilicet
3211 695 3239 734 a
3294 683 3399 738 Deo
3459 684 3615 744 lactus

2066 773 2160 839 sit,
2198 782 2252 827 et
2282 787 2388 826 non
2424 772 2648 827 fortuito
2698 780 2845 826 tanta
2877 773 3150 843 sapientia
3191 788 3255 829 ea
3289 789 3406 845 quae
3443 778 3611 835 cll'ecta

2061 870 2214 925 sunt,
2251 862 2474 917 decorat
2499 880 2512 927 ;
2539 872 2596 918 ut
2622 863 2766 917 enim
2792 903 2807 927 ,
2830 862 2965 918 Curii
2987 874 3242 919 enarrant
3268 866 3485 936 gloriam
3510 869 3614 931 Dei.

2061 963 2111 1008 et
2158 969 2289 1022 opus
2346 969 2596 1029 manuum
2626 953 2740 1024 ejus
2791 954 3074 1008 annuntiat
3108 956 3493 1025 firmamentum
3536 961 3612 1017 διε

2059 1052 2337 1109 enarrant,
2373 1043 2619 1114 inquam,
2648 1045 2767 1099 sine
2805 1060 2977 1112 voce;
3006 1049 3132 1113 quia
3190 1065 3292 1103 non
3323 1058 3440 1103 sunt
3466 1068 3613 1118 voces,

2060 1150 2221 1201 neque
2246 1150 2509 1189 sermones
2542 1136 2644 1206 (5),
2676 1152 2901 1206 quorum
2926 1153 3029 1193 non
3052 1140 3347 1193 audiantur
3376 1158 3513 1197 voces
3541 1162 3617 1198 eo-

2061 1242 2180 1279 rum
2198 1227 2241 1258 ’δ’
2269 1243 2283 1280 :
2319 1227 2383 1283 ad
2409 1229 2660 1283 eumdem
2695 1231 2916 1285 modum
2948 1241 3077 1287 sunt
3108 1233 3330 1303 quidam
3354 1249 3613 1292 sermones

2062 1318 2350 1385 sapientiae
2382 1319 2688 1389 antiquitus
2717 1321 2899 1389 edita,
2939 1338 3061 1394 quae
3090 1332 3215 1379 ante
3243 1324 3347 1379 alia
3377 1326 3431 1379 in
3457 1324 3609 1382 fabri-

2060 1413 2277 1467 catione
2310 1414 2498 1469 mundi
2522 1429 2647 1469 eum
2672 1425 2923 1471 creatura
2960 1418 3338 1472 conseminata
3362 1427 3477 1481 e51;
3510 1420 3611 1475 haec

2061 1512 2270 1571 tacens,
2304 1521 2463 1561 suum
2495 1505 2837 1562 conditorem
2880 1516 2935 1563 et
2985 1508 3272 1562 Dominum
3318 1510 3530 1573 clamat.
3563 1521 3612 1566 ut

2058 1612 2157 1668 per
2185 1613 2303 1652 eam
2337 1599 2402 1653 ad
2435 1600 2783 1670 cogitandum
2815 1616 2939 1656 eum
2965 1603 3058 1671 qui
3092 1602 3244 1657 solus
3269 1612 3351 1658 est
3377 1605 3607 1672 sapiens,

2059 1699 2113 1742 te
2151 1687 2379 1746 referas.
2414 1690 2491 1745 Ex
2536 1690 2738 1760 quibus
2779 1693 2972 1763 liquet,
3023 1694 3169 1762 quod
3224 1694 3355 1755 vita.
3408 1711 3522 1764 ane
3563 1698 3611 1752 in

2060 1781 2172 1836 Deo
2203 1792 2285 1835 est
2318 1795 2650 1852 supraquam
2683 1784 2857 1847 unite,
2891 1793 2945 1838 et
2975 1783 3264 1853 sapientia,
3302 1794 3354 1839 et
3378 1785 3613 1849 scientia,

2059 1880 2113 1925 et
2144 1886 2316 1933 mens,
2344 1881 2400 1927 et
2430 1873 2678 1940 verbum,
2706 1882 2759 1929 et
2797 1874 3148 1944 intelligentia
3182 1891 3249 1931 ex
3278 1876 3446 1931 nihilo
3475 1888 3610 1933 creat

2058 1960 2230 2032 ipsam
2260 1962 2368 2019 late
2412 1972 2700 2032 patentem,
2754 1975 2809 2019 et
2865 1980 2987 2019 cum
3040 1975 3291 2021 creatura
3349 1968 3603 2022 conditam

2058 2070 2153 2124 per
2189 2072 2248 2112 se
2280 2058 2469 2122 vitam,
2499 2067 2556 2114 et
2584 2072 2680 2127 per
2714 2075 2774 2115 se
2804 2057 3126 2128 sapientiam
3156 2077 3171 2126 ;
3210 2070 3265 2116 et
3295 2076 3357 2116 ea
3387 2078 3502 2130 qua:
3529 2078 3607 2119 se-

2055 2150 2295 2205 cundum
2333 2150 2508 2219 ipsam
2551 2165 2647 2219 per
2675 2165 2733 2205 se
2776 2151 2940 2205 vitam
2992 2152 3203 2218 vivunt,
3241 2162 3296 2207 et
3322 2155 3602 2210 secundum

2056 2242 2225 2312 ipsam
2259 2256 2354 2310 per
2384 2256 2442 2296 se
2471 2242 2791 2308 sapientiam
2823 2242 3067 2312 sapiunt,
3100 2253 3157 2298 et
3192 2258 3409 2298 omnem
3453 2245 3602 2299 aliam

2053 2335 2238 2396 vitam,
2267 2343 2321 2388 et
2350 2333 2695 2402 sapientiam,
2731 2348 2853 2404 quae
2891 2334 2948 2389 in
2986 2334 3053 2388 iis
3082 2350 3208 2404 quae
3236 2344 3386 2399 sunt,
3415 2337 3604 2405 reperi-

2055 2436 2162 2495 tur,
2190 2426 2338 2496 atqui
2364 2434 2546 2495 patent
2572 2427 2736 2482 etiam
2766 2427 3145 2496 proprietates,
3174 2428 3285 2483 vita
3318 2429 3457 2484 enim
3486 2437 3594 2483 ten-

2051 2517 2200 2571 ditur
2229 2517 2283 2572 in
2315 2515 2550 2572 viventia
2584 2525 2795 2573 tantum
2824 2536 2838 2583 ;
2867 2530 2922 2573 et
2951 2519 3370 2575 immortalitate
3398 2519 3599 2589 quidem

2053 2610 2290 2679 praeditis
2315 2610 2528 2680 species
2562 2610 2706 2675 vitae,
2736 2618 2792 2665 et
2817 2610 3123 2679 subjectum
3154 2609 3391 2666 eliicitur
3420 2629 3433 2675 ;
3473 2627 3605 2680 prae-

2051 2701 2178 2756 ditis
2223 2714 2349 2756 vero
2379 2716 2611 2771 corpore
2649 2700 2879 2756 efﬁcitur
2920 2701 3240 2757 continuata
3296 2701 3461 2756 motio
3493 2717 3607 2756 cor-

2051 2792 2240 2861 poris;
2275 2792 2537 2862 sapientia
2566 2808 2696 2847 vero
2724 2791 2905 2847 minus
2938 2793 3047 2847 late
3082 2802 3251 2861 patet,
3284 2807 3446 2862 quam
3472 2793 3602 2855 vita,

2051 2886 2319 2953 siquidem
2355 2886 2410 2939 in
2440 2899 2503 2940 ea
2539 2893 2749 2939 tantum
2791 2884 3110 2954 porrigitur,
3138 2899 3266 2953 qua:
3299 2885 3601 2953 sapientiam

2051 2977 2270 3041 habent,
2295 2984 2456 3045 atque
2489 2977 2541 3031 in
2569 2976 2776 3045 angelis
2803 2976 3023 3045 quidem
3051 2976 3449 3031 immortalibus
3471 2988 3609 3044 aeque

2048 3080 2195 3142 patet
2229 3071 2333 3125 vita
2359 3078 2412 3125 et
2435 3070 2696 3139 sapientia
2724 3087 2739 3136 ;
2763 3070 2816 3123 in
2844 3070 2910 3125 iis
2930 3084 3056 3125 vero
3074 3084 3196 3139 quae
3223 3070 3464 3125 sentiunt
3491 3075 3600 3123 ten-

2048 3162 2195 3219 ditur
2208 3162 2384 3218 solum
2404 3161 2538 3227 vita;
2558 3163 2612 3216 in
2633 3161 2870 3217 easolum
2886 3160 3182 3231 porrigitur
3196 3162 3475 3230 sapientia,
3497 3174 3606 3231 qua

1976 3242 2020 3302 ο
2053 3258 2263 3314 ratione
2286 3258 2507 3327 praedita
2529 3266 2658 3313 sunt
2681 3274 2697 3322 ;
2727 3264 2781 3312 et
2812 3257 2864 3311 in
2885 3257 2970 3312 his
2992 3271 3099 3312 non
3124 3272 3321 3314 omnes
3342 3257 3605 3327 sapientia

2052 3348 2339 3417 participes
2366 3354 2516 3412 sunt,
2544 3347 2637 3402 sed
2663 3347 2754 3418 qui
2783 3355 3061 3404 amatores
3086 3348 3370 3412 sapientiae
3398 3346 3604 3402 fuerunt

2050 3439 2133 3494 vel
2165 3446 2387 3509 propter
2413 3437 2657 3493 studium
2691 3438 2955 3493 divinitus
3011 3437 3325 3501 incensum,
3382 3446 3471 3493 aut
3498 3452 3607 3507 pro-

2049 3541 2177 3604 pter
2223 3532 2496 3586 sinceram
2532 3529 2898 3598 disciplinam,
2933 3538 3028 3584 aut
3059 3538 3280 3600 propter
3312 3538 3603 3596 utrumque.

2049 3623 2340 3686 Praeterea,
2373 3621 2606 3677 viventia
2646 3622 2865 3691 quidem
2910 3626 3105 3675 natura
3147 3621 3343 3675 sortita
3382 3630 3507 3675 sunt
3531 3620 3602 3673 vi-

2050 3725 2159 3772 tam
2186 3732 2202 3781 ;
2233 3714 2325 3785 qui
2361 3728 2491 3769 vero
2521 3711 2846 3782 sapientiam
2880 3710 3103 3778 habent,
3134 3707 3320 3767 idonei
3359 3719 3413 3766 et
3438 3711 3604 3767 studio

2049 3810 2286 3867 scientiae
2315 3808 2479 3865 dediti
2511 3806 2757 3872 fuerunt,
2794 3806 2993 3861 deinde
3037 3807 3313 3876 sapientia
3346 3806 3462 3875 ejus
3491 3821 3603 3875 par-

2049 3903 2121 3958 tis
2145 3902 2339 3956 animaa
2364 3910 2467 3967 est,
2495 3915 2615 3970 qua:
2648 3900 2700 3953 in
2725 3898 3484 3968 contemplationejversatur;
3507 3897 3601 3951 vita

2049 4003 2227 4052 autem
2260 3994 2477 4050 habitus
2505 4002 2592 4049 est
2624 3991 3004 4048 substantialis
3036 3992 3361 4060 congenitus
3392 3991 3503 4045 sine
3524 3989 3601 4043 in-

2050 4087 2397 4144 termissione
2423 4084 2758 4156 operationis
2788 4084 2855 4138 iis
2893 4097 3015 4153 quae.
3048 4090 3175 4152 apta
3213 4092 3345 4138 sunt
3380 4082 3444 4137 ad
3472 4080 3598 4136 rcci-

2047 4180 2304 4252 piendum
2326 4194 2473 4243 eum,
2501 4185 2767 4248 quantum
2799 4175 2965 4245 recipi
3000 4184 3199 4247 potest.

2616 4331 2849 4390 CAPUT
2894 4331 3028 4390 VllL

2048 4452 2125 4508 De
2149 4456 2294 4518 pace,
2330 4457 2378 4503 et
2403 4448 2679 4517 parvitate,
2705 4456 2753 4500 et
2783 4446 3169 4518 magnitudine,
3203 4454 3252 4499 et
3289 4445 3530 4518 statione,
3556 4450 3599 4496 et

2116 4514 2287 4582 motu,
2319 4531 2366 4572 et
2394 4514 2460 4573 de
2482 4518 2669 4577 altero.
2695 4526 2743 4569 et
2775 4518 2837 4569 de
2862 4514 3243 4571 similitudine:
3267 4526 3316 4569 et
3342 4515 3476 4584 quod
3500 4514 3600 4567 hac

2118 4594 2171 4646 in
2209 4592 2315 4645 Deo
2347 4606 2453 4643 una
2480 4604 2583 4657 pan:
2616 4588 2757 4649 sint;
2787 4597 2939 4639 extra
2974 4586 3139 4639 Deum
3172 4598 3350 4640 autem
3380 4596 3434 4637 ut
3461 4585 3522 4637 ab
3545 4598 3597 4637 eo

2117 4663 2282 4729 facta,
2308 4660 2512 4713 diversa
2543 4666 2693 4722 sunt;
2734 4665 2781 4710 et
2806 4671 2921 4726 qua:
2957 4671 3137 4710 eorum
3173 4657 3533 4726 proprietates.

2113 4796 2338 4867 Magnus
2369 4788 2661 4860 Dionysius
2691 4802 2812 4859 cap.
2837 4790 2922 4855 11,
2950 4788 3024 4845 De
3046 4790 3236 4845 divinis
3271 4789 3594 4845 nominibus:

453 4886 500 4917 ιδ
526 4884 541 4939 Ι
568 4887 691 4942 Cor.
712 4902 749 4956 ι,
774 4889 865 4944 25.
942 4890 987 4925 ⁸⁵
1028 4890 1191 4949 Prov.
1216 4909 1334 4962 vui,
1367 4896 1459 4953 22.
1536 4902 1582 4935 η
1639 4903 1784 4969 Psal.
1810 4929 1940 4973 xvut

2056 4922 2090 4977 ι,
2163 4916 2207 4951 δ’
2244 4912 2378 4969 ibid.
2440 4909 2497 4963 2.

1836 5028 2109 5095 Scholia.

450 5128 527 5211 (μ)
561 5131 629 5186 Et
674 5132 804 5187 sicut
836 5134 1237 5211 dicebamus‘de
1264 5157 1324 5195 eo
1349 5143 1436 5210 qui
1480 5156 1552 5197 est
1574 5186 1587 5211 ,
1627 5162 1738 5201 esse
1775 5165 1941 5206 rerum

379 5206 547 5288 ipsius
582 5219 672 5270 per
702 5219 757 5258 se
804 5220 934 5286 esse.
973 5205 1083 5288 iloc
1116 5209 1329 5265 dixerat
1356 5205 1476 5282 cap.
1510 5205 1728 5283 5,'cum
1780 5205 1939 5288 dixit,

378 5283 585 5327 cnlium
614 5288 814 5336 :evum.
850 5283 994 5329 sicut
1037 5288 1217 5332 autem
1260 5290 1343 5334 est
1381 5288 1678 5339 secundum
1709 5283 1935 5345 causam

378 5353 627 5423 tempus,
680 5352 735 5398 et
759 5359 822 5423 ea
851 5360 972 5414 quae
1004 5348 1139 5401 ﬁunt
1168 5351 1411 5418 subjecta
1446 5356 1674 5423 tempori
1701 5374 1715 5420 ;
1754 5359 1833 5412 sic
1856 5371 1941 5416 est

384 5416 552 5499 etiam
585 5416 882 5469 secundum
915 5431 1137 5473 causam
1185 5416 1359 5475 aevum
1387 5460 1402 5485 ,
1435 5431 1490 5477 et
1534 5416 1622 5490 ea,
1652 5416 1710 5481 in
1740 5431 1939 5499 quibus

375 5494 462 5538 εει
489 5499 686 5538 aevum.

454 5552 531 5616 (2)
578 5552 916 5628 Antiquitati.
968 5558 1356 5628 Antiquitatem
1407 5574 1561 5617 vocat
1611 5566 1835 5621 stultam
1885 5578 1938 5623 et

383 5623 940 5703 fatnainhopinionem
970 5623 1275 5703 gentilium,
1302 5639 1360 5683 ut
1389 5634 1448 5687 ὃ.
1476 5632 1744 5692 Maximus
1778 5651 1938 5697 nota-

382 5693 994 5776 tum.reliqt-iit..itaque'
1023 5712 1128 5753 non
1167 5701 1790 5776 antiquissiniplieiter,
1835 5693 1930 5768 sed

385 5764 548 5816 fatuis
582 5764 823 5830 antiquis
855 5764 1030 5821 visum
1060 5784 1182 5823 esse
1211 5764 1313 5827 hoc
1337 5773 1484 5829 dicit.

452 5832 533 5900 (3)
554 5830 735 5917 {Vertite
766 5850 1045 5917 sermones.
1080 5839 1169 5893 Sic
1191 5842 1354 5917 etiam
1391 5843 1611 5913 intelligi
1633 5857 1806 5915 pozest
1840 5852 1927 5908 hic

387 5903 535 5960 locus
552 5904 864 5977 Scriptura),
885 5906 1090 5966 scilicet
1117 5912 1248 5967 nulli
1271 5928 1493 5984 usquam
1513 5903 1644 5973 sunt.
1659 5903 1922 5978 homines:

2047 5168 2376 5225 quacunque
2411 5152 2595 5225 lingua
2625 5159 2681 5205 et
2711 5150 3313 5225 sermoneploquantur,
3354 5154 3444 5223 qui
3491 5168 3588 5225 non

2045 5222 2356 5281 audiant'et
2392 5222 2696 5292 percipiant
2721 5261 2737 5285 ,
2776 5223 2906 5291 quid
2940 5222 3134 5278 dies'et
3172 5222 3483 5279 noctes’sua
3506 5223 3585 5276 illa

2043 5295 2346 5365 Composita
2370 5302 2425 5347 et
2466 5299 2811 5365 ratamutua:
2833 5294 3197 5349 successionis
3228 5294 3585 5365 vicissitudine

2045 5362 2340 5437 prmdiccnt
2364 5373 2440 5437 et
2483 5363 2782 5437 declarent,
2830 5378 3039 5437 nempe
3076 5366 3320 5437 no_titiam
3357 5364 3467 5427 Dei,
3501 5362 3584 5430 qui

2040 5432 2224 5490 omnia
2277 5433 2423 5495 fecit,
2461 5432 2796 5496 moderatur,
2828 5440 2881 5486 et
2931 5434 3087 5499 regit.
3126 5433 3219 5487 Est
3263 5443 3441 5488 autem
3469 5446 3585 5485 con—

2038 5506 2275 5560 structio
2312 5504 2607 5558 verborum
2650 5501 2926 5556 idiomatis
2956 5502 3129 5558 Graeci
3159 5518 3174 5557 :
3215 5501 3329 5557 Non
3360 5512 3479 5556 sunt
3507 5502 3583 5555 lo-

2036 5578 2234 5645 quelae,
2266 5589 2443 5642 neque
2474 5586 2776 5645 sermones,
2809 5572 3090 5645 hominum
3118 5573 3345 5645 scilicet,
3367 5584 3580 5641 quorum

2042 5642 2150 5700 non
2183 5646 2500 5708 audiantur,
2537 5642 2587 5694 id
2617 5651 2720 5702 est,
2755 5655 2783 5692 a
2814 5642 3013 5711 quibus
3047 5659 3153 5697 non
3186 5644 3472 5697 audiantur
3496 5653 3580 5711 vo-

2035 5732 2125 5771 ces
2148 5730 2360 5778 corum,
2395 5714 2603 5768 dierum
2627 5709 2844 5767 scilicet
2868 5722 2923 5765 et
2960 5714 3237 5777 noctium;
3276 5714 3354 5769 sic
3387 5709 3578 5766 intelle-
3618 5758 3639 5777 ,,

2037 5786 2116 5839 xit
2146 5786 2411 5841 Eusebius
2435 5780 2794 5840 Caesariensis
2817 5782 3316 5841 in‘Commentariis
3337 5782 3447 5840 suis
3468 5793 3579 5835 ern-

2035 5856 2343 5913 ditissimis.
