3784 6544
220 436 309 506 829
884 438 1120 500 DECAS
1161 439 1227 502 ν.
1267 465 1332 477 --
1368 440 1468 501 DE
1494 440 2161 511 PROPRIETATIBUS
2195 453 2433 517 DIVIN.
2476 454 2746 520 NOMIN.
3308 458 3446 534 .830

218 560 282 613 De
311 556 413 623 ipsa
458 551 616 622 igitur
643 549 827 607 divina
863 569 1017 625 pace,
1049 563 1103 611 et
1132 555 1351 612 silentio
1376 594 1392 618 ,
1426 571 1589 625 quam
1622 572 1751 613 san-
1779 559 1826 617 Α
1856 576 1978 616 nem
2016 564 2137 630 ejus
2169 567 2375 623 unitatu
2404 608 2420 634 ,
2462 580 2516 626 et
2553 571 2854 629 unifortnes
2890 573 3264 631 emanationes
3293 576 3443 630 ntul-

214 660 317 706 ctus
342 646 517 702 Justus
552 654 707 701 vocat
736 644 1074 716 ἀφθεγξῑαν,
1106 647 1158 703 id
1188 656 1306 714 est,
1344 648 1712 704 insonantiam
1736 689 1753 715 ,
1858 652 2062 721 tiplicis
2094 652 2257 712 [intus
2308 658 2364 711 in
2410 659 2614 713 omnia.
2651 657 2717 714 Et
2752 644 2951 715 iterum
2989 678 3004 717 :
3033 648 3277 716 Similem
3310 674 3442 715 vero

211 752 258 799 et
275 739 561 809 ἀκινησίαν,
591 739 638 793 id
659 746 764 802 est,
795 738 1236 795 immobilitatem
1261 740 1328 795 ad
1357 756 1574 796 omnem
1604 756 1757 796 ema-
1859 744 2024 800 Deum
2053 747 2099 801 si
2131 750 2255 817 quis
2303 750 2470 815 dicat,
2523 759 2583 806 ut
2619 751 2893 818 eumdem,
2929 760 2984 807 et
3028 761 3088 808 ut
3116 756 3309 808 ’totum
3348 767 3443 823 per

213 831 484 898 nationem,
523 845 642 900 quae
671 828 942 894 noscitur,
972 831 1232 900 quidnam
1268 841 1374 898 est,
1398 840 1454 886 et
1480 832 1755 901 quomodo
1855 845 2027 892 totum
2054 840 2155 895 sibi
2189 841 2341 897 unite
2386 851 2441 897 et
2475 843 2884 913 impartibiliter
2913 844 3176 907 similem,
3208 861 3313 900 non
3355 853 3442 899 est

209 928 331 983 Deus
360 924 600 995 quiescit,
622 933 673 980 et
708 923 850 991 silet,
885 933 939 979 et
971 924 1321 993 quomodoin
1349 940 1409 980 se
1435 933 1491 979 et
1525 924 1664 979 intra
1698 939 1756 980 se
1857 929 2281 999 improbaudum
2332 950 2533 991 nomen
2581 936 2828 991 divinum
2895 936 3116 993 similis.
3175 935 3440 1005 Theologi

207 1027 298 1086 est,
337 1025 386 1073 et
413 1024 553 1072 totus
583 1031 769 1073 secum
796 1024 883 1071 est
925 1032 1260 1087 supraquam
1295 1017 1511 1081 unitus,
1555 1023 1609 1073 et
1654 1031 1754 1072 nec
1855 1034 1986 1076 vero
2030 1023 2194 1077 Deum
2227 1065 2243 1089 ,
2278 1026 2373 1095 qni
2406 1035 2493 1082 est
2517 1042 2682 1097 supra
2733 1028 2919 1083 omnia
2943 1069 2959 1094 ,
3000 1036 3270 1098 quatenus
3323 1030 3442 1098 ipse

207 1113 254 1167 in
278 1126 331 1166 se
359 1109 679 1181 ingrediens,
728 1116 786 1163 et
828 1122 888 1165 se
939 1109 1055 1177 ipse
1106 1107 1473 1177 multiplicans
1500 1149 1516 1174 ,
1550 1108 1757 1163 deserit
1856 1124 1961 1179 est,
1995 1113 2196 1170 nullius
2221 1116 2456 1173 similem
2486 1133 2607 1173 esse
2633 1120 2822 1184 aiunt,
2865 1120 2961 1174 sed
2991 1120 3167 1189 ipsum
3199 1119 3439 1175 divinam

207 1203 473 1266 unionem;
508 1200 636 1270 quin
686 1198 873 1270 potius
922 1198 989 1254 ad
1034 1199 1219 1253 omnia
1255 1199 1555 1270 egreditur,
1604 1208 1754 1254 totus
1858 1204 2277 1261 similitudinem
2318 1206 2450 1261 dare
2478 1208 2544 1261 iis
2575 1209 2667 1277 qui
2708 1208 2773 1262 ad
2810 1224 2936 1263 eum
2979 1218 3381 1266 convertuntur
3417 1225 3434 1265 :

205 1297 334 1351 intus
362 1307 578 1349 manens
610 1302 833 1363 propter
866 1291 1247 1347 excellentiam
1300 1291 1521 1347 unionis
1571 1292 1755 1347 omnia
1857 1310 1931 1362 et,
1964 1300 2109 1370 quod
2146 1299 2531 1356 admirabilius
2576 1311 2681 1364 est,
2730 1301 2875 1371 quod
2912 1301 3048 1356 nihil
3082 1302 3279 1357 ’simile
3320 1302 3441 1371 ejus

204 1387 576 1459 exsuperantiS.
602 1402 779 1456 neque
815 1387 1015 1449 dicere.
1053 1401 1230 1455 neque
1261 1385 1504 1455 cogitare
1538 1385 1631 1439 ulli
1662 1399 1758 1441 eo-
1858 1400 1936 1448 est
1980 1393 2112 1447 dicit
2152 1392 2466 1462 Scriptura;
2503 1393 2604 1448 etsi
2659 1408 2765 1448 non
2812 1402 3077 1462 repugnat
3123 1392 3211 1447 hic
3258 1407 3440 1448 sermo

205 1498 306 1537 rum
341 1480 428 1549 qui
469 1488 616 1543 sunt,
652 1478 734 1533 fas
772 1487 877 1545 est,
929 1493 1107 1549 neque
1150 1478 1434 1548 possibile.
1483 1476 1588 1531 Sed
1629 1492 1754 1532 Cum
1859 1485 2227 1551 similitudini,
2259 1500 2381 1555 quas
2408 1501 2533 1541 cum
2571 1483 2687 1540 Deo
2724 1494 2831 1552 est,
2867 1483 3062 1539 eadem
3092 1487 3238 1538 enim
3274 1493 3329 1540 et
3359 1484 3440 1539 si-

205 1575 293 1629 hoc
323 1572 514 1641 alioqui
556 1570 737 1641 eloqui
771 1584 880 1624 non
931 1569 1229 1642 possimus.
1261 1583 1362 1624 nec
1390 1568 1754 1639 intelligentia
1860 1576 2005 1631 milia
2048 1585 2104 1632 et
2152 1578 2440 1634 dissimilia
2486 1578 2595 1635 Deo
2639 1579 2950 1634 dicuntur:
2984 1576 3185 1631 similia
3222 1576 3441 1648 quidem

203 1661 436 1732 assequi.
472 1660 538 1715 ad
575 1660 747 1728 ipsam
790 1668 969 1716 tamen
1008 1660 1254 1716 diVinam
1304 1676 1491 1730 pacem
1525 1669 1585 1716 ut
1614 1660 1755 1716 ultra
1858 1669 2162 1724 secundum
2186 1669 2570 1733 imitationem,
2604 1686 2726 1739 quae
2747 1685 2869 1726 esse
2898 1677 3079 1740 potest
3108 1668 3247 1739 ejus,
3278 1681 3443 1738 quam

203 1754 364 1810 omnia
391 1753 621 1823 positam
657 1767 875 1808 sursum
905 1750 1103 1817 evecti,
1130 1750 1583 1821 participationes
1612 1750 1697 1820 eju

1952 1760 1997 1815 il
2033 1769 2213 1827 potest
2243 1760 2445 1816 imitari
2471 1781 2485 1828 ;
2512 1761 2799 1816 dissimilia
2833 1774 2984 1826 vero,
3015 1769 3289 1829 quatenus
3317 1756 3446 1812 etre-

201 1861 305 1917 θυαε
341 1845 708 1915 ίιηυηίϐυηιυτ
753 1853 807 1898 οι
850 1844 1229 1907 nominamur:
1279 1840 1444 1910 ίάιιυε
1491 1847 1753 1909 quantum
1785 1896 1830 1919 η
1862 1861 1982 1907 ctus
2021 1850 2161 1907 infra
2193 1862 2581 1909 causam.sunt
2608 1894 2624 1919 ,
2673 1860 2730 1907 et
2777 1851 3007 1907 inﬁnitis
3050 1848 3349 1913 mensuris,
3391 1857 3446 1904 ει

203 1936 424 1993 homines
447 1972 462 1997 ,
494 1941 549 1989 et
593 1948 697 1989 nos
734 1933 1041 2002 praisertim
1075 1931 1164 2001 qui
1214 1930 1401 1987 multis
1430 1930 1590 1986 bonis
1620 1929 1752 1985 viris
1784 1929 1832 1956 ⁸³
1860 1954 1984 2008 quae
2036 1938 2277 1994 conferri
2327 1956 2433 1995 non
2487 1951 2737 2011 queunt,
2790 1940 2860 1995 ab
2890 1954 2953 1996 ea
2997 1940 3228 1994 distant.
3260 1938 3392 1991 Item
3427 1952 3443 1990 :

201 2028 413 2097 impares
457 2039 674 2091 sumus,
710 2023 976 2094 consequi
1013 2036 1346 2093 possumus,
1381 2020 1695 2076 attendamu

1951 2029 1999 2084 id
2032 2046 2161 2086 vero
2186 2030 2255 2086 de
2288 2032 2475 2087 divina
2501 2032 2759 2098 statione,
2790 2032 2877 2086 vel
2908 2032 2976 2086 de
3015 2029 3143 2085 sede
3165 2026 3445 2084 dicimus?

199 2121 264 2177 Ac
289 2118 507 2190 primum
538 2115 760 2187 quidem
790 2114 1081 2171 dicendum
1119 2123 1203 2171 est
1234 2114 1359 2181 hoc,
1400 2113 1545 2184 quod
1573 2128 1670 2183 per
1694 2127 1754 2168 se
1860 2114 1983 2185 Ipse
2016 2117 2160 2172 enim
2201 2128 2285 2174 est
2324 2118 2504 2175 omnis
2535 2121 2812 2184 stationis,
2861 2126 2917 2175 et
2951 2118 3100 2174 sedis
3129 2132 3319 2181 causa,
3350 2115 3442 2187 qui

200 2214 331 2287 pacis
355 2251 370 2276 ,
400 2226 451 2265 et
483 2210 632 2280 pacis
672 2209 725 2264 in
762 2208 1081 2264 universum
1128 2207 1492 2287 consideratae
1524 2247 1540 2273 ,
1593 2215 1646 2261 et
1697 2206 1753 2260 itt
1860 2214 1944 2272 est
1983 2222 2145 2277 supra
2177 2224 2396 2263 omnem
2429 2209 2612 2265 sedem
2640 2252 2654 2277 ,
2687 2221 2741 2265 et
2768 2210 3088 2275 stationem,
3117 2216 3174 2263 et
3218 2208 3275 2263 in
3323 2208 3445 2276 ipso

202 2316 352 2377 parte.
402 2300 625 2357 caecior
678 2310 763 2357 est
812 2301 957 2355 Deus
988 2340 1003 2365 ,
1038 2309 1093 2356 et
1123 2299 1268 2371 quod
1309 2299 1492 2355 omnia
1526 2299 1665 2354 inter
1698 2313 1755 2355 se
1861 2309 2058 2375 cuncta
2089 2314 2154 2354 ex
2203 2300 2473 2356 bonorum
2518 2301 2718 2373 cuique
2756 2316 2948 2356 eorum
2999 2298 3442 2355 convenientium

201 2406 366 2475 tnutuo
402 2394 793 2464 coniunctione
832 2395 1083 2464 ipsorum
1119 2408 1230 2448 non
1264 2390 1492 2447 confusa
1525 2392 1759 2447 commi-
1861 2391 2100 2447 statione
2130 2392 2462 2458 consistunt,
2510 2402 2567 2449 et
2616 2394 3029 2458 custodiuntur,
3062 2407 3131 2447 ne
3161 2406 3228 2447 ex
3268 2391 3447 2446 bono-

197 2497 321 2551 scet;
345 2504 448 2557 qtta
475 2487 865 2557 conjunctione
890 2484 1223 2541 cohaerentia
1253 2483 1371 2538 sine
1409 2481 1678 2538 divisione
1706 2488 1760 2537 et

197 2579 466 2642 distantia,
496 2578 712 2647 singula
750 2586 928 2630 tamen
966 2574 1266 2629 secundum
1303 2572 1580 2642 protiriam
1635 2587 1760 2642 spe-

197 2674 317 2727 ciem
358 2686 488 2739 pura
534 2672 876 2731 consistunt,
926 2684 1034 2722 non
1072 2667 1288 2721 turbata
1325 2682 1417 2734 per
1448 2665 1759 2721 concretio-

199 2778 303 2816 nem
338 2762 763 2816 contrariorum.
816 2760 881 2815 Et
910 2759 1075 2828 paulo
1109 2767 1267 2829 post:
1295 2756 1361 2811 Et
1390 2766 1513 2823 est,
1547 2757 1761 2827 inquit,

197 2852 411 2923 perfecta
439 2853 528 2908 illa
562 2868 672 2924 pax
702 2852 1138 2921 uniuscujusque
1170 2850 1524 2921 proprietatis
1562 2852 1763 2920 imper-

198 2948 354 3001 mistae
411 2945 827 3009 conservatrix,
888 2959 987 3013 per
1034 2944 1406 3015 providentius
1442 2958 1573 3000 suas
1617 2944 1767 3014 pacis

196 3033 491 3110 largitrices,
520 3040 708 3094 omnia
741 3041 883 3093 inter
905 3053 965 3094 se
995 3038 1108 3107 ipsa
1142 3046 1195 3092 et
1222 3052 1343 3091 cunt
1375 3036 1498 3093 aliis
1529 3037 1645 3092 sine
1677 3053 1765 3092 se~

198 3131 379 3187 ditione
403 3126 456 3186 et
481 3130 810 3185 confusione
837 3128 1175 3184 custodiens.
1209 3126 1351 3193 Quid
1401 3136 1583 3181 autem
1612 3126 1765 3181 dica-

1864 2500 1984 2539 rum
2024 2484 2469 2540 convenientium
2502 2486 2736 2541 statione
2761 2487 3135 2540 excutiantur.
3170 2481 3314 2550 Quid
3338 2496 3445 2538 aus

1868 2584 1996 2640 tem,
2026 2591 2150 2631 cum
2182 2567 2372 2631 rursus
2398 2576 2637 2647 theologi
2667 2575 2736 2630 ad
2763 2576 2947 2632 omnia
2976 2574 3231 2645 progredi
3257 2583 3312 2629 et
3334 2588 3453 2630 mo-

1867 2671 1979 2725 veri
2012 2669 2201 2725 dicunt
2255 2671 2630 2725 immobilem?
2678 2685 2747 2725 an
2793 2685 2899 2727 non
2939 2681 3000 2724 ut
3055 2668 3223 2723 Deum
3272 2668 3448 2733 decet,

1866 2762 1972 2817 hoc
2009 2762 2421 2831 intelligendum
2457 2762 2577 2818 est?
2618 2761 2822 2818 Moveri
2852 2776 3091 2831 namque
3119 2760 3207 2831 pie
3240 2760 3446 2815 intelli-

1866 2856 2102 2926 gendum
2140 2863 2223 2912 est
2253 2871 2351 2925 pro
2382 2871 2449 2910 eo
2480 2855 2624 2923 quod
2655 2866 2758 2918 est,
2798 2853 2979 2909 facere
3012 2854 3181 2909 Deum
3213 2862 3275 2908 ut
3317 2868 3455 2907 cnn-

1868 2958 1955 3003 cta
1981 2947 2108 3011 sint,
2132 2956 2186 3002 et
2211 2949 2489 3002 continere
2520 2948 2729 3012 omnia,
2760 2958 2814 3002 et
2840 2947 3094 3002 Omnibus
3125 2946 3304 3001 modis
3329 2959 3455 3001 om-

1871 3040 2032 3095 nibus
2065 3040 2371 3110 providere,
2398 3046 2452 3094 et
2487 3040 2742 3095 omnibus
2790 3040 2981 3095 adesse
3008 3048 3123 3095 tum
3162 3038 3449 3108 complexu

1872 3134 2118 3187 omnium
2160 3147 2281 3202 quae
2320 3141 2473 3195 sunt,
2505 3131 2626 3187 sine
2658 3132 2990 3186 habitudine
3017 3129 3451 3200 coniunctionis,

197 3239 305 3280 mus
341 3226 403 3280 de
442 3224 714 3280 charitate
753 3222 953 3277 Christi
986 3237 1115 3292 erga
1152 3222 1405 3277 homines
1429 3261 1444 3285 ,
1481 3234 1606 3290 quae
1656 3233 1755 3289 pa-
1780 3256 1825 3319 Ο
1874 3233 1987 3279 tum
2031 3239 2129 3294 per
2175 3222 2571 3293 providentiam
2606 3222 2789 3277 omnia
2839 3221 3257 3285 circumeundo,
3299 3228 3354 3275 et
3396 3219 3454 3274 in

197 3332 300 3374 cem
342 3316 561 3374 eli‘udit?
592 3316 679 3370 Ἐκ
732 3331 838 3387 qua
897 3315 1147 3384 nonjam
1200 3313 1528 3376 nobiscum,
1581 3328 1759 3383 neque

196 3425 307 3468 cum
333 3410 450 3467 aliis
495 3411 643 3464 inter
678 3424 801 3475 nos,
847 3422 1029 3477 neque
1077 3422 1201 3462 cum
1256 3406 1468 3476 angelis
1521 3421 1768 3475 pugnare

197 3505 472 3568 discamus,
506 3503 606 3558 sed
639 3500 823 3571 potius
851 3515 976 3555 cum
1020 3500 1157 3568 ipsis
1204 3498 1389 3553 divina
1422 3514 1522 3569 pro
1552 3498 1768 3554 viribus

198 3612 463 3666 operemur
492 3594 801 3652 secundum
835 3591 1239 3662 providentiam
1267 3589 1420 3656 Jesu,
1455 3591 1544 3661 qui
1582 3590 1779 3646 omnia‘

199 3694 246 3747 in
275 3691 519 3746 omnibus
565 3695 827 3759 operatur
852 3684 917 3749 “,
952 3696 1007 3740 et
1038 3699 1228 3755 pacem
1257 3681 1409 3749 facit,
1443 3698 1562 3752 qua:
1588 3682 1771 3737 verbis

198 3784 439 3852 explicari
468 3798 581 3838 non
610 3790 812 3852 potest,
842 3788 896 3834 et
924 3794 1043 3849 qua:
1075 3794 1104 3833 a
1146 3777 1349 3835 saeculo
1386 3778 1770 3845 praedestinata

198 3884 298 3939 est;
331 3874 418 3944 qui
448 3870 831 3927 reconciliavit
869 3886 967 3926 nos
1004 3868 1113 3925 sibi
1152 3870 1205 3923 in
1244 3868 1439 3937 spiritu
1471 3867 1540 3930 ",
1574 3875 1629 3922 et
1672 3883 1770 3936 per

198 3967 382 4035 ipsum.
411 3974 466 4019 et
496 3965 551 4018 in
587 3965 727 4033 ipso,
765 3962 946 4027 Patri,
1004 3970 1059 4016 et
1119 3975 1313 4015 rursus
1367 3960 1508 4015 idem
1541 3975 1660 4029 cap.
1699 3959 1753 4025 9,

199 4058 257 4111 de
284 4058 480 4112 eisdem
513 4055 718 4111 divinis
751 4054 1062 4109 nominibus
1094 4072 1108 4108 :
1140 4052 1265 4109 Haec
1300 4052 1642 4123 magnitudo,
1681 4052 1769 4105 in-

199 4147 323 4215 quit,
359 4157 410 4201 et
452 4146 665 4201 infinita
710 4154 812 4210 est,
849 4154 903 4200 et
947 4144 1267 4215 quantitatis
1314 4152 1371 4199 et
1419 4144 1635 4199 numeri
1671 4158 1770 4197 ex-

201 4252 342 4309 pers;
374 4248 427 4296 et
461 4241 583 4294 hac
628 4238 945 4307 magnitudo
981 4247 1064 4292 est
1111 4238 1433 4294 excellentia
1469 4236 1767 4293 secundum

202 4330 505 4402 eilusionem
544 4328 855 4383 absolutam
886 4334 939 4382 et
972 4343 1309 4398 supruqnam
1334 4338 1617 4383 extensum
1653 4341 1771 4381 ma-

204 4422 508 4493 gniﬁcentiae
545 4437 654 4475 non
700 4422 1130 4491 comprehensas.
1175 4420 1320 4475 Idem
1376 4420 1540 4476 etiam
1608 4429 1771 4483 atque

202 4515 426 4570 ninnium
455 4530 625 4571 causa
646 4525 726 4603 est
757 4529 984 4585 parvum
1012 4530 1025 4579 ;
1058 4528 1339 4582 nunquam
1365 4514 1509 4567 enim
1537 4511 1767 4566 formam

1874 3317 2131 3373 omnibus
2154 3318 2452 3386 operando.
2479 3315 2679 3370 Ibidem
2703 3321 2929 3370 sanctus
2950 3311 3221 3368 Maximus
3240 3329 3256 3369 :
3272 3311 3454 3379 Quodo

1872 3407 2073 3480 inquit,
2108 3422 2321 3476 semper
2350 3417 2432 3462 est
2464 3408 2606 3461 idem
2632 3445 2648 3471 ,
2701 3414 2755 3460 et
2804 3405 3053 3460 absolute
3099 3412 3205 3469 est,
3243 3402 3298 3457 in
3338 3401 3455 3455 sola

1872 3516 2036 3557 causa
2089 3500 2334 3553 omnium
2388 3496 2664 3553 eil'ectrice
2722 3496 2990 3559 cernitur,
3033 3509 3154 3564 qua:
3184 3491 3454 3548 creaturis

1872 3593 2067 3662 largita
2095 3601 2200 3655 est,
2240 3602 2292 3644 ut
2332 3591 2386 3645 in
2419 3590 2611 3645 eodem
2643 3597 2789 3644 statu
2816 3593 3197 3659 permaneant,
3225 3594 3282 3641 et
3304 3594 3359 3638 ut
3387 3597 3455 3638 ea

1872 3701 1992 3758 quis
2026 3684 2322 3749 contrarie,
2361 3683 2444 3738 vel
2473 3683 2580 3738 alio
2612 3681 2774 3738 modo
2801 3682 3024 3746 habent,
3056 3681 3201 3736 inter
3230 3695 3290 3736 se
3320 3693 3453 3735 coa-

1873 3786 2148 3849 gmentata
2181 3776 2330 3840 sint,
2374 3774 2562 3831 eodem
2616 3774 2784 3845 igitur
2820 3774 2981 3830 modo
3011 3773 3237 3840 omnia,
3285 3771 3452 3826 etiam

1874 3888 1996 3942 quae
2023 3887 2131 3925 non
2166 3878 2390 3926 manent
2417 3869 2470 3923 in
2499 3869 2691 3926 eadem
2723 3877 2941 3933 natura,
2976 3867 3031 3921 in
3075 3867 3190 3921 Deo
3212 3880 3453 3921 cernun-

1874 3975 1962 4022 tur
1992 3980 2142 4030 esse;
2168 3964 2435 4031 siquidem
2460 3964 2707 4018 omnium
2732 3978 2855 4033 quae
2877 3968 3023 4023 sunt,
3049 3960 3245 4016 eodem
3269 3958 3452 4021 modo.

1875 4057 1926 4112 id
1957 4066 2040 4111 est
2078 4055 2354 4121 similiter,
2408 4065 2493 4110 est
2547 4063 2741 4111 auctor
2794 4056 2959 4109 Deus.
3006 4052 3084 4107 Ex
3130 4051 3338 4122 quibus
3394 4051 3456 4105 ﬁt

1873 4150 2243 4217 manifestum,
2281 4150 2423 4218 quod
2455 4164 2558 4219 pax
2584 4188 2598 4213 ,
2633 4157 2688 4203 et
2720 4147 3072 4218 magnitudo,
3106 4154 3161 4201 et
3190 4146 3451 4215 parvitas,

1872 4251 1925 4296 et
1950 4242 2132 4316 statio,
2161 4249 2215 4294 et
2255 4251 2460 4302 matus,
2496 4249 2551 4294 et
2578 4238 2719 4293 idem
2748 4252 2893 4304 esse,
2922 4246 2977 4294 et
3005 4236 3281 4292 diversum
3306 4249 3452 4298 esse,

1872 4344 1927 4389 et
1961 4333 2220 4396 similem,
2246 4340 2301 4385 et
2323 4330 2667 4395 dissimilem,
2697 4330 2812 4386 haec
2842 4329 3027 4383 omnia
3057 4343 3165 4383 una
3193 4342 3297 4397 pax
3323 4333 3454 4382 sunt

1874 4428 1928 4481 in
1965 4426 2104 4486 Deo,
2127 4424 2331 4479 idcirco
2367 4433 2424 4478 et
2458 4422 2569 4488 hic,
2602 4432 2656 4477 et
2685 4421 2820 4476 alias
2860 4421 3007 4476 clare
3034 4419 3239 4474 dictum
3271 4426 3327 4474 et
3359 4417 3455 4472 de-

1879 4526 2243 4573 monstratum
2271 4526 2351 4571 est
2378 4531 2407 4570 a
2437 4514 2715 4586 Dionysio,
2746 4514 2851 4568 alia
2878 4550 2893 4577 ,
2922 4521 2976 4567 et
3005 4509 3302 4575 contraria,
3330 4524 3453 4564 om-

205 4607 339 4675 parvi
370 4608 609 4678 reperies
644 4594 751 4660 non
787 4604 1196 4675 participatam.
1233 4604 1324 4660 Sic
1355 4603 1519 4673 igitur
1549 4603 1611 4658 in
1656 4603 1767 4659 Deo
1799 4594 1844 4649 1)
1876 4613 1965 4666 nia
1996 4609 2187 4664 eodem
2217 4607 2377 4661 modo
2408 4614 2463 4660 et
2511 4605 2683 4667 unite,
2714 4611 2770 4658 et
2799 4603 2946 4658 nulla
2990 4599 3364 4671 duplicatione
3397 4599 3452 4653 in

204 4698 566 4769 accipiendum
600 4708 683 4752 est
716 4713 968 4767 parvum,
1006 4708 1063 4750 ut
1099 4698 1150 4750 in
1187 4695 1390 4762 omnia,
1431 4705 1485 4750 et
1515 4712 1610 4766 per
1642 4711 1765 4750 om-

204 4793 279 4845 nia
310 4792 557 4861 expedite
582 4804 793 4851 means.
822 4798 875 4842 et
899 4804 1153 4859 operans,
1184 4798 1238 4843 et
1262 4790 1566 4858 pervadens
1595 4805 1766 4859 usque

206 4883 249 4935 in
272 4884 585 4940 divisionem
616 4882 811 4936 animai
858 4890 914 4937 et
962 4881 1586 4951 corporis,\compagum
1623 4896 1764 4951 quo-

205 4992 296 5046 que
326 4990 375 5031 et
409 4978 789 5041 medullarum,
826 4988 880 5032 et
916 4976 1303 5044 cogitationum
1331 4974 1514 5029 cordis
1540 4975 1607 5039 ⁵ο,
1652 4975 1763 5028 imo

207 5068 431 5122 nuntium
467 5083 588 5139 qua:
619 5076 783 5131 sunt;
814 5082 921 5121 non
950 5067 1095 5120 enim
1125 5072 1212 5119 est
1240 5073 1493 5119 creatura
1534 5064 1644 5117 ulla
1676 5063 1763 5117 in-

208 5158 423 5215 visibilis
460 5161 512 5214 in
563 5168 858 5229 conspectu
910 5158 1052 5227 ejus,
1095 5161 1196 5212 hoc
1247 5174 1471 5226 parvum
1521 5168 1604 5212 est
1653 5159 1773 5213 sine

208 5252 516 5317 quantitate,
560 5252 679 5306 sine
719 5266 970 5316 numero,
1021 5250 1139 5305 sine
1186 5250 1533 5315 inhibitione,
1588 5251 1773 5305 inﬁni—

210 5350 310 5395 tum
336 5386 350 5407 ,
406 5345 942 5413 incircumscriptum
968 5386 983 5408 ,
1031 5343 1217 5399 omnia
1258 5343 1770 5412 comprehendens,

213 5430 375 5498 ipsum
405 5449 434 5487 a
470 5436 617 5490 nullo
654 5434 1042 5501 comprehendi
1091 5443 1289 5504 potest.
1330 5435 1543 5489 Rursus
1580 5434 1721 5489 idem
1752 5452 1766 5492 :

214 5520 352 5579 Nunc
382 5536 556 5581 autem
592 5527 832 5582 divinam
863 5526 1236 5581 diversitatem
1268 5543 1389 5581 cum
1418 5528 1671 5587 dicimus.
1708 5542 1776 5583 ne

219 5618 543 5687 suspicemur
574 5620 932 5674 variationetn
970 5620 1281 5690 quampiam
1315 5622 1367 5675 in
1401 5636 1467 5675 eo
1504 5622 1595 5690 qui
1630 5622 1773 5677 idem

217 5716 311 5774 est,
343 5720 393 5766 et
421 5725 747 5784 supraquam
782 5712 1178 5779 immutabilis;
1222 5712 1317 5769 sed
1364 5714 1778 5784 multiplicatio-

286 5896 327 5930 “
374 5901 497 5959 Cor.
521 5917 617 5972 xit,
642 5904 695 5960 6.

1881 4706 1988 4758 Deo
2034 4717 2193 4766 esse;
2235 4710 2416 4754 tamen
2452 4698 2521 4754 ab
2554 4698 2674 4768 ipso
2720 4697 3026 4767 producta,
3063 4695 3267 4749 variata
3313 4707 3455 4757 esse,
3552 4712 3553 4719 η

1880 4796 1963 4855 ab.
1985 4796 2118 4865 ipsis
2146 4793 2591 4847 omanationibus
2618 4790 2991 4846 diversitatem
3022 4798 3204 4844 nacta.
3240 4787 3333 4841 Est
3360 4786 3462 4856 igi-

1877 4897 1965 4943 tur
1994 4887 2157 4950 Deus,
2196 4896 2253 4939 ut
2294 4886 2445 4952 prius
2483 4883 2918 4939 demonstratum
2964 4890 3079 4947 est,
3129 4881 3274 4936 sicut
3321 4879 3458 4935 suh-
3521 4875 3539 4893 ⁹

1873 4982 2097 5039 stantia,
2131 4993 2295 5047 quam
2329 4992 2503 5046 nequo
2533 4976 2718 5032 verbis
2743 4976 3071 5045 exprimere,
3107 4988 3207 5029 nec
3248 4973 3456 5043 eloqui,

1879 5086 1979 5125 nec
2001 5083 2329 5139 cognoscere
2357 5083 2673 5138 possumus,
2700 5068 2778 5122 sic
2794 5068 2959 5122 etiam
2980 5066 3163 5120 divina
3188 5063 3305 5133 ejus
3329 5077 3460 5133 pax:

1880 5170 2138 5231 prasterea
2174 5159 2436 5227 sapientia
2462 5160 2602 5227 ejus,
2637 5169 2692 5215 et
2717 5160 2826 5214 vita
2850 5158 2993 5229 ejus,
3031 5168 3087 5212 et
3118 5171 3458 5227 quaecunque

1878 5252 1984 5307 alia
2013 5252 2284 5316 absoluta,
2318 5261 2369 5305 et
2401 5267 2739 5322 quaecunque
2765 5267 2907 5306 nunc
2941 5251 2995 5306 in
3049 5250 3167 5322 ipsa
3201 5249 3457 5304 videntur

1880 5344 2180 5397 secundum
2213 5344 2659 5397 contrarietatem
2685 5342 2887 5402 eﬂ‘erri.
2924 5343 3236 5399 Laudamus
3272 5355 3456 5401 autem

1882 5437 2024 5489 hanc
2056 5435 2355 5490 secundum
2402 5436 2845 5507 participationes
2884 5436 3002 5502 ejus
3052 5438 3355 5493 intellectas
3406 5450 3463 5493 et

1882 5528 2216 5592 nominatas,
2256 5526 2308 5581 id
2340 5538 2443 5595 est,
2473 5528 2762 5582 laudamus
2786 5530 2852 5583 ab
2893 5528 2959 5583 iis
3006 5546 3127 5601 quis
3158 5532 3411 5601 produxit
3441 5572 3457 5597 ,

1881 5633 2001 5687 qua:
2024 5619 2124 5673 sub
2158 5617 2570 5687 intelligentiam
2607 5620 2830 5684 cadunt,
2855 5630 2908 5675 et
2935 5637 3052 5692 quae
3077 5623 3183 5677 sub
3206 5638 3456 5687 sensum,

1884 5711 2087 5781 quibus
2128 5724 2234 5764 nos
2269 5708 2335 5764 ex
2368 5710 2434 5766 iis
2463 5726 2587 5781 qua:
2616 5711 2891 5783 videntur,
2923 5713 3210 5778 instructi,
3261 5716 3327 5771 ad
3370 5731 3461 5773 co-

774 5906 819 5939 "
848 5905 891 5962 ll
965 5908 1093 5966 Cor.
1124 5926 1175 5980 v,
1210 5910 1307 5976 l8;
1356 5908 1556 5981 Ephes.
1590 5926 1653 5979 ιι,
1688 5910 1779 5964 18.
1844 5910 1887 5942 ⁵ο
1927 5908 2093 5967 llcbr.
2135 5927 2207 5979 tv,
2246 5911 2333 5966 l2.
