3784 6590
225 415 309 481 8'53
320 466 329 469 Α

850 391 1085 453 DECAS
1120 393 1184 451 V.
1228 414 1292 426 -
1320 387 1418 449 DE
1444 383 2105 450 PBOPRIETATIBUS
2134 390 2363 455 DlVlN.
2401 394 2669 459 NOMIN.

3302 400 3408 468 834

224 531 268 582 in
303 517 405 576 aliis
447 506 698 579 ejusmodi
727 545 745 570 ,
785 505 889 559 nisi
943 513 1089 558 esset
1133 504 1230 572 qui
1279 499 1632 557 miseratione
1677 509 1733 554 et
1763 503 1804 558 Α
1835 519 2016 558 serum
2053 506 2255 561 infert?
2286 518 2338 563 et
2374 510 2709 579 reirigcratio
2740 511 3138 583 refrigeratum,
3167 523 3219 570 et
3250 517 3409 572 refri-

221 604 540 676 misericordia
572 600 867 669 indigeret;
904 598 983 651 sic
1012 596 1178 649 etiam
1212 608 1312 647 nec
1362 592 1732 662 omnipotens.

216 706 302 766 nisi
329 698 484 757 omnis
523 706 765 748 creatura
800 691 1149 753 dominante,
1179 698 1233 743 et
1265 687 1318 742 in
1350 702 1416 741 eo
1446 686 1590 755 quod
1617 693 1699 738 est
1720 722 1734 747 ,

215 813 311 856 eam
354 794 687 845 conservante
729 783 1017 853 indigeret.
1074 781 1145 838 Ut
1171 779 1431 836 ‘medicus
1478 778 1663 848 igitur;
1683 776 1734 831 ei

218 890 295 960 qui
328 882 585 940 curatione
619 876 845 947 indiget,
894 875 1220 939 adhibetur;
1271 872 1351 927 sic
1381 871 1733 938 omnipotens

211 983 269 1042 ei,
294 977 366 1030 cui
394 986 516 1042 opus
543 975 623 1023 est
656 966 824 1021 teneri
853 965 1162 1020 dominatu.
1199 962 1265 1017 Et
1291 964 1433 1017 sicut
1465 961 1601 1014 bene
1640 972 1740 1010 va-'

209 1069 411 1125 lentibus
431 1078 527 1116 non
558 1075 698 1129 opus
719 1068 805 1113 est
828 1057 1065 1122 medico,
1097 1058 1190 1111 sed
1222 1054 1362 1111 male
1386 1050 1733 1113 habentibus;

209 1163 274 1217 sic
299 1160 668 1223 consequenter
701 1159 847 1204 recte
877 1149 983 1203 dici
1016 1155 1213 1217 potest,
1244 1161 1367 1200 eum
1414 1144 1468 1197 in
1499 1156 1610 1212 quo
1636 1155 1736 1194 tta-

207 1262 307 1307 tura
334 1247 568 1301 aberrare
591 1254 643 1297 et
674 1242 781 1295 labi
815 1256 922 1295 non
959 1248 1159 1311 potest,
1217 1254 1324 1292 non
1353 1237 1595 1305 indigere
1628 1234 1737 1288 alio

204 1360 231 1399 ι
253 1355 350 1411 quo
376 1345 632 1391 teneatur.
662 1332 725 1387 Et
760 1348 992 1401 magnus
1022 1331 1333 1401 Dionysius.
1367 1330 1419 1383 in
1448 1328 1609 1398 epist.
1642 1340 1734 1381 se-

203 1432 352 1488 cunda
392 1427 453 1480 ad
489 1424 675 1479 Gaium
711 1438 727 1477 :
759 1423 1046 1488 Quomodo
1096 1423 1259 1486 Deus,
1306 1419 1399 1487 qui
1441 1426 1525 1472 est
1560 1430 1733 1485 supra

205 1523 383 1583 omnia,
414 1528 490 1572 est
540 1524 705 1583 supra
748 1513 1077 1583 principium
1113 1510 1451 1573 divinitatis,
1486 1516 1539 1563 et
1569 1521 1732 1576 supra

202 1614 495 1687 principium
568 1606 867 1662 liottitatis?
919 1605 1128 1659 scilicet
1183 1603 1230 1657 si
1284 1602 1622 1657 divinitatem
1676 1606 1731 1652 et

204 1709 520 1764 bonitatatctn
579 1699 851 1769 intelligas
900 1712 1021 1751 esse
1072 1698 1275 1750 donum
1329 1692 1532 1761 ipsum,
1585 1690 1728 1759 quod

200 1802 310 1855 deos
336 1806 385 1850 et
409 1797 572 1848 bonos
602 1789 749 1855 facit,
785 1798 837 1843 et
866 1789 1036 1855 ipsam
1066 1786 1423 1839 imitationem
1453 1784 1535 1852 (4)
1569 1798 1729 1852 quam

198 1888 386 1957 assequi
420 1901 523 1939 non
566 1896 884 1952 possumus,
922 1879 1015 1935 Dei
1043 1888 1101 1934 et
1125 1878 1275 1945 boni,
1307 1878 1398 1946 qui
1426 1886 1507 1929 est
1538 1890 1731 1942 supra-

196 1994 330 2053 quam
364 1979 514 2040 Deus,
550 1983 605 2028 et
649 1986 978 2041 supraquam
1028 1971 1206 2025 bonus
1234 1985 1347 2040 qua
1384 1970 1462 2022 dii
1511 1978 1566 2021 et
1608 1967 1733 2021 boui

196 2072 451 2129 tellit-imor.
482 2066 695 2121 Etenim
729 2066 774 2118 si
812 2064 915 2117 hoc
945 2070 1026 2118 est
1064 2062 1410 2131 principium,
1446 2075 1555 2128 quo
1583 2058 1735 2113 deiti-

197 2174 381 2219 rantur.
411 2168 463 2212 et
490 2157 615 2211 boni
664 2154 948 2218 cilicimur,
996 2154 1085 2222 qui
1128 2161 1214 2206 est
1252 2150 1437 2204 omnis
1472 2146 1734 2219 principii

193 2264 494 2322 supraquatn
536 2248 873 2318 principium
902 2288 917 2313 ,
963 2245 1125 2299 etiam
1156 2250 1238 2298 est
1281 2254 1444 2311 supra
1477 2239 1736 2295 divinita-

195 2352 356 2398 temet
385 2340 699 2406 bonitatem,
737 2338 845 2393 hoc
876 2347 982 2403 est,
1021 2350 1187 2403 supra
1220 2333 1545 2403 principium
1586 2330 1735 2385 divi-

194 2435 376 2499 nitatis,
409 2442 464 2487 et
497 2431 832 2501 principium
862 2428 1140 2484 bonitatis.
1175 2426 1313 2492 Quia
1340 2426 1486 2480 enim
1518 2438 1625 2478 non
1654 2430 1739 2478 est

194 2525 471 2588 imitabilis,
508 2536 688 2595 neque
718 2520 905 2575 haberi
939 2528 1138 2589 potest,
1173 2517 1445 2573 antecellit
1477 2514 1737 2570 imitatio-

192 2617 329 2671 nibus
351 2596 409 2668 et,
435 2612 874 2675 habitudinibus,
896 2621 955 2671 et
981 2610 1064 2664 eis
1088 2610 1186 2679 qui
1225 2609 1522 2673 imitantur,
1557 2616 1611 2660 et
1641 2608 1738 2661 lia-

192 2707 442 2763 bitudines
473 2705 826 2775 participant.
852 2700 1077 2769 Magnus
1111 2698 1442 2754 Athanasius
1496 2698 1550 2752 in
1602 2698 1740 2753 libro

192 2798 253 2853 De
273 2797 634 2872 incarnatione
675 2793 824 2848 Verbi
854 2792 950 2846 Dei
977 2807 994 2845 :
1028 2790 1136 2845 Deo
1186 2790 1371 2860 igitur,
1406 2790 1599 2859 inquit,
1632 2803 1743 2842 non

190 2888 475 2944 estsimilis
513 2886 696 2940 Filius
733 2883 896 2949 Deus,
931 2882 1022 2938 sed
1068 2898 1233 2935 unum
1266 2891 1321 2935 et
1370 2881 1511 2935 idem
1537 2922 1551 2947 ,
1600 2880 1743 2935 sicut

187 2983 426 3049 scriptum
453 2988 539 3032 est
579 2993 596 3031 :
628 2976 739 3046 Ego
776 2984 829 3031 et
866 2974 1024 3027 Pater
1060 2988 1226 3027 tntum
1264 2988 1455 3025 sumus
1477 2971 1523 3002 ⁵⁸
1552 2989 1566 3025 :
1601 2970 1742 3025 divi-

191 3074 392 3126 nitatem
448 3071 843 3135 interpretatus
892 3076 978 3120 est
1028 3065 1329 3125 unitatem;
1391 3062 1735 3115 divinitatem

188 3176 298 3216 vero
322 3176 427 3215 non
471 3159 657 3229 qualis
688 3166 776 3210 est
800 3169 1012 3218 eorum,
1054 3154 1153 3222 qui
1201 3152 1326 3205 facti
1358 3158 1487 3204 sunt
1512 3149 1587 3203 dii
1618 3164 1631 3200 :
1658 3147 1740 3201 si-
1764 3190 1810 3249 ο

186 3255 381 3324 quitlem
416 3254 561 3306 banc
588 3251 666 3303 illi
702 3262 1005 3318 opponens,
1048 3245 1211 3311 Deus,
1248 3244 1445 3312 inquit,
1507 3251 1590 3296 est
1632 3256 1741 3295 non

184 3348 313 3405 sicut
354 3348 525 3400 homo
557 3343 628 3397 ad
661 3338 1079 3401 similitudinem
1126 3336 1219 3390 Dei
1268 3334 1465 3397 factus,
1511 3345 1563 3388 et
1606 3334 1745 3387 Dens

188 3440 486 3498 nominatus
538 3442 767 3505 propter
815 3428 1252 3485 similitudinem.
1315 3424 1382 3481 Et
1446 3424 1745 3495 Gregorius

181 3527 445 3599 Nysscnus
494 3527 554 3580 in
612 3524 849 3593 quodam
904 3520 1041 3574 libro
1086 3532 1152 3573 ex
1198 3517 1314 3572 suis
1363 3515 1746 3571 contumeliis

182 3630 355 3674 contra
387 3617 721 3673 Eunomiutn
746 3631 762 3668 :
788 3614 852 3666 Et
880 3612 929 3667 si
953 3610 1201 3664 inimicus
1220 3608 1436 3686 Domini
1457 3606 1744 3661 Dominum

180 3707 413 3762 nominet
447 3706 663 3770 Deum,
692 3703 886 3757 nititur
918 3714 1235 3768 comparare
1267 3699 1415 3753 illum
1451 3713 1574 3752 cum
1604 3698 1745 3750 divi—

180 3801 335 3854 nitate
369 3797 603 3864 Movsis.
642 3796 879 3849 Sanctus
904 3792 1171 3847 Maximus
1204 3791 1257 3845 in
1290 3790 1512 3847 scltoliis
1544 3790 1746 3860 Diony-

178 3893 261 3955 sii,
310 3891 499 3957 Recte,
558 3891 757 3959 inquit,
788 3885 925 3942 dixit
954 3884 1291 3939 divinitatem
1329 3898 1492 3952 supra
1527 3897 1745 3937 omnem

178 3984 493 4049 bonitatem,
530 3990 592 4037 et
618 3979 997 4038 divinitatem:
1042 3976 1329 4031 inferiores
1358 3975 1522 4043 igitur
1546 3974 1747 4030 divini-

177 4082 305 4130 tates
351 4075 605 4142 intelligo
632 4071 973 4142 angelorum,
1015 4078 1068 4123 et
1119 4069 1403 4123 hominum
1444 4068 1744 4136 iustorum.

174 4166 400 4223 Sanctus
420 4165 677 4222 Joannes
707 4164 1071 4218 Damascenus
1092 4204 1107 4228 ,
1134 4162 1275 4216 libro
1305 4177 1367 4214 ιιι
1400 4160 1475 4215 De
1506 4161 1610 4230 ﬁde
1656 4178 1745 4215 or-

178 4261 421 4326 thodoxa,
450 4276 583 4331 cap.
619 4259 708 4313 η.
737 4252 931 4322 Natus,
956 4256 1164 4327 inquit,
1191 4270 1255 4310 ex
1283 4251 1527 4325 Virgine,
1560 4269 1747 4325 egres-

172 4371 262 4410 sus
291 4365 475 4410 autem
512 4352 661 4407 Deus
695 4365 817 4404 eum
842 4362 1012 4403 carne
1040 4356 1353 4417 assumpta,
1381 4346 1492 4414 jam
1520 4348 1643 4417 ipsa
1674 4348 1745 4401 ab

172 4458 235 4501 ea
259 4448 542 4512 dei-licata,
589 4442 757 4499 simul
790 4450 849 4495 ut
876 4439 1135 4507 producta
1166 4447 1269 4501 est,
1300 4449 1356 4493 et
1396 4448 1516 4493 esse
1538 4437 1741 4507 coepit:

1836 607 2113 664 get-antem
2137 638 2150 656 .
2185 608 2239 654 et
2266 600 2406 654 visio
2444 602 2644 666 visum,
2679 613 2732 657 et
2762 604 3069 673 videntem;
3101 614 3157 661 et
3188 606 3398 665 intelli-

1838 688 2014 755 gentia
2054 689 2385 746 lntellectam
2428 709 2563 756 rem.
2592 703 2649 749 et
2677 694 3069 765 intelligentem
3098 700 3228 767 (non
3260 700 3409 753 enim

1836 790 2013 848 potest
2050 781 2316 838 habitudo
2342 786 2461 839 sine
2488 785 2816 842 habentibus
2849 789 3224 845 habitudinem
3260 790 3364 846 dici
3396 833 3414 857 ,

1836 882 1932 925 aut
1961 873 2235 943 intelligi),
2256 876 2355 939 sic,
2380 887 2440 930 ut
2467 892 2805 947 consequens
2829 890 2926 944 est,
2963 882 3229 937 tleincatio
3258 882 3415 935 deifi-

1836 972 2037 1029 catum,
2066 974 2123 1018 et
2154 965 2495 1021 deiﬁcantent
2525 984 2709 1023 secum
2745 970 2967 1025 inducit.
2999 973 3143 1027 Idem
3181 988 3196 1025 :
3238 973 3412 1044 Opur-

1836 1056 2004 1121 tebat,
2038 1067 2097 1110 ut
2132 1070 2259 1111 vere
2289 1056 2467 1113 diutini
2496 1100 2512 1121 .
2564 1076 2685 1121 eum
2735 1062 2825 1130 qui
2867 1072 2950 1117 est
3001 1076 3193 1119 auctor
3222 1082 3409 1121 eorum

1836 1159 1957 1212 quae
1990 1146 2290 1199 secundum
2318 1157 2568 1203 naturam
2600 1160 2748 1215 sunt,
2784 1167 2906 1206 esse
2932 1155 3093 1207 etiam
3126 1165 3409 1211 auctorem

1837 1233 2197 1292 deiticationis
2232 1239 2534 1293 secundum
2569 1243 2823 1309 gratiam.
2848 1242 2994 1297 Idem
3031 1247 3230 1300 iterum
3264 1265 3276 1301 :
3312 1247 3429 1301 De--

1838 1328 2167 1392 monstravi,
2210 1329 2409 1397 inquit,
2442 1331 2681 1385 divinam
2722 1337 3042 1401 potentiam,
3084 1354 3206 1406 qua:
3240 1354 3405 1409 supra

1837 1418 2203 1472 substantiam
2239 1429 2359 1485 est,
2406 1421 2616 1476 edicere
2657 1423 3060 1480 deiﬁcationem
3092 1442 3281 1483 eorum
3316 1431 3408 1496 qui

1838 1510 2144 1564 secundum
2176 1510 2409 1580 gratiam
2445 1512 2680 1589 deitirati
2711 1524 2864 1570 sunt.
2902 1516 3196 1585 Gregorius
3225 1518 3407 1574 Theo-

1837 1602 2020 1671 logus,
2058 1603 2111 1657 in
2143 1604 2395 1659 oratione
2430 1615 2721 1672 postquam
2768 1604 2943 1660 factus
2973 1620 3055 1660 est
3085 1608 3370 1678 presbyter
3397 1629 3412 1667 :

1843 1692 2249 1757 Solitudinem,
2303 1696 2513 1763 inquit,
2558 1696 2798 1749 maxime
2834 1697 3077 1750 omnium
3128 1701 3419 1769 amplexus

1840 1796 2067 1850 smn,et
2115 1797 2369 1854 tanquam
2420 1786 2739 1854 adjutricem
2802 1796 2859 1841 et
2911 1800 3191 1857 parentem
3248 1791 3415 1843 divini

1840 1876 2461 1933 ascensus-etdeiﬁcam
2520 1880 2870 1932 vehementer
2926 1881 3225 1935 admiratus
3275 1896 3416 1934 Sltlll.

1844 1968 2050 2023 Rursus
2086 1980 2314 2038 magnus
2340 1975 2399 2021 et
2422 1967 2643 2023 divinus
2679 1969 3005 2040 Dionysius,
3055 1988 3175 2040 cap.
3213 1972 3302 2037 lt),
3347 1972 3418 2025 De

1842 2062 2031 2114 divinis
2061 2060 2386 2123 nominibus,
2447 2060 2522 2114 ait
2565 2059 2819 2115 :Diritur
2853 2075 3031 2116 autem
3073 2065 3416 2133 omnipotens

1843 2151 2006 2211 Deus.
2042 2159 2100 2205 ut
2130 2154 2315 2206 omnia
2334 2152 2617 2207 dominatu
2643 2168 2742 2207 suo
2764 2162 2975 2217 tenens,
3008 2164 3060 2209 et
3085 2156 3176 2224 qui
3202 2157 3269 2210 iis
3302 2174 3424 2217 qua:

1820 2243 2122 2313 gubernat,
2162 2252 2357 2314 praest
2394 2259 2499 2298 non
2524 2244 2697 2299 mixte
2727 2246 2803 2313 (2)
2826 2262 2841 2311 ;
2868 2256 2924 2300 et
2955 2257 3015 2300 ut
3040 2248 3299 2303 omnibus
3332 2249 3424 2300 τισι-

1842 2334 2172 2399 siderabilis,
2207 2344 2262 2389 et
2289 2334 2575 2398 amabilis;
2610 2344 2665 2389 et
2705 2338 2917 2392 cunctis
2943 2337 3070 2407 iuga
3110 2339 3417 2393 voluntaria

1842 2428 2130 2496 imponens
2160 2426 2259 2499 (3),
2280 2435 2335 2483 et
2356 2427 2547 2482 dulces
2575 2430 2968 2495 partui-itiones
2990 2431 3198 2485 amoris
3222 2430 3425 2499 divini,

1838 2528 1899 2573 et
1947 2519 2366 2587 omnipatentis,
2431 2528 2489 2575 et
2541 2519 2853 2576 insolubilis
2910 2522 3084 2591 ipsius
3140 2522 3421 2579 bonitatis.

1850 2612 2148 2683 Gregorius
2180 2612 2481 2683 Nyssenus;
2538 2615 2590 2666 iu
2639 2614 2815 2682 primo
2846 2613 2987 2669 libro
3020 2624 3203 2669 contra
3245 2615 3427 2670 Euno-

1848 2708 2011 2760 mitmt
2033 2722 2051 2760 :
2075 2705 2213 2771 Alia,
2240 2705 2438 2774 inquit,
2466 2704 2684 2759 nomina
2710 2712 2920 2759 tantum
2950 2707 3255 2777 significant
3282 2708 3426 2777 quod

1848 2807 1931 2853 est
1970 2800 2034 2854 ad
2074 2799 2281 2868 aliquid
2312 2797 2467 2863 utiie,
2494 2806 2549 2853 ut
2576 2796 2816 2869 adiutor,
2852 2796 3128 2864 defensor.
3158 2810 3212 2857 et
3240 2814 3426 2857 susce-

1848 2899 1991 2957 ptor.
2019 2898 2072 2943 et
2104 2904 2444 2959 quaecunque
2470 2889 2632 2958 hujus
2666 2890 3081 2959 signiﬁcationis
3135 2894 3418 2961 reperiun-

1850 2988 1962 3045 tur,
1998 2982 2200 3049 quibus
2229 2981 2273 3035 si
2300 2981 2506 3034 adimas
2529 2990 2775 3049 egentem
2809 2998 2931 3051 ope,
2957 2998 3125 3037 vacua
3167 2992 3220 3038 et
3250 2985 3427 3037 otiosa

1852 3070 2016 3125 fuerit
2051 3071 2132 3124 vis
2157 3113 2171 3135 ,
2208 3084 2330 3140 quae
2364 3071 2417 3123 in
2452 3071 2568 3139 ipso
2604 3071 2821 3123 nomine
2873 3073 3135 3128 cernitur.
3206 3073 3424 3129 Rursus

1856 3160 2147 3231 Dionysius
2175 3174 2297 3229 cap.
2330 3160 2399 3213 12
2424 3201 2437 3225 ,
2473 3161 2541 3213 de
2574 3160 2779 3214 eisdem
2824 3160 3022 3216 divinis
3070 3163 3382 3218 nominibus
3410 3177 3426 3215 :

1850 3250 1984 3317 Quia
2013 3290 2028 3314 ,
2064 3251 2259 3320 inquit,
2291 3260 2478 3303 aucta
2515 3249 2760 3304 omnium
2796 3253 3100 3305 secundum
3141 3268 3303 3306 unam
3337 3270 3431 3305 rx-

1849 3340 2159 3397 eellcntiam
2199 3342 2453 3394 universa
2486 3350 2904 3409 exsuperantem
2940 3352 3023 3395 est
3060 3358 3224 3412 supra
3263 3360 3426 3413 quam

1846 3435 2068 3505 plenus,
2103 3444 2325 3487 sanans
2356 3441 2697 3495 sanctorum,
2724 3440 2776 3485 et
2807 3433 2928 3487 aliis
2960 3433 3228 3502 ejusmodi
3259 3434 3432 3488 nomi-

1848 3525 2014 3581 nibus
2044 3525 2319 3579 la‘ttdaado
2354 3526 2669 3577 nominatur
2702 3524 3089 3580 cortvenivnter
3118 3541 3300 3581 causa!
3336 3542 3428 3579 su-

1842 3614 2157 3687 :pertlucnti,
2191 3622 2245 3668 et
2271 3613 2604 3667 excellentia!
2630 3611 2873 3677 eximite,
2918 3622 2975 3666 ut
3012 3614 3058 3668 si
3090 3614 3215 3683 quis
3240 3615 3387 3667 dicat
3415 3654 3429 3675 ,

1838 3714 2051 3775 quanto
2071 3704 2403 3771 antecellunt
2427 3712 2635 3765 sancta,
2662 3710 2755 3756 aut
2782 3702 2987 3760 divina.
3018 3713 3109 3757 aut
3131 3703 3420 3757 dominan-

1849 3798 1943 3862 tia,
1976 3804 2074 3849 attt
2102 3795 2251 3864 regia
2279 3794 2347 3849 iis
2374 3808 2495 3864 quae
2516 3807 2630 3849 non
2667 3803 2795 3849 sunt
2825 3796 2971 3888 talia:
2994 3806 3050 3848 ct
3080 3810 3274 3850 rursus
3304 3796 3431 3865 ipsa:

1848 3904 1947 3959 per
1978 3905 2036 3944 se
2074 3887 2517 3958 participationes
2548 3887 3041 3956 partieipantibtts;
3086 3896 3234 3943 tanto
3269 3897 3423 3941 ante-

1849 3980 1993 4035 cellit
2030 3978 2285 4034 omnibus
2318 3992 2440 4048 qua:
2470 3985 2632 4042 sunt,
2682 3976 2777 4046 qui
2811 3985 2894 4031 est
2923 3993 3089 4045 supra
3120 3979 3339 4044 omnia,
3378 3976 3435 4032 ιι

1850 4070 2107 4124 omnibus
2139 4069 2615 4139 participautibus,
2656 4077 2710 4121 et
2765 4068 3306 4139 participationibus,
3339 4070 3439 4141 qui

1852 4171 1938 4217 est
1968 4175 2136 4216 causa
2176 4176 2280 4215 non
2308 4160 2654 4230 participata.
2690 4159 2921 4214 Sanctus
2949 4171 3131 4216 autem
3167 4170 3221 4216 et
3255 4177 3434 4232 reges,

1844 4264 2014 4324 atque
2042 4253 2317 4316 dominos,
2351 4260 2407 4306 et
2432 4251 2566 4308 deos
2599 4261 2794 4306 vocant
2831 4252 3129 4321 Scriptura:
3158 4253 3438 4324 principa-

1840 4341 2020 4397 liores
2076 4341 2130 4396 in
2177 4354 2508 4410 unoquoque
2540 4332 2799 4396 'ordines.
2842 4341 2998 4407 Quod
3040 4343 3259 4412 quidem
3309 4359 3434 4398 cunt

1851 4446 2075 4492 sanctus
2107 4433 2377 4489 Maximus
2418 4434 2664 4499 adnotat,
2697 4435 2976 4505 principes
3008 4435 3105 4506 qui
3144 4435 3427 4491 inferiori-

172 4538 241 4592 ita
272 4548 330 4592 ut
361 4536 533 4592 simul
583 4525 698 4588 haec
730 4532 835 4586 tria
876 4538 1084 4595 essent,
1118 4529 1445 4597 assumptio,
1474 4527 1746 4583 exsisten-
1780 4520 1823 4577 D
1860 4531 1962 4585 bus
2012 4535 2288 4598 praesunt,
2336 4526 2411 4581 ait
2466 4526 2650 4581 vocari
2700 4527 3000 4581 secundum
3057 4527 3441 4583 excellentiam

173 4631 259 4695 tia,
293 4628 577 4684 deitlcatio
620 4625 792 4695 ipsius
834 4623 908 4677 ab
945 4624 1062 4692 ipso
1109 4619 1286 4676 Verbo
1330 4621 1496 4676 facta.
1542 4620 1749 4677 Rursus

167 4729 383 4776 sanctus
423 4719 700 4774 Maximus
720 4716 779 4769 in
813 4715 1181 4785 disputatione
1212 4724 1407 4769 contra
1438 4712 1744 4785 Pyrrhum:

171 4812 314 4866 Sicut
349 4810 719 4866 inﬂammatio
747 4807 1136 4862 inﬂammatum
1164 4845 1181 4873 ,
1222 4814 1276 4860 et
1321 4805 1743 4862 inﬂammantem

231 4929 283 4960 -σι
306 4906 480 4981 Joan.
541 4938 594 4978 ι.
640 4920 729 4976 se.

1856 4633 2100 4683 sanctos,
2131 4628 2188 4674 et
2222 4619 2473 4674 dominus
2497 4631 2552 4673 et
2583 4635 2758 4689 reges,
2781 4627 2834 4672 et
2856 4619 3023 4683 deos;
3051 4619 3192 4674 sicut
3221 4628 3273 4673 et
3300 4619 3440 4672 inter

1858 4716 2108 4770 homines
2132 4712 2168 4765 ii
2188 4710 2281 4780 qui
2315 4725 2437 4774 sunt
2469 4711 2934 4776 excellentissimi,
2965 4713 3044 4766 sic
3073 4711 3437 4780 appellantur.

1857 4809 1936 4863 Ex
1973 4806 2174 4877 quibus
2205 4804 2433 4859 edicitur
2466 4798 2810 4856 mandatum
2836 4838 2854 4866 ,
2896 4801 3059 4856 aliam
3103 4803 3325 4863 quidem
3360 4804 3441 4855 si-

1638 5018 1918 5082 Scholia.

234 5123 308 5193 (l)
332 5123 538 5189 Ipsam
570 5120 922 5193 [imitationem
971 5117 1085 5175 Dei.
1118 5117 1351 5193 latitatio
1390 5117 1480 5173 Dei
1516 5132 1739 5193 v_ocatur

160 5190 456 5259 dei'titmtiu,
480 5194 609 5256 quia
630 5207 732 5244 non
762 5190 1099 5255 deiﬁcamur,
1120 5190 1219 5242 nisi
1254 5190 1516 5242 imitando
1534 5191 1736 5258 Deum;

164 5264 433 5317 dedicatio
466 5266 617 5329 ipsa,
650 5276 767 5328 qua:
789 5262 895 5313 dici
942 5261 1080 5312 solet
1135 5273 1227 5328 per
1258 5275 1314 5311 se
1343 5262 1629 5325 dedicatio,
1664 5276 1745 5314 est

166 5339 361 5386 donum
403 5336 525 5397 Det,
552 5342 603 5385 et
623 5330 1168 5398 principiunrnostrae
1198 5331 1556 5384 dedicationis
1578 5346 1605 5383 a
1641 5332 1745 5383 lien

166 5405 423 5455 donutum
459 5403 645 5456 nobis.
704 5398 843 5469 Dens
877 5402 1037 5467 igitur
1090 5408 1170 5452 est
1218 5415 1379 5469 supra
1426 5400 1745 5465 .hujusnmdi

162 5475 491 5540 principium
524 5469 749 5525 turmale
770 5466 1069 5521 divinitatis
1085 5466 1327 5540 deities},
1354 5485 1457 5538 qua
1486 5480 1745 5539 tanquam

162 5548 302 5594 dono
336 5538 435 5595 Dei
464 5543 786 5608 deiticamur
837 5540 905 5591 ab
933 5542 1049 5607 ipso
1076 5538 1208 5602 Deo;
1227 5547 1279 5593 et
1312 5541 1560 5593 similiter
1589 5538 1748 5608 supra

160 5614 494 5679 ptlllt‘tpltlul
564 5606 839 5669 bonitatis,
873 5606 979 5676 qua
1006 5617 1266 5677 tanquam
1303 5610 1447 5664 dono
1499 5609 1592 5664 Dei
1626 5606 1753 5663 boni

160 5684 428 5735 etlieitnur
464 5682 540 5735 ab
562 5696 647 5735 eo.

217 5752 297 5819 (‘2)
318 5751 445 5805 Non
464 5751 776 5820 utixte,quia
802 5766 907 5803 non
931 5763 1065 5820 opus
1085 5759 1186 5813 est,
1207 5759 1261 5802 ut
1280 5763 1340 5804 se
1354 5749 1515 5803 veluti
1530 5764 1654 5802 cum
1672 5763 1759 5801 re-

160 5819 260 5876 bus
284 5834 337 5877 et
373 5824 617 5891 negod’ts
644 5819 865 5877 misceat
889 5819 953 5873 ad
973 5824 1404 5888 cogitasceudum
1435 5835 1518 5889 ea,
1557 5830 1614 5874 ut
1649 5829 1759 5874 tute

1843 5132 1897 5175 et
1926 5126 2081 5171 caute
2110 5115 2389 5185 gubernet,
2422 5112 2562 5185 sicut
2598 5127 2820 5168 necesse
2850 5122 2931 5168 est
2962 5112 3163 5166 homini
3192 5130 3207 5176 ;
3237 5113 3440 5181 εἴη)ψεὶ

1848 5208 1953 5245 non
1984 5184 2351 5251 poteritsolus
2383 5184 2627 5237 sufﬁcere
2681 5185 3084 5250 gubernationi.
3156 5192 3159 5195 '

1947 5262 2019 5327 (5)
2043 5259 2201 5325 lugu.
2236 5253 2369 5320 Juga
2406 5252 2706 5327 voluntaria
2737 5264 2891 5306 vocat
2926 5254 3192 5321 appetitus
3217 5262 3448 5311 natm-2n,

1851 5342 1905 5383 ut
1929 5323 2130 5396 cuique
2148 5327 2419 5389 «ηοηνυιιῖῐ,
2443 5323 2657 5396 insitos,
2680 5334 2941 5392 tanquam
2976 5328 3115 5392 leges
3141 5326 3433 5385 nnpuvtas.

1853 5393 2052 5470 quibus
2080 5397 2485 5470 omnisnatura
2529 5393 2763 5470 libenter
2817 5406 2865 5447 et
2891 5408 3080 5470 sponte
3107 5406 3387 5470 suanparct
3418 5432 3435 5453 ,

1855 5461 1905 5525 et
1929 5468 2072 5521 nulla
2108 5467 2330 5529 resistit,
2358 5479 2456 5517 nec
2491 5464 2847 5516 obedientiam
2882 5465 3161 5516 tlttrertat.
3199 5461 3259 5513 Et
3317 5479 3443 5523 ann

1863 5538 2166 5607 ltttjusmodi
2219 5534 2565 5607 appetittts,et
2592 5534 2823 5600 impetus
2851 5535 3098 5607 insiti,_et
3135 5533 3439 5607 inclinatiof

1864 5604 1958 5661 nes
2023 5606 2245 5660 tendunt
2279 5606 2345 5656 ad
2376 5604 2663 5657 amandum
2710 5618 2982 5656 summum
3022 5604 3243 5661 bonum,
3296 5606 3438 5665 qttml

1862 5678 2011 5732 varie
2082 5675 2427 5744 participant.
2461 5673 2661 5725 idcin‘o
2724 5673 2990 5741 ejusnmdi
3064 5671 3439 5726 illcllltultUtztta

1866 5742 2123 5801 dicuntur
2146 5760 2174 5797 a
2205 5742 2455 5812 Dionysio
2478 5744 2717 5795 divinum
2739 5757 2972 5794 antorem
3027 5753 3198 5811 partus
3216 5744 3311 5809 ire,
3334 5746 3440 5795 sic»

1867 5818 1945 5872 uti
1979 5828 2114 5873 terra
2146 5815 2259 5869 sole
2289 5812 2550 5883 tepefacta
2600 5816 2804 5867 t'ructus
2829 5818 3077 5875 parturit.
