3860 6540
394 347 506 414 8‘5

1577 346 1816 408 JOANN
1831 346 1899 406 IS
1931 344 2495 410 CYPARISSIO'NE

3519 347 3609 411 836

397 459 801 529 gnificationem
847 455 1163 528 praeseferre
1194 471 1258 512 ea
1301 458 1522 512 nomina
1550 496 1564 521 ,
1600 472 1720 527 qua:
1749 458 1815 512 de
1854 458 1961 511 Deo
1992 461 2036 516 A
2063 458 2255 511 horum
2291 466 2495 524 autem,
2546 455 2600 511 id
2629 462 2739 521 est,
2776 469 2899 520 qua
2932 454 3227 512 secundum
3263 457 3611 520 excellentia.

396 555 654 609 dicuntur
684 551 749 605 ad
800 550 1039 619 aliquid;
1077 550 1240 605 aliam
1292 565 1443 615 vero,
1497 564 1617 621 qua:
1664 551 1965 606 secundum

395 643 870 713 exsuperationem
903 640 1206 697 efferuntur
1246 654 1261 695 :
1292 649 1454 711 atque
1480 642 1572 695 illa
1605 642 1826 710 quidem
1864 642 1965 695 ali-

399 737 621 806 quando
654 748 995 803 supervacua
1020 748 1141 788 esse
1186 741 1241 788 et
1289 734 1461 789 otiosa
1494 731 1736 803 perfecto
1781 749 1965 803 opere,

397 838 458 883 ut
485 836 646 883 antea
672 867 687 892 ,
720 835 774 881 et
808 840 951 880 nunc
982 826 1415 879 demonstratum
1459 836 1578 892 est;
1632 826 1748 881 hinc
1797 841 1927 880 vero
1950 866 1966 889 ,

394 935 519 991 qua:
568 919 872 975 secundum
933 918 1451 988 exsuperationem,
1484 931 1726 986 semper
1777 917 1966 971 eodem

395 1012 560 1066 modo
609 1010 991 1066 excellentiam
1039 1010 1335 1073 declarare,
1390 1019 1553 1079 atque
1602 1008 1691 1063 illa
1749 1009 1967 1078 quidem

396 1102 623 1158 evidens
675 1102 935 1158 indicium
987 1100 1286 1158 ostendunt
1336 1100 1391 1155 in
1444 1100 1806 1156 fabricatione
1844 1101 1967 1154 uni-

394 1192 562 1247 versi.
588 1192 821 1260 Septimo
854 1192 995 1245 enim
1035 1191 1145 1255 die,
1183 1189 1383 1260 inquit,
1418 1189 1669 1259 requievit
1704 1188 1767 1241 ab
1798 1188 1971 1242 omni-

396 1286 489 1341 θαι
522 1284 764 1353 operibus
799 1283 991 1346 suis";
1017 1297 1187 1351 quare
1208 1280 1448 1336 cessavit
1472 1296 1502 1334 a
1530 1279 1803 1336 creatione
1825 1280 1971 1344 caeli,

394 1377 549 1444 solis,
576 1376 853 1445 stirpium,
880 1374 1265 1438 animantium,
1296 1382 1360 1425 ut
1394 1371 1648 1427 universe
1679 1370 1884 1434 dicam,
1907 1374 1974 1426 ab

396 1465 652 1520 universo
679 1479 841 1534 opere
868 1463 1013 1532 quod
1041 1471 1283 1533 patrarat
1307 1461 1413 1532 (l),
1436 1470 1657 1532 prepter
1671 1476 1809 1528 opus
1828 1460 1972 1514 enim

396 1558 574 1612 dictus
620 1565 705 1611 est
738 1564 869 1610 tunc
912 1554 1053 1610 Deus
1088 1552 1386 1609 fabricator
1431 1552 1641 1608 mundi.
1686 1552 1783 1607 Est
1814 1551 1977 1622 igitur

396 1664 614 1717 semper
645 1647 944 1703 fabricator
990 1647 1176 1700 mundi
1211 1644 1373 1713 Deus,
1422 1644 1519 1702 sed
1556 1656 1815 1715 tanquam
1863 1644 1974 1712 jam

398 1739 686 1795 fabricatio
710 1738 898 1793 mundi
931 1738 1188 1803 desierit;
1223 1737 1367 1793 sicut
1404 1746 1458 1793 et
1485 1744 1721 1803 creator,
1751 1735 1844 1806 qui
1867 1751 1975 1790 non

396 1847 615 1903 semper
652 1843 838 1899 creat;
875 1840 927 1886 et
958 1832 1026 1886 ad
1058 1831 1343 1887 ridendum
1374 1842 1557 1902 aptus,
1588 1829 1679 1897 qui
1702 1845 1806 1885 non
1837 1844 1977 1883 sem-
2009 1818 2049 1873 Β

394 1938 495 1993 per
531 1923 705 1987 ridet,
748 1924 864 1978 haec
893 1929 1073 1976 autem
1107 1935 1209 1986 est,
1238 1922 1370 1993 quia
1408 1921 1583 1977 solum
1614 1928 1699 1976 est
1729 1934 1893 1976 causa
1924 1928 1977 1974 et

395 2017 617 2074 effector
648 2016 813 2079 Deus,
841 2014 1069 2070 inﬁnitis
1097 2014 1243 2069 enim
1276 2023 1331 2069 et
1360 2014 1644 2069 im‘mensis
1675 2010 1974 2067 intervallis

396 2110 620 2166 effector
653 2107 864 2164 effectis
912 2107 1210 2162 antecellit.
1263 2105 1398 2163 Cum
1450 2115 1632 2161 autem
1684 2104 1976 2175 Dionysius

394 2200 773 2257 excellentiam
806 2199 859 2254 in
896 2198 979 2254 his
1012 2198 1272 2266 ostendit,
1311 2200 1365 2253 in
1398 2198 1539 2254 duas
1560 2207 1742 2268 partes
1767 2198 1973 2265 divisit;

396 2292 452 2347 in
481 2299 669 2347 sancta
696 2330 712 2357 ,
742 2298 796 2346 et
825 2305 931 2344 non
963 2302 1178 2353 saneta,
1211 2301 1266 2343 et
1305 2291 1356 2344 in
1394 2304 1489 2358 per
1516 2305 1572 2345 se
1602 2290 1976 2360 participatio-

397 2396 521 2445 nes,
557 2390 609 2435 et
638 2380 694 2434 in
724 2378 1125 2449 participantia.
1160 2377 1225 2431 Et
1251 2388 1480 2447 quanto,
1519 2380 1718 2448 inquit,
1757 2393 1820 2433 ea
1854 2394 1976 2449 qua:

396 2480 547 2536 sunt,
597 2471 665 2525 iis
694 2485 817 2541 quae
846 2486 954 2524 non
1002 2479 1154 2533 sunt,
1196 2469 1549 2536 antecellunt,
1580 2476 1635 2524 et
1678 2470 1971 2539 participa-

398 2563 579 2618 tioncs
632 2561 1127 2632 participautibus;
1181 2569 1339 2629 tanto.
1362 2559 1505 2615 Deus
1534 2561 1805 2615 antecellit
1845 2575 1973 2616 san-

399 2654 528 2717 ctis,
567 2662 621 2707 et
651 2667 759 2707 non
791 2651 1038 2717 sanctis;
1068 2659 1123 2706 et
1152 2665 1248 2720 per
1280 2666 1338 2704 se
1366 2652 1894 2723 participationlbus,
1921 2666 1976 2710 et

396 2744 871 2815 participantihus.
905 2742 1234 2798 Excellentia
1272 2742 1438 2812 igitur
1465 2743 1557 2798 Dei
1592 2760 1744 2815 teque
1773 2760 1967 2815 perva-

394 2838 474 2892 dit
497 2837 548 2891 iu
580 2834 982 2907 participantia,
1010 2843 1065 2889 et
1089 2848 1184 2905 per
1218 2849 1278 2889 se
1316 2834 1763 2905 participatioues
1785 2816 1882 2903 {et
1918 2836 1970 2892 in

396 2937 608 2992 sancta,
636 2935 730 2982 aut
760 2926 964 2992 divina,
998 2936 1092 2981 aut
1119 2926 1481 2989 dominantia,
1511 2935 1605 2981 aut
1634 2928 1801 2997 regia,
1832 2938 1886 2983 et
1916 2929 1969 2984 in

395 3033 459 3073 ea
490 3033 610 3087 quae
642 3032 750 3072 non
785 3025 913 3073 sunt
946 3015 1094 3070 talia.
1128 3013 1185 3070 Si
1236 3025 1417 3071 autem
1450 3016 1591 3073 Deus
1625 3032 1780 3087 atque
1816 3028 1969 3074 utra-

397 3124 504 3179 que
533 3108 770 3189 excellit,
800 3122 963 3177 quam
992 3107 1258 3161 rationem
1286 3107 1657 3175 productionis
1696 3108 1970 3165 habebunt

396 3216 520 3270 quin
550 3214 655 3255 non
703 3205 833 3254 sunt
865 3208 1075 3263 saneta,
1102 3205 1156 3252 et
1186 3213 1308 3267 qua:
1338 3199 1690 3270 participant,
1724 3203 1969 3257 eamdem

399 3292 677 3347 habebunt
706 3300 918 3354 sancta,
956 3300 1012 3346 et
1039 3305 1135 3360 per
1165 3306 1225 3345 se
1254 3292 1719 3361 participationes,
1754 3295 1899 3364 quod
1926 3294 1974 3350 si

403 3384 496 3439 illa
532 3395 662 3441 sunt
686 3394 952 3442 creaturae
984 3383 1105 3449 Dei,
1134 3391 1189 3438 et
1222 3383 1335 3439 haec
1360 3384 1528 3455 igitur
1558 3396 1686 3442 sunt
1716 3399 1978 3444 creaturas

400 3475 517 3533 Dei.
558 3480 833 3547 Apparcnt
879 3486 1062 3531 tamen
1128 3474 1220 3531 hic
1263 3476 1428 3531 etiam
1465 3477 1844 3548 proprietates,
1885 3479 1978 3534 illa

399 3569 570 3634 enim,
590 3569 641 3624 id
666 3578 770 3632 est,
797 3567 1177 3638 participantia
1200 3577 1253 3621 et
1271 3568 1739 3638 participationes,
1759 3578 1980 3640 propter

398 3660 584 3724 linem,
614 3657 773 3727 cujus
802 3672 993 3722 causa,
1029 3655 1266 3727 perfecta
1298 3664 1447 3720 sunt,
1494 3665 1550 3711 et
1599 3671 1787 3711 eorum
1859 3672 1987 3727 pro-

399 3752 605 3822 prietas
654 3760 741 3806 est
770 3749 878 3804 dici
908 3749 974 3803 ad
1015 3748 1243 3819 aliquid,
1268 3747 1449 3817 aliquo
1478 3747 1639 3802 modo
1667 3761 1727 3803 se
1745 3747 1984 3807 habere;

836 3835 861 3869 φ

473 3891 520 3925 ⁸⁸
544 3890 681 3947 Gen.
711 3906 772 3956 ιι,
804 3888 859 3944 2.

2075 547 2357 613 dicuntur,
2390 547 2703 617 proprietas
2731 556 2836 614 est,
2874 562 2938 602 ex
2965 561 3123 617 aquo
3143 547 3409 604 esseintra
3442 550 3610 622 Deum,

2076 653 2201 693 cum
2232 637 2341 695 illis
2370 653 2491 708 qua:
2532 638 2883 707 participant,
2907 646 2963 693 et
2986 648 3116 694 sunt
3144 654 3237 707 per
3272 654 3329 693 se
3349 642 3612 711 participa-

2076 732 2274 798 tioues,
2316 729 2520 801 quibus
2550 740 2601 786 et
2642 728 2731 783 illa
2780 727 2921 785 facta
2989 737 3142 784 sunt.
3204 727 3459 784 Praeterea
3513 747 3616 789 om-

2077 824 2395 892 nipotentia,
2419 824 2719 893 susceptio,
2743 823 3033 887 auxilium,
3055 832 3109 877 et
3138 822 3360 878 salvatio
3381 823 3423 876 si
3449 824 3497 878 in
3520 824 3614 879 Deo

2077 916 2357 980 dicuntur,
2391 925 2519 969 sunt
2549 930 2655 969 una
2688 930 2814 984 pax,
2846 922 2901 969 et
2924 914 3104 984 quies,
3137 928 3201 968 ac
3227 913 3513 980 silentium;
3543 915 3615 969 sin

2079 1024 2209 1063 vero
2243 1017 2395 1062 extra
2429 1006 2625 1073 Deum,
2648 1015 2703 1061 et
2730 992 2985 1076 tanquam
3013 1004 3377 1060 emanationes
3408 1006 3459 1060 iu
3487 1020 3619 1062 crea-

2080 1081 2252 1163 t'uras,
2308 1098 2373 1153 ad
2421 1097 2750 1160 custodiam,
2781 1106 2837 1151 et
2862 1096 3093 1150 tutelam
3118 1133 3134 1159 ,
3180 1103 3233 1150 et
3274 1096 3545 1159 auxilium,
3573 1105 3619 1151 et

2080 1190 2503 1260 susceptionem,
2537 1199 2592 1245 et
2620 1189 2848 1245 salutem
2879 1189 3152 1258 productae
3176 1226 3191 1252 ,
3222 1186 3275 1241 in
3308 1187 3373 1241 iis
3397 1201 3508 1256 quae
3534 1200 3619 1241 cu-

2078 1282 2417 1347 stodiuntur,
2446 1282 2824 1353 perficiuntur.
2860 1280 3090 1347 Rursus,
3124 1279 3385 1335 sanctitas
3407 1318 3422 1343 ,
3447 1287 3499 1333 et
3535 1278 3620 1334 do-

2083 1375 2343 1439 minatus,
2374 1384 2427 1428 et
2451 1366 2679 1443 regnum
2705 1411 2721 1437 ,
2753 1384 2809 1429 et
2837 1371 3115 1434 divinitas,
3154 1370 3401 1427 absolute
3426 1370 3622 1439 quidem

2084 1466 2139 1520 in
2170 1466 2279 1520 Deo
2313 1465 2473 1520 dicta
2502 1464 2781 1520 silentium
2812 1463 2932 1533 ejus
2961 1472 3094 1518 sunt
3123 1462 3341 1518 beatum
3364 1499 3380 1526 ,
3407 1469 3459 1516 et
3482 1460 3625 1530 supra

2084 1555 2454 1613 substantiam
2492 1571 2507 1609 :
2537 1564 2692 1610 extra
2726 1553 2893 1609 Deum
2930 1569 3079 1620 vero,
3111 1553 3469 1623 praprietates
3497 1552 3625 1607 acci-

2084 1648 2239 1718 piunt
2268 1648 2335 1701 ad
2373 1657 2683 1703 creaturam
2714 1654 3050 1717 spectantes;
3078 1646 3192 1709 illa,
3223 1646 3275 1700 id
3301 1654 3405 1709 est,
3445 1644 3626 1699 sancti-

2087 1749 2192 1805 tas,
2227 1738 2475 1795 liberatio
2510 1747 2594 1795 est
2642 1738 2710 1793 ab
2748 1739 2899 1793 omni
2939 1739 3144 1795 scelere
3174 1746 3228 1792 et
3275 1736 3509 1803 macula;
3542 1737 3627 1791 do-

2078 1832 2316 1886 minatus
2349 1830 2661 1886 ﬂrmitatem
2696 1846 2878 1886 veram
2902 1871 2919 1897 ,
2945 1838 3000 1885 et
3046 1831 3113 1883 ab
3148 1831 3487 1900 prolapsione
3513 1831 3629 1884 Iibec

2079 1939 2192 1977 ram
2224 1922 2478 1988 exhibet;
2505 1938 2727 1994 regnum
2759 1933 2843 1977 est
2875 1923 3190 1980 distributio
3218 1923 3396 1982 omnis
3424 1920 3623 1991 regula,

2078 2024 2133 2070 et
2172 2016 2478 2071 ornamenti
2503 2059 2517 2081 ,
2554 2023 2609 2070 et
2658 2016 2817 2086 juris,
2854 2023 2909 2069 et
2951 2016 3197 2080 ordinis;
3228 2015 3476 2069 divinitas
3520 2026 3630 2068 vero

2079 2108 2419 2177 providentia
2471 2108 2655 2161 omnia
2704 2108 3121 2177 contemplans,
3186 2118 3243 2162 et
3289 2107 3529 2162 similiter
3582 2106 3627 2161 in

2077 2200 2219 2263 aliis,
2258 2200 2304 2255 si
2353 2200 2477 2269 quis
2520 2215 2549 2255 a
2599 2199 2847 2255 moribus
2902 2208 2957 2255 ct
2995 2198 3307 2255 actionibus
3342 2198 3435 2253 Dei
3477 2198 3633 2253 nomi-

2078 2303 2208 2343 nare
2242 2299 2431 2360 pergat
2476 2289 2821 2344 divinitatem
2867 2302 2990 2359 quas
3041 2297 3123 2341 est
3169 2301 3334 2355 supra
3366 2300 3519 2356 quam
3547 2298 3631 2339 ex-

2085 2380 2260 2449 promi
2296 2382 2471 2450 po‘ssit
2501 2380 2617 2434 sive
2647 2378 2964 2435 allirmando
2986 2380 3099 2434 sive
3122 2378 3388 2449 negando,
3420 2387 3632 2447 etsupra

2080 2485 2246 2541 quam
2279 2471 2530 2541 intelligi,
2566 2480 2621 2527 et
2654 2486 2820 2542 supra
2850 2471 3241 2526 substantiam.

2700 2580 2929 2639 CAPUT
2961 2581 3031 2637 X.

2077 2672 2157 2730 De
2182 2676 2503 2745 aequalitate,
2548 2675 2883 2747 perfectione,
2908 2676 3127 2747 unitate,
3161 2684 3212 2730 et
3245 2691 3359 2747 qua:
3390 2690 3557 2731 eorum
3586 2674 3634 2730 in

2605 2746 2755 2799 rebus
2782 2746 3141 2813 proprietates.

2145 2836 2369 2905 Magnus
2404 2837 2714 2908 Dionysius,
2745 2852 2869 2906 cap,
2908 2836 2941 2891 9
2987 2836 3063 2894 De
3088 2840 3284 2895 divinis
3324 2840 3631 2895 nominibus.

2075 2927 2131 2982 Si
2151 2930 2273 2998 quis
2300 2944 2429 2983 vero
2448 2928 2662 2999 ,inquit,
2685 2931 2739 2985 in
2770 2933 2973 2988 sanctis
3002 2931 3300 3004 Scripturis
3330 2944 3635 3000 nomeu,quo

2075 3020 2217 3076 Deus
2246 3024 2558 3077 nominatur
2608 3022 2771 3089 idem,
2794 3032 2847 3079 et
2878 3040 2987 3095 quo
3039 3026 3353 3080 nominatur
3377 3025 3565 3096 justus,
3587 3023 3633 3077 iu

2075 3112 2291 3165 nomine
2306 3112 2509 3177 divino,
2540 3129 2648 3184 quo
2678 3115 2989 3169 nominatur
3015 3116 3263 3185 aqualis,
3297 3115 3533 3185 accipiat,
3560 3113 3636 3168 dl-

2076 3205 2305 3258 cendum
2337 3213 2441 3269 est,
2462 3205 2629 3261 Deum
2659 3221 2779 3261 esse
2814 3208 3078 3279 aequalem
3112 3223 3220 3261 non
3267 3208 3441 3263 solum
3475 3215 3532 3260 ut
3553 3219 3635 3261 ex-

2081 3307 2285 3365 pertem
2315 3299 2572 3367 partium,
2604 3309 2657 3355 et
2680 3300 2773 3369 qui
2801 3314 2829 3353 a
2858 3309 3009 3355 recto
3040 3299 3320 3354 declinare
3347 3314 3448 3353 non
3466 3297 3637 3366 possit,

2081 3387 2175 3444 sed
2209 3395 2267 3443 ut
2302 3389 2354 3443 in
2384 3392 2567 3445 omnia
2589 3400 2643 3445 et
2685 3407 2781 3461 per
2818 3392 2998 3446 omnia
3031 3392 3315 3461 aequaliter
3368 3398 3634 3451 meantem,

2083 3488 2137 3534 et
2168 3488 2227 3533 ut
2256 3495 2352 3549 per
2378 3492 2437 3536 se
2454 3482 2781 3550 :equalitatis
2800 3482 3137 3547 eﬂectorem,
3162 3484 3457 3538 secundum
3493 3493 3636 3550 quam

2098 3574 2378 3644 asqualiter
2406 3584 2667 3644 operatur
2700 3575 2931 3631 similem
2992 3575 3237 3629 omnium
3266 3590 3362 3645 per
3389 3574 3498 3644 ipsa
3518 3574 3638 3627 inter

2100 3680 2159 3721 se
2181 3667 2452 3722 incessum
2480 3666 2635 3736 (2).et
2654 3668 3121 3737 participationem
3143 3666 3424 3736 aequaliter
3444 3662 3640 3734 partici-

2100 3760 2431 3829 pantium,ut
2453 3760 2707 3832 quodque
2727 3774 2914 3815 eorum
2964 3768 3148 3831 aptum
3173 3769 3257 3817 est
3279 3758 3379 3831 (ὅ),
3401 3765 3453 3814 et
3482 3769 3637 3827 arqua-

1880 3937 2158 4055 SCholia.

451 4088 527 4160 (l)
555 4087 787 4142 Cessavit
819 4087 881 4140 ab
904 4084 1045 4140 omni
1066 4101 1236 4157 apere.
1270 4084 1466 4160 creare
1488 4098 1593 4160 non
1622 4085 1795 4160 solum
1816 4087 1984 4158 signi-

400 4153 527 4218 ﬂeat
573 4160 751 4213 facere
806 4173 870 4210 ex
907 4172 1012 4211 non
1055 4153 1197 4221 cute,
1222 4165 1280 4209 ut
1309 4156 1508 4224 impius
1542 4153 1841 4215 Eunomius
1869 4153 1983 4213 ira-

402 4233 585 4293 tlebat;
643 4229 735 4298 qui
771 4228 973 4283 idcirco
999 4227 1175 4298 aiebat
1236 4240 1342 4279 non
1364 4224 1475 4298 jam
1528 4224 1739 4298 animas
1797 4230 1977 4285 creari

409 4301 504 4358 sed
553 4295 823 4369 generari.
868 4313 1066 4369 exquo
1112 4297 1255 4351 Deus
1304 4295 1660 4369 requierisset
1703 4298 1769 4350 ab
1832 4298 1981 4353 omni

400 4362 736 4441 opere'quiod
759 4362 994 4441 creando
1029 4374 1291 4435 patrai'at;
1346 4362 1451 4441 sed.
1481 4363 1789 4441 significat,
1814 4369 1979 4423 etiam

406 4430 585 4525 facere
608 4430 1065 4525 aliquiil‘nqvuni,
1090 4444 1149 4488 ut
1180 4435 1385 4488 notavit
1409 4430 1987 4518 Nemesius,Adaman-
2011 4462 2064 4525 Ι)

401 4511 534 4574 tius,
569 4506 664 4561 lib.
697 4522 757 4569 ιι,
802 4505 873 4560 De
900 4507 1138 4574 homine:
1205 4520 1235 4555 a
1286 4519 1393 4572 quo
1446 4517 1640 4570 genere
1694 4507 1985 4560 creationis

404 4573 537 4634 dicit
569 4591 812 4632 cessasse
842 4575 1056 4644 quidem
1088 4573 1278 4644 Deum,
1305 4574 1446 4626 sicut
1489 4574 1750 4639 scriptum
1796 4586 1880 4629 est
1908 4578 1982 4644 fin

404 4649 730 4704 Ecclesiaste
758 4642 898 4713 (cap.
936 4643 955 4696 l
1000 4646 1039 4710 ):
1108 4642 1250 4696 Nihil
1278 4656 1492 4713 novum
1519 4643 1619 4713 sub
1678 4647 1813 4701 δυΙρ,
1876 4643 1987 4700 Nec

368 4714 374 4728 '
403 4719 549 4772 cnim
569 4716 653 4769 vel
693 4708 1021 4786 resurrectio
1042 4715 1419 4782 corporuin(ut
1447 4708 1825 4786 aitGregorius
1846 4714 1986 4786 Nys-

406 4802 572 4842 senus
599 4788 745 4839 hunc
774 4785 949 4838 locum
1011 4784 1397 4853 interpretans)
1431 4783 1634 4853 aliquid
1680 4787 1802 4837 novi
1860 4783 1985 4846 erit,

405 4857 501 4913 sed
540 4856 809 4911 restitutio
848 4855 899 4907 in
930 4855 1224 4925 pristinum
1272 4859 1495 4916 statum;
1531 4852 1756 4925 idcirco,
1792 4856 1983 4923 inquit,
2015 4890 2027 4901 ι

406 4925 687 4996 sulijungit
722 4921 1129 4996 Ecclesiastes:
1188 4921 1353 4976 Extra
1405 4932 1560 4996 verus
1603 4924 1735 4996 nihil
1767 4921 1876 4991 est,
1911 4927 1989 4979 sic

403 4992 654 5053 extititest
688 4996 827 5063 apud
882 4993 1023 5048 LXX
1087 4994 1430 5060 interpretes.
1460 4992 1653 5045 'Creari
1690 5009 1820 5062 ergo
1868 4995 1990 5048 aui-

406 5082 552 5122 mam
586 5080 694 5119 non
722 5062 809 5119 est
835 5080 1053 5129 novum,
1080 5065 1171 5117 sed
1197 5063 1299 5117 tale
1317 5062 1468 5132 quid,
1494 5062 1655 5130 quale
1677 5080 1706 5117 a
1725 5065 1990 5132 principio

406 5137 607 5193 factum
641 5145 743 5196 est,
777 5149 898 5188 cum
929 5134 1053 5188 fecit
1085 5134 1224 5187 Deus
1256 5131 1546 5193 hominem,
1582 5140 1636 5185 et
1692 5131 1988 5187 secundum

406 5208 714 5276 imaginem
735 5204 828 5276 Dei
882 5204 1177 5264 feriteum,
1210 5203 1376 5276 sicut
1406 5214 1620 5276 semper
1671 5202 1799 5256 facit
1856 5204 1989 5276 nihil

409 5272 647 5354 varians.
689 5274 859 5354 Desiit
882 5279 1062 5354 itaque
1073 5272 1822 5354 crearehprimordiarermn,
1850 5274 1993 5354 unde

409 5347 550 5401 idem
586 5345 944 5401 Ecclesiastes
976 5340 1175 5398 ibidem
1216 5360 1229 5395 :
1261 5340 1400 5406 Quid
1433 5350 1534 5404 est,
1599 5342 1796 5411 inquit,
1848 5343 1990 5410 quod

408 5416 542 5471 fuit?
569 5417 749 5486 ipsum
776 5419 919 5483 quod
951 5413 1195 5486 futurum
1231 5421 1332 5466 est.
1368 5412 1601 5486 Quidesl
1627 5413 1771 5481 quod
1793 5414 1991 5465 factum

407 5486 541 5541 est?
585 5480 807 5556 :ipsutn'
848 5486 993 5556 quod
1062 5482 1362 5556 faciendum
1395 5498 1411 5546 ;
1447 5480 1620 5556 nihili
1636 5480 1830 5556 novum
1894 5486 1994 5535 sub

407 5561 546 5611 sole.
578 5550 1025 5625 Si'gti'tlicat’eniiu
1064 5557 1145 5625 (ut
1172 5553 1311 5625 ali_us
1333 5554 1561 5625 quidam
1581 5550 1869 5621 Gregorius
1898 5556 1994 5614 ait,

410 5636 566 5681 vetus
598 5620 663 5679 ef
682 5628 899 5693 elegans
928 5620 1194 5693 interpres
1223 5620 1444 5676 Graccus
1477 5620 1632 5690 cujus
1664 5620 1995 5690 cognomen-

340 5702 345 5707 ’
410 5707 522 5751 tum
556 5692 796 5749 nonduin
868 5692 1210 5764 reperifnon
1241 5692 1415 5747 solum
1448 5706 1508 5745 ea
1539 5709 1655 5760 quae
1683 5711 1708 5742 ει
1734 5693 1998 5762 priinipio

412 5769 551 5820 iacta
582 5778 707 5821 sunt
736 5767 1048 5821 servitutem
1064 5780 1219 5820 suam
1250 5777 1373 5832 erga
1418 5774 1694 5818 auctorem
1716 5778 1871 5818 suum
1908 5776 2000 5817 ue-

2093 4100 2414 4164 monstrare,
2440 4091 2693 4164 illiusque
2723 4090 2986 4164 infinitam
3006 4094 3351 4164 sapientiam,
3370 4094 3634 4164 potentiam

2093 4173 2149 4217 et
2173 4162 2624 4232 magnificentiam
2653 4162 2860 4225 testari,
2888 4176 3074 4216 verum
3094 4163 3254 4217 etiam
3275 4162 3395 4232 quae
3424 4166 3636 4219 nonduin

2094 4231 2384 4295 exsistunt,
2412 4231 2505 4284 sed
2554 4229 2735 4284 futura
2776 4243 2924 4295 sunt,
2980 4232 3095 4299 ipsa
3125 4229 3343 4300 quoque
3399 4235 3638 4288 rationein

2094 4302 2327 4365 ordinis,
2364 4300 2724 4367 subiectionis
2761 4310 2814 4354 et
2845 4300 3166 4354 obedientize
3207 4304 3420 4355 illorum
3462 4306 3639 4371 primo-

2094 4386 2217 4425 rum
2242 4386 2370 4440 erga
2403 4380 2677 4425 auctorem
2715 4385 2875 4440 suum
2913 4381 3165 4440 secutura
3215 4387 3357 4427 esse:
3394 4373 3461 4426 ita
3493 4383 3543 4427 ut
3567 4372 3640 4427 ni-

2092 4441 2165 4494 hil
2196 4437 2382 4494 eorum
2416 4456 2534 4508 quae
2561 4447 2688 4493 sunt
2718 4438 2918 4504 futura,
2943 4450 3036 4492 aut
3066 4437 3330 4506 facienda,
3364 4442 3442 4494 vel
3468 4457 3639 4495 crean-

2088 4512 2176 4577 da,
2212 4511 2485 4581 diversum
2517 4508 2585 4562 ah
2618 4510 2683 4563 iis
2726 4522 2844 4577 quae
2888 4509 3122 4581 primum
3164 4508 3301 4581 facta
3334 4521 3473 4575 sunt,
3506 4512 3637 4581 inve-

2089 4581 2270 4634 niatur
2294 4597 2307 4632 :
2338 4579 2447 4633 imo
2470 4583 2768 4632 secundum
2794 4580 2987 4631 seriem
3018 4580 3205 4645 priruis
3240 4580 3347 4634 illis
3372 4596 3400 4633 a
3427 4580 3637 4646 potentia

2091 4651 2181 4705 Dei
2200 4650 2757 4717 omniumoperatrice
2772 4656 2827 4701 et
2842 4648 3548 4718 gubernatriceimpositam,
3563 4664 3640 4702 or-

2091 4729 2201 4773 tum
2223 4730 2275 4773 et
2292 4729 2493 4772 motum
2512 4734 2575 4771 ac
2591 4719 3059 4787 conservationem
3083 4720 3330 4771 habitura
3352 4735 3465 4773 esse
3488 4732 3638 4787 usque

2092 4791 2158 4842 ad
2185 4790 2558 4859 praescriptum
2583 4803 2611 4840 a
2638 4786 2747 4840 Deo
2767 4787 2928 4859 linem
2954 4788 3217 4859 omnium;
3245 4790 3482 4855 nihilque
3503 4786 3639 4856 pror-

2093 4856 2583 4928 susrcperie'ndum
2602 4872 2743 4919 esse,
2765 4856 2907 4925 quod
2923 4857 3085 4928 alium
3104 4869 3301 4923 ortum,
3321 4870 3413 4913 aut
3435 4868 3637 4916 motum,

2091 4943 2183 4983 aut
2214 4927 2458 4983 ordinem
2503 4928 2717 4996 habeat,
2750 4928 2889 4978 unde
2910 4927 3290 4996 pessitaliquis
3318 4931 3635 4982 occasionem

2091 5013 2307 5053 sumere
2329 4997 2562 5051 dicendi:
2584 4994 2697 5048 lloc
2718 5011 2923 5049 novum
2939 5007 3039 5049 est.
3058 4994 3328 5052 Hactenus
3344 5002 3635 5053 isteauctor.

2172 5070 2249 5138 (‘2)
2284 5068 2433 5122 Inter
2472 5083 2526 5119 se
2555 5068 2835 5138 incessunt.
2859 5065 2940 5138 _lu
2968 5068 3360 5120 elementorum
3409 5066 3636 5119 mistione
3670 5104 3673 5107 -

2092 5136 2342 5193 versatur
2362 5136 2673 5202 hujusniodi
2698 5136 3134 5205 aequalitas,qu:e
3162 5140 3205 5191 si
3229 5151 3335 5191 nou
3360 5143 3517 5192 esset.
3540 5148 3632 5187 non

2095 5209 2286 5262 fierent
2340 5208 2722 5278 generationes
2752 5206 3051 5278 inmundo,
3085 5206 3129 5258 si
3162 5208 3306 5259 enim
3343 5207 3548 5278 aliquod
3578 5217 3633 5278 ex

2096 5273 2385 5333 clementis
2411 5286 2701 5346 exsuperet
2724 5292 2787 5328 ac
2814 5275 3103 5341 redundet,
3126 5276 3486 5346 corrumpitur
3508 5273 3633 5342 quod

2131 5358 2407 5405 oneratur.

2094 5364 2407 5417 generatur.

2170 5419 2245 5487 t5)
2285 5417 2349 5473 Ut
2388 5419 2626 5483 quodque
2654 5425 2835 5485 aptum
2897 5425 2993 5479 est,
3030 5423 3078 5468 et
3104 5432 3198 5484 pro
3227 5417 3498 5486 dignitate.
3532 5409 3625 5464 Hoc

2096 5488 2229 5543 dicit
2248 5499 2463 5558 propter
2486 5490 2849 5556 a‘quahtatem
2871 5489 3254 5555 prepurtionis,
3276 5490 3389 5539 sive
3405 5487 3635 5558 quaesout

2100 5551 2286 5613 natura
2304 5551 2456 5624 liant,
2470 5551 2585 5613 sive
2603 5573 2697 5625 per
2712 5551 2961 5626 gratiam,
2975 5551 3041 5608 ut
3058 5572 3163 5609 non
3184 5571 3372 5609 omnes
3386 5551 3635 5626 aéiiualitrr

2100 5630 2479 5687 illutniuautur
2507 5644 2535 5681 a
2560 5624 2673 5681 sole
2697 5624 2797 5680 nec
2822 5640 3008 5679 omnes
3024 5629 3302 5691 aequaliter
3318 5624 3632 5678 sanctiﬁcan-

2099 5711 2209 5767 tur,
2235 5699 2324 5755 sed
2350 5698 2720 5769 proportione,
2747 5697 2923 5767 utapti
2940 5706 3085 5763 sunt,
3105 5698 3353 5767 autdigui
3374 5698 3629 5749 habentur.
