3860 6598
211 439 280 504 Sil
790 430 1029 491 DECAS
1062 427 1160 489 VI.
1191 451 1261 462 -
1311 427 1408 486 DE
1443 422 2087 486 APPARITIONIBUS
2116 423 2363 486 DIVINI
2401 425 2750 485 LUMlNlS.

3292 421 3392 485 842
3462 483 3464 485 .

210 544 476 604 sttlslantiis
529 559 700 612 usque.
758 545 822 594 ad
857 553 1129 596 extremas
1161 539 1430 609 pervadit,
1460 547 1514 591 et
1545 536 1720 590 adhuc
1751 537 1796 592 A
1826 539 1975 601 dum,
2013 537 2208 601 inquit,
2238 546 2320 593 est
2349 535 2550 597 dicere.
2580 546 2634 590 et
2671 536 3104 603 investigandum
3141 535 3192 589 in
3219 538 3390 604 prima

208 657 332 706 supra
363 651 540 691 omnes
571 644 674 698 est,
710 639 781 685 ita
819 642 871 686 ut
906 647 1080 702 neque
1103 631 1414 700 superiores
1446 644 1616 697 usque
1654 627 1720 681 ad

207 733 316 784 illius
340 727 700 781 excellentiam
722 727 1048 793 pertingant,
1078 738 1176 777 nec
1197 720 1486 777 inferiores
1514 735 1622 773 non
1652 719 1719 773 ab

205 823 268 873 illa
285 818 678 880 contineantur;
710 816 838 882 quin
869 815 1048 884 potius
1073 813 1254 867 omnia
1276 828 1397 882 quae
1429 810 1721 866 illuminari

203 917 405 980 possunt,
445 908 730 968 illuminat,
769 917 821 958 et
850 915 1020 967 creat,
1043 915 1095 958 et
1135 905 1298 958 vitam
1327 905 1436 967 dat,
1467 912 1519 955 et
1548 900 1723 955 conti-

203 1014 286 1061 net,
316 1012 362 1053 et
388 999 588 1066 perficit
618 1017 630 1062 ;
665 1007 716 1050 et
743 1013 995 1050 mensura
1025 1005 1322 1049 esteorum
1354 1009 1472 1062 quae
1501 1002 1647 1054 sunt,
1671 1001 1724 1044 et

199 1107 355 1155 avum,
375 1100 425 1144 et
457 1105 736 1152 numerus,
759 1099 814 1141 et
839 1090 995 1152 nrilo,
1013 1096 1066 1142 et
1099 1087 1438 1154 complexus,
1457 1094 1508 1136 et
1535 1099 1720 1146 causa,

199 1190 325 1248 atque
347 1179 499 1232 finis:
530 1177 611 1231 sic
639 1179 801 1230 etiam
837 1176 1025 1245 ingens
1057 1175 1180 1240 iste,
1229 1183 1283 1228 et
1312 1185 1454 1228 totus
1489 1174 1723 1241 splendi-

200 1274 290 1338 dus,
324 1286 380 1325 ac
413 1284 627 1338 Semper
675 1269 863 1322 lucens
893 1268 974 1321 sol
1011 1269 1189 1336 imago
1234 1280 1488 1335 expressa
1528 1273 1612 1317 est
1644 1264 1725 1316 di-

200 1365 303 1416 vina:
327 1362 593 1424 bonitatis,
611 1369 884 1429 quatenus
910 1359 1286 1413 tenuissimum
1311 1357 1437 1426 quid
1463 1356 1608 1439 illus
1632 1357 1726 1408 bo-

200 1455 241 1508 ni
264 1459 308 1508 itt
337 1468 396 1507 eo
422 1453 609 1520 procul
631 1461 851 1506 resonat
871 1450 972 1519 (1),
994 1459 1048 1504 et
1076 1449 1260 1502 omnia
1296 1464 1417 1516 qua:
1449 1463 1572 1499 eum
1605 1461 1725 1514 par—

199 1547 384 1612 ticipare
412 1555 658 1612 possunt.
711 1545 963 1605 illustrat,
996 1552 1050 1596 ct
1110 1542 1293 1595 lnmett
1359 1541 1519 1594 habet
1553 1554 1718 1608 supra

197 1649 458 1700 Pllt'llsull‘l,
477 1637 617 1705 quod
639 1637 690 1692 itt
719 1637 1028 1690 universum
1053 1635 1313 1689 mundum
1345 1634 1436 1702 qtti
1462 1633 1722 1696 cernitur,

199 1739 282 1782 llllll
310 1728 658 1795 superiorem,
697 1738 809 1779 tum
873 1727 1208 1781 inferiorem.
1249 1724 1539 1790 splendore
1575 1723 1721 1776 radi-

196 1835 316 1870 orum
349 1834 565 1870 suorum
591 1816 914 1886 multiplicat
941 1835 953 1869 :
988 1816 1107 1870 etsi
1139 1817 1268 1884 quid
1297 1831 1420 1868 eum
1461 1829 1565 1868 non
1595 1829 1720 1883 par-

197 1911 366 1978 tiripal,
406 1925 508 1963 non
539 1919 620 1963 est
661 1909 714 1962 in
745 1924 913 1963 causa
959 1908 1302 1963 imbecillitas
1340 1915 1432 1959 aut
1480 1907 1719 1960 tenuitas

196 2004 426 2058 iat'ttltalis
453 2003 817 2066 illuminaudi,
849 2004 940 2059 seti
981 2005 1162 2072 potius
1204 2018 1312 2056 non
1345 2016 1466 2057 esse
1497 2002 1718 2070 expedi-

196 2088 280 2148 tum
299 2095 358 2148 ad
377 2094 842 2164 participationem
876 2093 1123 2157 luminis,
1168 2093 1292 2161 quia
1337 2107 1444 2146 non
1497 2093 1567 2146 sit
1597 2092 1718 2146 ido-

199 2201 326 2239 neum
360 2188 422 2241 ad
459 2188 852 2241 admittendum
889 2186 1043 2241 illud.
1074 2189 1151 2240 Ac
1213 2200 1398 2239 revera
1438 2185 1604 2238 multa
1640 2187 1720 2239 sic

193 2287 308 2342 situt,
352 2295 466 2347 qua:
501 2279 686 2331 radius
718 2279 847 2332 solis
873 2289 1316 2348 prsetcrgressus,
1365 2275 1452 2330 illa
1476 2291 1599 2345 quae
1641 2276 1721 2328 ul-

199 2379 260 2420 tra
279 2381 422 2432 sunt,
483 2369 786 2434 illuminat;
815 2379 870 2422 et
920 2367 1051 2422 nihil
1083 2376 1164 2422 cst
1195 2382 1387 2421 eorum
1421 2365 1718 2435 quaecerni

194 2471 404 2528 possunt,
433 2475 544 2530 quo
577 2477 684 2512 non
741 2459 1013 2530 pertingat
1053 2459 1154 2523 sol,
1207 2471 1266 2514 ut
1297 2469 1382 2514 est
1413 2459 1606 2526 ingens
1640 2458 1720 2512 vis

192 2551 455 2619 splendoris
479 2553 584 2605 sui.
620 2549 762 2616 Quin
795 2553 958 2604 etiam
991 2549 1058 2603 ad
1094 2561 1274 2602 ortum
1300 2564 1590 2618 corporum
1618 2548 1720 2601 Sttl)

194 2661 377 2700 sensum
405 2647 715 2700 cadentium
742 2646 982 2711 confert,
1007 2654 1063 2700 et.
1098 2660 1157 2700 ea
1211 2653 1392 2698 movet
1433 2645 1498 2698 ad
1526 2647 1716 2707 vitmn,

195 2739 346 2797 nutrit.
382 2748 558 2808 auget.
617 2739 851 2808 perlicit,
907 2747 965 2793 et
991 2745 1208 2808 purgat,
1240 2751 1304 2791 ac
1353 2745 1610 2800 renovat;
1668 2744 1722 2790 et

195 2846 409 2885 tuensura
457 2842 538 2885 est
565 2846 630 2884 ac
677 2845 937 2885 numerus
979 2829 1262 2898 horarum,
1299 2837 1351 2882 et
1383 2827 1618 2891 dierum,
1667 2835 1723 2880 et.

192 2923 338 2977 omnis
380 2925 547 2978 nostri
583 2923 839 2992 temporis
863 2923 988 2992 (hoc
1030 2921 1174 2977 enim
1212 2930 1295 2975 est
1327 2919 1458 2974 illud
1512 2919 1718 2978 lumen,

195 3018 372 3070 tametsi
402 3026 529 3070 tunc
563 3032 670 3068 non
691 3025 808 3068 erat
833 3015 1142 3084 figuratum,
1167 3014 1310 3084 quod
1343 3013 1478 3066 dixit
1502 3011 1722 3065 divinus

195 3101 370 3174 Moysi-5
396 3106 715 3160 distinxisse
737 3104 865 3158 illud
895 3104 1134 3173 primum
1167 3103 1380 3156 dierum
1410 3111 1720 3154 nostrorum

194 3195 442 3261 triduum),
480 3197 623 3250 unde
645 3198 819 3265 ἣλιος.
856 3196 908 3250 id
939 3205 1044 3260 est,
1076 3194 1178 3260 sol,
1204 3195 1380 3249 dictus
1421 3201 1530 3254 est,
1575 3192 1718 3260 quod

194 3287 345 3339 omnia
378 3287 499 3340 facit
553 3287 742 3357 ἀολλῆ,
772 3288 822 3342 id
852 3296 955 3352 est,
1009 3286 1192 3341 omnia
1245 3293 1428 3341 servat
1465 3285 1638 3347 salva,
1669 3292 1723 3336 et

194 3391 452 3450 congregat
499 3380 747 3449 dispersa
780 3397 795 3445 ;
828 3390 882 3435 et
907 3381 1090 3433 omnia
1124 3394 1245 3448 quae
1299 3376 1566 3433 sentiendi
1614 3383 1721 3428 vim

195 3467 366 3524 habent
404 3486 524 3525 cum
559 3481 842 3540 appetunt,
916 3470 1002 3525 vel
1032 3480 1091 3524 ut
1125 3469 1361 3535 videant,
1390 3471 1468 3523 vel
1521 3480 1578 3522 nt
1608 3484 1722 3521 mo-

195 3570 407 3628 vcantur,
429 3574 481 3618 et
513 3563 908 3626 illuminentur,
940 3571 993 3616 et
1011 3561 1306 3626 calescant,
1331 3569 1384 3613 et
1409 3560 1642 3628 denique
1667 3566 1726 3612 ut

194 3655 562 3719 contineantur,
591 3664 647 3709 et
665 3661 1058 3709 conserventur
1075 3668 1104 3706 a
1125 3652 1239 3708 Sole
1269 3668 1284 3706 :
1315 3667 1420 3705 non
1445 3653 1550 3704 huc
1572 3651 1720 3716 dico,

195 3754 241 3796 ut
263 3746 539 3814 antiquitas
561 3743 936 3808 existimabat,
966 3743 1111 3812 quod
1145 3743 1224 3798 sol
1253 3743 1324 3796 sit
1349 3742 1510 3802 Deus.
1546 3751 1600 3796 ct
1628 3757 1728 3796 au-

195 3847 290 3888 t‘lur
316 3837 566 3896 universi.
605 3837 700 3906 qui
750 3837 894 3892 hunc
919 3837 1177 3890 mundum
1221 3849 1383 3904 quem
1423 3834 1722 3894 cernimus,

196 3942 379 3996 proprie
401 3929 684 3998 gubernet,
719 3929 810 3983 sed
847 3930 1029 3998 potius
1058 3927 1204 3998 quod
1245 3925 1538 3981 invisibilia
1574 3925 1664 3980 Dei
1693 3941 1725 3980 a

194 4028 411 4071 creatura
454 4019 639 4071 mundi
683 4034 778 4088 per
809 4034 870 4072 ea
923 4031 1045 4087 quae
1095 4017 1234 4071 facta
1269 4025 1418 4077 sunt,
1455 4014 1723 4069 intellecta

194 4111 591 4179 conspiciuntur,
619 4112 944 4180 sempiterna
977 4124 1198 4180 quoque
1233 4107 1354 4177 ejus
1374 4107 1545 4161 virtus
1562 4114 1612 4158 et
1640 4107 1726 4158 di-

191 4203 382 4257 vinitas.
415 4203 485 4257 Ex
514 4205 722 4274 quibus
755 4211 923 4272 patet,
954 4216 1113 4256 omne
1163 4200 1344 4254 lumen
1373 4198 1517 4270 quod
1550 4197 1725 4252 cerni-

192 4301 264 4344 tur
289 4311 312 4346 a
341 4293 439 4348 Deo
463 4295 664 4350 factum
710 4309 864 4361 esse;
893 4302 948 4347 et
975 4294 1144 4348 solem
1176 4307 1298 4347 esse
1329 4290 1512 4345 multis
1547 4288 1726 4344 modis

189 4395 232 4437 et
263 4389 547 4444 rationibus
581 4389 873 4457 imaginem
929 4385 1187 4441 bonitatis
1218 4383 1342 4438 Dei:
1370 4381 1532 4437 simul
1558 4382 1723 4436 etiam

189 4477 585 4534 demonstratum
623 4488 729 4543 est,
762 4478 1224 4549 quemadmodum
1263 4489 1389 4530 cum
1425 4473 1565 4528 Deus
1591 4471 1729 4526 dixit

1823 628 2204 698 explanatione
2239 628 2554 698 ﬁgurarum,
2587 642 2758 697 quare
2792 635 2977 682 sancta
3018 627 3301 692 Scriptura
3339 631 3390 681 iu

1823 721 2124 790 figurandis
2149 721 2354 788 angelis
2379 721 2670 789 imaginem
2697 719 2911 787 igneam
2946 718 3057 774 fere.
3093 736 3200 787 pzte
3233 732 3390 772 eane-

1823 811 1900 864 ris
1931 809 2259 880 imaginibus
2294 811 2560 863 honorare
2593 811 2884 878 reperitur.
2921 810 3177 878 [ἱερατίας
3215 813 3393 876 itaqu:

1822 918 1941 955 eam
1974 918 2079 956 non
2134 903 2490 976 soluiri,rotas
2525 903 2708 970 igneas
2739 903 3105 966 eﬂingentezn,
3147 903 3240 956 sed
3279 904 3366 954 atii

1827 997 1985 1048 malia
2017 1010 2080 1048 ex
2108 995 2252 1062 igne,
2285 1005 2338 1048 et
2388 995 2534 1049 viros
2565 996 2740 1049 instar
2799 997 2938 1065 ignis
2973 995 3184 1061 fulgore
3216 995 3380 1048 collu-

1825 1097 2030 1152 Centes,
2072 1096 2186 1143 tum
2212 1102 2436 1140 acervos
2469 1088 2766 1141 carbonum
2795 1089 2932 1155 ignis
2963 1088 3111 1141 circa
3145 1087 3344 1141 cmlest'
3369 1103 3394 1139 ει

1826 1173 2164 1229 substantias
2195 1185 2510 1242 ponentem,
2539 1175 2804 1230 etlluvios
2839 1178 2957 1246 igni
2994 1180 3271 1240 ardentes,
3293 1178 3394 1228 ειη.

1826 1277 1949 1336 petn
1995 1267 2087 1335 qui
2118 1265 2360 1321 cohiberi
2394 1281 2500 1321 non
2542 1269 2734 1334 possit,
2793 1267 3161 1335 profluentes;
3205 1270 3314 1322 imo
3343 1280 3394 1323 rt

1825 1357 1982 1409 sedes
2011 1356 2087 1409 ait
2129 1356 2314 1425 igneas
2343 1371 2504 1420 esse;
2535 1366 2590 1408 et
2624 1357 2770 1425 ipsus
2809 1371 3095 1424 supremos
3131 1359 3357 1426 Scraphi

1828 1460 1924 1497 nos
1957 1440 2174 1499 urentes
2224 1447 2660 1514 reprarsentat“.
2697 1455 2756 1500 ut
2791 1462 2986 1501 nomen
3031 1449 3288 1513 declarat,
3330 1464 3396 1501 ae
3479 1452 3484 1458 ’

1823 1538 2211 1605 proprietatem
2239 1538 2376 1607 ignis
2407 1548 2459 1591 et
2488 1537 2830 1592 ellicientiam
2862 1540 2972 1615 illis
2997 1541 3216 1605 tribuit;
3247 1541 3367 1593 (ιι-ιιὶ
3394 1569 3399 1575 -

1824 1646 1929 1696 quo
1965 1645 2129 1700 supra
2160 1640 2214 1683 et
2267 1629 2407 1684 infra
2450 1631 2524 1701 (id
2561 1643 2660 1695 cat,
2693 1634 2917 1702 ubique)
2950 1635 3116 1702 ignea:
3145 1635 3397 1706 iinagini-i

1828 1718 2211 1772 formationem
2247 1722 2519 1788 praecipue
2551 1725 2806 1776 bonorat.’
2835 1723 3056 1793 lgnrum
3108 1727 3294 1795 igitur,
3339 1738 3398 1780 ιιι

1827 1811 2084 1873 arbitror,
2107 1797 2354 1878 designat
2381 1811 2671 1866 maximam
2703 1813 2758 1867 in
2790 1815 3061 1870 mentibus
3081 1817 3398 1870 caelestibm

1757 1886 1795 1938 Β
1825 1901 1914 1954 Dei
1941 1902 2352 1956 similitudinem
2376 1921 2388 1966 ;
2428 1904 2566 1958 sacri
2587 1908 2728 1958 enim
2753 1907 2982 1976 theologi
3008 1910 3395 1967 subsrantiam.

1820 2009 1941 2063 quae
1962 2008 2127 2062 supra
2157 1995 2514 2048 substantiam
2539 2006 2638 2056 est,
2655 1997 2772 2051 sine
2794 1999 2984 2068 forms,
3000 2003 3134 2053 mult
3158 2003 3207 2055 si
3223 2023 3245 2051 λι
3268 2001 3399 2055 locis

1822 2086 1872 2139 in
1897 2085 2330 2156 igncdelincant,
2352 2088 2495 2157 quod
2519 2087 2658 2157 ignis
2686 2093 2885 2147 multas
2908 2093 3101 2148 habeat
3133 2098 3400 2166 imagines

1822 2179 1888 2244 (si
1916 2179 1997 2234 fas
2037 2189 2122 2234 est
2150 2179 2354 2250 dicere)
2387 2181 2586 2237 divinte
2621 2185 3304 2256 proprietatis,-qu.iti-nus
3341 2192 3394 2242 iu

1819 2269 1891 2326 iis
1914 2287 2034 2340 qua:
2085 2284 2406 2338 cernuntur,
2438 2274 2638 2330 habere
2669 2284 2866 2346 potest.
2901 2279 3046 2349 ignis
3102 2282 3270 2344 enim,
3300 2284 3394 2349 qui

1821 2377 1985 2416 sensu
2048 2363 2363 2433 percipitur,
2397 2377 2482 2422 est
2539 2368 2758 2438 quidem
2788 2369 2843 2424 in
2882 2371 3159 2434 omnibus,
3225 2383 3285 2425 ut
3326 2384 3396 2426 ita

1822 2451 2024 2515 dicam,
2056 2463 2109 2507 et
2144 2469 2239 2523 per
2271 2457 2454 2512 omnia
2481 2472 2589 2512 non
2649 2461 2908 2528 permiste
2943 2464 3210 2530 pervadit,
3244 2473 3298 2518 et
3332 2468 3420 2516 ab

1822 2543 2079 2600 omnibus
2101 2545 2414 2617 .diremptus
2437 2560 2688 2615 est,-cnm
2707 2553 2778 2606 sit
2802 2552 2998 2622 alioqui
3020 2565 3164 2610 totus
3188 2557 3400 2624 lucens,

1821 2638 1982 2690 simul
2024 2649 2111 2713 est
2159 2649 2417 2708 tanquam
2453 2643 2648 2708 latens,
2678 2646 2992 2716 incognitus
3027 2662 3121 2717 per
3164 2663 3246 2713 se,
3286 2665 3394 2703 non

1824 2731 2095 2800 proposita
2139 2734 2388 2800 materia,
2427 2736 2480 2789 in
2531 2752 2639 2806 qua
2671 2753 2824 2792 suam
2885 2740 2989 2792 vim
3021 2749 3074 2795 et
3129 2742 3398 2796 actionem

1820 2823 2098 2886 ostendat,
2136 2841 2314 2894 neque
2343 2828 2538 2893 teneri,
2574 2843 2746 2897 neque
2769 2832 2934 2884 videri
2961 2841 3162 2901 potest,
3196 2841 3251 2887 et
3279 2848 3400 2888 0m-

1825 2915 1912 2967 nia
1947 2926 2205 2983 superat;
2260 2927 2314 2972 et
2344 2933 2406 2972 ea
2457 2920 2512 2974 in
2541 2923 2739 2988 quibus
2786 2921 2948 2977 fuerit
3007 2925 3301 2994 ingenitus,
3333 2930 3398 2980 ad

1823 3022 1977 3060 suam
2005 3006 2319 3064 facultatem
2349 3012 2546 3065 trahit:
2586 3013 2747 3068 habet
2785 3016 2892 3068 vim
2933 3017 3401 3082 immutandi,im-

1827 3099 2093 3168 partiendi
2125 3115 2186 3154 se
2217 3103 2474 3157 omnibus
2507 3106 2599 3172 qui
2631 3107 2698 3157 ad
2737 3120 2860 3160 eum
2897 3118 3174 3179 utcunque.
3200 3127 3396 3181 appro-

1829 3187 2111 3255 pinqttant,
2141 3191 2431 3244 renovandi
2457 3193 2639 3247 calore
2658 3193 2825 3260 vitali,
2855 3195 3191 3251 illmninaudi
3219 3200 3404 3266 splen-

1831 3280 2060 3335 doribns
2102 3297 2208 3336 non
2237 3281 2508 3347 obtectis;
2538 3299 2646 3338 non
2689 3296 2865 3355 potest
2893 3283 3163 3352 cobberi,
3195 3300 3280 3345 cst
3311 3292 3400 3345 ad-

1833 3374 2106 3428 mistionis
2129 3389 2343 3443 expers,
2381 3376 2543 3431 habvt
2573 3377 2680 3430 vim
2705 3379 3047 3446 secernendi,
3076 3390 3160 3436 est
3200 3382 3404 3436 immu-

1833 3467 2034 3528 tabilis,
2071 3465 2244 3521 fertur
2273 3467 2531 3531 sublime,
2566 3469 2848 3525 est‘motus
2877 3472 3092 3538 celeris,
3118 3484 3204 3528 est
3233 3475 3401 3529 allus.

1833 3573 1940 3612 non
1993 3559 2193 3627 patitur
2223 3569 2280 3613 ut
2310 3575 2548 3628 unquam
2583 3573 2802 3632 appetat
2840 3564 3099 3620 deorsum
3137 3567 3288 3630 ferri,
3321 3584 3406 3621 est

1835 3663 1932 3717 per
1971 3664 2029 3702 se
2061 3651 2302 3712 mobilis,
2336 3657 2552 3722 semper
2581 3655 2831 3711 mobilis:
2869 3656 2975 3710 alia
3004 3672 3264 3724 movens;
3307 3661 3403 3714 ba-

1833 3740 1921 3795 bet
1952 3741 2057 3795 vim
2081 3743 2482 3805 cuutinendi,et
2510 3761 2539 3799 a
2575 3747 2723 3801 nullo
2750 3748 3020 3804 cnntineri
3058 3762 3256 3820 potest,
3297 3769 3404 3806 nun

1833 3831 2042 3902 indiget
2075 3832 2200 3899 alio,
2221 3843 2379 3904 auget
2407 3852 2464 3890 se
2493 3840 2724 3904 occulte,
2744 3839 2867 3895 etin
2885 3845 3127 3897 materiis
3149 3840 3424 3910 subjecti!

1834 3927 2076 3984 declarat
2107 3930 2536 4000 magnitudinem
2587 3948 2778 3988 suam:
2818 3945 2905 3990 est
2932 3935 3142 3997 efficax.
3191 3951 3406 4007 potens,

1833 4034 2016 4073 coram
2048 4022 2302 4077 omnibus
2353 4022 2505 4077 adest
2541 4008 2982 4092 irraspei-tabilis;
3017 4027 3061 4081 si
3099 4045 3129 4080 κ
3169 4029 3408 4097 gligitnr,

1837 4110 2046 4163 videtur
2080 4126 2184 4168 non
2208 4125 2370 4176 esse;
2403 4113 2687 4169 collisione
2727 4115 2890 4177 facta.
2920 4119 3085 4174 veluti
3118 4124 3404 4190 qua-situs.

1837 4203 2156 4258 naturaliter
2184 4214 2237 4259 et
2275 4214 2504 4276 cognato
2560 4218 2780 4277 repente
2823 4220 3071 4280 apparet,
3115 4222 3169 4266 et
3215 4229 3408 4269 rut-stu

1834 4293 2014 4344 avolat
2046 4293 2522 4362 incomprehense;
2555 4295 2606 4349 in
2631 4298 2883 4353 omnibus
2906 4300 2989 4355 sui
3010 4301 3164 4370 c0pio
3203 4303 3408 4358 ἱεείηιὶς

1835 4382 2316 4442 ἀίεις-ἰιιυιὶοιιίὶιυε
2341 4403 2444 4441 non
2474 4388 2764 4443 minuitur.
2802 4389 2994 4446 Multas
3017 4391 3158 4462 ignis
3192 4400 3407 4465 pr0pri-

1835 4481 2006 4527 ctates
2063 4477 2262 4543 poterit
2307 4477 2429 4546 quis
2465 4479 2711 4534 invenire
2749 4479 2948 4534 divina:
2982 4484 3286 4552 nperationi
3319 4500 3411 4541 cn-

190 4573 344 4636 primo
374 4574 456 4625 die
480 4588 497 4626 :
522 4573 639 4626 Fiat
667 4572 782 4634 lux,
815 4572 986 4624 lucem
1016 4568 1162 4623 illius
1197 4566 1359 4622 tridui
1391 4568 1509 4620 sine
1533 4567 1727 4632 llgura,
1763 4595 1806 4650 ο
1836 4576 2050 4635 gnatas,
2105 4573 2376 4635 quatenus
2409 4569 2462 4624 in
2511 4573 2862 4628 scusibilibus
2904 4574 3238 4646 imaginibus
3288 4596 3409 4634 esse

189 4673 234 4710 et
259 4661 492 4716 dilusarn
526 4663 726 4730 eoi-git,
746 4671 801 4716 et
821 4661 873 4714 in
899 4665 1125 4729 figuram
1156 4658 1300 4728 globi
1323 4656 1452 4712 solis
1473 4653 1728 4716 contulit,

193 4755 468 4816 pra-timens
487 4758 534 4808 ei
562 4757 658 4808 εἰν(
679 4755 823 4808 uitus
843 4762 896 4807 et
925 4752 1084 4806 nrbes
1109 4765 1344 4804 annuos.
1369 4748 1512 4802 ldem
1545 4756 1731 4800 osten—

192 4841 260 4893 dit
293 4859 505 4912 tnagttus
543 4844 798 4907 Basiiius,
832 4844 882 4896 in
916 4845 1277 4898 Hvxaterner'o.

781 4957 1010 5014 CAPUT
1044 4957 1110 5012 ll.

195 5070 323 5136 Quod
341 5077 466 5144 ignis
488 5076 582 5130 sub
601 5093 805 5131 sensum
829 5074 1020 5129 cadens
1049 5090 1149 5127 non
1167 5073 1337 5127 solum
1363 5068 1612 5144 imagines
1635 5080 1730 5144 an-_

254 5137 493 5212 galerum,
513 5149 601 5216 qui
619 5147 1031 5216 similitudinem
1049 5145 1142 5197 Dei
1163 5151 1369 5216 gerunt,
1385 5137 1611 5200 exhibet,
1638 5137 1728 5189 sed

252 5217 398 5274 ipsius
425 5215 578 5271 etiam
606 5217 699 5270 Dei
722 5233 740 5280 ;
772 5227 820 5270 et
843 5232 959 5284 qua:
985 5215 1098 5284 ejus
1124 5215 1490 5284 proprietates.

256 5306 522 5379 Dionysius
550 5326 672 5380 cap.
706 5309 770 5364 l5
802 5308 1040 5363 Certatis
1065 5308 1358 5362 hierarclm
1392 5306 1728 5376 Aggredien-

1833 4673 2082 4728 possunt.
2106 4659 2217 4714 lloc
2244 4661 2408 4731 igitur
2428 4679 2550 4718 cum
2574 4666 2626 4718 in
2653 4666 2855 4721 divinis
2875 4667 3098 4723 Litteris
3116 4672 3312 4726 eruditi
3329 4675 3413 4726 lli-

1831 4750 2085 4815 dicerint,
2139 4755 2390 4809 caelestes
2424 4758 2760 4812 substantias
2790 4773 2853 4814 ex
2894 4762 3016 4829 igne
3039 4765 3318 4832 cllingnnt,
3352 4773 3424 4822 uti,

1832 4841 2246 4899 similitudinem
2270 4846 2388 4909 Dei,
2416 4865 2536 4917 quae
2561 4850 2612 4902 itt
2640 4850 2744 4912 illis
2769 4851 2932 4914 inest,
2961 4861 3014 4907 et
3049 4833 3424 4910 imitationenr

1833 4933 1958 4987 item
1995 4936 2084 4989 liei
2131 4948 2391 5004 quantum
2425 4939 2530 4993 illa:
2592 4957 2788 5012 capere
2820 4955 3068 5012 ιιοεωιιι,
3113 4962 3409 5015 rvpi-aeson.

1836 5035 1968 5081 trnt.
2005 5025 2216 5084 Rursus
2251 5031 2391 5084 idem
2416 5022 2705 5104 Dionysius
2741 5034 2795 5088 in
2831 5036 3066 5106 epistola
3099 5037 3164 5091 ad
3197 5035 3374 5090 Titum

1841 5117 2056 5172 Etenim
2087 5136 2194 5176 non
2220 5123 2396 5178 solum
2416 5124 2642 5188 lumina,
2665 5141 2785 5197 qum
2809 5137 2941 5184 sont
2969 5145 3131 5200 supra
3154 5133 3412 5186 substan-

1842 5210 2005 5276 tiam,
2035 5223 2088 5266 et
2119 5224 2301 5271 mente
2329 5218 2788 5288 contemplamur,
2813 5232 2868 5276 et
2895 5233 2956 5276 ut
2995 5225 3162 5278 semel
3203 5223 3409 5286 dicam,

1837 5301 2049 5368 divina,
2085 5306 2346 5378 symbolis
2393 5309 2462 5364 ad
2507 5312 2850 5380 ligurandum
2882 5317 3284 5384 pertinentibus
3315 5331 3410 5369 για

249 5468 296 5499 ⁸⁸
347 5470 471 5529 Dan.
506 5491 599 5540 vit,
629 5473 686 5540 9,
758 5475 860 5532 l0:
905 5474 1101 5530 Ezech.
1137 5473 1224 5538 15,
1261 5471 1485 5539 14,-27;
1517 5486 1634 5535 viti,
1669 5474 1738 5536 2;
1769 5469 1960 5526 Matth.
1994 5487 2182 5538 sunt,
2242 5471 2296 5526 5.

1637 5587 1912 5652 Scholia.

257 5704 728 5788 (“ﬁrmissimum
783 5737 1011 5779 resonat.
1070 5724 1254 5780 Graece
1297 5731 1381 5777 est
1420 5720 1730 5785 πολλοστὸν,

191 5793 323 5864 qm!“
343 5794 614 5850 ίιηθινιίιιε
639 5807 794 5864 poeta
827 5797 1130 5860 llumanus,
1157 5797 1254 5850 lib.
1280 5811 1357 5857 vi,
1391 5793 1552 5846 vertit
1584 5794 1728 5864 mul-

200 5859 432 5917 tesiumtn
476 5881 536 5918 ea
585 5859 658 5918 fui
674 5881 783 5928 ma,
814 5882 918 5934 qua
951 5870 1149 5920 dicitur
1194 5864 1576 5929 tentesinrum,
1608 5863 1729 5916 inil-

225 6008 256 6042 δ
489 5959 760 6024 Ρηιιυι.
805 5964 917 6023 Gn.
955 5961 1130 6028 CLII.

1840 5719 2113 5774 lesimum.
2142 5719 2422 5791 Significat
2446 5720 2829 5776 tenuissimum
2855 5720 2948 5774 hic
2991 5719 3222 5775 extremi
3269 5722 3417 5786 soni,

1841 5799 1899 5844 ut
1933 5791 1980 5844 si
2011 5793 2152 5860 quis.
2185 5792 2364 5859 inquit
2413 5802 2636 5846 sanctus
2665 5793 2957 5855 Maximus,
2991 5807 3184 5862 magna
3211 5793 3418 5846 vin-iu-

1838 5864 2053 5918 ratione
2076 5862 2280 5933 aliquid
2307 5863 2473 5928 dicat,
2502 5865 2592 5933 qui
2618 5872 2812 5928 astant,
2838 5873 2893 5918 ct
2927 5865 3064 5916 bene
3094 5867 3421 5932 clamorem,

2981 5961 3054 6023 27

3219 6040 3289 6054 ό
