3860 6568
460 396 589 462 $43

1604 393 1953 458 ‘J‘OANNIS
1993 394 2556 466 CYPA'RISSIOTIE
2842 462 2853 473 ,
3546 400 3641 473 ιιι

464 522 709 575 Iriatttur,
739 522 793 567 ut
831 508 965 567 cum
993 512 1138 576 Deus
1164 526 1330 582 supra
1361 513 1747 578 substantiam,
1782 515 1926 582 ignis
1955 514 2039 568 di-
2066 517 2116 575 Λ
2143 529 2236 567 eos
2269 515 2550 583 theologos
2569 523 2754 569 sancte
2777 513 3036 584 efﬁngere
3064 529 3168 569 non
3203 515 3371 570 solum
3400 517 3446 570 in
3496 535 3641 589 attge-

468 610 651 668 citur;
687 616 740 661 et
758 607 971 674 eloquia
1002 607 1092 661 Dei
1120 606 1272 676 ignea
1306 608 1423 677 (l):
1457 610 1549 661 sed
1583 617 1839 676 praeterea
1874 609 2037 663 etiam

470 700 639 755 divini
682 698 902 753 ordines
938 700 1277 767 angelorum,
1328 700 1420 769 qui
1477 701 1638 754 simul
1666 712 1790 755 sunt
1834 702 2041 756 intelle-

470 793 649 859 ctiles,
679 802 731 846 et
760 790 1140 861 intelligentes,
1202 791 1367 845 variis
1401 790 1608 856 formis,
1642 806 1705 845 ac
1756 792 2038 861 multiplici

468 886 676 954 specie,
728 893 783 938 et
836 883 1012 952 igneis
1047 883 1237 952 ﬁguris
1292 884 1704 953 depinguotnr:
1769 884 2037 953 aliterque

468 973 718 1028 eamdem
756 972 1047 1043 imaginem
1084 972 1226 1042 ignis
1256 973 1507 1042 accipere
1530 981 1773 1041 oportet.
1807 989 1933 1027 cum
1969 974 2037 1029 de

468 1062 579 1116 Deo
609 1061 831 1126 dicitur,
873 1060 965 1129 qui
993 1058 1405 1128 intelligentiam
1435 1068 1685 1126 superat;
1724 1060 1882 1113 aliter
1913 1074 2035 1113 cum

467 1155 535 1210 de
560 1154 1015 1225 provitlentiis(a-)
1044 1157 1185 1222 ejus,
1218 1168 1358 1222 quas
1397 1152 1753 1222 intelligentia
1801 1152 2037 1221 percipi-

429 1302 435 1308 ,
468 1260 613 1307 mus,
647 1256 741 1299 aut
763 1245 830 1300 de
869 1245 1251 1309 sermonibus;
1274 1255 1326 1298 et
1355 1243 1531 1307 aliter,
1559 1258 1682 1297 cum
1711 1243 1777 1297 de
1803 1244 2036 1312 angelis.

429 1338 435 1349 '
469 1338 645 1406 Atque
675 1337 820 1391 illam
851 1336 1069 1405 quidem
1100 1335 1398 1404 imaginem
1430 1334 1571 1404 ignis
1594 1333 1661 1387 de
1684 1333 1791 1388 Deo
1814 1335 2035 1399 dictam,

426 1432 433 1463 '-
468 1428 767 1483 secundum
802 1442 1024 1480 causam
1067 1427 1313 1495 accipere
1345 1435 1589 1495 oportet;
1627 1426 1786 1480 aliam
1829 1441 2029 1481 secun-

464 1520 594 1572 dum
626 1518 1021 1583 cxsistentiam,
1057 1518 1216 1570 aliam
1245 1530 1373 1569 vero
1399 1516 1700 1571 secundum
1730 1516 2033 1585 participa-

462 1611 712 1672 tionem;
769 1619 821 1662 et
850 1608 953 1660 alia
1001 1608 1178 1669 aliter,
1232 1616 1293 1661 ut
1349 1622 1535 1659 eorum
1571 1608 1958 1676 contemplatio
1983 1615 2037 1661 ct

464 1699 782 1753 constitutio
806 1699 1040 1753 scienter
1062 1698 1200 1750 facta
1228 1696 1558 1767 ptvescribit;
1591 1699 1852 1764 neccnim
1873 1713 2035 1766 opor-

464 1803 539 1846 tet
574 1791 793 1845 fortuito
826 1804 890 1845 ac
927 1798 1129 1843 temere
1154 1789 1383 1843 miscere
1419 1788 1689 1860 symbols,
1715 1789 1809 1842 sed
1846 1791 2027 1858 potius

463 1883 757 1951 explanare
786 1897 847 1934 ea
884 1883 1268 1935 conuenienter
1304 1884 1507 1947 causis,
1546 1893 1642 1935 aut
1674 1881 2026 1946 exsistentiis,

464 1984 555 2029 aut
603 1974 985 2043 potestatibus,
1036 1984 1127 2028 aut
1159 1973 1472 2036 ordinibus,
1506 1984 1597 2028 aut
1640 1968 2029 2043 dignitatibus;

462 2083 583 2136 quxe
614 2067 796 2120 omnia
831 2066 1001 2135 signis
1029 2065 1397 2120 declarantur.
1427 2064 1502 2119 Ex
1536 2066 1620 2121 his
1666 2066 1895 2121 ellicitttr
1918 2082 2034 2120 ma-

464 2158 741 2220 nifestum,
783 2156 925 2227 quod
954 2154 1094 2226 ignis
1126 2155 1219 2225 qui
1253 2170 1415 2209 sensu
1446 2155 1767 2225 percipitur,
1798 2171 1905 2210 non
1944 2170 2036 2211 so-

464 2250 574 2303 lum
627 2249 892 2319 imagines
948 2250 1263 2317 angelorum
1324 2246 1433 2301 Deo
1477 2246 1733 2301 similium
1784 2248 2031 2313 exhibet,

461 2340 557 2395 sed
579 2340 743 2394 etiam
767 2338 938 2407 ipsius
974 2338 1087 2402 Dei,
1115 2337 1212 2407 qui
1233 2340 1397 2406 Supra
1450 2337 1814 2392 substantiam
1837 2347 1953 2404 est;
1977 2347 2034 2394 et

461 2429 659 2495 ubique
680 2426 931 2495 imaginis
956 2425 1122 2495 igneae
1147 2424 1396 2494 ﬁguratio
1420 2440 1483 2479 ex
1507 2425 1692 2480 multis
1730 2427 2034 2495 proprietaé

464 2519 609 2571 tibus
646 2518 789 2588 ignis
834 2526 1052 2586 sumpta
1104 2516 1281 2569 locum
1312 2515 1495 2579 habet,
1531 2517 1623 2571 sed
1664 2531 1776 2571 non
1837 2526 2035 2572 utcun-

460 2627 566 2673 nuc.
587 2619 639 2663 et
660 2625 815 2671 casu,
846 2609 979 2679 quin
1013 2609 1124 2661 imo
1177 2608 1316 2663 alter
1347 2609 1400 2662 in
1452 2606 1583 2673 Deo,
1612 2610 1911 2663 secundum
1944 2610 2031 2663 in-

462 2701 815 2769 telligentiam
859 2715 981 2768 quas
1024 2710 1263 2754 mentem
1296 2708 1538 2754 nostram
1592 2708 1831 2766 superat,
1876 2700 2034 2756 aliter

462 2795 518 2845 in
545 2793 854 2847 nominibus
874 2793 1020 2861 ejus,
1044 2793 1451 2847 «convenienter
1480 2795 1679 2848 mentis
1710 2802 1908 2848 nostra:
1935 2809 2033 2849 no-

462 2885 539 2935 tio
582 2883 726 2948 ibus,
790 2882 946 2935 aliter
999 2882 1051 2935 in
1082 2882 1281 2937 divinis
1345 2884 1585 2952 angelis;
1644 2885 1694 2936 in
1745 2882 1838 2936 illo
1864 2883 2032 2948 enim,

462 2977 513 3027 ial
536 2984 635 3035 est,
661 2974 713 3027 itt
748 2973 876 3034 Deo,
909 2983 1163 3042 tanquam
1188 2974 1240 3026 in
1261 2988 1423 3027 causa
1444 2983 1497 3027 ct
1519 2985 1745 3028 auctore
1771 2974 1947 3042 ignis;
1976 2974 2032 3028 in

463 3070 547 3121 bis
572 3083 718 3129 vero,
748 3068 796 3119 id
829 3076 927 3119 cst.
954 3065 1014 3119 in
1046 3066 1358 3121 nominibus
1381 3065 1494 3129 Dei,
1518 3082 1639 3135 quae
1665 3066 2034 3136 providentiae

2144 606 2263 659 lieis
2316 606 2755 675 apparitionibus
2799 607 3105 661 caelestium
3142 608 3403 671 ordinum,
3432 611 3515 663 sed
3540 629 3641 666 (‘lllll

2144 696 2285 750 Deus
2320 698 2435 765 ipse
2471 706 2721 767 apparet;
2752 711 2803 753 et
2834 702 3162 768 quandoque
3180 700 3386 767 quidem
3415 700 3649 767 ipsamdi-

2143 787 2428 841 vinitatem
2459 804 2486 842 a
2526 790 2691 843 rebus
2721 805 2933 860 magna:
2960 790 3337 844 aestimationis
3371 791 3586 858 laudant,
3609 806 3653 849 nt

2155 894 2278 933 cum
2320 882 2493 934 solem
2519 881 2746 948 iustitiae
2765 892 2980 943 vocant,
3015 893 3068 936 et
3107 884 3320 937 stellam
3373 886 3654 939 ntatutinam

2134 970 2195 1024 in
2232 983 2413 1026 monte
2447 987 2603 1027 sacro
2658 973 2948 1032 orientem,
3010 984 3063 1027 et
3095 972 3287 1026 lumen
3306 972 3417 1027 sine
3471 975 3659 1043 integu-

2145 1072 2349 1125 mento,
2391 1072 2445 1115 et
2480 1063 2532 1115 in
2595 1073 2774 1117 mente
2812 1063 3139 1132 splendens;
3192 1063 3471 1131 aliquando
3497 1080 3605 1117 νιῐο
3634 1080 3657 1116 a

2142 1151 2307 1205 rebus
2342 1153 2735 1217 mediocribus,
2785 1164 2842 1209 ιιι
2894 1170 3019 1208 cum
3067 1155 3339 1223 appellant
3389 1154 3550 1222 ignem
3600 1155 3659 1208 ita

2140 1243 2562 1310 llluminantem,
2599 1259 2655 1299 ut
2687 1246 2821 1300 nihil
2855 1247 3103 1315 cuiquam
3135 1255 3346 1312 noceat;
3393 1254 3443 1299 et
3473 1260 3659 1313 aquam,

2141 1351 2262 1405 qua:
2296 1336 2509 1390 vitalem
2543 1338 2905 1407 cxpletionem
2935 1340 3157 1406 prabet,
3207 1347 3261 1390 et
3291 1353 3409 1406 qua:
3453 1347 3505 1392 ut
3542 1352 3664 1406 ειη».

2140 1426 2319 1482 bolice
2344 1429 2555 1499 loquar,
2586 1430 2637 1483 in
2664 1428 3153 1492 ventremdlﬂluit,
3177 1437 3230 1482 et
3249 1429 3394 1482 tlurti
3420 1438 3658 1491 emanant,

2140 1520 2428 1590 eruptione
2464 1521 2631 1575 libera
2661 1521 2963 1584 emitentes;
3002 1521 3136 1574 alias
3178 1534 3307 1573 vero
3363 1519 3568 1573 laudant
3601 1523 3659 1573 ab

2139 1610 2553 1674 intimisrebus,
2576 1620 2637 1666 ut
2660 1618 3011 1666 cum-vocant
3031 1620 3365 1680 unguentum
3388 1615 3664 1678 odoratum,

2135 1712 2190 1758 et
2220 1703 2451 1772 lapidem
2471 1704 2795 1772 angularem
2829 1721 2843 1758 :
2880 1703 3011 1773 quin
3035 1705 3198 1757 etiam
3217 1702 3385 1757 forttra
3416 1702 3534 1757 fera:
3562 1718 3665 1758 eunt

2136 1793 2398 1861 induunt,
2431 1804 2485 1848 et
2547 1794 2725 1849 leonis
2756 1810 2817 1849 ac
2841 1795 3116 1864 panthera:
3139 1795 3511 1864 proprietatem
3537 1794 3578 1847 ei
3600 1794 3663 1846 al.

2143 1887 2373 1958 ﬁngunt,
2405 1899 2457 1942 et
2488 1888 2714 1957 pardum
2751 1888 2863 1941 fore
2879 1887 3062 1949 aiunt,
3115 1895 3169 1939 et
3236 1901 3419 1940 ursum
3455 1885 3664 1955 imligrn-

2140 1987 2247 2034 tem
2280 1979 2517 2032 z'addam
2554 1985 2836 2048 pmterea,
2863 1977 3006 2048 quod
3041 1977 3255 2033 caeteris
3275 1975 3668 2044 omnibusigno-

2144 2050 2366 2137 bilibuis,
2386 2098 2387 2101 η
2408 2080 2456 2125 et
2486 2072 2660 2141 magis
2684 2086 2714 2125 a
2746 2070 3111 2124 similitudine
3146 2069 3380 2123 alienum
3402 2082 3516 2121 esse
3541 2068 3668 2121 vide-

2137 2173 2249 2228 tur,
2276 2162 2419 2232 quod
2450 2162 2525 2216 illi
2559 2163 2613 2215 in
2642 2160 2842 2216 divinis
2869 2160 3086 2216 hitteris
3115 2161 3356 2215 valentes
3377 2158 3671 2213 tradiderunt

2142 2258 2318 2324 ipsum
2353 2255 2457 2310 sibi
2489 2257 2726 2324 speciem
2746 2252 3280 2321 'verntiszafﬁngere.
3321 2251 3441 2306 llaec
3484 2249 3670 2303 divinus

2142 2347 2413 2401 Maximus
2437 2346 2718 2416 explicans
2754 2363 2770 2399 :
2806 2344 3013 2410 Solem,
3044 2344 3246 2411 inquit,
3278 2344 3500 2413 iustitiae
3528 2341 3671 2395 Mala-

2140 2440 2296 2493 chias
2321 2438 2570 2492 nominat
2594 2437 2679 2502 ";
2711 2446 2765 2492 et
2800 2437 2995 2490 beatus
3026 2436 3244 2497 Petrus,
3287 2434 3471 2498 Donec,
3499 2432 3670 2502 inquit,

2138 2530 2334 2599 lusi/er
2386 2530 2596 2583 oriatur
2653 2529 2708 2582 in
2748 2528 2992 2581 cordibus
3026 2528 3216 2580 vestris
3267 2526 3350 2592 ";
3418 2525 3501 2578 hic
3554 2523 3673 2577 cuitu

2137 2633 2223 2677 cst
2278 2622 2436 2676 stella
2493 2621 2760 2674 matutina
2792 2619 2860 2673 ".
2916 2616 3127 2688 Moyses
3172 2627 3354 2671 autem
3412 2617 3463 2670 in
3513 2614 3672 2668 rubo.

2141 2715 2331 2785 Ignis,
2396 2713 2616 2783 inquit,
2700 2710 2895 2765 ardens
2972 2725 3072 2762 non
3141 2709 3373 2762 nocendo
3433 2708 3496 2762 ⁸⁸.
3543 2704 3675 2759 alere-

2144 2809 2283 2862 mias
2310 2805 2389 2860 ait
2428 2822 2443 2859 :
2490 2803 2571 2858 Me
2600 2803 2988 2872 dereliquerunt
3009 2800 3208 2867 fontem
3226 2814 3377 2868 aqum
3407 2799 3596 2851 viva’".
3624 2798 3676 2849 Et

2140 2899 2401 2955 Salomon
2431 2894 2745 2949 iuCanticis
2774 2893 3124 2948 canticorum
3162 2907 3177 2944 :
3211 2888 3536 2958 Unguentum
3563 2888 3676 2957 (ﬁu-

2140 3005 2258 3043 sum
2304 3001 2489 3041 nomen
2526 2994 2672 3038 tuum
2707 2984 2782 3038 “.
2816 2982 2960 3037 Osee
3007 2991 3188 3035 autem
3245 2991 3300 3034 et
3356 2981 3574 3034 Mil-beas
3624 2995 3677 3032 ex

2132 3093 2371 3136 numero
2431 3075 2715 3130 duodecim
2764 3075 3190 3144 prophetarum,
3242 3074 3385 3126 feras
3415 3074 3498 3127 hic
3528 3070 3679 3125 dictas

458 3159 639 3213 vat-ias
658 3159 985 3228 signiﬁcant,
1009 3167 1267 3227 tanquam
1303 3157 1360 3211 in
1405 3157 1777 3226 multiplicatis
1798 3165 1851 3210 et
1872 3156 2030 3210 ditiu-

2140 3179 2574 3227 comutemorant
2604 3168 2669 3220 “.
2698 3166 2880 3219 David
2916 3179 3045 3218 vero
3078 3179 3323 3218 Vermem
3356 3165 3483 3217 dicit
3503 3165 3551 3215 in
3572 3177 3676 3231 per-

460 3253 537 3305 sis
569 3250 631 3303 ad
667 3250 1098 3319 pat-ticipandum
1118 3259 1189 3303 tut
1211 3250 1439 3320 quisque
1467 3251 1693 3305 idoneus
1720 3258 1828 3313 est,
1853 3250 1905 3303 in
1931 3265 2029 3303 an-

459 3340 594 3407 gelis
623 3356 748 3392 vero
778 3350 1034 3408 tanquam
1069 3340 1122 3393 in
1173 3355 1297 3394 eum
1338 3341 1604 3404 babitutu,
1643 3352 1913 3410 quatenus
1943 3355 2037 3394 ex-

463 3436 687 3495 sistunt,
737 3432 967 3498 imlutis,
1002 3447 1389 3503 quemcunque
1412 3431 1671 3487 .Dcusad
1703 3433 2040 3489 salutisno—

461 3540 586 3580 S'rse
617 3524 1058 3594 procurationem
1082 3524 1231 3579 velit.

1053 3634 1284 3693 CAPUT
1326 3635 1419 3694 ﬁl.

466 3776 617 3841 Quod
653 3776 788 3828 Dens
816 3790 846 3826 η
886 3771 1166 3826 sensilibus
1192 3780 1241 3825 et
1270 3769 1615 3825 nobilioribus
1645 3772 1727 3823 sol
1756 3778 1805 3824 et
1844 3769 2034 3841 lumen

536 3848 860 3902 nominatur,
893 3862 924 3896 a
958 3842 1143 3894 mediis
1176 3852 1352 3893 autem
1386 3841 1549 3909 ignis;
1604 3850 1652 3893 et
1711 3840 1853 3910 quod
1905 3858 2034 3894 ron-

534 3916 809 3996 templotio
848 3914 1105 3965 luminum
1143 3910 1553 3981 symbolicorum
1584 3920 1674 3964 est
1715 3910 2029 3977 multiplicis

533 4002 783 4039 ηοιιιιιιη.

533 4096 765 4165 Magnus
804 4094 1125 4165 Dionysius,
1159 4093 1337 4163 capite
1372 4094 1613 4148 secundo
1648 4092 1885 4148 Caelestis
1908 4092 2028 4147 Iris-

464 4190 646 4243 νίκη-[ι.
685 4206 698 4240 :
738 4186 870 4251 Has,
905 4186 1106 4255 inquit,
1137 4185 1407 4255 imagines
1456 4185 1795 4254 reperiemus
1839 4186 2029 4256 mysti-

531 4347 575 4378 ⁸⁸
638 4344 867 4398 llialarh.
956 4358 1030 4404 tv,
1093 4340 1150 4396 2.
1254 4339 1543 4394 “lll‘etr.
1606 4356 1644 4407 ι,
1716 4342 1802 4397 l9.

459 4418 504 4451 ‘°
524 4417 682 4470 Cant.
741 4431 783 4480 ι,
829 4414 884 4467 2.
959 4411 1169 4465 "Osee
1195 4425 1315 4468 xm.
1360 4410 1383 4463 l
1429 4425 1584 4478 seqq.

1903 4343 1947 4376 ⁸⁷
2001 4347 2171 4413 Apoc.
2210 4358 2343 4409 xm,
2396 4341 2497 4398 .16.

1660 4412 1705 4443 "
1735 4411 1874 4467 l‘sal.
1906 4428 2021 4478 ut,
2052 4411 2109 4469 Ἷ.

2133 3285 2264 3324 soua
2294 3266 2605 3328 Domini'“,
2648 3264 2737 3333 qui
2771 3270 2990 3333 propter
3018 3276 3116 3316 nos
3132 3276 3368 3315 ~carncm
3395 3258 3678 3317 intluitmou

2128 3361 2431 3415 secundum
2471 3356 2836 3418 divinitatem,
2853 3356 2943 3411 sed
2961 3354 3261 3407 secundum
3281 3352 3617 3405 humilitatem
3636 3359 3679 3400 et

2137 3448 2730 3517 igttohilitatenrcarnis
2752 3462 2872 3516 qua:
2894 3446 3201 3500 videbatur.
3218 3445 3326 3498 Sed
3347 3453 3397 3497 et
3419 3440 3679 3511 Gregorius

2136 3552 2502 3614 Coguomettto
2541 3538 2852 3607 Thenlogus
2883 3540 2935 3592 in
2969 3537 3224 3592 oratione
3279 3536 3348 3589 de
3386 3536 3677 3603 Baptisntor.

2139 3635 2309 3699 Deus,
2344 3634 2543 3701 inquit,
2580 3642 2697 3685 erat
2727 3633 2910 3685 lumen
2963 3631 3089 3684 illud
3118 3646 3403 3684 summum
3460 3638 3513 3682 et
3554 3626 3681 3680 inac-

2136 3739 2378 3790 cessum,
2412 3721 2683 3791 quodnec
2705 3719 3056 3790 intelligentia
3081 3718 3498 3785 comprehendi,
3528 3727 3679 3783 neque

2138 3832 2397 3873 sermone
2427 3814 2672 3884 expromi
2707 3822 2903 3883 potest,
2931 3827 3152 3867 omnem
3192 3822 3449 3867 naturam
3481 3810 3679 3864 ratibus

2135 3919 2439 3977 compotem
2462 3906 2817 3966 'illutuinans,
2858 3904 2963 3958 hoc
2984 3904 3145 3958 estin
3171 3904 3237 3958 iis
3273 3919 3395 3973 qua:
3424 3901 3678 3956 subintel-

2116 3999 2676 4072 rligentiam-cadunt,
2702 3997 2847 4067 quod
2878 4005 2963 4050 est
2990 3997 3071 4051 sol
3102 3997 3157 4050 in
3200 3998 3269 4050 iis
3303 4011 3425 4065 quze
3454 3996 3549 4048 sub
3575 4008 3679 4048 Scr.-

2120 4108 2276 4148 sum.
2309 4090 2619 4145 Secundum
2650 4090 2835 4142 lumen
2874 4096 2959 4143 est
3001 4087 3261 4156 angelus,
3302 4083 3679 4156 pritni'luminis

2131 4184 2304 4240 tluxio
2330 4183 2603 4253 quaedam,
2638 4181 2721 4237 vel
2754 4178 3124 4248 psrticipatio,
3154 4194 3281 4249 qua:
3335 4192 3435 4233 sua
3488 4180 3538 4230 in
3575 4188 3677 4227 euut

2592 4342 2639 4374 ⁸⁸
2694 4338 2865 4396 Exod.
2912 4339 3082 4407 "1,2.
3183 4341 3232 4374 "
3263 4342 3465 4397 Jerem.
3507 4354 3560 4398 ιι,
3598 4336 3676 4391 Γὸ.

1927 4523 2201 4589 Scholia.

458 4643 514 4686 et
530 4629 674 4700 quod
695 4628 896 4683 dictum
915 4639 1017 4684 est.
1037 4628 1361 4697 percipiunt;
1385 4625 1672 4700 quiautem
1690 4624 2029 4700 distant.qtto
2060 4635 2104 4689 ι)
2135 4631 2240 4681 vim
2262 4628 2478 4700 indidit,
2498 4641 2834 4700 cumeorttm
2861 4636 3051 4681 auctor
3083 4627 3182 4700 fuit
3208 4628 3547 4700 necandum
3572 4636 3679 4675 vero

382 4696 413 4729 ’ί
462 4696 635 4770 magis
662 4702 883 4759 distant.
922 4696 1102 4752 minus
1124 4696 1500 4771 audtunt;qtti
1522 4696 1845 4771 _ver_q.longe
1862 4707 2012 4771 sunt,

460 4765 841 4826 tettitissinntm
870 4784 1064 4823 sonum
1095 4768 1323 4822 audiunt
1351 4768 1469 4821 sine
1492 4765 1889 4832 signiﬁcatione
1910 4765 2012 4821 ’νο-

461 4847 579 4899 cis;
608 4843 685 4893 sic
713 4840 1060 4908 cogitandum
1091 4847 1195 4904 est,
1227 4839 1428 4908 inquit,
1455 4835 1758 4908 de'lumine
1790 4836 1942 4908 solis,
1970 4837 2015 4891 si

460 4928 582 4968 cum
606 4905 806 4963 divino'
822 4908 1154 4972 conferatur,
1177 4921 1299 4962 esse
1323 4906 1531 4960 scilicet
1558 4905 2015 4959 «Ιίνιιιιιιιιιιιηιιθη

460 4981 755 5042 inlinitutn,
786 4990 838 5030 et
867 4976 1257 5031 coolerricum
1291 4977 1378 5029 illo
1402 4992 1511 5028 non
1545 4990 1722 5043 posse,
1753 4978 1817 5028 ad
1851 4978 2023 5030 instar

456 5049 757 5106 acutissimi
781 5048 1059 5108 clamoris,
1105 5057 1157 5100 et
1182 5048 1469 5099 clarisona:
1496 5048 1644 5099 vocis
1674 5062 1798 5099 cum
1819 5056 2025 5101 tenus-

458 5128 601 5178 sitno
619 5132 669 5173 et
701 5118 1095 5172 obscurissime
1121 5131 1257 5170 sono
1287 5119 1517 5170 collatae.

532 5193 609 5262 (l)
649 5187 936 5262 Quotttodo
962 5188 1140 5262 imago
1164 5187 1300 5262 lignis
1326 5184 1616 5262 conveniat
1635 5186 1921 5254 praeceptis
1942 5186 2026 5262 i-

458 5254 625 5325 s'itits,
669 5254 788 5329 qua:
810 5258 868 5329 in
896 5254 1388 5329 Scripturall’sal.
1422 5272 1494 5321 XI,
1528 5255 1579 5325 7)
1617 5264 1883 5329 vocantur
1908 5258 2026 5309 elo-

457 5333 588 5402 quia
610 5326 821 5402 Domini
844 5329 961 5402 igne
979 5328 1313 5402 examinata,
1330 5336 1382 5402 et
1399 5326 1671 5402 quomodo
1688 5327 2027 5402 attgelismou

458 5395 606 5458 idem
631 5395 954 5456 sentiuniS.
977 5397 1263 5461 Maximus,
1284 5407 1336 5449 et
1360 5397 1443 5450 hic
1473 5395 1913 5465 attetmvloannes
1931 5396 2032 5465 Uy—

461 5473 810 5544 parissiotus.
827 5468 886 5544 8⁸
905 5468 1174 5544 Maximus
1197 5468 1272 5544 ita
1290 5468 1671 5544 interpretatur
1690 5464 2024 5544 Dionysium.

462 5536 527 5596 iit
553 5556 832 5597 sermones
855 5538 947 5593 Dei
983 5551 1238 5593 vocentur
1263 5540 1399 5605 ignei
1433 5536 1732 5590 secundum
1767 5538 2032 5589 exsistet:-

463 5630 615 5676 nam,
648 5612 698 5664 id
724 5613 961 5679 est,quia
991 5610 1070 5664 sic
1095 5625 1189 5663 eos
1216 5609 1342 5662 fecit
1371 5606 1529 5667 Deus.
1552 5606 1618 5659 id
1650 5616 1752 5669 est,
1786 5609 1921 5658 ll-tllC
1951 5606 2031 5659 eis

534 5756 613 5824 (α)
665 5751 1162 5821 .De-providcntiis,
1238 5750 1290 5803 in
1342 5746 1644 5824 ‘Etattgelio
1683 5746 1849 5802 Luem
1908 5764 2021 5824 ait:

454 5821 642 5896 Ignem
677 5840 800 5883 .veut
832 5824 1043 5878 mittetc
1068 5823 1119 5876 itt
1179 5830 1396 5895 tert‘aut.
1425 5823 1529 5889 Aut
1575 5821 2027 5874 dceserttionibus

2135 4698 2601 4768 participationem
2629 4697 2842 4765 angelis
2873 4696 3149 4768 convenit,
3178 4700 3309 4768 quia
3355 4697 3682 4768 similesesse

2118 4764 2251 4832 Deo,
2281 4764 2374 4836 qui
2391 4778 2476 4822 est
2500 4769 2638 4837 ignis
2661 4782 3008 4829 consumens,
3032 4781 3061 4819 a
3093 4764 3222 4825 Deo,
3249 4767 3427 4834 inquit
3456 4766 3510 4820 S.
3535 4764 3638 4816 Max
3662 4788 3681 4798 -

2121 4854 2265 4901 mus,
2278 4848 2621 4905 acceperunt.
2633 4853 2753 4890 cum
2774 4852 2865 4904 per
2879 4850 2936 4889 se
2951 4846 3447 4890 essentsecunttunt
3465 4837 3684 4888 substet-

2122 4918 2279 4971 ttam._
2293 4905 2530 4960 Joannes
2550 4920 2677 4960 vero
2694 4907 3093 4976 Cyparissiotus
3110 4910 3412 4960 secundum
3438 4906 3639 4976 exsistet
3657 4927 3679 4939 -

2125 4983 2255 5031 tiam
2288 4978 2416 5031 dicit
2436 4978 2515 5030 eis
2531 4975 2842 5038 convenire;
2865 4979 3006 5043 quod
3028 4976 3367 5044 probabiltus
3380 4975 3605 5035 videtur,
3638 4980 3685 5021 ut

2126 5062 2249 5101 cum
2280 5048 2776 5101 substantia-simul
2800 5045 3210 5099 sitmlitudincm
3245 5044 3678 5112 Dei'aceepennt:

2130 5118 2255 5185 quia
2307 5117 2353 5169 si
2391 5118 2542 5184 prius
2598 5125 2808 5184 oportet
2861 5131 2998 5175 esse.
3036 5126 3091 5168 et
3147 5127 3336 5182 postea
3386 5118 3678 5182 participare

2133 5186 2278 5258 aliud
2312 5197 2518 5258 praeter
2556 5202 2721 5255 quant
2776 5201 2917 5258 esse,
2958 5186 3134 5258 angeli
3195 5200 3307 5237 non
3358 5186 3553 5238 habent
3596 5193 3681 5258 per

2134 5253 2601 5325 participatiouetit
2630 5259 2731 5310 hoc
2755 5256 2999 5325 quodeis
3020 5253 3293 5308 tribuitur
3318 5257 3439 5307 istis
3471 5253 3678 5325 nomini-

2135 5322 2238 5378 bus
2287 5322 2345 5378 ei
2379 5322 2813 5395 ﬁgurationibus,
2867 5328 2957 5395 sed
2992 5340 3085 5392 per
3114 5326 3516 5395 exsistentiam,
3556 5322 3671 5395 quia

2123 5410 2245 5448 .nott
2279 5391 2499 5451 luerunt
2532 5397 2848 5465 priusquam
2880 5391 3446 5465 ista’participaretttk‘,
3481 5391 3567 5447 sed
3594 5404 3675 5457 po.

2139 5468 2247 5517 tius
2273 5480 2395 5518 cum
2453 5462 2544 5519 his
2568 5468 2726 5519 donis
2766 5462 3147 5522 ercat-i.suttt:
3202 5467 3352 5517 unde
3407 5462 3675 5530 Gregorius

2140 5535 2516 5588 Nazianzenus
2538 5537 2790 5604 angi-lum
2810 5536 2940 5588 dicit
2956 5551 3073 5589 esse
3097 5535 3255 5603 primi
3272 5536 3493 5588 luminis
3514 5545 3680 5601 quatu-

2143 5611 2265 5659 dam
2304 5608 2598 5658 lluxionem
2628 5617 2680 5659 et
2712 5606 3201 5674 participationem.
3490 5648 3533 5679 ,η

2140 5761 2197 5801 ιιι
2233 5748 2434 5830 laterem.
2473 5766 2604 5852 ξιιμ
2642 5766 2656 5802 :
2691 5748 2957 5818 Numquid
2988 5763 3271 5806 sermones
3306 5748 3411 5805 mei
3442 5761 3542 5801 non
3570 5744 3674 5797 eum

2134 5838 2289 5889 quasi
2326 5837 2466 5891 tgttts
2495 5837 2513 5874 τ
3174 5842 3175 5845 π
