3784 6614
159 460 242 523 845
731 438 966 501 DECAS
989 435 1090 499 VI.
1127 461 1194 468 ·-·
1224 433 1324 494 DE
1355 430 1989 492 AI‘FARITIONIBUS
2024 431 2269 494 DIVINI
2305 425 2652 489 LUMINIS-
3203 416 3308 482 846

154 560 446 637 ι,,ι,,ρμ.ι.ῖωιιρ
473 560 519 604 et
571 538 875 603 ministerio
929 547 1383 603 illuminationem
1446 544 1631 598 habet.
1664 547 1707 606 Α
1742 544 1972 612 Propter
2006 546 2127 606 hoc,
2162 543 2259 605 ait,
2307 555 2487 610 neque
2532 536 2766 601 nomina
2823 535 2956 589 ditit
2992 548 3177 588 eorum
3214 536 3310 600 qui

150 624 345 713 :l'rl'iilllll
390 648 553 700 lumen
590 652 670 694 est
716 642 899 703 homo,
933 639 1075 709 quod
1134 637 1295 691 etiam
1341 635 1637 705 gentilibus
1739 636 2219 701 ascensnrierant;
2274 635 2620 687 vehementer
2689 628 2833 682 enim
2898 624 3095 693 reliqui
3153 627 3309 693 sequi

148 744 437 802 manifestum
464 744 542 787 est
576 751 589 787 :
624 733 736 801 (ιεὼς
772 733 941 794 enim,
970 732 1021 784 id
1065 739 1166 794 est,
1200 730 1408 790 lumen,
1463 727 1638 780 notni-
1741 727 2150 793 concupissent,
2210 727 2519 793 exemplum
2571 721 2758 791 gloria:
2807 719 2953 773 illius
2982 718 3304 787 spectaturi;
3383 789 3389 795 ι

147 832 529 892 Itanlhuminem,
562 836 778 895 propter
815 825 1122 878 facultatem
1170 821 1397 874 rationis
1427 834 1548 890 quae
1583 817 1638 871 in
1741 818 2166 885 docuissentque
2221 828 2479 883 tanquam
2516 813 2707 882 spreti.
2744 810 2855 865 Etsi
2888 814 3031 864 enim
3071 810 3174 863 hoc
3227 810 3313 861 lu-

141 929 265 984 nubis
282 933 384 987 est;
411 930 458 974 et
480 933 665 971 rursus
696 918 787 985 qui
822 916 929 971 Deo
948 926 1076 970 sunt
1106 914 1424 973 similiores,
1447 920 1500 966 et
1526 925 1641 965 ma-
1744 922 1864 960 men
1890 908 2131 961 crassius
2178 914 2232 960 ct
2269 899 2581 959 concretius
2611 900 3032 962 demonstravit,
3069 900 3302 953 multtnn

140 1022 201 1091 gis
224 1031 363 1085 quant
399 1026 491 1065 nos
522 1010 619 1078 ipsi
674 1008 862 1062 ricini.
896 1005 1026 1062 Seio
1054 1006 1218 1060 etiam
1250 1004 1397 1058 aliud
1454 1004 1639 1056 lumen
1745 1008 1923 1051 tamen
1949 996 2279 1051 desiderium
2311 1012 2395 1050 res
2441 994 2719 1048 all‘erehat.
2750 991 2815 1045 Et
2846 1007 3036 1045 rursus
3085 990 3140 1044 iu
3175 1005 3304 1045 ora-

135 1083 249 1171 esse,
281 1122 376 1177 quo
403 1106 497 1157 illa:
526 1103 713 1172 prima:
741 1108 858 1171 qnte
889 1109 1194 1165 coeperunt,
1223 1098 1455 1152 tenebrae
1477 1096 1645 1166 pulsa:
1746 1092 1891 1145 tione
1940 1088 2006 1142 ad
2060 1086 2407 1143 Theodorum
2464 1087 2701 1157 lapsum,
2762 1083 2927 1151 Quid,
2973 1083 3170 1152 inquit,
3228 1093 3315 1137 est

135 1211 255 1262 sunt,
284 1199 356 1252 vel
389 1197 681 1264 diremptze,
745 1195 886 1263 quod
919 1201 1044 1246 ante
1074 1205 1293 1245 omnem
1330 1198 1643 1245 creaturam
1745 1182 1888 1250 quod
1916 1180 2252 1251 resplenduit
2278 1189 2536 1250 tanquam
2581 1179 2697 1232 sol?
2725 1177 2909 1231 Gloria
2974 1185 3152 1229 autem
3186 1190 3309 1228 cor-

135 1289 470 1360 aspertabilem
505 1285 709 1340 laetum
749 1295 852 1351 est;
899 1293 952 1338 et
1008 1284 1298 1339 circuitum
1355 1283 1643 1335 rotundum
1746 1289 1939 1342 porum
1976 1272 2366 1327 immortalium
2401 1286 2506 1324 non
2548 1278 2758 1323 tantum
2822 1266 3041 1323 luminis
3086 1265 3312 1329 emittit,

131 1356 394 1446 stellarum,
455 1387 506 1433 et
543 1378 693 1432 illum
747 1376 1112 1447 splendorem,
1166 1389 1196 1429 a
1256 1384 1648 1444 quosupcrne
1752 1376 2015 1434 quantum
2053 1366 2154 1419 hoc
2179 1378 2377 1432 corpus
2405 1363 2775 1424 interiturum,
2808 1358 2952 1429 quod
2984 1373 3160 1426 neque
3206 1356 3315 1410 tale

128 1489 377 1532 umversus
425 1471 660 1526 mundus
712 1470 969 1524 collucet.
1011 1467 1221 1523 Lumen
1260 1463 1482 1537 quidem
1515 1463 1645 1517 illud
1746 1468 1884 1525 erat,
1950 1458 2111 1528 quale
2165 1457 2341 1511 oculis
2391 1455 2712 1510 mortalibus
2767 1453 2917 1507 cerni
2976 1459 3172 1520 potest,
3220 1450 3315 1503 sed

126 1566 456 1635 eratprimum
479 1561 789 1615 mandatum
811 1561 987 1629 primo
1016 1557 1219 1613 homini
1242 1558 1650 1624 datnm;quan-
1748 1548 1892 1619 quod
1953 1556 2176 1616 aspectu
2236 1546 2522 1601 oculorum
2580 1543 2999 1605 immortalium,
3035 1552 3093 1596 ut
3147 1540 3315 1595 videri

126 1662 181 1714 do
196 1658 389 1728 quidem
414 1656 636 1709 lucerna
663 1664 746 1707 est
774 1654 1086 1708 mandatum
1116 1652 1336 1721 legis,et
1359 1650 1563 1713 lumen,
1596 1658 1650 1704 et
1750 1648 1962 1711 POSSCI.
2000 1655 2141 1709 opus
2168 1638 2424 1693 habebat»
2460 1636 2654 1691 Adhuc
2678 1637 2817 1690 idem
2869 1635 2925 1689 Ῑη
2963 1635 3152 1689 eadem
3188 1648 3318 1689 οη·

124 1727 223 1822 quia
245 1752 412 1803 lumen
440 1757 569 1802 sunt
596 1756 976 1817 praceptatua
1006 1760 1166 1814 super
1182 1753 1405 1809 terram;
1436 1740 1649 1795 tametsi
1753 1732 1936 1785 ιὶυηεε
1974 1730 2078 1785 Sed
2121 1730 2168 1785 Si
2206 1729 2475 1791 νοίιιηὶυεν
2504 1727 2702 1796 inqu“.
2758 1727 3061 1782 Videbimus
3107 1735 3161 1780 ει
3222 1740 3321 1779 ⁸³0⁵

128 1819 281 1898 liti-ida
309 1841 554 1901 tcuebra,
586 1855 709 1907 qua:
761 1838 1004 1907 irrepsit,
1058 1836 1353 1906 nequitiam
1417 1834 1622 1889 creavit

1821 1823 2068 1887 iristnm,
2120 1829 2178 1875 ut
2228 1820 2300 1875 illi
2363 1832 2492 1874 tunc
2546 1819 2599 1872 in
2654 1828 2858 1883 monte,
2914 1819 3083 1873 multo
3126 1826 3315 1871 tamen

123 1935 297 1989 Lumen
331 1945 456 1985 vero
502 1931 771 2000 typienm,
802 1937 858 1983 et
883 1942 1109 1997 compar
1149 1926 1217 1981 iis
1246 1928 1334 1993 qtti
1365 1924 1494 1979 illud
1520 1940 1645 1978 sus-
1680 1893 1719 1950 Β
1752 1914 2108 1984 splendidius,
2145 1929 2252 1967 non
2283 1914 2426 1966 enim
2457 1914 2536 1967 sic
2566 1922 2749 1981 postea
2782 1913 2982 1975 veniet;
3015 1921 3143 1966 tunc
3171 1912 3317 1965 enim

122 2025 377 2095 cipiehanl,
434 2024 521 2077 lex
559 2023 759 2091 scripta
783 2028 922 2084 erat,
950 2021 1369 2089 quaeveritatem
1398 2015 1650 2085 etmagni
1754 2020 1984 2074 parcens
2038 2003 2343 2073 discipulis,
2424 2013 2635 2058 tantum
2695 2003 2998 2073 splendoris
3056 2003 3318 2066 ostendit,

116 2118 303 2170 luminis
339 2115 659 2186 mysterium
691 2112 1075 2177 adumbrabat;
1106 2110 1373 2181 siquidem
1405 2117 1459 2164 et
1490 2108 1655 2163 facies
1755 2108 2016 2168 quantum
2046 2098 2186 2153 ferre
2224 2108 2539 2167 potuerunt,
2570 2106 2755 2167 postea
2797 2112 2926 2150 vero
2954 2097 3004 2150 in
3038 2096 3154 2164 ipsa
3202 2097 3321 2165 glo-

118 2203 287 2271 Moysis
315 2203 414 2257 hoc
446 2203 659 2257 lumine
689 2201 1045 2270 splendescit.
1084 2200 1148 2254 Et
1180 2210 1239 2254 ut
1276 2200 1343 2253 tle
1407 2198 1656 2268 pluribus
1754 2192 1834 2245 ria
1864 2189 2040 2245 Patris
2073 2190 2276 2245 Veniet.
2318 2191 2385 2245 Et
2417 2189 2740 2244 Anastasius
2787 2189 3049 2253 Sinaitcs,
3104 2190 3158 2245 in
3191 2207 3320 2247 ora-

112 2295 377 2349 luminibus
402 2294 720 2363 loquamur,
741 2294 921 2346 lumen
945 2290 1164 2361 quidem
1192 2290 1466 2360 eratquod
1486 2288 1654 2360 Moysi
1756 2283 1903 2338 tione
1941 2283 2007 2338 de
2031 2282 2531 2354 Tranaliguratione
2574 2300 2588 2336 :
2617 2282 2734 2350 llic,
2758 2283 2957 2353 inquit,
2990 2285 3146 2353 signa
3168 2286 3316 2355 regni

113 2402 165 2440 ex
198 2387 310 2455 igne
340 2384 625 2454 apparuit,
651 2399 772 2438 cum
800 2383 1025 2438 ardebat
1055 2382 1249 2446 rubus,
1276 2391 1329 2437 et
1358 2397 1465 2436 non
1502 2396 1653 2437 com-
1757 2376 2098 2442 praefigurata
2133 2378 2262 2429 sunt
2290 2392 2302 2428 :
2341 2375 2393 2429 in
2432 2377 2535 2430 hoc
2565 2386 2749 2431 monte
2773 2377 3028 2446 splendor
3051 2378 3324 2447 justorntn

109 2477 400 2538 burebatur,
438 2486 499 2531 ut
546 2486 799 2530 naturam
859 2477 1204 2537 ostenderet,
1252 2484 1306 2529 ct
1356 2474 1655 2543 potentiam
1756 2466 2114 2521 aduntbratns
2142 2477 2224 2521 est
2258 2483 2273 2521 :
2304 2467 2393 2522 hic
2424 2467 2729 2523 futurorum
2766 2469 3029 2523 bonorum
3065 2480 3321 2539 tanquam

108 2568 315 2622 divinam
353 2567 691 2621 declararet.
739 2564 942 2619 Lumen
994 2564 1188 2619 deinde
1218 2576 1359 2627 erat,
1411 2564 1554 2635 quod
1603 2565 1655 2617 in
1758 2558 2109 2626 praisentium
2178 2559 2356 2630 imago
2404 2574 2656 2629 expressa
2715 2569 2817 2616 est.
2876 2561 2993 2616 ltno
3022 2572 3073 2617 et
3108 2563 3328 2619 divinus

102 2660 325 2713 columna
363 2658 509 2727 ignis
547 2658 751 2727 pepulo
782 2654 1091 2712 lsraeletico
1125 2658 1179 2711 in
1248 2658 1330 2711 via
1397 2668 1655 2725 tanquam
1760 2647 2081 2705 Theodorus
2102 2661 2463 2721 cognomento
2491 2653 2755 2723 γραπτῶν
2779 2653 2833 2707 in
2862 2655 3110 2709 oratione
3138 2666 3327 2711 contra

104 2750 195 2803 dux
224 2751 471 2820 pru‘ibat,
510 2761 567 2804 et
606 2749 919 2803 solitudinis
951 2750 1297 2817 aSperitatem
1350 2748 1656 2817 mitigabat.
1761 2743 2050 2797 Eusebium
2089 2743 2234 2798 :Sed
2266 2753 2445 2799 tamen
2475 2754 2533 2797 nt
2565 2745 2765 2799 veritas
2790 2746 2969 2812 habet,
3020 2763 3047 2802 s
3071 2763 3101 2802 c
3147 2749 3214 2803 tle
3260 2763 3326 2802 ea

111 2840 298 2896 Lumen
330 2845 489 2907 item,
521 2842 671 2912 quod
696 2840 867 2895 Ellam
902 2840 952 2895 in
984 2857 1149 2896 curru
1184 2842 1343 2911 igneo
1366 2842 1566 2910 rapuit,
1608 2848 1663 2894 et
1758 2836 2005 2891 dicamus
2040 2853 2054 2890 :
2087 2836 2384 2906 Postquam
2438 2836 2505 2891 de
2549 2838 2807 2909 periculis
2868 2836 3119 2893 Sa‘lrator
3164 2840 3333 2894 disci-

100 2945 292 3003 raptutn
338 2949 453 2989 non
496 2934 830 2989 combussit.
872 2934 1077 2988 Lumen
1110 2943 1372 3005 pra-terea
1395 2933 1538 3003 quod
1569 2948 1663 3002 pa-
1762 2927 1904 2995 pulis
1936 2930 2208 2997 exposuit,
2243 2928 2534 2998 inquiens:
2568 2927 2671 2994 Qui
2704 2928 2813 2983 vult
2855 2930 3028 2983 venire
3054 2942 3169 3000 post
3225 2948 3328 2995 me.

101 3032 259 3078 stores
283 3023 692 3090 circumfulsit,
720 3024 934 3094 quando
973 3024 1103 3078 illud
1160 3024 1338 3078 lumen
1375 3025 1492 3080 sine
1528 3034 1664 3078 tetn-
1762 3020 1974 3087 abneget
2002 3019 2432 3085 semetipsum.“
2464 3019 2617 3073 ιοιιαι
2649 3036 2853 3074 crucem
2880 3038 3030 3074 suam
3063 3032 3113 3076 et
3142 3038 3337 3092 sequa-

96 3130 206 3181 pore
249 3115 448 3168 lumini
507 3115 779 3182 temporis
812 3114 1243 3169 adtuiscebatur.
1301 3112 1512 3170 Lumen
1561 3115 1662 3169 fuit
1764 3120 1850 3163 tm‘
1869 3126 1949 3164 me
1988 3112 2053 3174 “,
2091 3121 2144 3165 et
2177 3113 2282 3165 alia
2315 3112 2672 3181 hujusmodi:
2707 3125 2861 3168 erant
2909 3124 3089 3169 autem
3125 3116 3334 3185 alioqui

91 3206 208 3259 illud
229 3206 401 3261 stellae
432 3222 566 3276 quae
596 3205 873 3260 Bethleem
900 3207 1163 3269 cuCurrit,
1198 3214 1256 3260 nt
1286 3206 1465 3277 Magos
1488 3206 1658 3262 dedu-
1690 3237 1733 3296 ο
1767 3203 2085 3273 gravissima
2117 3212 2170 3257 et
2199 3204 2443 3258 diflicilia
2505 3205 2572 3258 ad
2614 3205 2955 3260 tolerandum
3009 3223 3132 3278 quae
3176 3209 3335 3279 jube-

91 3308 242 3363 ceret,
280 3308 338 3353 et
370 3300 573 3354 lumen
606 3313 774 3367 supra
808 3312 909 3353 nos
934 3298 1212 3352 nobiscum
1252 3308 1430 3352 ortum
1459 3301 1664 3354 satelli-
1768 3296 1987 3361 bantur;
2024 3310 2089 3350 ne
2125 3295 2443 3351 dillicnltate
2475 3311 2664 3351 eorum
2694 3313 2815 3367 qua:
2862 3298 3203 3365 dicebantur,
3239 3300 3339 3354 de-

90 3391 153 3443 tio
180 3391 433 3460 stiparet.
493 3388 713 3445 Lumen
766 3389 950 3453 etiam,
1005 3388 1263 3444 divinitas
1312 3390 1399 3443 illa
1445 3401 1663 3445 ostensa
1769 3388 2146 3460 fatigarentur,
2186 3400 2601 3446 rect-eatcorum
2629 3404 2859 3459 mentes,
2890 3402 2943 3447 et
2987 3394 3334 3463 splendorem

86 3480 239 3537 lenne
268 3482 537 3547 solidior,
562 3496 729 3551 quam
748 3490 1080 3549 utaspectus
1100 3480 1457 3549 l'crrepossct;
1482 3481 1663 3536 lumen
1766 3500 1954 3539 eorum
1986 3501 2105 3554 quae
2152 3487 2630 3552 easpectabantur,
2690 3496 2743 3540 et
2794 3486 2976 3541 futura
3011 3497 3187 3550 erant.
3231 3490 3337 3544 sub

87 3585 294 3641 quoque
327 3572 611 3643 splendor
637 3571 781 3625 illinc
814 3573 879 3625 ad
906 3586 1000 3626 eos
1034 3572 1124 3641 qui
1161 3572 1248 3627 hic
1275 3573 1483 3643 purgati
1515 3582 1664 3639 sunt,
1768 3589 2045 3645 aspecmm
2078 3576 2231 3629 valde
2258 3586 2559 3645 opportune
2582 3578 2752 3644 ponit;
2788 3579 3140 3647 quamobrem
3165 3597 3342 3650 quan-

83 3675 427 3729 ntanaturus,
489 3678 629 3719 cum
666 3663 945 3733 fulgebunt
1003 3663 1133 3732 justi
1180 3663 1319 3717 sicut
1375 3665 1477 3729 sol,
1528 3666 1668 3719 inter
1771 3676 1885 3719 tum
1912 3668 2211 3733 Spectacnli
2263 3666 2426 3735 hujus
2454 3667 2666 3738 mystici
2700 3679 3035 3737 spectatores
3067 3674 3338 3726 sustinere

81 3771 210 3824 quos
234 3766 348 3809 stat
374 3755 536 3810 Dens
570 3757 627 3809 in
660 3756 837 3809 medio
867 3755 1093 3809 deorum
1122 3764 1175 3810 et
1204 3772 1410 3824 regum,
1457 3756 1669 3811 discer-
1769 3764 2040 3823 poterant,
2063 3756 2291 3824 gloriam
2327 3754 2469 3811 illam
2492 3759 2847 3819 demonstrat,
2873 3772 2996 3810 cum
3025 3775 3128 3827 qua
3159 3761 3207 3813 in
3235 3764 3340 3815 line

85 3863 209 3901 nens
237 3859 295 3902 et
350 3848 724 3917 distinguens
776 3847 1064 3915 dignitates
1109 3847 1464 3902 beatitudinis
1522 3849 1670 3904 illanc
1771 3848 2092 3902 SiBClllOl'tlUl
2131 3857 2395 3903 venturus
2451 3856 2554 3914 est;
2591 3848 2888 3902 secundum
2936 3861 3188 3918 quamet
3234 3853 3339 3920 ipsi

78 3939 512 4007 proﬁciscentis.
547 3939 755 3994 Praater
783 3940 883 3993 ista
914 3938 1119 3993 lumina
1142 3939 1317 3993 lumen
1345 3952 1422 3994 εει
1452 3942 1670 4011 proprio
1773 3938 1939 3992 simul
1968 3938 2375 4007 splendescent,
2413 3939 2551 3994 hanc
2583 3955 2801 3996 suorum
2832 3944 3198 3998 certaminum
3250 3961 3338 3999 rc-

72 4033 512 4099 quodammodo
538 4030 878 4086 illuminatio
898 4031 1261 4101 baptismatis,
1288 4031 1354 4085 de
1382 4048 1491 4101 quo
1521 4048 1665 4088 nunc
1774 4032 2208 4085 tnnnerationetn
2238 4032 2420 4095 laturi,
2449 4051 2558 4104 quo
2591 4036 2764 4104 magis
2798 4036 2849 4089 in
2887 4038 3152 4105 peticnlis
3173 4042 3338 4108 positi

72 4122 223 4177 nobis
252 4138 452 4177 sermo
484 4133 601 4185 est,
633 4122 778 4191 quod
808 4137 1063 4191 maguum
1096 4130 1150 4176 et
1181 4123 1495 4177 admirabile
1521 4125 1665 4178 saln-
1771 4122 2051 4177 coitlidant
2077 4124 2404 4191 contemptis
2429 4126 2806 4194 praesentibus,
2829 4128 2972 4181 nulla
2998 4132 3339 4186 rationecum

66 4217 129 4267 tis
162 4226 372 4270 nostrae
437 4215 782 4286 mysterium
813 4215 1078 4269 continet.
1119 4213 1193 4267 Ex
1230 4214 1432 4285 quibus
1479 4216 1669 4286 liquet,
1779 4213 1845 4267 iis
1892 4229 2014 4283 quae
2068 4224 2447 4285 .speetautur,‘
2481 4215 2582 4270 ista
2639 4229 3042 4285 comparantes.
3094 4220 3345 4289 judican~

8 4344 11 4346 .
67 4309 203 4372 quod
269 4304 433 4362 Deus
469 4324 502 4359 a
566 4305 935 4360 nobilioribus
984 4306 1231 4361 materiis
1266 4308 1445 4360 lumen
1502 4317 1555 4360 et
1592 4308 1672 4360 sol
1774 4314 1855 4361 tes
1905 4321 2013 4360 non
2044 4322 2164 4361 esse
2197 4306 2385 4375 dignas
2407 4309 2677 4376 passiones
2711 4308 2871 4378 hujus
2898 4312 3145 4380 temporis
3163 4315 3232 4367 ad
3262 4315 3348 4384 [tt-

63 4397 421 4463 nontinatur,
464 4413 501 4451 a
546 4396 946 4461 mediocribus,
1009 4396 1167 4466 ignis;
1226 4398 1357 4467 quiti
1393 4398 1554 4451 etiam
1606 4398 1673 4451 ab
1777 4405 1948 4447 turam
1985 4396 2231 4466 gloriam,
2259 4413 2375 4467 quas
2416 4398 2733 4451 revelabitur
2778 4401 2830 4453 in
2871 4403 3017 4455 nobis
3072 4403 3137 4457 ⁸⁸.
3176 4407 3343 4475 Atqui

63 4486 262 4543 intimis
295 4489 523 4560 accipit
562 4503 788 4554 nomen;
820 4488 980 4543 simul
1032 4490 1193 4543 etiam
1242 4490 1672 4544 demonstratum
1778 4504 1886 4541 non
1917 4504 2132 4558 semper
2156 4490 2269 4543 haec
2304 4490 2598 4555 durarunt;
2646 4493 2739 4544 sed
2774 4492 2862 4547 hic
2896 4496 2960 4546 atl
2988 4503 3203 4566 tempus
3243 4516 3347 4568 gn-

57 4592 131 4633 est
158 4583 582 4651 multipliciter
642 4581 749 4635 diei
807 4581 989 4635 lumen
1041 4582 1342 4635 secundum
1387 4582 1669 4650 multiplex
1708 4578 1749 4631 D
1781 4580 2030 4643 hei-nata,
2059 4590 2205 4648 gesta
2234 4590 2383 4645 sunt;
2416 4584 2610 4637 modus
2629 4584 2771 4638 enim
2799 4586 3212 4656 gubernationis
3240 4603 3347 4649 est.

62 4689 282 4741 nomen,
315 4686 376 4730 et
412 4691 526 4745 per
547 4689 769 4727 omnem
805 4674 1161 4744 symbolicam
1196 4674 1521 4743 theologiam
1554 4686 1673 4728 ten-
1783 4673 2020 4729 Sanctus
2053 4676 2288 4746 (Iyrilltts
2344 4678 2746 4735 Alexandrinus
2777 4681 2830 4735 in
2868 4685 3353 4753 explanationihus

55 4768 201 4827 dere;
235 4770 354 4823 huc
394 4768 666 4821 accessit
691 4765 819 4819 illud
854 4766 920 4820 de
950 4765 1086 4820 facie
1121 4765 1330 4820 Domini
1360 4781 1479 4831 quae
1509 4766 1560 4819 in
1596 4767 1675 4820 di-
1784 4768 1837 4823 in
1884 4769 2085 4823 Lucam
2114 4809 2122 4818 .
2158 4770 2379 4825 Factam
2411 4786 2531 4827 esse
2555 4772 2790 4831 dit-imus
2818 4782 3348 4848 transligurationem

56 4858 179 4907 vina
217 4855 757 4926 transliguratioue
795 4855 1129 4925 respleuduit
1162 4857 1303 4909 sicut
1330 4855 1431 4920 sol,
1462 4858 1550 4925 qui
1593 4868 1678 4911 est
1787 4875 1893 4912 non
1920 4862 1999 4914 sic
2027 4861 2270 4927 quidem,
2313 4872 2371 4916 ut
2402 4878 2606 4932 corpus
2638 4866 2933 4920 humanum
2963 4870 3185 4937 liguratn
3213 4878 3353 4926 ami-

50 4952 314 5005 ontnibtts
350 4968 493 5019 quae
521 4964 695 5003 sensu
725 4949 1121 5017 percipiuntur,
1142 4950 1402 5004 nobilior.
1435 4949 1681 5019 Resplen-
1786 4951 1940 5016 serit,
1975 4952 2067 5004 sed
2094 4952 2386 5021 spletnlore
2441 4957 2678 5022 quodam
2707 4957 2958 5013 iudntun‘t
2999 4962 3185 5018 fuerit.
3216 4964 3353 5031 Quia

53 5043 162 5093 duit
196 5046 382 5107 enim,
426 5044 657 5113 inquit.
716 5042 880 5109 facies
930 5042 1044 5109 ejus
1093 5042 1225 5094 sicut
1281 5041 1379 5107 sol,
1425 5050 1473 5095 et
1525 5046 1677 5095 resti-
1785 5041 1931 5092 enim
1964 5041 2282 5104 audiebant,
2321 5053 2576 5108 oportere
2608 5060 2827 5099 Carnem
2864 5058 3106 5103 nostram
3168 5068 3357 5107 resor-

50 5149 224 5189 meum
259 5140 429 5205 [acta
452 5134 731 5190 suntut/ut
758 5137 888 5188 sicut
922 5134 1090 5186 lmnen
1120 5134 1185 5187 ⁸³.
1786 5148 1935 5203 gere,
1979 5148 2088 5201 quo
2123 5149 2249 5187 vero
2292 5134 2477 5187 habitu
2506 5145 2558 5188 et
2590 5136 2787 5199 forma,
2816 5138 3080 5194 incertum
3113 5155 3250 5204 erat,
3301 5158 3357 5200 ttt

734 5225 963 5280 CAPUT
996 5225 1082 5278 IV.
1789 5224 1944 5277 daret
1973 5224 2288 5278 mutationis
2338 5225 2623 5290 indicium,
2656 5243 2873 5283 carnem
2908 5246 3063 5286 suam
3100 5237 3353 5299 mutarit,

50 5322 207 5389 Quod
259 5323 455 5393 facies
541 5319 757 5393 Domini
803 5318 992 5393 nostri,
1038 5333 1173 5393 qme-
1211 5325 1458 5393 tanquam
1510 5317 1589 5393 sol
1625 5319 1677 5370 in
1797 5317 2959 5383 utspcsuostrasconlirmaret.Nnncenim
2988 5324 3089 5378 hoc
3110 5336 3351 5380 nostrum

114 5388 506 5480 «inﬁniti-finiet
540 5390 1011 5480 transﬁguratioue
1036 5388 1376 5480 respleuttuit,
1423 5398 1469 5439 et
1503 5389 1679 5480 splen-
1789 5421 1988 5476 corpus
2018 5422 2145 5459 caro
2180 5410 2325 5461 nuda
2370 5418 2471 5474 est;
2506 5419 2749 5480 tempore
2778 5424 2956 5467 autem
2995 5420 3355 5472 resurrerlio-

110 5466 219 5517 dor
282 5464 577 5531 ejusdem
625 5450 857 5531 decorent
903 5450 1133 5531 corporis
1186 5469 1301 5531 post
1340 5450 1680 5510 resurréctio-

110 5498 181 5516 ..υ
350 5498 577 5514 ...υνυ-
625 5498 856 5511 “ww...
903 5498 977 5509 -.μ
1028 5498 1133 5509 ν..-
1222 5498 1296 5509 υ...
1341 5498 1647 5510 ,νηηηην
1830 5498 1839 5506 .
1903 5499 1912 5507 .
2159 5498 2167 5507 .

107 5498 234 5588 πυρίη
277 5498 648 5602 Sion/acati,
691 5542 737 5580 et
784 5498 1023 5597 [nutriuit
1081 5498 1477 5597 ejusrfulgorem
1524 5544 1681 5579 nutn-
1791 5512 1874 5549 "'3
1904 5507 2207 5602 ¹¹ιξ¹¹¹¹¹¹ί²¹¹¹⁰
2232 5500 2479 5601 (“ninia”)
2515 5498 2679 5602 Deli“)
2706 5502 2928 5602 (ῖοοξῖηες
2958 5511 3010 5557 εί
3027 5505 3353 5572 δρίοηάοτίε.

112 5588 304 5657 ταῖς,ιῖ
330 5588 654 5671 ﬁydravu;
685 5613 729 5651 et
784 5588 989 5651 ’ῥυείη-υ
1016 5600 1067 5650 in
1104 5588 1367 5665 ξηριίειιῖηι
1407 5598 1679 5651 oculorum
1790 5603 1897 5642 non
1929 5588 2111 5657 ﬁgura:
2148 5591 2377 5642 mu'atio
2396 5592 2498 5644 erit
2528 5606 2542 5643 ε
2577 5590 2933 5659 Splendebunt
2961 5594 3121 5661 enim,
3160 5599 3363 5665 inquit.

100 5677 339 5733 cecidit,
1785 5679 1921 5747 justi
1955 5681 2090 5733 sicut
2130 5681 2209 5734 sol
2242 5683 2294 5733 in
2329 5698 2483 5751 regno
2523 5685 2773 5737 calorum
2830 5685 2895 5740 “.
2961 5687 3115 5750 Quod
3176 5699 3363 5747 autent

100 5771 369 5825 Divinus
395 5766 881 5835 Chrysostomus,
902 5760 1124 5817 homtlia
1151 5761 1238 5824 56,
1263 5762 1681 5821 iolllattliteutn:
1792 5771 1889 5833 Sitit
1913 5770 1981 5824 nd
2005 5787 2048 5823 η’
2072 5770 2164 5838 qtti
2196 5774 2451 5824 convenit
2480 5771 2674 5827 diVlDtB
2718 5774 3056 5841 substantiae,
3083 5776 3367 5837 universa

96 5913 148 5946 ”
174 5912 410 5969 Matth.
448 5921 610 5972 xv",
642 5904 695 5961 2.
773 5908 817 5942 εδ
845 5906 1033 5961 Matth.
1075 5923 1183 5971 tm,
1212 5906 1299 5960 (ἐι.
1380 5906 1424 5936 ⁸⁸
1454 5905 1590 5961 llum

1075 5923 1183 5971 tm,
1212 5906 1299 5960 (ἐι.
1380 5906 1424 5936 ⁸⁸
1454 5905 1614 5963 llum.
1644 5924 1760 5975 νηὶ,
1815 5910 1901 5965 18.
1980 5912 2024 5943 ⁸⁸
2082 5911 2271 5970 Halllt.
2314 5929 2425 5981 .\lll,
2453 5914 2540 5971 45.
