3860 6540
477 420 578 490 851
1625 437 1952 499 JOANNIS
1995 439 2565 501 CYPARISSIUTE

470 541 846 609 ﬁgurationem
905 545 1118 610 Petrus,
1155 555 1208 602 et
1239 545 1494 616 Jacobus,
1527 560 1579 606 et
1601 551 1864 622 Joannes;
1899 557 2046 610 vide-
2078 561 2121 615 Α

471 643 594 690 ι·.ιιιῑ
621 635 839 706 quidem
868 638 1021 707 prius
1054 639 1338 695 Dominum
1369 644 1836 714 transﬁguratum,
1871 659 1923 700 et
1947 667 2046 703 nu-

462 731 591 787 bem
628 746 750 800 qua
777 747 872 788 eos
902 735 1091 788 umbra
1123 743 1369 800 texerat;
1411 745 1467 790 at
1518 756 1626 793 non
1673 741 1919 795 viderant
1951 759 2051 796 uu-

470 822 594 878 bem
627 823 677 879 in
705 839 884 879 aerem
915 834 966 880 et
1005 827 1057 880 in
1091 828 1256 882 caelus
1287 839 1493 900 raptam
1519 871 1534 893 ,
1581 840 1634 884 et
1664 832 2047 901 suscipientem

475 913 787 970 Dominum.
825 917 1142 972 Miraculum
1174 918 1275 974 fuit
1301 923 1455 986 illud,
1491 923 1816 979 miraculum
1847 933 1899 976 ct
1926 925 2048 988 huc;

473 1006 567 1059 sed
600 1008 704 1060 hoc
736 1006 943 1061 ﬁrmius
1002 1017 1057 1062 et
1079 1013 1439 1075 constantius;
1471 1017 1571 1067 hoc
1607 1014 1704 1067 illo
1730 1015 2050 1074 sublimius,

479 1099 692 1150 tametsi
725 1099 888 1152 unius
918 1099 1006 1154 Dei
1040 1109 1283 1169 potestas
1308 1113 1361 1156 et
1389 1107 1706 1173 mysterium
1740 1113 1876 1158 erat.
1910 1105 2058 1163 Tunc

479 1199 844 1257 apparuerunt
872 1191 977 1244 illis
1000 1193 1198 1261 Moysi:
1229 1203 1276 1246 et
1301 1191 1447 1250 Elius
1473 1211 1590 1246 cum
1615 1212 1676 1248 co
1704 1195 1965 1263 loquentes
1984 1198 2052 1264 ⁷¹;

483 1295 630 1336 nunc
669 1291 847 1335 autem
881 1281 1112 1338 thronus
1141 1285 1496 1350 cherubicus,
1528 1286 1580 1340 id
1612 1295 1716 1352 est,
1745 1288 1916 1343 virtus
1940 1289 2058 1344 iua-
2231 1296 2465 1352 Sanctus
2515 1296 2810 1364 Gregorius
2869 1293 3150 1364 Nysselms
3173 1333 3185 1356 ,
3249 1289 3307 1344 in
3363 1286 3584 1357 epistola
3637 1283 3694 1340 ad

485 1373 825 1442 “pcc'abi'is'
868 1373 920 1428 i“
950 1375 1093 1429 ""be
1136 1375 1354 1431 abdit“
1381 1387 1602 1446 τθβθηιθ
1632 1377 1922 1435 imminens
1956 1382 2060 1435 υθ-
2160 1390 2522 1460 Theophilum
2555 1389 2983 1444 Alexandrinum
3015 1395 3204 1440 contra
3250 1379 3696 1451 Appollinarinm:

411 1498 445 1536 η,
485 1465 692 1519 minum
733 1481 856 1520 cum
905 1467 1079 1522 servis
1113 1467 1508 1537 colloquentem
1542 1469 1758 1538 rapuit;
1799 1479 1928 1526 lilth
1961 1472 2059 1527 Pe-

411 1546 437 1614 Ϊ,
483 1562 603 1611 trus
629 1557 962 1612 confidenter
996 1559 1272 1628 respondit
1311 1578 1322 1613 :
1363 1560 1603 1626 Domine,
1635 1561 1824 1616 bonum
1850 1576 1927 1619 est
1965 1583 2061 1621 nos

3584 437 3676 502 85‘)

2746 556 2973 614 CAPUT
3035 554 3127 610 Vl.

2151 693 2304 758 Quod
2331 711 2508 750 omnes
2544 696 2764 749 diversis
2799 695 3114 759 temporibus
3152 691 3366 745 luminis
3417 690 3571 742 divini
3601 707 3685 756 ap-

2222 767 2529 833 paritiones,
2567 782 2801 832 persona!
2831 765 2985 816 unius
3019 762 3139 815 Filii
3191 761 3282 814 hei
3317 760 3519 833 effectus
3548 774 3683 833 sunt,

2221 830 2269 887 et
2313 836 2451 902 quod
2479 830 2750 902 exemplar
2791 835 3022 893 corporis
3055 833 3168 897 ejus
3201 830 3482 898 glori/irati
3505 831 3691 902 symbo-

2223 899 2333 956 mni
2371 906 2470 966 fuit
2507 899 2800 958 divinitatis
2829 905 2941 971 ejus
2973 912 3183 968 propter
3213 902 3456 952 unionem
3483 899 3690 951 duarum

2225 975 2278 1026 in
2327 974 2536 1028 Christo
2587 975 2870 1028 secimdum
2923 972 3246 1041 Irypostasim
3296 980 3613 1041 naturarum,
3642 977 3691 1041 et

2229 1045 2354 1108 quia
2395 1045 2531 1096 idem
2578 1055 2691 1096 erat
2745 1044 2880 1096 Deus
2913 1037 2976 1095 εί
2995 1042 3186 1104 homo;
3233 1040 3370 1092 unde
3401 1039 3454 1089 in
3497 1037 3690 1108 singulis

2227 1106 2502 1166 inii-aratis
2543 1113 2742 1167 Christi
2774 1113 3023 1165 divinitas
3055 1111 3448 1172 ostemtebatur,
3498 1115 3543 1160 et
3575 1106 3696 1160 dete-

2226 1183 2470 1252 gebatur,
2507 1194 2663 1253 atque
2703 1183 3054 1252 aperiebatur.

2161 1483 2270 1538 Nec
2301 1484 2469 1546 enim,
2511 1481 2712 1550 inquit,
2738 1481 2866 1550 quia
2903 1489 3096 1532 auctor
3123 1477 3474 1546 smculorum,
3502 1471 3702 1525 novissi-

2162 1573 2266 1629 mis
2293 1574 2488 1628 diebus
2519 1575 2666 1627 visus
2697 1581 2802 1635 est,
2834 1580 2888 1626 et
2920 1585 3044 1625 cum
3079 1569 3396 1623 hominibus
3441 1578 3702 1618 conversa—

484 1647 570 1702 Iiic
597 1666 734 1715 esse;
760 1651 1022 1720 faciamus
1054 1652 1138 1706 hic
1171 1654 1275 1707 tria
1307 1655 1650 1710 tabernacula
1692 1699 1708 1723 ,
1749 1658 1846 1711 tibi
1874 1673 2060 1726 unum,

486 1744 662 1814 Moysi
693 1761 877 1810 unum,
921 1745 1052 1800 Elia:
1082 1762 1290 1812 unum;
1323 1763 1468 1803 nunc
1495 1759 1676 1804 autem
1709 1765 1882 1819 neque
1913 1752 2060 1821 loqui

487 1837 638 1894 ullus
667 1837 981 1907 .discipnlus
1031 1839 1228 1909 potuit,
1265 1854 1364 1894 nec
1402 1855 1464 1894 os
1510 1842 1759 1910 aperire;
1789 1843 1919 1912 quin
1950 1843 2061 1899 imo

490 1928 686 1984 timore
715 1930 954 1984 maximo
997 1931 1268 1998 perterriti
1313 1932 1736 2002 obstupuerunt.
1769 1934 2068 2006 Gregorius

490 2019 800 2091 Theologus
829 2021 884 2076 in
907 2021 1155 2078 oratione
1205 2022 1271 2077 de
1317 2023 1706 2094 honour-dine
1761 2025 2063 2082 disserendi

489 2114 569 2178 ait
601 2129 615 2166 :
642 2113 741 2180 Qui
778 2114 1079 2168 ascendunt
1128 2129 1248 2168 cum
1284 2113 1506 2171 Christo
1551 2117 1606 2170 in
1652 2119 1929 2173 montem?
1957 2135 2066 2175 non

488 2205 636 2259 enim
660 2221 851 2260 omnes
880 2205 1099 2261 fuerunt
1121 2217 1457 2276 spectatores
1486 2208 1634 2266 illius
1661 2210 1938 2278 miraculi,
1971 2214 2064 2267 sed

492 2296 666 2353 solum
704 2296 922 2364 Petrus,
948 2297 1202 2365 lacubus,
1227 2308 1282 2354 et
1311 2299 1571 2355 Joannes.
1603 2300 1668 2355 Et
1697 2318 1889 2358 rursus
1919 2304 2064 2358 idem

491 2391 560 2446 al
606 2389 876 2445 lleroncm
914 2406 928 2444 :
975 2390 1108 2446 Cum
1148 2390 1322 2462 fulgor
1363 2403 1417 2447 et
1460 2393 1721 2462 splendor
1751 2395 2068 2464 angelorum

494 2497 761 2551 corporea
812 2481 1138 2550 ﬁgurantur,
1185 2484 1420 2538 arbitror
1468 2486 1774 2556 symbolum
1813 2488 2070 2556 puritatis

495 2588 684 2627 eorum
716 2589 853 2627 esse.
891 2571 958 2627 Et
993 2574 1046 2628 in
1081 2574 1148 2629 iis
1176 2589 1297 2643 qua:
1328 2574 1382 2628 in
1431 2573 1568 2630 festo
1601 2576 1705 2630 hoc
1749 2588 2068 2630 canuntur:

498 2667 572 2723 Ut
609 2665 702 2737 qui
728 2708 745 2731 ,
785 2666 999 2736 inquit,
1043 2667 1308 2720 mirabilia
1345 2677 1434 2722 tua
1483 2679 1825 2737 spectarunt,
1858 2683 1919 2722 ea
1951 2684 2073 2736 qua:

497 2772 692 2828 passus
719 2771 802 2823 es,
834 2772 899 2811 ne
928 2757 1245 2812 formident.
1288 2759 1353 2814 Et
1384 2759 1436 2812 in
1481 2758 1867 2827 explanatione
1894 2759 2073 2814 Evan-

498 2849 624 2920 gelii
668 2847 897 2904 Matthxi
929 2863 945 2903 :
975 2847 1034 2928 In,
1067 2859 1330 2914 montem,
1372 2847 1569 2918 inquit,
1604 2849 1874 2914 ascendit,
1909 2859 1966 2904 ut
2015 2851 2070 2904 in

497 2942 720 2999 occulto
735 2941 1052 2997 miraculum
1073 2949 1346 3010 Operetur.
1377 2941 1452 2996 Ex
1478 2943 1674 3012 quibus
1700 2941 1902 3012 pateﬁt,
1929 2943 2072 3013 quod

500 3040 710 3099 lumen,
755 3047 865 3098 quo
909 3032 1187 3102 splenduit
1216 3033 1480 3086 Dominus
1511 3034 1564 3086 in
1615 3043 1800 3088 monte
1825 3033 2070 3093 Thabor,

501 3141 679 3197 neque
722 3123 907 3180 divina
949 3124 1253 3179 subsmntia
1292 3136 1407 3180 erat
1441 3124 1554 3194 (illa
1609 3124 1756 3180 enim
1815 3139 1916 3182 nec
1953 3123 2064 3179 ullo

2163 1675 2251 1722 tus
2297 1666 2469 1729 est",
2521 1665 2725 1720 idcirco
2776 1663 2885 1718 duo
2922 1660 3040 1716 Filii
3073 1659 3403 1724 secundum,
3433 1653 3695 1709 Ecclesiam

2165 1770 2548 1823 numerantur,
2586 1773 2729 1812 unus
2773 1764 2960 1812 auctor
2993 1754 3350 1815 saeculorum,
3388 1757 3442 1803 et
3469 1747 3599 1801 alius
3627 1744 3700 1813 qui

2166 1852 2220 1906 in
2269 1853 2374 1905 line
2401 1851 2723 1906 saeculorum
2767 1851 3020 1902 humana:
3050 1846 3173 1898 vita:
3199 1857 3300 1920 per
3334 1853 3548 1895 carnem
3575 1845 3703 1908 pate-

2167 1942 2348 1998 factus
2383 1949 2485 1995 est.
2522 1939 2578 1995 Si
2610 1941 2734 2010 quis
2781 1941 2924 1994 enim
2957 1935 3303 1993 teconomice
3336 1929 3634 2000 apparuisse
3657 1929 3700 1982 in

2167 2049 2333 2091 carne
2359 2033 2698 2098 unigenitum
2732 2031 2823 2085 Dei
2867 2029 3044 2084 Patris
3084 2027 3285 2082 Filium
3322 2023 3398 2078 ita
3431 2021 3633 2089 accipit,
3656 2028 3704 2073 ut

2167 2127 2399 2182 alterum
2445 2123 2642 2178 Filium
2688 2121 2937 2184 fabricet,
2972 2135 3094 2172 cum
3126 2113 3497 2172 numeraverit
3540 2125 3701 2165 omnes

2169 2220 2534 2291 spparitiones
2570 2216 2662 2271 Dei
2709 2215 2913 2271 sanctis
2944 2212 3114 2268 factas
3142 2219 3273 2264 ante
3305 2223 3467 2278 quam
3495 2203 3702 2272 unigeni-

2171 2323 2260 2369 tns
2309 2312 2398 2367 Dei
2443 2302 2614 2364 Filius
2663 2310 2717 2364 ln
2753 2322 2918 2363 carne
2948 2315 3257 2374 appareret,
3293 2313 3348 2356 et
3399 2315 3580 2356 omnes
3605 2311 3702 2362 qua:

2169 2413 2295 2476 post
2345 2402 2638 2459 adventum
2686 2399 2805 2466 ejus
2855 2396 3010 2452 facta:
3045 2403 3171 2449 sunt
3222 2394 3291 2447 iis
3322 2391 3412 2461 qui
3445 2388 3578 2458 digni
3610 2385 3704 2439 fue-

2171 2507 2332 2560 runt;
2371 2496 2458 2550 hic
2492 2492 2795 2548 secundum
2826 2502 3112 2543 numerum
3147 2485 3348 2539 divinae
3387 2476 3704 2549 apparitionis

2173 2583 2577 2641 multitudinem
2611 2580 2843 2634 ﬁliorum
2889 2574 3178 2630 fabricavit
3206 2589 3223 2624 :
3259 2572 3472 2639 eritque
3499 2566 3544 2620 ei
3584 2578 3702 2618 unus

2173 2677 2390 2747 quidem
2428 2674 2617 2739 Filius,
2645 2672 2738 2741 qui
2774 2670 3004 2725 Abrahae
3029 2667 3248 2721 locutus
3280 2672 3384 2728 est,
3420 2663 3547 2713 alter
3574 2670 3697 2717 vero,

2173 2774 2267 2840 qui
2313 2768 2461 2824 lsiac
2494 2765 2782 2836 apparuit;
2814 2763 2974 2828 alius,
3017 2760 3107 2830 qui
3143 2773 3271 2814 cum
3311 2755 3474 2809 .lacob
3503 2753 3704 2805 luctatus

2174 2875 2291 2927 est;
2323 2862 2486 2927 alius,
2513 2861 2606 2931 qui
2648 2874 2677 2914 a
2709 2857 2892 2930 Moyse
2929 2853 3162 2909 diversis
3193 2845 3613 2920 apparitionibus
3640 2849 3707 2894 est

2175 2957 2350 3020 visus,
2374 2955 2426 3010 iu
2452 2953 2678 3016 lumine,
2708 2951 2762 3006 in
2796 2949 3051 3018 caligine,
3083 2945 3136 3000 in
3165 2943 3424 2998 columna
3452 2938 3613 2997 nubis,
3639 2933 3706 2987 fa—

2177 3050 2259 3104 cie
2287 3049 2353 3102 ad
2386 3047 2606 3111 faciem,
2628 3044 2681 3098 in
2705 3040 3134 3107 posterioribus;
3165 3036 3308 3091 alius
3335 3047 3520 3088 rursus
3543 3027 3702 3087 Filius,

2179 3143 2270 3212 qui
2321 3141 2624 3196 successori
2666 3136 2867 3208 Moysis
2894 3131 3064 3188 adfuit
3092 3131 3146 3184 in
3191 3128 3343 3192 acie;
3372 3135 3423 3180 et
3453 3123 3597 3180 alius.
3630 3115 3706 3187 qui

501 3220 664 3274 modo
695 3217 965 3288 expromi,
997 3232 1173 3288 neque
1207 3217 1488 3286 cognosci,
1525 3234 1705 3287 neque
1745 3219 1940 3286 videri,
1971 3237 2069 3277 ne-

2183 3249 2271 3304 per
2317 3231 2611 3302 procellam
2664 3227 2767 3284 Job
2820 3223 3120 3294 respondit,
3175 3229 3233 3276 et
3284 3218 3376 3289 qui
3427 3218 3476 3270 in
3526 3213 3707 3270 excelso

501 3327 609 3382 que
649 3311 874 3380 cogitari
909 3310 1133 3376 potest),
1156 3323 1259 3364 nec
1278 3318 1396 3363 erat
1425 3309 1664 3364 delluxio
1697 3311 1943 3377 quaedam
1968 3353 1983 3378 ,
2024 3324 2074 3368 et

499 3403 762 3473 Splendor
813 3419 878 3457 ex
936 3401 1028 3455 illa
1071 3415 1303 3456 manans
1363 3401 1571 3472 (divina
1625 3402 1770 3456 enim
1824 3405 2075 3472 Operatio

499 3509 730 3560 mterna,
773 3496 856 3550 vel
888 3493 1069 3566 potius
1095 3510 1192 3563 per
1227 3510 1286 3550 se
1326 3495 1576 3562 operatio
1612 3493 1762 3549 nullo
1791 3497 1950 3550 modo
1985 3511 2072 3550 se-

501 3599 656 3646 creta
689 3602 772 3643 est
800 3603 830 3642 a
871 3588 1176 3644 substantia
1208 3586 1364 3654 ejus;
1403 3585 1513 3639 imo
1542 3585 1804 3655 quidquid
1835 3597 1916 3640 cst
1947 3587 2079 3641 sub-

502 3681 704 3737 stantia
725 3680 930 3745 divina,
949 3689 1029 3732 cst
1050 3678 1289 3746 energia,
1315 3678 1430 3732 sive
1455 3676 1700 3746 Operatio
1717 3676 1881 3745 ejus),
1907 3691 2079 3742 quare

503 3773 633 3844 quia
662 3787 763 3826 nec
793 3772 916 3836 hoc,
949 3786 1045 3825 nec
1077 3771 1209 3824 illud
1255 3780 1361 3836 est,
1407 3769 1735 3836 relinquitur
1761 3770 2074 3838 exetnplnm

506 3867 684 3923 fuisse
707 3865 894 3936 gloria:
919 3873 971 3918 et
1016 3861 1323 3926 splendoris
1359 3863 1607 3932 corporis
1646 3871 1768 3930 post
1828 3878 2079 3918 resurre-

507 3961 742 4017 ctionem
773 3957 1084 4026 gloriﬁcati,
1109 3955 1531 4026 symbolumque
1570 3954 1717 4010 illius
1753 3964 1960 4010 natura:
1987 3973 2082 4010 oe-

509 4053 671 4111 culta:
701 4061 755 4108 et
785 4049 1190 4122 inaspectabilis
1222 4050 1275 4103 in
1313 4063 1379 4104 eo
1411 4048 1651 4115 latentis,
1687 4057 1743 4103 et
1781 4048 2075 4118 imaginem

507 4158 726 4203 tenuem
759 4143 961 4198 futura:
990 4140 1196 4214 gloriae,
1231 4150 1285 4195 et
1329 4139 1685 4194 simulacrum
1732 4140 1880 4210 regni
1915 4139 2084 4195 cmin-

509 4249 658 4302 rum,
688 4251 832 4292 nunc
857 4234 1074 4306 quidem
1101 4241 1230 4286 ante
1256 4230 1707 4286 resurrectionem
1737 4229 1790 4282 in
1819 4229 2084 4283 miraculo

507 4339 812 4389 ostensum,
837 4337 891 4382 et
920 4327 972 4380 in
1008 4324 1229 4394 speculo
1260 4333 1425 4392 atque
1454 4324 1775 4392 aenigmate;
1801 4322 1855 4375 in
1901 4319 2084 4377 futuro

508 4430 691 4478 autem
727 4419 971 4488 speculis
1003 4416 1218 4477 solutis,
1251 4414 1427 4470 oculis
1455 4413 1858 4469 immortalibus
1881 4453 1896 4477 ,
1926 4421 1978 4466 et
2014 4413 2084 4467 ab

510 4508 734 4565 interitu
764 4505 952 4560 liberis
979 4504 1117 4558 facie
1147 4502 1214 4556 ad
1249 4502 1444 4556 faciem
1477 4501 1861 4570 spectandum,
1891 4500 2078 4569 exple-

511 4615 628 4658 tum
655 4609 707 4656 et
739 4598 1075 4655 cumulatum
1103 4596 1313 4650 visione
1341 4594 1436 4649 Dei
1465 4593 1779 4664 aspectabili
1814 4593 1911 4664 (l),
1942 4595 2086 4651 sicut
2114 4570 2166 4631 Β
2193 4570 2286 4670 qui
2320 4600 2374 4654 in
2420 4613 2584 4655 carne
2616 4597 2838 4652 latebat.
2885 4594 2951 4650 Et
2993 4607 3184 4648 rursus
3232 4589 3374 4644 idem
3422 4600 3437 4640 :

513 4695 634 4766 ipse
664 4701 739 4749 est
753 4735 766 4748 .

585 4846 629 4878 "
651 4842 841 4899 Matth.
878 4856 1010 4907 χιιι,
1030 4842 1086 4899 3.
1159 4841 1206 4871 "
1236 4836 1469 4895 Baruch.
1497 4853 1582 4901 ιιι,
1607 4837 1698 4893 58.

2178 3329 2374 3379 throno
2431 3323 2582 3377 Isaite
2629 3319 2902 3390 apparuit,
2963 3325 3019 3370 et
3068 3315 3120 3368 in
3175 3312 3354 3382 ﬁgura
3397 3309 3614 3389 humana
3653 3304 3707 3354 ab

2177 3413 2460 3468 Ezechiele
2491 3413 2671 3467 verbis
2719 3409 3026 3476 descriptus
3057 3414 3174 3467 est,
3233 3413 3290 3458 et
3324 3401 3416 3472 qui
3451 3406 3618 3466 postea
3661 3394 3703 3446 in

2178 3505 2380 3559 lumine
2399 3503 2628 3557 Paulum
2658 3498 3023 3556 circumfulsit
3049 3515 3062 3562 ;
3091 3505 3145 3549 et
3169 3493 3267 3564 qui
3296 3502 3450 3546 antea
3475 3491 3523 3543 in
3555 3491 3706 3541 monte

2178 3597 2233 3652 in
2260 3596 2580 3651 sublimiore
2603 3593 2771 3663 gloria
2803 3592 2952 3645 visus
2980 3597 3084 3644 est.
3114 3586 3207 3640 Sin
3235 3595 3421 3640 autem
3447 3578 3705 3636 absurdum

2180 3697 2258 3742 est
2296 3687 2422 3752 hoc,
2457 3697 2508 3739 et
2553 3683 2771 3753 penitus
2822 3681 3071 3750 impium,
3101 3675 3283 3729 varias
3338 3669 3585 3741 unigeniti
3611 3664 3706 3720 Filii

2180 3779 2274 3835 Dei
2344 3778 2712 3848 apparitiones
2773 3774 2824 3828 in
2881 3783 3168 3826 numerum
3233 3766 3456 3823 totidem
3510 3760 3706 3815 filiorum

2183 3869 2395 3940 partiri,
2427 3880 2580 3935 mque
2618 3861 2914 3918 absurdum
2963 3870 3066 3926 est,
3095 3876 3160 3915 ex
3194 3858 3430 3912 adventu
3485 3853 3535 3906 in
3575 3860 3709 3902 carne

2183 3939 2528 4013 Occasionem
2583 3970 2789 4022 capere
2847 3950 3211 4007 constituendi
3273 3948 3497 4002 alterum
3542 3939 3704 4012 Filium

2185 4052 2276 4106 Dei
2310 4067 2324 4105 :
2364 4051 2694 4104 arbitramur
2720 4047 2860 4101 enim
2893 4044 3189 4099 secunJum
3235 4034 3542 4095 mensuram
3575 4026 3713 4086 facul-

2184 4145 2312 4199 tatis
2337 4143 2599 4212 cujusque
2632 4155 2847 4203 eorum,
2877 4138 3078 4207 quibus
3119 4133 3264 4188 Deus
3291 4127 3590 4200 apparebat,
3631 4135 3709 4212 ap-

2186 4235 2436 4306 paruisse
2491 4211 2706 4302 semper
2768 4231 2958 4285 Deum.
3011 4229 3079 4282 Et
3125 4226 3321 4280 beatus
3353 4216 3635 4306 Gregorius
3664 4211 3706 4263 in

2185 4302 2432 4381 oratione
2464 4325 2528 4378 de
2556 4331 2706 4378 recto
2744 4321 2935 4376 ordine
2969 4319 3023 4373 in
3055 4314 3380 4372 disserendo
3409 4302 3710 4366 :Ascendere

2188 4433 2320 4473 vero
2350 4417 2404 4471 in
2434 4424 2673 4471 montem
2711 4429 2845 4482 opus
2876 4412 2997 4474 fuit,
3025 4417 3084 4463 nt
3125 4423 3219 4479 per
3254 4406 3479 4461 formam
3506 4395 3714 4467 splende-

2191 4517 2291 4574 ret,
2346 4515 2402 4562 et
2443 4506 2786 4562 divinitatem
2839 4500 3177 4565 ostenderet,
3211 4498 3581 4567 detegcrctque
3611 4496 3710 4539 eum

3490 4578 3712 4636 Divinitas

2199 4709 2295 4766 per
2323 4707 2382 4747 se
2414 4690 2823 4762 inaspectabilis
2859 4699 2972 4753 e51;
3033 4685 3212 4742 veniet
3266 4689 3468 4744 autem,
3518 4682 3571 4730 ut
3619 4679 3712 4724 mea

1989 4925 2258 4990 Schoﬁa.

592 5044 672 5114 tl)
717 5040 962 5114 'Dpaei'pr
985 5039 1324 5114 θεοφάχςιαν,
1355 5036 1614 5114 visionem
1660 5031 2088 5114 Dei_aspectabi-

517 5101 626 5172 lem
654 5101 842 5175 'vocat,
876 5101 1060 5163 videre
1090 5101 1499 5163 scilicet’eculis
1527 5104 1726 5175 mentis
1747 5101 2086 5175 divinitatem

522 5171 622 5258 per
652 5171 854 5258 corpus
878 5179 1081 5258 Christi
1111 5178 1408 5258 gloriosum
1453 5171 1972 5258 oculisgloritieaitis
2003 5174 2086 5226 vi-

522 5242 644 5314 sum
676 5272 691 5310 :
720 5242 800 5308 sic
821 5250 965 5307 enim
997 5242 1299 5302 videbimus
1327 5261 1451 5300 eum
1482 5244 1639 5299 sicuti
1663 5252 1766 5314 est,
1801 5252 1861 5298 ut
1891 5242 2086 5297 beatus

466 5341 474 5357 ‘
519 5313 764 5383 Joannes
796 5323 894 5376 ait.
935 5318 1049 5373 Non
1081 5318 1298 5388 quidem
1327 5315 1596 5388 signiﬁcat
1631 5313 1920 5388 videndam
1963 5326 2087 5388 esse

462 5403 474 5412 ‘
521 5381 578 5454 in
620 5395 807 5449 futuro
823 5381 1122 5446 essentiam
1163 5385 1254 5441 Dei
1284 5381 1458 5440 oculis
1481 5384 1782 5454 corporeis,
1820 5381 1915 5454 sed
1938 5382 2084 5454 quod

523 5451 598 5524 ait
639 5462 1018 5520 Theodoretus
1052 5459 1105 5512 in
1156 5451 1592 5512 Commentariis
1633 5454 1688 5507 in
1732 5452 1776 5508 ll
1823 5453 1995 5520 Epist.
2019 5451 2088 5524 ad

521 5523 768 5593 Corinth.
806 5548 930 5602 cap.
973 5531 1008 5586 ι
1034 5527 1305 5602 ;_Natttra,
1359 5525 1554 5602 inquit,
1604 5524 1805 5588 divina,
1838 5537 1960 5602 qua:
1989 5523 2090 5576 sub

524 5615 802 5676 aspectum
817 5595 937 5676 non
955 5599 1328 5676 cadit,aneqn_e
1357 5595 1505 5676 cerni
1543 5602 1739 5675 potest,
1764 5609 1869 5676 per
1897 5595 2091 5646 [iunia-

524 5663 753 5732 niiatem
806 5672 1015 5727 Christi
1065 5663 1253 5723 divino
1297 5666 1500 5719 lumine
1547 5663 1936 5717 circumfusam
1969 5703 1982 5726 ,
2033 5672 2089 5715 et

523 5739 1370 5816 splcmleutem_,__iacientemque
1397 5735 1588 5816 radios
1629 5733 2089 5816 cernilut'mquan-

426 5825 430 5827 ’
525 5802 646 5870 tum
673 5815 800 5868 licet
838 5802 1046 5867 scilicet
1071 5809 1229 5863 oculo
1261 5802 1480 5871 ιιιειιιίε,
1505 5807 1606 5860 hoc
1640 5805 1716 5857 ait
1749 5802 2086 5870 signiﬁcasse

523 5883 780 5948 Paulum,
836 5896 960 5939 cum
1000 5880 1074 5936 ait
1122 5893 1137 5934 :
1185 5877 1287 5945 Qui
1319 5874 1451 5932 dixit
1503 5878 1569 5933 de
1611 5873 1846 5931 tenebas
1904 5872 2089 5928 lumen

2139 5045 2146 5050 '
2195 5029 2613 5100 splendescere,
2653 5023 2999 5100 ipse_illu_xit
3043 5021 3098 5100 i_n
3146 4999 3707 5100 cordibus-nquriifg

2197 5074 2997 5167 ῖιῖἱιιὶἰὶῖξῇἕιῖεἲηνεοιὲιὶιίέ
3025 5074 3294 5167 claritatis
3339 5083 3452 5167 _De§_
3502 5075 3578 5167 ἰείη
3585 5074 3711 5167 135'}:

2697 5147 2922 5238 Com—tv,
2953 5162 3031 5238 6),
3056 5162 3238 5238 idest,
3262 5157 3352 5227 qui
3380 5153 3504 5238 olim

2193 5217 2445 5295 naturam
2480 5217 2609 5294 solo‘
2638 5217 3029 5298 verbo—effecit,
3076 5217 3340 5308 dicens
3371 5217 3642 5308 “th

2192 5282 2722 5366 ἓίἶιῖιῖἒιίιῖἷὶιῖηιιιυ
2767 5315 2978 5359 mentes
3016 5282 3238 5355 ,nostras
3288 5287 3625 5366 illuminavit.
3662 5282 3706 5366 {ll

2192 5361 2553 5451 Dei—gloriatur
2573 5393 2671 5451 per;
2696 5377 2972 5451 Christum
3000 5370 3428 5451 perspiceremlgsl
3451 5361 3707 5451 i‘ﬂa'i‘fgfl‘

2435 5432 2624 5504 auctor
2654 5434 2756 5502 iste
2783 5432 3101 5512 θεοφάνέιαν
3132 5439 3352 5514 ὁρὲτῆνν
3382 5434 3430 5514 i‘,‘
3459 5432 3704 5514 Ps'ii'i'fl

2193 5494 2343 5577 ἦὲἱιῖ
2471 5494 2866 5587 {Ismenius};
2968 5494 3236 5587 ujusmtidi
3266 5494 3704 5587 estﬂvisioLdf:

2194 5565 3128 5674 angar-asifusser»:-
3153 5573 3550 5674 9.39.2232:
3574 5565 3703 5674 ar:

2194 5629 2994 5730 Féréﬁildiiaié'iidétiécius,ei
3025 5629 3344 5730 refulgentia
3369 5629 3704 5730 divitia:

2194 5703 3369 5798 divinam
3410 5703 3695 5782 praesentiam

2191 5805 2373 5860 statim
2414 5799 2690 5872 cognosci.
