  <div class='ocr_page' id='page_1' title='image "/cluster/home/n/w/nwhite01/storage/ocr_20150623/152/hvd.32044019208404/436.png"; bbox 0 0 3860 6584; ppageno 0'>
   <div class='ocr_carea' id='block_1_1' title="bbox 206 440 3401 544">
    <p class='ocr_par' dir='ltr' id='par_1_1' title="bbox 206 440 3401 544">
     <span class='ocr_line' id='line_1_1' title="bbox 206 440 3401 544; baseline -0.003 -1"><span class='ocrx_word' id='word_1_1' title='bbox 206 480 305 544; x_wconf 68' lang='lat'><strong>853&#39;</strong></span> <span class='ocrx_word' id='word_1_2' title='bbox 780 473 1024 535; x_wconf 83' lang='lat' dir='ltr'><strong>DECAS</strong></span> <span class='ocrx_word' id='word_1_3' title='bbox 1045 473 1142 536; x_wconf 84' lang='lat' dir='ltr'><strong>VI.</strong></span> <span class='ocrx_word' id='word_1_4' title='bbox 1167 497 1237 511; x_wconf 88' lang='grc'><strong><em>-</em></strong></span> <span class='ocrx_word' id='word_1_5' title='bbox 1263 472 1361 534; x_wconf 88' lang='lat' dir='ltr'><strong>DE</strong></span> <span class='ocrx_word' id='word_1_6' title='bbox 1403 470 2051 537; x_wconf 71' lang='lat' dir='ltr'><strong>APPARITIONIBUS</strong></span> <span class='ocrx_word' id='word_1_7' title='bbox 2086 468 2708 544; x_wconf 55' lang='lat' dir='ltr'><strong>DIVINIKUMINIS.</strong></span> <span class='ocrx_word' id='word_1_8' title='bbox 2754 440 2761 449; x_wconf 28' lang='lat'><strong><em>.</em></strong></span> <span class='ocrx_word' id='word_1_9' title='bbox 3267 469 3401 534; x_wconf 54' lang='lat'><strong>85!?</strong></span> 
     </span>
    </p>
   </div>
   <div class='ocr_carea' id='block_1_2' title="bbox 207 579 3371 662">
    <p class='ocr_par' dir='ltr' id='par_1_2' title="bbox 207 579 3371 662">
     <span class='ocr_line' id='line_1_2' title="bbox 207 579 3371 662; baseline -0.003 -17"><span class='ocrx_word' id='word_1_10' title='bbox 207 591 383 662; x_wconf 81' lang='lat' dir='ltr'><strong>quidem</strong></span> <span class='ocrx_word' id='word_1_11' title='bbox 415 584 667 642; x_wconf 78' lang='lat' dir='ltr'><strong>sententia</strong></span> <span class='ocrx_word' id='word_1_12' title='bbox 695 595 801 647; x_wconf 83' lang='lat' dir='ltr'><strong>est,</strong></span> <span class='ocrx_word' id='word_1_13' title='bbox 839 586 984 649; x_wconf 88' lang='lat' dir='ltr'><strong>talis,</strong></span> <span class='ocrx_word' id='word_1_14' title='bbox 1015 585 1195 656; x_wconf 86' lang='lat' dir='ltr'><strong>qualis</strong></span> <span class='ocrx_word' id='word_1_15' title='bbox 1227 585 1378 641; x_wconf 87' lang='lat' dir='ltr'><strong>visus</strong></span> <span class='ocrx_word' id='word_1_16' title='bbox 1418 594 1501 639; x_wconf 89' lang='lat' dir='ltr'><strong>est</strong></span> <span class='ocrx_word' id='word_1_17' title='bbox 1532 582 1706 644; x_wconf 53' lang='lat' dir='ltr'><strong>,disci-</strong></span> <span class='ocrx_word' id='word_1_18' title='bbox 1739 593 1782 643; x_wconf 75' lang='grc' dir='ltr'><strong>Α</strong></span> <span class='ocrx_word' id='word_1_19' title='bbox 1814 579 2093 641; x_wconf 74' lang='lat' dir='ltr'><strong>ﬁrmantes</strong></span> <span class='ocrx_word' id='word_1_20' title='bbox 2126 587 2511 655; x_wconf 85' lang='lat' dir='ltr'><strong>aspectabilem</strong></span> <span class='ocrx_word' id='word_1_21' title='bbox 2553 603 2675 641; x_wconf 86' lang='lat' dir='ltr'><strong>esse</strong></span> <span class='ocrx_word' id='word_1_22' title='bbox 2711 584 3050 639; x_wconf 76' lang='lat' dir='ltr'><strong>divinitatem</strong></span> <span class='ocrx_word' id='word_1_23' title='bbox 3083 581 3204 653; x_wconf 87' lang='lat' dir='ltr'><strong>ejus</strong></span> <span class='ocrx_word' id='word_1_24' title='bbox 3253 584 3371 639; x_wconf 57' lang='lat' dir='ltr'><strong>iuL‘e</strong></span> 
     </span>
    </p>
   </div>
   <div class='ocr_carea' id='block_1_3' title="bbox 206 673 3377 755">
    <p class='ocr_par' dir='ltr' id='par_1_3' title="bbox 206 673 3377 755">
     <span class='ocr_line' id='line_1_3' title="bbox 206 673 3377 755; baseline -0.003 -20"><span class='ocrx_word' id='word_1_25' title='bbox 206 684 335 755; x_wconf 84' lang='lat' dir='ltr'><strong>pnlis,</strong></span> <span class='ocrx_word' id='word_1_26' title='bbox 362 681 434 736; x_wconf 86' lang='lat' dir='ltr'><strong>vel</strong></span> <span class='ocrx_word' id='word_1_27' title='bbox 455 681 624 749; x_wconf 88' lang='lat' dir='ltr'><strong>potius</strong></span> <span class='ocrx_word' id='word_1_28' title='bbox 652 680 830 749; x_wconf 85' lang='lat' dir='ltr'><strong>qualis</strong></span> <span class='ocrx_word' id='word_1_29' title='bbox 864 680 1221 735; x_wconf 84' lang='lat' dir='ltr'><strong>subostensus</strong></span> <span class='ocrx_word' id='word_1_30' title='bbox 1254 685 1361 742; x_wconf 90' lang='grc' dir='ltr'>εει,</span> <span class='ocrx_word' id='word_1_31' title='bbox 1416 675 1579 730; x_wconf 88' lang='lat' dir='ltr'><strong>nimis</strong></span> <span class='ocrx_word' id='word_1_32' title='bbox 1615 690 1708 729; x_wconf 84' lang='lat' dir='ltr'><strong>su-</strong></span> <span class='ocrx_word' id='word_1_33' title='bbox 1815 676 1986 730; x_wconf 88' lang='lat' dir='ltr'><strong>uitam</strong></span> <span class='ocrx_word' id='word_1_34' title='bbox 2019 687 2073 730; x_wconf 91' lang='lat' dir='ltr'><strong>et</strong></span> <span class='ocrx_word' id='word_1_35' title='bbox 2096 678 2452 747; x_wconf 80' lang='lat' dir='ltr'><strong>incognitam,</strong></span> <span class='ocrx_word' id='word_1_36' title='bbox 2481 676 2573 731; x_wconf 89' lang='lat' dir='ltr'><strong>sed</strong></span> <span class='ocrx_word' id='word_1_37' title='bbox 2605 675 3017 732; x_wconf 91' lang='lat' dir='ltr'><strong>similitudinem</strong></span> <span class='ocrx_word' id='word_1_38' title='bbox 3046 673 3377 740; x_wconf 71' lang='lat' dir='ltr'><strong>divinitatis,</strong></span> 
     </span>
    </p>
   </div>
   <div class='ocr_carea' id='block_1_4' title="bbox 202 766 3379 845">
    <p class='ocr_par' dir='ltr' id='par_1_4' title="bbox 202 766 3379 845">
     <span class='ocr_line' id='line_1_4' title="bbox 202 766 3379 845; baseline -0.002 -20"><span class='ocrx_word' id='word_1_39' title='bbox 202 783 385 845; x_wconf 72' lang='grc' dir='ltr'>ρο-ηιιιε</span> <span class='ocrx_word' id='word_1_40' title='bbox 426 772 697 825; x_wconf 65' lang='lat' dir='ltr'><strong>divinitate</strong></span> <span class='ocrx_word' id='word_1_41' title='bbox 733 772 1023 824; x_wconf 82' lang='lat' dir='ltr'><strong>humanam</strong></span> <span class='ocrx_word' id='word_1_42' title='bbox 1076 769 1453 824; x_wconf 83' lang='lat' dir='ltr'><strong>carunculam.</strong></span> <span class='ocrx_word' id='word_1_43' title='bbox 1504 768 1579 820; x_wconf 79' lang='lat' dir='ltr'><strong>Ac</strong></span> <span class='ocrx_word' id='word_1_44' title='bbox 1612 767 1710 820; x_wconf 92' lang='lat' dir='ltr'><strong>itc-</strong></span> <span class='ocrx_word' id='word_1_45' title='bbox 1809 784 1974 838; x_wconf 91' lang='lat' dir='ltr'><strong>quam</strong></span> <span class='ocrx_word' id='word_1_46' title='bbox 2016 779 2275 837; x_wconf 88' lang='lat' dir='ltr'><strong>tanquam</strong></span> <span class='ocrx_word' id='word_1_47' title='bbox 2309 771 2363 823; x_wconf 93' lang='lat' dir='ltr'><strong>in</strong></span> <span class='ocrx_word' id='word_1_48' title='bbox 2398 769 2635 835; x_wconf 79' lang='lat' dir='ltr'><strong>imagine</strong></span> <span class='ocrx_word' id='word_1_49' title='bbox 2668 776 2723 822; x_wconf 90' lang='lat' dir='ltr'><strong>et</strong></span> <span class='ocrx_word' id='word_1_50' title='bbox 2746 767 2968 836; x_wconf 88' lang='lat' dir='ltr'><strong>speculo</strong></span> <span class='ocrx_word' id='word_1_51' title='bbox 3003 774 3168 835; x_wconf 87' lang='lat' dir='ltr'><strong>atque</strong></span> <span class='ocrx_word' id='word_1_52' title='bbox 3209 766 3379 829; x_wconf 54' lang='lat' dir='ltr'><strong>aenis-</strong></span> 
     </span>
    </p>
   </div>
   <div class='ocr_carea' id='block_1_5' title="bbox 203 847 3372 929">
    <p class='ocr_par' dir='ltr' id='par_1_5' title="bbox 203 847 3372 929">
     <span class='ocr_line' id='line_1_5' title="bbox 203 847 3372 929; baseline -0.004 -10"><span class='ocrx_word' id='word_1_53' title='bbox 203 881 331 921; x_wconf 84' lang='lat' dir='ltr'><strong>rum.</strong></span> <span class='ocrx_word' id='word_1_54' title='bbox 366 863 579 925; x_wconf 72' lang='lat' dir='ltr'><strong>Lumen,</strong></span> <span class='ocrx_word' id='word_1_55' title='bbox 618 862 812 929; x_wconf 92' lang='lat' dir='ltr'><strong>inquit,</strong></span> <span class='ocrx_word' id='word_1_56' title='bbox 848 860 956 914; x_wconf 84' lang='lat' dir='ltr'><strong>fuit</strong></span> <span class='ocrx_word' id='word_1_57' title='bbox 999 860 1258 925; x_wconf 70' lang='lat' dir='ltr'><strong>divinitas</strong></span> <span class='ocrx_word' id='word_1_58' title='bbox 1290 859 1378 912; x_wconf 89' lang='lat' dir='ltr'><strong>illa</strong></span> <span class='ocrx_word' id='word_1_59' title='bbox 1428 857 1483 910; x_wconf 92' lang='lat' dir='ltr'><strong>in</strong></span> <span class='ocrx_word' id='word_1_60' title='bbox 1528 867 1711 910; x_wconf 87' lang='lat' dir='ltr'><strong>monte</strong></span> <span class='ocrx_word' id='word_1_61' title='bbox 1813 869 1957 913; x_wconf 80' lang='lat' dir='ltr'><strong>mate</strong></span> <span class='ocrx_word' id='word_1_62' title='bbox 2003 847 2455 929; x_wconf 79' lang='lat' dir='ltr'><strong>contemplamur.</strong></span> <span class='ocrx_word' id='word_1_63' title='bbox 2511 861 2578 914; x_wconf 87' lang='lat' dir='ltr'><strong>Et</strong></span> <span class='ocrx_word' id='word_1_64' title='bbox 2625 858 2797 924; x_wconf 77' lang='lat' dir='ltr'><strong>sicut,</strong></span> <span class='ocrx_word' id='word_1_65' title='bbox 2842 871 2967 912; x_wconf 91' lang='lat' dir='ltr'><strong>cum</strong></span> <span class='ocrx_word' id='word_1_66' title='bbox 3024 858 3136 911; x_wconf 89' lang='lat' dir='ltr'><strong>sint</strong></span> <span class='ocrx_word' id='word_1_67' title='bbox 3167 856 3372 920; x_wconf 87' lang='lat' dir='ltr'><strong>alioqui</strong></span> 
     </span>
    </p>
   </div>
   <div class='ocr_carea' id='block_1_6' title="bbox 202 946 3381 1028">
    <p class='ocr_par' dir='ltr' id='par_1_6' title="bbox 202 946 3381 1028">
     <span class='ocr_line' id='line_1_6' title="bbox 202 946 3381 1028; baseline -0.003 -19"><span class='ocrx_word' id='word_1_68' title='bbox 202 954 443 1021; x_wconf 78' lang='lat' dir='ltr'><strong>discipulis</strong></span> <span class='ocrx_word' id='word_1_69' title='bbox 466 953 802 1007; x_wconf 81' lang='lat' dir='ltr'><strong>subosteusa.</strong></span> <span class='ocrx_word' id='word_1_70' title='bbox 836 950 1062 1005; x_wconf 84' lang='lat' dir='ltr'><strong>solidior</strong></span> <span class='ocrx_word' id='word_1_71' title='bbox 1089 949 1222 1015; x_wconf 86' lang='lat' dir='ltr'><strong>fere,</strong></span> <span class='ocrx_word' id='word_1_72' title='bbox 1251 963 1414 1016; x_wconf 90' lang='lat' dir='ltr'><strong>quam</strong></span> <span class='ocrx_word' id='word_1_73' title='bbox 1449 957 1509 1002; x_wconf 90' lang='lat' dir='ltr'><strong>ut</strong></span> <span class='ocrx_word' id='word_1_74' title='bbox 1539 947 1717 1000; x_wconf 18' lang='lat' dir='ltr'><strong>viderit</strong></span> <span class='ocrx_word' id='word_1_75' title='bbox 1813 951 2040 1004; x_wconf 72' lang='lat' dir='ltr'><strong>infinita:</strong></span> <span class='ocrx_word' id='word_1_76' title='bbox 2068 950 2265 1005; x_wconf 67' lang='lat' dir='ltr'><strong>divina:</strong></span> <span class='ocrx_word' id='word_1_77' title='bbox 2310 950 2576 1028; x_wconf 72' lang='lat' dir='ltr'><strong>imagines</strong></span> <span class='ocrx_word' id='word_1_78' title='bbox 2615 950 2843 1014; x_wconf 86' lang='lat' dir='ltr'><strong>Christi,</strong></span> <span class='ocrx_word' id='word_1_79' title='bbox 2880 965 2983 1003; x_wconf 90' lang='lat' dir='ltr'><strong>non</strong></span> <span class='ocrx_word' id='word_1_80' title='bbox 3021 948 3177 1001; x_wconf 90' lang='lat' dir='ltr'><strong>multi</strong></span> <span class='ocrx_word' id='word_1_81' title='bbox 3211 946 3381 1003; x_wconf 78' lang='lat' dir='ltr'><strong>Chri-</strong></span> 
     </span>
    </p>
   </div>
   <div class='ocr_carea' id='block_1_7' title="bbox 201 1038 3420 1117">
    <p class='ocr_par' dir='ltr' id='par_1_7' title="bbox 201 1038 3420 1117">
     <span class='ocr_line' id='line_1_7' title="bbox 201 1038 3420 1117; baseline -0.002 -22"><span class='ocrx_word' id='word_1_82' title='bbox 201 1056 363 1117; x_wconf 72' lang='lat' dir='ltr'><strong>posset.</strong></span> <span class='ocrx_word' id='word_1_83' title='bbox 402 1045 460 1098; x_wconf 78' lang='lat' dir='ltr'><strong>Et</strong></span> <span class='ocrx_word' id='word_1_84' title='bbox 492 1044 897 1097; x_wconf 82' lang='lat' dir='ltr'><strong>Damascenus:</strong></span> <span class='ocrx_word' id='word_1_85' title='bbox 932 1042 1193 1105; x_wconf 84' lang='lat' dir='ltr'><strong>Assumit,</strong></span> <span class='ocrx_word' id='word_1_86' title='bbox 1237 1040 1436 1110; x_wconf 85' lang='lat' dir='ltr'><strong>inquit,</strong></span> <span class='ocrx_word' id='word_1_87' title='bbox 1479 1040 1711 1109; x_wconf 81' lang='lat' dir='ltr'><strong>purissi—</strong></span> <span class='ocrx_word' id='word_1_88' title='bbox 1812 1043 1904 1106; x_wconf 87' lang='lat' dir='ltr'><strong>sli,</strong></span> <span class='ocrx_word' id='word_1_89' title='bbox 1947 1042 2042 1097; x_wconf 89' lang='lat' dir='ltr'><strong>sed</strong></span> <span class='ocrx_word' id='word_1_90' title='bbox 2080 1058 2223 1098; x_wconf 89' lang='lat' dir='ltr'><strong>unus</strong></span> <span class='ocrx_word' id='word_1_91' title='bbox 2255 1051 2463 1117; x_wconf 85' lang='lat' dir='ltr'><strong>t:u_uum</strong></span> <span class='ocrx_word' id='word_1_92' title='bbox 2498 1041 2763 1096; x_wconf 87' lang='lat' dir='ltr'><strong>Dominus</strong></span> <span class='ocrx_word' id='word_1_93' title='bbox 2796 1050 2982 1095; x_wconf 88' lang='lat' dir='ltr'><strong>noster</strong></span> <span class='ocrx_word' id='word_1_94' title='bbox 3025 1039 3181 1094; x_wconf 82' lang='lat' dir='ltr'><strong>Iesus</strong></span> <span class='ocrx_word' id='word_1_95' title='bbox 3212 1038 3373 1105; x_wconf 81' lang='lat' dir='ltr'><strong>Chri-</strong></span> 
     </span>
    </p>
   </div>
   <div class='ocr_carea' id='block_1_8' title="bbox 202 1108 3482 1202">
    <p class='ocr_par' dir='ltr' id='par_1_8' title="bbox 202 1108 3482 1202">
     <span class='ocr_line' id='line_1_8' title="bbox 202 1108 3482 1202; baseline -0.002 -14"><span class='ocrx_word' id='word_1_96' title='bbox 202 1151 318 1188; x_wconf 87' lang='grc' dir='ltr'>ιιιιιιιι</span> <span class='ocrx_word' id='word_1_97' title='bbox 363 1131 676 1202; x_wconf 72' lang='lat' dir='ltr'><strong>virginitatis</strong></span> <span class='ocrx_word' id='word_1_98' title='bbox 741 1131 1191 1194; x_wconf 80' lang='lat' dir='ltr'><strong>instrunu-ntum,</strong></span> <span class='ocrx_word' id='word_1_99' title='bbox 1242 1140 1302 1184; x_wconf 92' lang='lat' dir='ltr'><strong>ut</strong></span> <span class='ocrx_word' id='word_1_100' title='bbox 1342 1131 1437 1199; x_wconf 87' lang='lat' dir='ltr'><strong>qui</strong></span> <span class='ocrx_word' id='word_1_101' title='bbox 1486 1130 1709 1201; x_wconf 77' lang='lat' dir='ltr'><strong>gloriam</strong></span> <span class='ocrx_word' id='word_1_102' title='bbox 1812 1143 1967 1200; x_wconf 84' lang='lat' dir='ltr'><strong>stus;</strong></span> <span class='ocrx_word' id='word_1_103' title='bbox 2010 1135 2091 1189; x_wconf 91' lang='lat' dir='ltr'><strong>sic</strong></span> <span class='ocrx_word' id='word_1_104' title='bbox 2141 1149 2264 1189; x_wconf 89' lang='lat' dir='ltr'><strong>cum</strong></span> <span class='ocrx_word' id='word_1_105' title='bbox 2318 1112 2429 1188; x_wconf 77' lang='lat' dir='ltr'><strong>sint</strong></span> <span class='ocrx_word' id='word_1_106' title='bbox 2466 1134 2691 1187; x_wconf 71' lang='lat' dir='ltr'><strong>inﬁnita:</strong></span> <span class='ocrx_word' id='word_1_107' title='bbox 2738 1132 3002 1201; x_wconf 82' lang='lat' dir='ltr'><strong>imagines</strong></span> <span class='ocrx_word' id='word_1_108' title='bbox 3051 1130 3376 1191; x_wconf 84' lang='lat' dir='ltr'><strong>divinitatis,</strong></span> <span class='ocrx_word' id='word_1_109' title='bbox 3415 1108 3427 1143; x_wconf 61' lang='grc'>²</span> <span class='ocrx_word' id='word_1_110' title='bbox 3472 1155 3482 1164; x_wconf 92' lang='lat'><strong><em>-</em></strong></span> 
     </span>
    </p>
   </div>
   <div class='ocr_carea' id='block_1_9' title="bbox 199 1219 3379 1293">
    <p class='ocr_par' dir='ltr' id='par_1_9' title="bbox 199 1219 3379 1293">
     <span class='ocr_line' id='line_1_9' title="bbox 199 1219 3379 1293; baseline -0.004 -13"><span class='ocrx_word' id='word_1_111' title='bbox 199 1226 289 1280; x_wconf 81' lang='lat' dir='ltr'><strong>l-‘ilii</strong></span> <span class='ocrx_word' id='word_1_112' title='bbox 316 1235 554 1280; x_wconf 67' lang='lat' dir='ltr'><strong>mternam</strong></span> <span class='ocrx_word' id='word_1_113' title='bbox 575 1221 817 1287; x_wconf 82' lang='lat' dir='ltr'><strong>vidisset,</strong></span> <span class='ocrx_word' id='word_1_114' title='bbox 855 1222 1007 1286; x_wconf 91' lang='lat' dir='ltr'><strong>illud,</strong></span> <span class='ocrx_word' id='word_1_115' title='bbox 1060 1220 1123 1274; x_wconf 86' lang='lat' dir='ltr'><strong>In</strong></span> <span class='ocrx_word' id='word_1_116' title='bbox 1150 1222 1408 1291; x_wconf 80' lang='lat' dir='ltr'><strong>principio</strong></span> <span class='ocrx_word' id='word_1_117' title='bbox 1438 1232 1552 1276; x_wconf 77' lang='lat' dir='ltr'><strong>erat</strong></span> <span class='ocrx_word' id='word_1_118' title='bbox 1586 1219 1717 1276; x_wconf 68' lang='lat' dir='ltr'><strong>Vero</strong></span> <span class='ocrx_word' id='word_1_119' title='bbox 1812 1240 1934 1293; x_wconf 73' lang='lat' dir='ltr'><strong>qua:</strong></span> <span class='ocrx_word' id='word_1_120' title='bbox 1982 1239 2147 1293; x_wconf 85' lang='lat' dir='ltr'><strong>supra</strong></span> <span class='ocrx_word' id='word_1_121' title='bbox 2195 1225 2557 1279; x_wconf 84' lang='lat' dir='ltr'><strong>substantiam</strong></span> <span class='ocrx_word' id='word_1_122' title='bbox 2593 1231 2700 1287; x_wconf 90' lang='lat' dir='ltr'><strong>est,</strong></span> <span class='ocrx_word' id='word_1_123' title='bbox 2749 1231 2806 1275; x_wconf 92' lang='lat' dir='ltr'><strong>et</strong></span> <span class='ocrx_word' id='word_1_124' title='bbox 2853 1222 2993 1276; x_wconf 89' lang='lat' dir='ltr'><strong>sicut</strong></span> <span class='ocrx_word' id='word_1_125' title='bbox 3038 1233 3379 1288; x_wconf 70' lang='lat' dir='ltr'><strong>nnaqumqne</strong></span> 
     </span>
    </p>
   </div>
   <div class='ocr_carea' id='block_1_10' title="bbox 201 1311 3381 1385">
    <p class='ocr_par' dir='ltr' id='par_1_10' title="bbox 201 1311 3381 1385">
     <span class='ocr_line' id='line_1_10' title="bbox 201 1311 3381 1385; baseline -0.003 -18"><span class='ocrx_word' id='word_1_126' title='bbox 201 1316 297 1367; x_wconf 64' lang='lat' dir='ltr'><strong>tam</strong></span> <span class='ocrx_word' id='word_1_127' title='bbox 334 1322 555 1367; x_wconf 84' lang='lat' dir='ltr'><strong>tonaret.</strong></span> <span class='ocrx_word' id='word_1_128' title='bbox 604 1311 668 1366; x_wconf 86' lang='lat' dir='ltr'><strong>Et</strong></span> <span class='ocrx_word' id='word_1_129' title='bbox 712 1312 928 1367; x_wconf 88' lang='lat' dir='ltr'><strong>divinus</strong></span> <span class='ocrx_word' id='word_1_130' title='bbox 960 1311 1384 1381; x_wconf 87' lang='lat' dir='ltr'><strong>Chrysostomus</strong></span> <span class='ocrx_word' id='word_1_131' title='bbox 1414 1311 1714 1379; x_wconf 77' lang='lat' dir='ltr'><strong>explanans</strong></span> <span class='ocrx_word' id='word_1_132' title='bbox 1814 1319 1994 1385; x_wconf 82' lang='lat' dir='ltr'><strong>imago</strong></span> <span class='ocrx_word' id='word_1_133' title='bbox 2024 1316 2202 1369; x_wconf 90' lang='lat' dir='ltr'><strong>divina</strong></span> <span class='ocrx_word' id='word_1_134' title='bbox 2232 1313 2493 1384; x_wconf 86' lang='lat' dir='ltr'><strong>inscripta</strong></span> <span class='ocrx_word' id='word_1_135' title='bbox 2528 1325 2609 1368; x_wconf 85' lang='lat' dir='ltr'><strong>est</strong></span> <span class='ocrx_word' id='word_1_136' title='bbox 2631 1311 2910 1377; x_wconf 86' lang='lat' dir='ltr'><strong>Christus,</strong></span> <span class='ocrx_word' id='word_1_137' title='bbox 2939 1311 3019 1365; x_wconf 83' lang='lat' dir='ltr'><strong>sic</strong></span> <span class='ocrx_word' id='word_1_138' title='bbox 3042 1321 3381 1377; x_wconf 62' lang='lat' dir='ltr'><strong>unaquaeque</strong></span> 
     </span>
    </p>
   </div>
   <div class='ocr_carea' id='block_1_11' title="bbox 195 1399 3382 1474">
    <p class='ocr_par' dir='ltr' id='par_1_11' title="bbox 195 1399 3382 1474">
     <span class='ocr_line' id='line_1_11' title="bbox 195 1399 3382 1474; baseline -0.002 -15"><span class='ocrx_word' id='word_1_139' title='bbox 195 1404 339 1459; x_wconf 87' lang='lat' dir='ltr'><strong>illud:</strong></span> <span class='ocrx_word' id='word_1_140' title='bbox 372 1402 995 1473; x_wconf 76' lang='lat' dir='ltr'><strong>l&#39;idimusgioriameius,</strong></span> <span class='ocrx_word' id='word_1_141' title='bbox 1024 1404 1419 1474; x_wconf 73' lang='lat' dir='ltr'><strong>gleriamqttaai</strong></span> <span class='ocrx_word' id='word_1_142' title='bbox 1451 1402 1716 1474; x_wconf 81' lang='lat' dir='ltr'><strong>Unigeniti</strong></span> <span class='ocrx_word' id='word_1_143' title='bbox 1816 1407 2009 1460; x_wconf 85' lang='lat' dir='ltr'><strong>harum</strong></span> <span class='ocrx_word' id='word_1_144' title='bbox 2061 1405 2485 1459; x_wconf 83' lang='lat' dir='ltr'><strong>similitudinum</strong></span> <span class='ocrx_word' id='word_1_145' title='bbox 2535 1404 2789 1459; x_wconf 81' lang='lat' dir='ltr'><strong>divinitas</strong></span> <span class='ocrx_word' id='word_1_146' title='bbox 2834 1402 3099 1472; x_wconf 86' lang='lat' dir='ltr'><strong>appellata</strong></span> <span class='ocrx_word' id='word_1_147' title='bbox 3143 1409 3247 1456; x_wconf 85' lang='lat' dir='ltr'><strong>est.</strong></span> <span class='ocrx_word' id='word_1_148' title='bbox 3305 1399 3382 1453; x_wconf 75' lang='lat' dir='ltr'><strong>Ex</strong></span> 
     </span>
    </p>
   </div>
   <div class='ocr_carea' id='block_1_12' title="bbox 200 1488 3384 1564">
    <p class='ocr_par' dir='ltr' id='par_1_12' title="bbox 200 1488 3384 1564">
     <span class='ocr_line' id='line_1_12' title="bbox 200 1488 3384 1564; baseline -0.002 -19"><span class='ocrx_word' id='word_1_149' title='bbox 200 1493 1304 1563; x_wconf 52' lang='lat' dir='ltr'><strong>aPatre:Nunquamriuquit,vidissent.</strong></span> <span class='ocrx_word' id='word_1_150' title='bbox 1336 1495 1441 1549; x_wconf 82' lang='lat' dir='ltr'><strong>nisi</strong></span> <span class='ocrx_word' id='word_1_151' title='bbox 1477 1510 1571 1564; x_wconf 87' lang='lat' dir='ltr'><strong>per</strong></span> <span class='ocrx_word' id='word_1_152' title='bbox 1594 1511 1737 1549; x_wconf 17' lang='lat' dir='ltr'><strong>cor-a</strong></span> <span class='ocrx_word' id='word_1_153' title='bbox 1814 1497 2006 1549; x_wconf 88' lang='lat' dir='ltr'><strong>ordine</strong></span> <span class='ocrx_word' id='word_1_154' title='bbox 2053 1494 2225 1558; x_wconf 90' lang='lat' dir='ltr'><strong>enim,</strong></span> <span class='ocrx_word' id='word_1_155' title='bbox 2267 1493 2468 1562; x_wconf 86' lang='lat' dir='ltr'><strong>inquit,</strong></span> <span class='ocrx_word' id='word_1_156' title='bbox 2514 1494 2758 1546; x_wconf 91' lang='lat' dir='ltr'><strong>omnium</strong></span> <span class='ocrx_word' id='word_1_157' title='bbox 2809 1506 3017 1555; x_wconf 89' lang='lat' dir='ltr'><strong>rerum,</strong></span> <span class='ocrx_word' id='word_1_158' title='bbox 3070 1499 3124 1544; x_wconf 93' lang='lat' dir='ltr'><strong>nt</strong></span> <span class='ocrx_word' id='word_1_159' title='bbox 3173 1488 3265 1555; x_wconf 86' lang='lat' dir='ltr'><strong>qui</strong></span> <span class='ocrx_word' id='word_1_160' title='bbox 3314 1492 3384 1542; x_wconf 78' lang='lat' dir='ltr'><strong>ab</strong></span> 
     </span>
    </p>
   </div>
   <div class='ocr_carea' id='block_1_13' title="bbox 202 1578 3385 1657">
    <p class='ocr_par' dir='ltr' id='par_1_13' title="bbox 202 1578 3385 1657">
     <span class='ocr_line' id='line_1_13' title="bbox 202 1578 3385 1657; baseline -0.003 -20"><span class='ocrx_word' id='word_1_161' title='bbox 202 1600 282 1653; x_wconf 85' lang='lat' dir='ltr'><strong>pus</strong></span> <span class='ocrx_word' id='word_1_162' title='bbox 327 1585 595 1640; x_wconf 82' lang='lat' dir='ltr'><strong>nobiseum</strong></span> <span class='ocrx_word' id='word_1_163' title='bbox 633 1585 802 1638; x_wconf 89' lang='lat' dir='ltr'><strong>altum</strong></span> <span class='ocrx_word' id='word_1_164' title='bbox 848 1594 917 1639; x_wconf 58' lang='lat' dir='ltr'><strong>et»</strong></span> <span class='ocrx_word' id='word_1_165' title='bbox 943 1586 1229 1642; x_wconf 87' lang='lat' dir='ltr'><strong>nutritum.</strong></span> <span class='ocrx_word' id='word_1_166' title='bbox 1278 1585 1345 1640; x_wconf 82' lang='lat' dir='ltr'><strong>Et</strong></span> <span class='ocrx_word' id='word_1_167' title='bbox 1397 1586 1596 1640; x_wconf 88' lang='lat' dir='ltr'><strong>iterum</strong></span> <span class='ocrx_word' id='word_1_168' title='bbox 1661 1586 1723 1641; x_wconf 37' lang='lat' dir='ltr'><strong>in.</strong></span> <span class='ocrx_word' id='word_1_169' title='bbox 1817 1588 1938 1657; x_wconf 85' lang='lat' dir='ltr'><strong>ipso</strong></span> <span class='ocrx_word' id='word_1_170' title='bbox 1973 1586 2277 1649; x_wconf 79' lang='lat' dir='ltr'><strong>factusest,</strong></span> <span class='ocrx_word' id='word_1_171' title='bbox 2309 1593 2365 1638; x_wconf 85' lang='lat' dir='ltr'><strong>et</strong></span> <span class='ocrx_word' id='word_1_172' title='bbox 2405 1585 2496 1653; x_wconf 90' lang='lat' dir='ltr'><strong>qui</strong></span> <span class='ocrx_word' id='word_1_173' title='bbox 2545 1583 2814 1650; x_wconf 84' lang='lat' dir='ltr'><strong>imagines</strong></span> <span class='ocrx_word' id='word_1_174' title='bbox 2838 1580 3104 1650; x_wconf 87' lang='lat' dir='ltr'><strong>quasdam</strong></span> <span class='ocrx_word' id='word_1_175' title='bbox 3141 1586 3193 1632; x_wconf 90' lang='lat' dir='ltr'><strong>et</strong></span> <span class='ocrx_word' id='word_1_176' title='bbox 3232 1578 3385 1630; x_wconf 62' lang='lat' dir='ltr'><strong>simi—</strong></span> 
     </span>
    </p>
   </div>
   <div class='ocr_carea' id='block_1_14' title="bbox 196 1658 3381 1748">
    <p class='ocr_par' dir='ltr' id='par_1_14' title="bbox 196 1658 3381 1748">
     <span class='ocr_line' id='line_1_14' title="bbox 196 1658 3381 1748; baseline -0.002 -21"><span class='ocrx_word' id='word_1_177' title='bbox 196 1676 403 1730; x_wconf 72' lang='lat' dir='ltr'><strong>nratieue</strong></span> <span class='ocrx_word' id='word_1_178' title='bbox 441 1676 506 1729; x_wconf 88' lang='lat' dir='ltr'><strong>de</strong></span> <span class='ocrx_word' id='word_1_179' title='bbox 533 1674 1036 1748; x_wconf 79' lang='lat' dir='ltr'><strong>Transﬁgoratioue</strong></span> <span class='ocrx_word' id='word_1_180' title='bbox 1069 1694 1083 1732; x_wconf 92' lang='lat'><strong>:</strong></span> <span class='ocrx_word' id='word_1_181' title='bbox 1121 1676 1396 1740; x_wconf 74' lang='lat' dir='ltr'><strong>Ostendit,</strong></span> <span class='ocrx_word' id='word_1_182' title='bbox 1424 1677 1623 1747; x_wconf 58' lang='lat' dir='ltr'><strong>inquit»,</strong></span> <span class='ocrx_word' id='word_1_183' title='bbox 1661 1684 1723 1731; x_wconf 90' lang='grc' dir='ltr'>ει·</span> <span class='ocrx_word' id='word_1_184' title='bbox 1817 1678 2080 1733; x_wconf 79' lang='lat' dir='ltr'><strong>litudines</strong></span> <span class='ocrx_word' id='word_1_185' title='bbox 2130 1677 2439 1732; x_wconf 89' lang='lat' dir='ltr'><strong>divinorum</strong></span> <span class='ocrx_word' id='word_1_186' title='bbox 2482 1675 2602 1744; x_wconf 85' lang='lat' dir='ltr'><strong>ejus</strong></span> <span class='ocrx_word' id='word_1_187' title='bbox 2650 1658 3046 1743; x_wconf 74' lang='lat' dir='ltr'><strong>eaetnplarium</strong></span> <span class='ocrx_word' id='word_1_188' title='bbox 3087 1671 3269 1733; x_wconf 82' lang='lat' dir='ltr'><strong>habet,</strong></span> <span class='ocrx_word' id='word_1_189' title='bbox 3315 1669 3381 1722; x_wconf 87' lang='lat' dir='ltr'><strong>ad</strong></span> 
     </span>
    </p>
   </div>
   <div class='ocr_carea' id='block_1_15' title="bbox 197 1767 3383 1840">
    <p class='ocr_par' dir='ltr' id='par_1_15' title="bbox 197 1767 3383 1840">
     <span class='ocr_line' id='line_1_15' title="bbox 197 1767 3383 1840; baseline -0.002 -21"><span class='ocrx_word' id='word_1_190' title='bbox 197 1782 280 1819; x_wconf 84' lang='lat' dir='ltr'><strong>non</strong></span> <span class='ocrx_word' id='word_1_191' title='bbox 308 1768 531 1821; x_wconf 81' lang='lat' dir='ltr'><strong>ostendit</strong></span> <span class='ocrx_word' id='word_1_192' title='bbox 560 1768 793 1838; x_wconf 76' lang='lat' dir='ltr'><strong>gloriam</strong></span> <span class='ocrx_word' id='word_1_193' title='bbox 832 1769 1101 1839; x_wconf 70' lang='lat' dir='ltr'><strong>reguisui</strong></span> <span class='ocrx_word' id='word_1_194' title='bbox 1129 1769 1310 1824; x_wconf 73' lang='lat' dir='ltr'><strong>divini</strong></span> <span class='ocrx_word' id='word_1_195' title='bbox 1353 1769 1720 1839; x_wconf 57' lang='lat' dir='ltr'><strong>inaspectabiv</strong></span> <span class='ocrx_word' id='word_1_196' title='bbox 1818 1772 1949 1827; x_wconf 89' lang='lat' dir='ltr'><strong>illud</strong></span> <span class='ocrx_word' id='word_1_197' title='bbox 1994 1786 2335 1840; x_wconf 89' lang='lat' dir='ltr'><strong>supremum,</strong></span> <span class='ocrx_word' id='word_1_198' title='bbox 2374 1771 2518 1839; x_wconf 89' lang='lat' dir='ltr'><strong>quod</strong></span> <span class='ocrx_word' id='word_1_199' title='bbox 2555 1769 2699 1823; x_wconf 89' lang='lat' dir='ltr'><strong>ultra</strong></span> <span class='ocrx_word' id='word_1_200' title='bbox 2739 1767 3158 1823; x_wconf 81' lang='lat' dir='ltr'><strong>universitatem</strong></span> <span class='ocrx_word' id='word_1_201' title='bbox 3202 1779 3383 1818; x_wconf 90' lang='lat' dir='ltr'><strong>rerum</strong></span> 
     </span>
    </p>
   </div>
   <div class='ocr_carea' id='block_1_16' title="bbox 196 1854 3384 1929">
    <p class='ocr_par' dir='ltr' id='par_1_16' title="bbox 196 1854 3384 1929">
     <span class='ocr_line' id='line_1_16' title="bbox 196 1854 3384 1929; baseline -0.001 -20"><span class='ocrx_word' id='word_1_202' title='bbox 196 1857 248 1910; x_wconf 71' lang='lat' dir='ltr'><strong>lis</strong></span> <span class='ocrx_word' id='word_1_203' title='bbox 277 1875 289 1910; x_wconf 88' lang='lat'><strong>:</strong></span> <span class='ocrx_word' id='word_1_204' title='bbox 314 1859 538 1912; x_wconf 79' lang='lat' dir='ltr'><strong>ostendit</strong></span> <span class='ocrx_word' id='word_1_205' title='bbox 586 1860 831 1929; x_wconf 83' lang='lat' dir='ltr'><strong>quidem,</strong></span> <span class='ocrx_word' id='word_1_206' title='bbox 883 1868 955 1914; x_wconf 76' lang='lat' dir='ltr'><strong>ut</strong></span> <span class='ocrx_word' id='word_1_207' title='bbox 978 1875 1072 1915; x_wconf 85' lang='lat' dir='ltr'><strong>eos</strong></span> <span class='ocrx_word' id='word_1_208' title='bbox 1110 1868 1290 1915; x_wconf 82' lang='lat' dir='ltr'><strong>certos</strong></span> <span class='ocrx_word' id='word_1_209' title='bbox 1336 1859 1575 1925; x_wconf 78' lang='lat' dir='ltr'><strong>faceret;</strong></span> <span class='ocrx_word' id='word_1_210' title='bbox 1607 1876 1714 1915; x_wconf 93' lang='lat' dir='ltr'><strong>non</strong></span> <span class='ocrx_word' id='word_1_211' title='bbox 1749 1917 1787 1929; x_wconf 78' lang='lat'><em>_</em></span> <span class='ocrx_word' id='word_1_212' title='bbox 1819 1875 1924 1929; x_wconf 83' lang='lat' dir='ltr'><strong>est,</strong></span> <span class='ocrx_word' id='word_1_213' title='bbox 1960 1864 2044 1918; x_wconf 86' lang='lat' dir='ltr'><strong>via</strong></span> <span class='ocrx_word' id='word_1_214' title='bbox 2081 1872 2135 1916; x_wconf 79' lang='lat' dir='ltr'><strong>et</strong></span> <span class='ocrx_word' id='word_1_215' title='bbox 2156 1863 2349 1916; x_wconf 89' lang='lat' dir='ltr'><strong>ordine</strong></span> <span class='ocrx_word' id='word_1_216' title='bbox 2389 1877 2487 1928; x_wconf 91' lang='lat' dir='ltr'><strong>pro</strong></span> <span class='ocrx_word' id='word_1_217' title='bbox 2514 1860 2720 1914; x_wconf 89' lang='lat' dir='ltr'><strong>viribus</strong></span> <span class='ocrx_word' id='word_1_218' title='bbox 2753 1857 3135 1921; x_wconf 87' lang='lat' dir='ltr'><strong>ascendimus;</strong></span> <span class='ocrx_word' id='word_1_219' title='bbox 3161 1864 3213 1909; x_wconf 90' lang='lat' dir='ltr'><strong>et</strong></span> <span class='ocrx_word' id='word_1_220' title='bbox 3240 1854 3384 1922; x_wconf 85' lang='lat' dir='ltr'><strong>quod</strong></span> 
     </span>
    </p>
   </div>
   <div class='ocr_carea' id='block_1_17' title="bbox 194 1945 3389 2025">
    <p class='ocr_par' dir='ltr' id='par_1_17' title="bbox 194 1945 3389 2025">
     <span class='ocr_line' id='line_1_17' title="bbox 194 1945 3389 2025; baseline -0.002 -24"><span class='ocrx_word' id='word_1_221' title='bbox 194 1954 340 2001; x_wconf 69' lang='lat' dir='ltr'><strong>uitem</strong></span> <span class='ocrx_word' id='word_1_222' title='bbox 386 1950 642 2013; x_wconf 66' lang='lat' dir='ltr'><strong>ostendit;</strong></span> <span class='ocrx_word' id='word_1_223' title='bbox 673 1966 741 2004; x_wconf 87' lang='lat' dir='ltr'><strong>ne</strong></span> <span class='ocrx_word' id='word_1_224' title='bbox 785 1966 1050 2005; x_wconf 43' lang='lat' dir='ltr'><strong>una&#39;cum</strong></span> <span class='ocrx_word' id='word_1_225' title='bbox 1080 1960 1319 2021; x_wconf 80' lang='lat' dir='ltr'><strong>aspectu</strong></span> <span class='ocrx_word' id='word_1_226' title='bbox 1347 1952 1515 2007; x_wconf 76' lang='lat' dir='ltr'><strong>vitam</strong></span> <span class='ocrx_word' id='word_1_227' title='bbox 1552 1954 1720 2007; x_wconf 83' lang='lat' dir='ltr'><strong>etiam</strong></span> <span class='ocrx_word' id='word_1_228' title='bbox 1750 1945 1790 1971; x_wconf 80' lang='lat'><strong>&quot;</strong></span> <span class='ocrx_word' id='word_1_229' title='bbox 1820 1956 1943 2025; x_wconf 86' lang='lat' dir='ltr'><strong>plus</strong></span> <span class='ocrx_word' id='word_1_230' title='bbox 1976 1962 2081 2017; x_wconf 88' lang='lat' dir='ltr'><strong>est,</strong></span> <span class='ocrx_word' id='word_1_231' title='bbox 2114 1954 2331 2008; x_wconf 89' lang='lat' dir='ltr'><strong>divinus</strong></span> <span class='ocrx_word' id='word_1_232' title='bbox 2382 1967 2587 2015; x_wconf 79' lang='lat' dir='ltr'><strong>sermo,</strong></span> <span class='ocrx_word' id='word_1_233' title='bbox 2626 1948 2938 2007; x_wconf 79' lang='lat' dir='ltr'><strong>Faciamus.</strong></span> <span class='ocrx_word' id='word_1_234' title='bbox 2972 1947 3166 2016; x_wconf 89' lang='lat' dir='ltr'><strong>inquit,</strong></span> <span class='ocrx_word' id='word_1_235' title='bbox 3219 1945 3389 1998; x_wconf 78' lang='lat' dir='ltr'><strong>Itami-</strong></span> 
     </span>
    </p>
   </div>
   <div class='ocr_carea' id='block_1_18' title="bbox 194 2034 3386 2111">
    <p class='ocr_par' dir='ltr' id='par_1_18' title="bbox 194 2034 3386 2111">
     <span class='ocr_line' id='line_1_18' title="bbox 194 2034 3386 2111; baseline -0.002 -21"><span class='ocrx_word' id='word_1_236' title='bbox 194 2040 480 2095; x_wconf 76' lang='lat' dir='ltr'><strong>audtterent.</strong></span> <span class='ocrx_word' id='word_1_237' title='bbox 545 2040 612 2096; x_wconf 67' lang='lat' dir='ltr'><strong>Et</strong></span> <span class='ocrx_word' id='word_1_238' title='bbox 658 2042 876 2097; x_wconf 88' lang='lat' dir='ltr'><strong>divinus</strong></span> <span class='ocrx_word' id='word_1_239' title='bbox 923 2042 1155 2097; x_wconf 81' lang='lat' dir='ltr'><strong>Cosmas</strong></span> <span class='ocrx_word' id='word_1_240' title='bbox 1202 2043 1254 2098; x_wconf 90' lang='lat' dir='ltr'><strong>iu</strong></span> <span class='ocrx_word' id='word_1_241' title='bbox 1307 2059 1521 2099; x_wconf 81' lang='lat' dir='ltr'><strong>canone</strong></span> <span class='ocrx_word' id='word_1_242' title='bbox 1569 2044 1721 2108; x_wconf 54' lang='lat' dir='ltr'><strong>festi;</strong></span> <span class='ocrx_word' id='word_1_243' title='bbox 1818 2060 1934 2098; x_wconf 82' lang='lat' dir='ltr'><strong>nem</strong></span> <span class='ocrx_word' id='word_1_244' title='bbox 1963 2044 2031 2095; x_wconf 87' lang='lat' dir='ltr'><strong>ad</strong></span> <span class='ocrx_word' id='word_1_245' title='bbox 2058 2044 2338 2111; x_wconf 79' lang='lat' dir='ltr'><strong>imaginem</strong></span> <span class='ocrx_word' id='word_1_246' title='bbox 2363 2052 2413 2094; x_wconf 86' lang='lat' dir='ltr'><strong>et</strong></span> <span class='ocrx_word' id='word_1_247' title='bbox 2433 2039 2837 2094; x_wconf 75' lang='lat' dir='ltr'><strong>similitudine»:</strong></span> <span class='ocrx_word' id='word_1_248' title='bbox 2865 2047 3103 2092; x_wconf 76' lang='lat' dir='ltr'><strong>nostram</strong></span> <span class='ocrx_word' id='word_1_249' title='bbox 3130 2034 3211 2099; x_wconf 68' lang='lat'><strong>&quot;’;</strong></span> <span class='ocrx_word' id='word_1_250' title='bbox 3241 2037 3386 2101; x_wconf 91' lang='lat' dir='ltr'><strong>quol</strong></span> 
     </span>
    </p>
   </div>
   <div class='ocr_carea' id='block_1_19' title="bbox 192 2125 3388 2202">
    <p class='ocr_par' dir='ltr' id='par_1_19' title="bbox 192 2125 3388 2202">
     <span class='ocr_line' id='line_1_19' title="bbox 192 2125 3388 2202; baseline -0.002 -21"><span class='ocrx_word' id='word_1_251' title='bbox 192 2130 371 2183; x_wconf 82' lang='lat' dir='ltr'><strong>cantico</strong></span> <span class='ocrx_word' id='word_1_252' title='bbox 401 2142 594 2200; x_wconf 81' lang='lat' dir='ltr'><strong>quarto</strong></span> <span class='ocrx_word' id='word_1_253' title='bbox 627 2150 642 2185; x_wconf 93' lang='lat'><strong>:</strong></span> <span class='ocrx_word' id='word_1_254' title='bbox 677 2131 750 2185; x_wconf 79' lang='lat' dir='ltr'><strong>Ex</strong></span> <span class='ocrx_word' id='word_1_255' title='bbox 780 2147 966 2198; x_wconf 87' lang='lat' dir='ltr'><strong>carne,</strong></span> <span class='ocrx_word' id='word_1_256' title='bbox 996 2132 1194 2202; x_wconf 67' lang='lat' dir='ltr'><strong>inquit,</strong></span> <span class='ocrx_word' id='word_1_257' title='bbox 1219 2143 1315 2188; x_wconf 72' lang='lat' dir='ltr'><strong>tua</strong></span> <span class='ocrx_word' id='word_1_258' title='bbox 1347 2135 1481 2189; x_wconf 88' lang='lat' dir='ltr'><strong>radii</strong></span> <span class='ocrx_word' id='word_1_259' title='bbox 1516 2135 1726 2189; x_wconf 48' lang='lat' dir='ltr'><strong>divini-</strong></span> <span class='ocrx_word' id='word_1_260' title='bbox 1819 2144 2001 2189; x_wconf 87' lang='lat' dir='ltr'><strong>autem</strong></span> <span class='ocrx_word' id='word_1_261' title='bbox 2043 2134 2173 2187; x_wconf 87' lang='lat' dir='ltr'><strong>illttd</strong></span> <span class='ocrx_word' id='word_1_262' title='bbox 2210 2132 2603 2188; x_wconf 80' lang='lat' dir='ltr'><strong>subostendere</strong></span> <span class='ocrx_word' id='word_1_263' title='bbox 2628 2140 2683 2185; x_wconf 90' lang='lat' dir='ltr'><strong>et</strong></span> <span class='ocrx_word' id='word_1_264' title='bbox 2717 2128 3045 2184; x_wconf 89' lang='lat' dir='ltr'><strong>adumbrare</strong></span> <span class='ocrx_word' id='word_1_265' title='bbox 3067 2126 3198 2181; x_wconf 88' lang='lat' dir='ltr'><strong>dicit</strong></span> <span class='ocrx_word' id='word_1_266' title='bbox 3227 2125 3388 2181; x_wconf 86' lang='lat' dir='ltr'><strong>simi-</strong></span> 
     </span>
    </p>
   </div>
   <div class='ocr_carea' id='block_1_20' title="bbox 198 2216 3390 2293">
    <p class='ocr_par' dir='ltr' id='par_1_20' title="bbox 198 2216 3390 2293">
     <span class='ocr_line' id='line_1_20' title="bbox 198 2216 3390 2293; baseline -0 -22"><span class='ocrx_word' id='word_1_267' title='bbox 198 2222 302 2273; x_wconf 84' lang='lat' dir='ltr'><strong>tatis</strong></span> <span class='ocrx_word' id='word_1_268' title='bbox 321 2223 553 2278; x_wconf 76' lang='lat' dir='ltr'><strong>exibant.</strong></span> <span class='ocrx_word' id='word_1_269' title='bbox 588 2224 733 2277; x_wconf 90' lang='lat' dir='ltr'><strong>Idem</strong></span> <span class='ocrx_word' id='word_1_270' title='bbox 762 2223 942 2279; x_wconf 77' lang='lat' dir='ltr'><strong>adhuc</strong></span> <span class='ocrx_word' id='word_1_271' title='bbox 969 2225 1022 2279; x_wconf 91' lang='lat' dir='ltr'><strong>in</strong></span> <span class='ocrx_word' id='word_1_272' title='bbox 1048 2226 1237 2293; x_wconf 89' lang='lat' dir='ltr'><strong>quinto</strong></span> <span class='ocrx_word' id='word_1_273' title='bbox 1265 2225 1743 2282; x_wconf 22' lang='lat' dir='ltr'><strong>cautico:Com—r</strong></span> <span class='ocrx_word' id='word_1_274' title='bbox 1822 2224 2103 2278; x_wconf 88' lang='lat' dir='ltr'><strong>litudiuem</strong></span> <span class='ocrx_word' id='word_1_275' title='bbox 2144 2223 2473 2285; x_wconf 85' lang='lat' dir='ltr'><strong>divinitatis,</strong></span> <span class='ocrx_word' id='word_1_276' title='bbox 2539 2221 2884 2275; x_wconf 75' lang='lat' dir='ltr'><strong>manifestius</strong></span> <span class='ocrx_word' id='word_1_277' title='bbox 2936 2220 3039 2274; x_wconf 88' lang='lat' dir='ltr'><strong>hoc</strong></span> <span class='ocrx_word' id='word_1_278' title='bbox 3092 2219 3149 2272; x_wconf 82' lang='lat' dir='ltr'><strong>fit</strong></span> <span class='ocrx_word' id='word_1_279' title='bbox 3203 2233 3270 2273; x_wconf 73' lang='lat' dir='ltr'><strong>ex</strong></span> <span class='ocrx_word' id='word_1_280' title='bbox 3322 2216 3390 2269; x_wconf 87' lang='lat' dir='ltr'><strong>iis</strong></span> 
     </span>
    </p>
   </div>
   <div class='ocr_carea' id='block_1_21' title="bbox 198 2311 3388 2387">
    <p class='ocr_par' dir='ltr' id='par_1_21' title="bbox 198 2311 3388 2387">
     <span class='ocr_line' id='line_1_21' title="bbox 198 2311 3388 2387; baseline -0.002 -24"><span class='ocrx_word' id='word_1_281' title='bbox 198 2312 359 2366; x_wconf 86' lang='lat' dir='ltr'><strong>mistus</strong></span> <span class='ocrx_word' id='word_1_282' title='bbox 401 2329 503 2366; x_wconf 88' lang='lat' dir='ltr'><strong>non</strong></span> <span class='ocrx_word' id='word_1_283' title='bbox 552 2312 1130 2377; x_wconf 83' lang='lat' dir='ltr'><strong>roufuse,.carbonem</strong></span> <span class='ocrx_word' id='word_1_284' title='bbox 1181 2315 1483 2372; x_wconf 83' lang='lat' dir='ltr'><strong>divinitatis</strong></span> <span class='ocrx_word' id='word_1_285' title='bbox 1537 2327 1727 2371; x_wconf 82' lang='lat' dir='ltr'><strong>osten-</strong></span> <span class='ocrx_word' id='word_1_286' title='bbox 1822 2333 1944 2387; x_wconf 72' lang='lat' dir='ltr'><strong>qua:</strong></span> <span class='ocrx_word' id='word_1_287' title='bbox 1988 2316 2181 2371; x_wconf 81' lang='lat' dir='ltr'><strong>scribit</strong></span> <span class='ocrx_word' id='word_1_288' title='bbox 2226 2315 2368 2368; x_wconf 87' lang='lat' dir='ltr'><strong>idetu</strong></span> <span class='ocrx_word' id='word_1_289' title='bbox 2415 2313 2714 2382; x_wconf 70' lang='lat' dir='ltr'><strong>Gregorius</strong></span> <span class='ocrx_word' id='word_1_290' title='bbox 2766 2311 3077 2373; x_wconf 75' lang='lat' dir='ltr'><strong>Theologus</strong></span> <span class='ocrx_word' id='word_1_291' title='bbox 3130 2318 3388 2375; x_wconf 83' lang='lat' dir='ltr'><strong>tanquam</strong></span> 
     </span>
    </p>
   </div>
   <div class='ocr_carea' id='block_1_22' title="bbox 193 2398 3393 2480">
    <p class='ocr_par' dir='ltr' id='par_1_22' title="bbox 193 2398 3393 2480">
     <span class='ocr_line' id='line_1_22' title="bbox 193 2398 3393 2480; baseline -0.002 -25"><span class='ocrx_word' id='word_1_292' title='bbox 193 2404 315 2459; x_wconf 86' lang='lat' dir='ltr'><strong>disti.</strong></span> <span class='ocrx_word' id='word_1_293' title='bbox 348 2406 552 2461; x_wconf 74' lang='lat' dir='ltr'><strong>liursus</strong></span> <span class='ocrx_word' id='word_1_294' title='bbox 576 2406 1003 2478; x_wconf 81' lang='lat' dir='ltr'><strong>Chrysostomus</strong></span> <span class='ocrx_word' id='word_1_295' title='bbox 1031 2408 1097 2460; x_wconf 71' lang='lat' dir='ltr'><strong>in:</strong></span> <span class='ocrx_word' id='word_1_296' title='bbox 1118 2407 1340 2461; x_wconf 81' lang='lat' dir='ltr'><strong>humilia</strong></span> <span class='ocrx_word' id='word_1_297' title='bbox 1362 2407 1453 2471; x_wconf 65' lang='lat'><strong>4%,</strong></span> <span class='ocrx_word' id='word_1_298' title='bbox 1482 2408 1535 2463; x_wconf 79' lang='lat' dir='ltr'><strong>in</strong></span> <span class='ocrx_word' id='word_1_299' title='bbox 1557 2408 1724 2463; x_wconf 82' lang='lat' dir='ltr'><strong>Joau-</strong></span> <span class='ocrx_word' id='word_1_300' title='bbox 1825 2428 1882 2467; x_wconf 79' lang='lat' dir='ltr'><strong>se</strong></span> <span class='ocrx_word' id='word_1_301' title='bbox 1911 2413 2026 2480; x_wconf 63' lang='lat' dir='ltr'><strong>ipse</strong></span> <span class='ocrx_word' id='word_1_302' title='bbox 2058 2412 2421 2478; x_wconf 87' lang='lat' dir='ltr'><strong>interpretans</strong></span> <span class='ocrx_word' id='word_1_303' title='bbox 2446 2407 2498 2459; x_wconf 90' lang='lat' dir='ltr'><strong>itt</strong></span> <span class='ocrx_word' id='word_1_304' title='bbox 2547 2406 2685 2459; x_wconf 90' lang='lat' dir='ltr'><strong>libro</strong></span> <span class='ocrx_word' id='word_1_305' title='bbox 2719 2404 2795 2458; x_wconf 80' lang='lat' dir='ltr'><strong>De</strong></span> <span class='ocrx_word' id='word_1_306' title='bbox 2828 2402 3086 2471; x_wconf 77' lang='lat' dir='ltr'><strong>theologia</strong></span> <span class='ocrx_word' id='word_1_307' title='bbox 3119 2398 3393 2463; x_wconf 72' lang='lat' dir='ltr'><strong>secundo,</strong></span> 
     </span>
    </p>
   </div>
   <div class='ocr_carea' id='block_1_23' title="bbox 193 2493 3407 2576">
    <p class='ocr_par' dir='ltr' id='par_1_23' title="bbox 193 2493 3407 2576">
     <span class='ocr_line' id='line_1_23' title="bbox 193 2493 3407 2576; baseline -0.002 -26"><span class='ocrx_word' id='word_1_308' title='bbox 193 2512 323 2550; x_wconf 85' lang='lat' dir='ltr'><strong>nem:</strong></span> <span class='ocrx_word' id='word_1_309' title='bbox 352 2495 560 2561; x_wconf 65' lang='lat' dir='ltr'><strong>Vident,</strong></span> <span class='ocrx_word' id='word_1_310' title='bbox 593 2499 795 2566; x_wconf 86' lang='lat' dir='ltr'><strong>inquit,</strong></span> <span class='ocrx_word' id='word_1_311' title='bbox 820 2497 972 2553; x_wconf 75' lang='lat' dir='ltr'><strong>illum</strong></span> <span class='ocrx_word' id='word_1_312' title='bbox 1002 2496 1441 2551; x_wconf 86' lang='lat' dir='ltr'><strong>deambulautem</strong></span> <span class='ocrx_word' id='word_1_313' title='bbox 1484 2498 1535 2551; x_wconf 92' lang='lat' dir='ltr'><strong>in</strong></span> <span class='ocrx_word' id='word_1_314' title='bbox 1564 2498 1723 2560; x_wconf 87' lang='lat' dir='ltr'><strong>mari;</strong></span> <span class='ocrx_word' id='word_1_315' title='bbox 1824 2505 2111 2576; x_wconf 80' lang='lat' dir='ltr'><strong>quonmdo</strong></span> <span class='ocrx_word' id='word_1_316' title='bbox 2148 2503 2261 2556; x_wconf 52' lang='lat' dir='ltr'><strong>hate</strong></span> <span class='ocrx_word' id='word_1_317' title='bbox 2311 2508 2560 2570; x_wconf 77' lang='lat' dir='ltr'><strong>oporteat</strong></span> <span class='ocrx_word' id='word_1_318' title='bbox 2604 2498 2953 2567; x_wconf 73' lang='lat' dir='ltr'><strong>intelligere:</strong></span> <span class='ocrx_word' id='word_1_319' title='bbox 2987 2493 3161 2556; x_wconf 87' lang='lat' dir='ltr'><strong>Sicut,</strong></span> <span class='ocrx_word' id='word_1_320' title='bbox 3196 2493 3407 2560; x_wconf 56' lang='lat' dir='ltr'><strong>inquit,</strong></span> 
     </span>
    </p>
   </div>
   <div class='ocr_carea' id='block_1_24' title="bbox 191 2586 1758 2661">
    <p class='ocr_par' dir='ltr' id='par_1_24' title="bbox 191 2589 1751 2659">
     <span class='ocr_line' id='line_1_24' title="bbox 191 2589 1751 2659; baseline -0.001 -16"><span class='ocrx_word' id='word_1_321' title='bbox 191 2598 234 2643; x_wconf 83' lang='lat' dir='ltr'><strong>et</strong></span> <span class='ocrx_word' id='word_1_322' title='bbox 255 2589 326 2644; x_wconf 85' lang='lat' dir='ltr'><strong>eis</strong></span> <span class='ocrx_word' id='word_1_323' title='bbox 351 2591 689 2645; x_wconf 82' lang='lat' dir='ltr'><strong>conturbatis</strong></span> <span class='ocrx_word' id='word_1_324' title='bbox 727 2590 859 2644; x_wconf 90' lang='lat' dir='ltr'><strong>dicit</strong></span> <span class='ocrx_word' id='word_1_325' title='bbox 888 2608 901 2644; x_wconf 93' lang='lat'><strong>:</strong></span> <span class='ocrx_word' id='word_1_326' title='bbox 932 2589 1062 2642; x_wconf 80' lang='lat' dir='ltr'><strong>Noli</strong></span> <span class='ocrx_word' id='word_1_327' title='bbox 1084 2606 1111 2643; x_wconf 74' lang='grc' dir='ltr'><strong>ε</strong></span> <span class='ocrx_word' id='word_1_328' title='bbox 1144 2589 1470 2659; x_wconf 59' lang='grc' dir='ltr'><strong>ιίιιιενοςξερο</strong></span> <span class='ocrx_word' id='word_1_329' title='bbox 1498 2607 1614 2643; x_wconf 73' lang='lat' dir='ltr'><strong>sunt</strong></span> <span class='ocrx_word' id='word_1_330' title='bbox 1643 2591 1689 2621; x_wconf 82' lang='grc'><strong>⁷³</strong></span> <span class='ocrx_word' id='word_1_331' title='bbox 1709 2608 1723 2653; x_wconf 87' lang='grc'><strong>;</strong></span> <span class='ocrx_word' id='word_1_332' title='bbox 1742 2614 1751 2641; x_wconf 84' lang='grc'><em>;</em></span> 
     </span>
    </p>
   </div>
   <div class='ocr_carea' id='block_1_25' title="bbox 1844 2586 3399 2661">
    <p class='ocr_par' dir='ltr' id='par_1_25' title="bbox 1847 2586 3399 2661">
     <span class='ocr_line' id='line_1_25' title="bbox 1847 2586 3399 2661; baseline -0.008 -13"><span class='ocrx_word' id='word_1_333' title='bbox 1847 2598 2034 2651; x_wconf 70' lang='lat' dir='ltr'><strong>umbrae</strong></span> <span class='ocrx_word' id='word_1_334' title='bbox 2064 2604 2117 2648; x_wconf 87' lang='lat' dir='ltr'><strong>et</strong></span> <span class='ocrx_word' id='word_1_335' title='bbox 2153 2594 2419 2661; x_wconf 78' lang='lat' dir='ltr'><strong>imagines</strong></span> <span class='ocrx_word' id='word_1_336' title='bbox 2461 2591 2592 2645; x_wconf 84' lang='lat' dir='ltr'><strong>solis</strong></span> <span class='ocrx_word' id='word_1_337' title='bbox 2624 2590 2676 2643; x_wconf 92' lang='lat' dir='ltr'><strong>in</strong></span> <span class='ocrx_word' id='word_1_338' title='bbox 2722 2589 2903 2658; x_wconf 85' lang='lat' dir='ltr'><strong>aquis,</strong></span> <span class='ocrx_word' id='word_1_339' title='bbox 2942 2587 3179 2641; x_wconf 83' lang='lat' dir='ltr'><strong>inllrmis</strong></span> <span class='ocrx_word' id='word_1_340' title='bbox 3221 2586 3399 2639; x_wconf 72' lang='lat' dir='ltr'><strong>oculis</strong></span> 
     </span>
    </p>
   </div>
   <div class='ocr_carea' id='block_1_26' title="bbox 194 2680 1758 2752">
    <p class='ocr_par' dir='ltr' id='par_1_26' title="bbox 194 2680 1751 2748">
     <span class='ocr_line' id='line_1_26' title="bbox 194 2680 1751 2748; baseline 0.003 -19"><span class='ocrx_word' id='word_1_341' title='bbox 194 2692 335 2743; x_wconf 82' lang='lat' dir='ltr'><strong>quare</strong></span> <span class='ocrx_word' id='word_1_342' title='bbox 362 2694 465 2731; x_wconf 92' lang='lat' dir='ltr'><strong>non</strong></span> <span class='ocrx_word' id='word_1_343' title='bbox 504 2681 766 2734; x_wconf 79' lang='lat' dir='ltr'><strong>ascendit</strong></span> <span class='ocrx_word' id='word_1_344' title='bbox 789 2680 1059 2733; x_wconf 86' lang='lat' dir='ltr'><strong>stalim-iu</strong></span> <span class='ocrx_word' id='word_1_345' title='bbox 1097 2681 1412 2748; x_wconf 79' lang='lat' dir='ltr'><strong>navigium?</strong></span> <span class='ocrx_word' id='word_1_346' title='bbox 1450 2680 1587 2746; x_wconf 85' lang='lat' dir='ltr'><strong>Quia</strong></span> <span class='ocrx_word' id='word_1_347' title='bbox 1629 2697 1751 2733; x_wconf 50' lang='lat' dir='ltr'><strong>vom</strong></span> 
     </span>
    </p>
   </div>
   <div class='ocr_carea' id='block_1_27' title="bbox 1844 2680 3397 2752">
    <p class='ocr_par' dir='ltr' id='par_1_27' title="bbox 1844 2680 3397 2752">
     <span class='ocr_line' id='line_1_27' title="bbox 1844 2680 3397 2752; baseline -0.007 -10"><span class='ocrx_word' id='word_1_348' title='bbox 1844 2688 1996 2742; x_wconf 64' lang='lat' dir='ltr'><strong>tolum</strong></span> <span class='ocrx_word' id='word_1_349' title='bbox 2023 2683 2449 2749; x_wconf 84' lang='lat' dir='ltr'><strong>subostenduut,</strong></span> <span class='ocrx_word' id='word_1_350' title='bbox 2492 2684 2621 2752; x_wconf 86' lang='lat' dir='ltr'><strong>quia</strong></span> <span class='ocrx_word' id='word_1_351' title='bbox 2653 2682 2733 2737; x_wconf 91' lang='lat' dir='ltr'><strong>sol</strong></span> <span class='ocrx_word' id='word_1_352' title='bbox 2767 2682 2900 2751; x_wconf 89' lang='lat' dir='ltr'><strong>ipse,</strong></span> <span class='ocrx_word' id='word_1_353' title='bbox 2944 2695 3072 2734; x_wconf 86' lang='lat' dir='ltr'><strong>cum</strong></span> <span class='ocrx_word' id='word_1_354' title='bbox 3106 2694 3242 2749; x_wconf 90' lang='lat' dir='ltr'><strong>puro</strong></span> <span class='ocrx_word' id='word_1_355' title='bbox 3276 2680 3397 2746; x_wconf 86' lang='lat' dir='ltr'><strong>ejus</strong></span> 
     </span>
    </p>
   </div>
   <div class='ocr_carea' id='block_1_28' title="bbox 195 2769 1729 2838">
    <p class='ocr_par' dir='ltr' id='par_1_28' title="bbox 195 2769 1729 2838">
     <span class='ocr_line' id='line_1_28' title="bbox 195 2769 1729 2838; baseline 0.003 -16"><span class='ocrx_word' id='word_1_356' title='bbox 195 2769 313 2823; x_wconf 58' lang='lat' dir='ltr'><strong>labat</strong></span> <span class='ocrx_word' id='word_1_357' title='bbox 354 2772 527 2838; x_wconf 86' lang='lat' dir='ltr'><strong>majus</strong></span> <span class='ocrx_word' id='word_1_358' title='bbox 572 2772 898 2825; x_wconf 82' lang='lat' dir='ltr'><strong>miraculum</strong></span> <span class='ocrx_word' id='word_1_359' title='bbox 942 2770 1142 2836; x_wconf 87' lang='lat' dir='ltr'><strong>facere,</strong></span> <span class='ocrx_word' id='word_1_360' title='bbox 1170 2773 1616 2826; x_wconf 10' lang='lat' dir='ltr'><strong>ret-divinitatem</strong></span> <span class='ocrx_word' id='word_1_361' title='bbox 1647 2772 1729 2827; x_wconf 83' lang='lat' dir='ltr'><strong>eis</strong></span> 
     </span>
    </p>
   </div>
   <div class='ocr_carea' id='block_1_29' title="bbox 193 2860 1755 2932">
    <p class='ocr_par' dir='ltr' id='par_1_29' title="bbox 193 2860 1755 2932">
     <span class='ocr_line' id='line_1_29' title="bbox 193 2860 1755 2932; baseline 0.003 -20"><span class='ocrx_word' id='word_1_362' title='bbox 193 2860 399 2927; x_wconf 81' lang='lat' dir='ltr'><strong>apertius</strong></span> <span class='ocrx_word' id='word_1_363' title='bbox 422 2863 757 2932; x_wconf 75' lang='lat' dir='ltr'><strong>patefacere.</strong></span> <span class='ocrx_word' id='word_1_364' title='bbox 791 2863 853 2916; x_wconf 85' lang='lat' dir='ltr'><strong>Et</strong></span> <span class='ocrx_word' id='word_1_365' title='bbox 887 2877 1118 2930; x_wconf 78' lang='lat' dir='ltr'><strong>magnus</strong></span> <span class='ocrx_word' id='word_1_366' title='bbox 1160 2863 1429 2918; x_wconf 84' lang='lat' dir='ltr'><strong>Basilius:</strong></span> <span class='ocrx_word' id='word_1_367' title='bbox 1471 2864 1573 2918; x_wconf 58' lang='grc' dir='ltr'>Ειις</span> <span class='ocrx_word' id='word_1_368' title='bbox 1596 2879 1755 2917; x_wconf 88' lang='lat' dir='ltr'><strong>ven--</strong></span> 
     </span>
    </p>
   </div>
   <div class='ocr_carea' id='block_1_30' title="bbox 192 2953 1731 3027">
    <p class='ocr_par' dir='ltr' id='par_1_30' title="bbox 192 2953 1731 3027">
     <span class='ocr_line' id='line_1_30' title="bbox 192 2953 1731 3027; baseline 0.003 -21"><span class='ocrx_word' id='word_1_369' title='bbox 192 2953 267 3016; x_wconf 85' lang='lat' dir='ltr'><strong>tis,</strong></span> <span class='ocrx_word' id='word_1_370' title='bbox 297 2953 484 3022; x_wconf 79' lang='lat' dir='ltr'><strong>inquit,</strong></span> <span class='ocrx_word' id='word_1_371' title='bbox 518 2965 581 3008; x_wconf 84' lang='lat' dir='ltr'><strong>et</strong></span> <span class='ocrx_word' id='word_1_372' title='bbox 620 2956 939 3023; x_wconf 41' lang='lat' dir='ltr'><strong>mari,-qu:e</strong></span> <span class='ocrx_word' id='word_1_373' title='bbox 966 2954 1015 3008; x_wconf 90' lang='lat' dir='ltr'><strong>ei</strong></span> <span class='ocrx_word' id='word_1_374' title='bbox 1066 2955 1415 3021; x_wconf 84' lang='lat' dir='ltr'><strong>obedieruut,</strong></span> <span class='ocrx_word' id='word_1_375' title='bbox 1456 2960 1731 3027; x_wconf 79' lang='lat' dir='ltr'><strong>cognove-</strong></span> 
     </span>
    </p>
   </div>
   <div class='ocr_carea' id='block_1_31' title="bbox 195 3048 1752 3118">
    <p class='ocr_par' dir='ltr' id='par_1_31' title="bbox 195 3048 1752 3118">
     <span class='ocr_line' id='line_1_31' title="bbox 195 3048 1752 3118; baseline 0.003 -23"><span class='ocrx_word' id='word_1_376' title='bbox 195 3058 300 3098; x_wconf 77' lang='lat' dir='ltr'><strong>runt</strong></span> <span class='ocrx_word' id='word_1_377' title='bbox 327 3048 667 3101; x_wconf 70' lang='lat' dir='ltr'><strong>divinitatem</strong></span> <span class='ocrx_word' id='word_1_378' title='bbox 696 3048 831 3118; x_wconf 83' lang='lat' dir='ltr'><strong>ejus.</strong></span> <span class='ocrx_word' id='word_1_379' title='bbox 868 3048 943 3102; x_wconf 78' lang='lat' dir='ltr'><strong>Ex</strong></span> <span class='ocrx_word' id='word_1_380' title='bbox 981 3048 1398 3117; x_wconf 83' lang='lat' dir='ltr'><strong>operationibus</strong></span> <span class='ocrx_word' id='word_1_381' title='bbox 1437 3048 1602 3116; x_wconf 84' lang='lat' dir='ltr'><strong>igitur</strong></span> <span class='ocrx_word' id='word_1_382' title='bbox 1641 3065 1752 3103; x_wconf 75' lang='grc' dir='ltr'>εει--</span> 
     </span>
    </p>
   </div>
   <div class='ocr_carea' id='block_1_32' title="bbox 189 3137 1729 3209">
    <p class='ocr_par' dir='ltr' id='par_1_32' title="bbox 189 3137 1729 3209">
     <span class='ocr_line' id='line_1_32' title="bbox 189 3137 1729 3209; baseline 0.006 -23"><span class='ocrx_word' id='word_1_383' title='bbox 189 3137 353 3202; x_wconf 79' lang='lat' dir='ltr'><strong>gniio,</strong></span> <span class='ocrx_word' id='word_1_384' title='bbox 385 3151 436 3192; x_wconf 89' lang='lat' dir='ltr'><strong>et</strong></span> <span class='ocrx_word' id='word_1_385' title='bbox 462 3140 875 3206; x_wconf 73' lang='lat' dir='ltr'><strong>excognitioue</strong></span> <span class='ocrx_word' id='word_1_386' title='bbox 920 3141 1284 3209; x_wconf 76' lang='lat' dir='ltr'><strong>proﬁciscitur</strong></span> <span class='ocrx_word' id='word_1_387' title='bbox 1312 3140 1616 3195; x_wconf 83' lang='lat' dir='ltr'><strong>veneratio.</strong></span> <span class='ocrx_word' id='word_1_388' title='bbox 1663 3139 1729 3195; x_wconf 88' lang='lat' dir='ltr'><strong>Et</strong></span> 
     </span>
    </p>
   </div>
   <div class='ocr_carea' id='block_1_33' title="bbox 1831 2769 3399 2839">
    <p class='ocr_par' dir='ltr' id='par_1_33' title="bbox 1831 2769 3399 2839">
     <span class='ocr_line' id='line_1_33' title="bbox 1831 2769 3399 2839; baseline -0.01 -5"><span class='ocrx_word' id='word_1_389' title='bbox 1831 2780 2038 2834; x_wconf 74' lang='lat' dir='ltr'><strong>lumine</strong></span> <span class='ocrx_word' id='word_1_390' title='bbox 2079 2793 2275 2832; x_wconf 87' lang='lat' dir='ltr'><strong>sensus</strong></span> <span class='ocrx_word' id='word_1_391' title='bbox 2324 2786 2513 2830; x_wconf 87' lang='lat' dir='ltr'><strong>noster</strong></span> <span class='ocrx_word' id='word_1_392' title='bbox 2549 2769 2833 2839; x_wconf 63' lang='lat' dir='ltr'><strong>vincatur,</strong></span> <span class='ocrx_word' id='word_1_393' title='bbox 2856 2774 3022 2826; x_wconf 81' lang='lat' dir='ltr'><strong>videri</strong></span> <span class='ocrx_word' id='word_1_394' title='bbox 3054 2788 3121 2827; x_wconf 82' lang='lat' dir='ltr'><strong>ex</strong></span> <span class='ocrx_word' id='word_1_395' title='bbox 3160 2772 3399 2827; x_wconf 58' lang='lat' dir='ltr'><strong>adversa</strong></span> 
     </span>
    </p>
   </div>
   <div class='ocr_carea' id='block_1_34' title="bbox 1834 2864 3398 2938">
    <p class='ocr_par' dir='ltr' id='par_1_34' title="bbox 1834 2864 3398 2938">
     <span class='ocr_line' id='line_1_34' title="bbox 1834 2864 3398 2938; baseline -0.005 -15"><span class='ocrx_word' id='word_1_396' title='bbox 1834 2887 1938 2924; x_wconf 89' lang='lat' dir='ltr'><strong>non</strong></span> <span class='ocrx_word' id='word_1_397' title='bbox 1964 2879 2164 2938; x_wconf 86' lang='lat' dir='ltr'><strong>potest,</strong></span> <span class='ocrx_word' id='word_1_398' title='bbox 2183 2869 2443 2937; x_wconf 87' lang='lat' dir='ltr'><strong>quocirca</strong></span> <span class='ocrx_word' id='word_1_399' title='bbox 2469 2882 2668 2921; x_wconf 88' lang='lat' dir='ltr'><strong>sensus</strong></span> <span class='ocrx_word' id='word_1_400' title='bbox 2698 2876 2883 2919; x_wconf 83' lang='lat' dir='ltr'><strong>noster</strong></span> <span class='ocrx_word' id='word_1_401' title='bbox 2924 2864 3191 2927; x_wconf 83' lang='lat' dir='ltr'><strong>vincatur,</strong></span> <span class='ocrx_word' id='word_1_402' title='bbox 3226 2864 3398 2917; x_wconf 77' lang='lat' dir='ltr'><strong>videri</strong></span> 
     </span>
    </p>
   </div>
   <div class='ocr_carea' id='block_1_35' title="bbox 1832 2955 3402 3029">
    <p class='ocr_par' dir='ltr' id='par_1_35' title="bbox 1832 2955 3402 3029">
     <span class='ocr_line' id='line_1_35' title="bbox 1832 2955 3402 3029; baseline -0.008 -12"><span class='ocrx_word' id='word_1_403' title='bbox 1832 2979 1897 3017; x_wconf 80' lang='lat' dir='ltr'><strong>ex</strong></span> <span class='ocrx_word' id='word_1_404' title='bbox 1926 2962 2156 3015; x_wconf 87' lang='lat' dir='ltr'><strong>adverso</strong></span> <span class='ocrx_word' id='word_1_405' title='bbox 2181 2975 2286 3014; x_wconf 90' lang='lat' dir='ltr'><strong>non</strong></span> <span class='ocrx_word' id='word_1_406' title='bbox 2318 2968 2516 3029; x_wconf 83' lang='lat' dir='ltr'><strong>potest,</strong></span> <span class='ocrx_word' id='word_1_407' title='bbox 2545 2959 2804 3027; x_wconf 86' lang='lat' dir='ltr'><strong>quocirca</strong></span> <span class='ocrx_word' id='word_1_408' title='bbox 2836 2956 2937 3009; x_wconf 92' lang='lat' dir='ltr'><strong>hoc</strong></span> <span class='ocrx_word' id='word_1_409' title='bbox 2965 2957 3235 3026; x_wconf 74' lang='lat' dir='ltr'><strong>signiﬁcat</strong></span> <span class='ocrx_word' id='word_1_410' title='bbox 3269 2955 3402 3008; x_wconf 86' lang='lat' dir='ltr'><strong>sub-</strong></span> 
     </span>
    </p>
   </div>
   <div class='ocr_carea' id='block_1_36' title="bbox 1835 3046 3399 3123">
    <p class='ocr_par' dir='ltr' id='par_1_36' title="bbox 1835 3046 3399 3123">
     <span class='ocr_line' id='line_1_36' title="bbox 1835 3046 3399 3123; baseline -0.004 -16"><span class='ocrx_word' id='word_1_411' title='bbox 1835 3054 2143 3115; x_wconf 87' lang='lat' dir='ltr'><strong>ostemlere,</strong></span> <span class='ocrx_word' id='word_1_412' title='bbox 2168 3053 2310 3123; x_wconf 92' lang='lat' dir='ltr'><strong>quod</strong></span> <span class='ocrx_word' id='word_1_413' title='bbox 2352 3066 2550 3107; x_wconf 89' lang='lat' dir='ltr'><strong>sensus</strong></span> <span class='ocrx_word' id='word_1_414' title='bbox 2585 3065 2691 3104; x_wconf 91' lang='lat' dir='ltr'><strong>non</strong></span> <span class='ocrx_word' id='word_1_415' title='bbox 2736 3057 2914 3119; x_wconf 88' lang='lat' dir='ltr'><strong>potest</strong></span> <span class='ocrx_word' id='word_1_416' title='bbox 2951 3048 3152 3117; x_wconf 86' lang='lat' dir='ltr'><strong>liquide</strong></span> <span class='ocrx_word' id='word_1_417' title='bbox 3192 3046 3399 3111; x_wconf 88' lang='lat' dir='ltr'><strong>videre,</strong></span> 
     </span>
    </p>
   </div>
   <div class='ocr_carea' id='block_1_37' title="bbox 1837 3139 3399 3211">
    <p class='ocr_par' dir='ltr' id='par_1_37' title="bbox 1837 3139 3399 3211">
     <span class='ocr_line' id='line_1_37' title="bbox 1837 3139 3399 3211; baseline -0.007 -10"><span class='ocrx_word' id='word_1_418' title='bbox 1837 3147 1941 3200; x_wconf 92' lang='lat' dir='ltr'><strong>hoc</strong></span> <span class='ocrx_word' id='word_1_419' title='bbox 1986 3144 2401 3201; x_wconf 88' lang='lat' dir='ltr'><strong>similitudinem</strong></span> <span class='ocrx_word' id='word_1_420' title='bbox 2434 3143 2553 3211; x_wconf 90' lang='lat' dir='ltr'><strong>ejus</strong></span> <span class='ocrx_word' id='word_1_421' title='bbox 2593 3157 2691 3210; x_wconf 83' lang='lat' dir='ltr'><strong>per</strong></span> <span class='ocrx_word' id='word_1_422' title='bbox 2733 3154 2956 3209; x_wconf 84' lang='lat' dir='ltr'><strong>aquam,</strong></span> <span class='ocrx_word' id='word_1_423' title='bbox 2987 3148 3081 3192; x_wconf 87' lang='lat' dir='ltr'><strong>aut</strong></span> <span class='ocrx_word' id='word_1_424' title='bbox 3117 3153 3211 3207; x_wconf 90' lang='lat' dir='ltr'><strong>per</strong></span> <span class='ocrx_word' id='word_1_425' title='bbox 3235 3139 3399 3190; x_wconf 89' lang='lat' dir='ltr'><strong>aliam</strong></span> 
     </span>
    </p>
   </div>
   <div class='ocr_carea' id='block_1_38' title="bbox 192 3225 3397 3306">
    <p class='ocr_par' dir='ltr' id='par_1_38' title="bbox 192 3225 3397 3306">
     <span class='ocr_line' id='line_1_38' title="bbox 192 3225 3397 3306; baseline 0.001 -28"><span class='ocrx_word' id='word_1_426' title='bbox 192 3225 234 3277; x_wconf 90' lang='lat' dir='ltr'><strong>in</strong></span> <span class='ocrx_word' id='word_1_427' title='bbox 263 3228 319 3281; x_wconf 90' lang='lat' dir='ltr'><strong>iis</strong></span> <span class='ocrx_word' id='word_1_428' title='bbox 340 3244 455 3296; x_wconf 71' lang='lat' dir='ltr'><strong>quae</strong></span> <span class='ocrx_word' id='word_1_429' title='bbox 488 3230 547 3281; x_wconf 87' lang='lat' dir='ltr'><strong>in</strong></span> <span class='ocrx_word' id='word_1_430' title='bbox 593 3229 826 3282; x_wconf 73' lang='lat' dir='ltr'><strong>mediam</strong></span> <span class='ocrx_word' id='word_1_431' title='bbox 867 3229 1257 3284; x_wconf 65' lang='lat' dir='ltr'><strong>Nuteeostetm</strong></span> <span class='ocrx_word' id='word_1_432' title='bbox 1279 3239 1551 3283; x_wconf 86' lang='lat' dir='ltr'><strong>canuntur</strong></span> <span class='ocrx_word' id='word_1_433' title='bbox 1586 3247 1601 3282; x_wconf 92' lang='lat'><strong>:</strong></span> <span class='ocrx_word' id='word_1_434' title='bbox 1637 3228 1741 3283; x_wconf 78' lang='lat' dir='ltr'><strong>Ve—</strong></span> <span class='ocrx_word' id='word_1_435' title='bbox 1763 3242 1807 3299; x_wconf 67' lang='grc' dir='ltr'><strong>(ζ</strong></span> <span class='ocrx_word' id='word_1_436' title='bbox 1841 3253 1952 3290; x_wconf 84' lang='lat' dir='ltr'><strong>rem</strong></span> <span class='ocrx_word' id='word_1_437' title='bbox 1984 3237 2299 3306; x_wconf 87' lang='lat' dir='ltr'><strong>quampiam</strong></span> <span class='ocrx_word' id='word_1_438' title='bbox 2339 3235 2719 3288; x_wconf 80' lang='lat' dir='ltr'><strong>intermediam</strong></span> <span class='ocrx_word' id='word_1_439' title='bbox 2750 3231 3080 3300; x_wconf 77' lang='lat' dir='ltr'><strong>exprimere.</strong></span> <span class='ocrx_word' id='word_1_440' title='bbox 3128 3230 3220 3283; x_wconf 88' lang='lat' dir='ltr'><strong>Sic</strong></span> <span class='ocrx_word' id='word_1_441' title='bbox 3253 3230 3397 3283; x_wconf 89' lang='lat' dir='ltr'><strong>idem</strong></span> 
     </span>
    </p>
   </div>
   <div class='ocr_carea' id='block_1_39' title="bbox 191 3318 1737 3385">
    <p class='ocr_par' dir='ltr' id='par_1_39' title="bbox 191 3318 1737 3385">
     <span class='ocr_line' id='line_1_39' title="bbox 191 3318 1737 3385; baseline 0.004 -16"><span class='ocrx_word' id='word_1_442' title='bbox 191 3318 252 3371; x_wconf 87' lang='lat' dir='ltr'><strong>nit</strong></span> <span class='ocrx_word' id='word_1_443' title='bbox 280 3321 503 3374; x_wconf 79' lang='lat' dir='ltr'><strong>medium</strong></span> <span class='ocrx_word' id='word_1_444' title='bbox 559 3321 769 3373; x_wconf 83' lang='lat' dir='ltr'><strong>dierum</strong></span> <span class='ocrx_word' id='word_1_445' title='bbox 806 3319 1174 3385; x_wconf 85' lang='lat' dir='ltr'><strong>Pentecostes,</strong></span> <span class='ocrx_word' id='word_1_446' title='bbox 1208 3336 1331 3375; x_wconf 86' lang='lat' dir='ltr'><strong>eum</strong></span> <span class='ocrx_word' id='word_1_447' title='bbox 1366 3320 1620 3376; x_wconf 85' lang='lat' dir='ltr'><strong>Christus</strong></span> <span class='ocrx_word' id='word_1_448' title='bbox 1652 3321 1737 3375; x_wconf 87' lang='lat' dir='ltr'><strong>di-</strong></span> 
     </span>
    </p>
   </div>
   <div class='ocr_carea' id='block_1_40' title="bbox 194 3411 1737 3482">
    <p class='ocr_par' dir='ltr' id='par_1_40' title="bbox 194 3411 1737 3482">
     <span class='ocr_line' id='line_1_40' title="bbox 194 3411 1737 3482; baseline 0.005 -22"><span class='ocrx_word' id='word_1_449' title='bbox 194 3411 294 3464; x_wconf 81' lang='lat' dir='ltr'><strong>vina</strong></span> <span class='ocrx_word' id='word_1_450' title='bbox 335 3422 603 3482; x_wconf 76' lang='lat' dir='ltr'><strong>potestate</strong></span> <span class='ocrx_word' id='word_1_451' title='bbox 632 3412 868 3467; x_wconf 80' lang='lat' dir='ltr'><strong>tenuiter</strong></span> <span class='ocrx_word' id='word_1_452' title='bbox 898 3414 1140 3472; x_wconf 65' lang='lat' dir='ltr'><strong>detecta,</strong></span> <span class='ocrx_word' id='word_1_453' title='bbox 1173 3413 1530 3481; x_wconf 81' lang='lat' dir='ltr'><strong>paralyticum</strong></span> <span class='ocrx_word' id='word_1_454' title='bbox 1569 3429 1737 3467; x_wconf 83' lang='lat' dir='ltr'><strong>sana-</strong></span> 
     </span>
    </p>
   </div>
   <div class='ocr_carea' id='block_1_41' title="bbox 192 3502 1737 3574">
    <p class='ocr_par' dir='ltr' id='par_1_41' title="bbox 192 3502 1737 3574">
     <span class='ocr_line' id='line_1_41' title="bbox 192 3502 1737 3574; baseline 0.002 -18"><span class='ocrx_word' id='word_1_455' title='bbox 192 3502 278 3568; x_wconf 73' lang='lat' dir='ltr'><strong>vit;</strong></span> <span class='ocrx_word' id='word_1_456' title='bbox 315 3514 363 3557; x_wconf 78' lang='lat' dir='ltr'><strong>ut</strong></span> <span class='ocrx_word' id='word_1_457' title='bbox 399 3505 449 3557; x_wconf 82' lang='lat' dir='ltr'><strong>in</strong></span> <span class='ocrx_word' id='word_1_458' title='bbox 477 3521 679 3558; x_wconf 81' lang='lat' dir='ltr'><strong>novam</strong></span> <span class='ocrx_word' id='word_1_459' title='bbox 710 3503 1045 3558; x_wconf 79' lang='lat' dir='ltr'><strong>Domiuiram</strong></span> <span class='ocrx_word' id='word_1_460' title='bbox 1080 3504 1369 3569; x_wconf 87' lang='lat' dir='ltr'><strong>:Domine,</strong></span> <span class='ocrx_word' id='word_1_461' title='bbox 1404 3506 1600 3574; x_wconf 88' lang='lat' dir='ltr'><strong>ittquit,</strong></span> <span class='ocrx_word' id='word_1_462' title='bbox 1629 3506 1737 3559; x_wconf 83' lang='lat' dir='ltr'><strong>ful-</strong></span> 
     </span>
    </p>
   </div>
   <div class='ocr_carea' id='block_1_42' title="bbox 191 3596 1763 3667">
    <p class='ocr_par' dir='ltr' id='par_1_42' title="bbox 191 3596 1763 3667">
     <span class='ocr_line' id='line_1_42' title="bbox 191 3596 1763 3667; baseline 0.003 -20"><span class='ocrx_word' id='word_1_463' title='bbox 191 3608 302 3659; x_wconf 75' lang='lat' dir='ltr'><strong>gere</strong></span> <span class='ocrx_word' id='word_1_464' title='bbox 353 3596 630 3652; x_wconf 67' lang='lat' dir='ltr'><strong>tolemhili</strong></span> <span class='ocrx_word' id='word_1_465' title='bbox 662 3596 966 3650; x_wconf 78' lang='lat' dir='ltr'><strong>divinitatis</strong></span> <span class='ocrx_word' id='word_1_466' title='bbox 997 3597 1200 3652; x_wconf 79' lang='lat' dir='ltr'><strong>clausis</strong></span> <span class='ocrx_word' id='word_1_467' title='bbox 1242 3596 1429 3667; x_wconf 81' lang='lat' dir='ltr'><strong>jauuis</strong></span> <span class='ocrx_word' id='word_1_468' title='bbox 1472 3597 1763 3665; x_wconf 84' lang='lat' dir='ltr'><strong>adfuisti;.</strong></span> 
     </span>
    </p>
   </div>
   <div class='ocr_carea' id='block_1_43' title="bbox 191 3686 1736 3758">
    <p class='ocr_par' dir='ltr' id='par_1_43' title="bbox 191 3686 1736 3758">
     <span class='ocr_line' id='line_1_43' title="bbox 191 3686 1736 3758; baseline 0.001 -19"><span class='ocrx_word' id='word_1_469' title='bbox 191 3698 231 3739; x_wconf 87' lang='grc' dir='ltr'><strong>ει</strong></span> <span class='ocrx_word' id='word_1_470' title='bbox 253 3686 447 3741; x_wconf 78' lang='lat' dir='ltr'><strong>inlinita</strong></span> <span class='ocrx_word' id='word_1_471' title='bbox 482 3688 596 3741; x_wconf 76' lang='lat' dir='ltr'><strong>alia</strong></span> <span class='ocrx_word' id='word_1_472' title='bbox 616 3688 929 3756; x_wconf 61' lang='lat' dir='ltr'><strong>.ejnsmodi.</strong></span> <span class='ocrx_word' id='word_1_473' title='bbox 958 3687 1032 3741; x_wconf 73' lang='lat' dir='ltr'><strong>Ex</strong></span> <span class='ocrx_word' id='word_1_474' title='bbox 1056 3688 1254 3758; x_wconf 83' lang='lat' dir='ltr'><strong>quibus</strong></span> <span class='ocrx_word' id='word_1_475' title='bbox 1286 3688 1632 3743; x_wconf 81' lang='lat' dir='ltr'><strong>manifestum</strong></span> <span class='ocrx_word' id='word_1_476' title='bbox 1659 3690 1736 3752; x_wconf 70' lang='lat' dir='ltr'><strong>lit,</strong></span> 
     </span>
    </p>
   </div>
   <div class='ocr_carea' id='block_1_44' title="bbox 192 3779 1738 3853">
    <p class='ocr_par' dir='ltr' id='par_1_44' title="bbox 192 3779 1738 3853">
     <span class='ocr_line' id='line_1_44' title="bbox 192 3779 1738 3853; baseline 0.005 -27"><span class='ocrx_word' id='word_1_477' title='bbox 192 3780 631 3845; x_wconf 84' lang='lat' dir='ltr'><strong>quemadmodum</strong></span> <span class='ocrx_word' id='word_1_478' title='bbox 666 3780 808 3834; x_wconf 87' lang='lat' dir='ltr'><strong>idem</strong></span> <span class='ocrx_word' id='word_1_479' title='bbox 835 3790 889 3835; x_wconf 90' lang='lat' dir='ltr'><strong>et</strong></span> <span class='ocrx_word' id='word_1_480' title='bbox 916 3797 1060 3853; x_wconf 65' lang='lat' dir='ltr'><strong>unus</strong></span> <span class='ocrx_word' id='word_1_481' title='bbox 1086 3781 1263 3836; x_wconf 83' lang='lat' dir='ltr'><strong>Filius</strong></span> <span class='ocrx_word' id='word_1_482' title='bbox 1276 3779 1394 3847; x_wconf 83' lang='lat' dir='ltr'><strong>Dei,</strong></span> <span class='ocrx_word' id='word_1_483' title='bbox 1420 3789 1475 3835; x_wconf 89' lang='lat' dir='ltr'><strong>et</strong></span> <span class='ocrx_word' id='word_1_484' title='bbox 1498 3779 1738 3833; x_wconf 79' lang='lat' dir='ltr'><strong>.V‘erbum</strong></span> 
     </span>
    </p>
   </div>
   <div class='ocr_carea' id='block_1_45' title="bbox 198 3865 1742 3938">
    <p class='ocr_par' dir='ltr' id='par_1_45' title="bbox 198 3865 1742 3938">
     <span class='ocr_line' id='line_1_45' title="bbox 198 3865 1742 3938; baseline 0.003 -21"><span class='ocrx_word' id='word_1_485' title='bbox 198 3865 373 3934; x_wconf 64' lang='lat' dir='ltr'><strong>l&#39;alris,</strong></span> <span class='ocrx_word' id='word_1_486' title='bbox 403 3870 664 3938; x_wconf 70' lang='lat' dir='ltr'><strong>qui.erat</strong></span> <span class='ocrx_word' id='word_1_487' title='bbox 695 3877 821 3923; x_wconf 88' lang='lat' dir='ltr'><strong>ante</strong></span> <span class='ocrx_word' id='word_1_488' title='bbox 856 3869 1146 3923; x_wconf 81' lang='lat' dir='ltr'><strong>adventum</strong></span> <span class='ocrx_word' id='word_1_489' title='bbox 1193 3868 1247 3923; x_wconf 92' lang='lat' dir='ltr'><strong>in</strong></span> <span class='ocrx_word' id='word_1_490' title='bbox 1282 3884 1469 3931; x_wconf 86' lang='lat' dir='ltr'><strong>carne.</strong></span> <span class='ocrx_word' id='word_1_491' title='bbox 1505 3868 1593 3922; x_wconf 92' lang='lat' dir='ltr'><strong>hic</strong></span> <span class='ocrx_word' id='word_1_492' title='bbox 1625 3868 1742 3935; x_wconf 86' lang='lat' dir='ltr'><strong>ipse</strong></span> 
     </span>
    </p>
   </div>
   <div class='ocr_carea' id='block_1_46' title="bbox 195 3957 1741 4028">
    <p class='ocr_par' dir='ltr' id='par_1_46' title="bbox 195 3957 1741 4028">
     <span class='ocr_line' id='line_1_46' title="bbox 195 3957 1741 4028; baseline -0.003 -17"><span class='ocrx_word' id='word_1_493' title='bbox 195 3961 561 4025; x_wconf 78' lang='lat' dir='ltr'><strong>apparationes</strong></span> <span class='ocrx_word' id='word_1_494' title='bbox 588 3958 757 4013; x_wconf 85' lang='lat' dir='ltr'><strong>variis</strong></span> <span class='ocrx_word' id='word_1_495' title='bbox 803 3959 1138 4028; x_wconf 82' lang='lat' dir='ltr'><strong>temporibus</strong></span> <span class='ocrx_word' id='word_1_496' title='bbox 1180 3958 1355 4011; x_wconf 80' lang='lat' dir='ltr'><strong>factas</strong></span> <span class='ocrx_word' id='word_1_497' title='bbox 1386 3957 1741 4026; x_wconf 86' lang='lat' dir='ltr'><strong>operabatur,</strong></span> 
     </span>
    </p>
   </div>
   <div class='ocr_carea' id='block_1_47' title="bbox 197 4045 1749 4115">
    <p class='ocr_par' dir='ltr' id='par_1_47' title="bbox 197 4045 1749 4115">
     <span class='ocr_line' id='line_1_47' title="bbox 197 4045 1749 4115; baseline -0.002 -17"><span class='ocrx_word' id='word_1_498' title='bbox 197 4045 319 4100; x_wconf 84' lang='lat' dir='ltr'><strong>etin</strong></span> <span class='ocrx_word' id='word_1_499' title='bbox 343 4047 577 4101; x_wconf 82' lang='lat' dir='ltr'><strong>adventu</strong></span> <span class='ocrx_word' id='word_1_500' title='bbox 609 4061 711 4100; x_wconf 90' lang='lat' dir='ltr'><strong>suo</strong></span> <span class='ocrx_word' id='word_1_501' title='bbox 743 4061 867 4101; x_wconf 92' lang='lat' dir='ltr'><strong>cum</strong></span> <span class='ocrx_word' id='word_1_502' title='bbox 900 4062 1087 4110; x_wconf 88' lang='lat' dir='ltr'><strong>carne,</strong></span> <span class='ocrx_word' id='word_1_503' title='bbox 1123 4047 1367 4115; x_wconf 90' lang='lat' dir='ltr'><strong>quandiu</strong></span> <span class='ocrx_word' id='word_1_504' title='bbox 1394 4061 1523 4100; x_wconf 80' lang='lat' dir='ltr'><strong>rum</strong></span> <span class='ocrx_word' id='word_1_505' title='bbox 1563 4045 1749 4099; x_wconf 83' lang='lat' dir='ltr'><strong>homi-.</strong></span> 
     </span>
    </p>
   </div>
   <div class='ocr_carea' id='block_1_48' title="bbox 202 4138 1767 4208">
    <p class='ocr_par' dir='ltr' id='par_1_48' title="bbox 202 4138 1767 4208">
     <span class='ocr_line' id='line_1_48' title="bbox 202 4138 1767 4208; baseline 0 -15"><span class='ocrx_word' id='word_1_506' title='bbox 202 4139 344 4193; x_wconf 81' lang='lat' dir='ltr'><strong>nibus</strong></span> <span class='ocrx_word' id='word_1_507' title='bbox 378 4147 631 4194; x_wconf 86' lang='lat' dir='ltr'><strong>versatus</strong></span> <span class='ocrx_word' id='word_1_508' title='bbox 670 4148 779 4203; x_wconf 88' lang='lat' dir='ltr'><strong>est,</strong></span> <span class='ocrx_word' id='word_1_509' title='bbox 821 4139 910 4193; x_wconf 87' lang='lat' dir='ltr'><strong>hic</strong></span> <span class='ocrx_word' id='word_1_510' title='bbox 962 4139 1081 4208; x_wconf 86' lang='lat' dir='ltr'><strong>ipse</strong></span> <span class='ocrx_word' id='word_1_511' title='bbox 1113 4138 1332 4192; x_wconf 84' lang='lat' dir='ltr'><strong>easdem</strong></span> <span class='ocrx_word' id='word_1_512' title='bbox 1378 4139 1767 4207; x_wconf 67' lang='lat' dir='ltr'><strong>appetitiones-</strong></span> 
     </span>
    </p>
   </div>
   <div class='ocr_carea' id='block_1_49' title="bbox 201 4228 1747 4307">
    <p class='ocr_par' dir='ltr' id='par_1_49' title="bbox 201 4228 1747 4307">
     <span class='ocr_line' id='line_1_49' title="bbox 201 4228 1747 4307; baseline 0.001 -24"><span class='ocrx_word' id='word_1_513' title='bbox 201 4228 277 4283; x_wconf 83' lang='lat' dir='ltr'><strong>llei</strong></span> <span class='ocrx_word' id='word_1_514' title='bbox 307 4247 421 4285; x_wconf 86' lang='lat' dir='ltr'><strong>cum</strong></span> <span class='ocrx_word' id='word_1_515' title='bbox 472 4240 746 4307; x_wconf 81' lang='lat' dir='ltr'><strong>potestate</strong></span> <span class='ocrx_word' id='word_1_516' title='bbox 782 4230 1019 4285; x_wconf 79' lang='lat' dir='ltr'><strong>faciebat</strong></span> <span class='ocrx_word' id='word_1_517' title='bbox 1045 4248 1062 4282; x_wconf 68' lang='grc' dir='ltr'><strong>ι</strong></span> <span class='ocrx_word' id='word_1_518' title='bbox 1094 4242 1155 4286; x_wconf 67' lang='lat' dir='ltr'><strong>et</strong></span> <span class='ocrx_word' id='word_1_519' title='bbox 1183 4240 1471 4300; x_wconf 85' lang='lat' dir='ltr'><strong>postquam</strong></span> <span class='ocrx_word' id='word_1_520' title='bbox 1504 4231 1747 4298; x_wconf 86' lang='lat' dir='ltr'><strong>complc—</strong></span> 
     </span>
    </p>
   </div>
   <div class='ocr_carea' id='block_1_50' title="bbox 202 4321 1748 4389">
    <p class='ocr_par' dir='ltr' id='par_1_50' title="bbox 202 4321 1748 4389">
     <span class='ocr_line' id='line_1_50' title="bbox 202 4321 1748 4389; baseline 0.003 -18"><span class='ocrx_word' id='word_1_521' title='bbox 202 4321 274 4375; x_wconf 82' lang='lat' dir='ltr'><strong>vit</strong></span> <span class='ocrx_word' id='word_1_522' title='bbox 291 4322 651 4377; x_wconf 70' lang='lat' dir='ltr'><strong>meonomiam</strong></span> <span class='ocrx_word' id='word_1_523' title='bbox 681 4322 941 4377; x_wconf 85' lang='lat' dir='ltr'><strong>adventus</strong></span> <span class='ocrx_word' id='word_1_524' title='bbox 976 4322 1061 4389; x_wconf 82' lang='lat' dir='ltr'><strong>sui</strong></span> <span class='ocrx_word' id='word_1_525' title='bbox 1095 4323 1147 4376; x_wconf 94' lang='lat' dir='ltr'><strong>in</strong></span> <span class='ocrx_word' id='word_1_526' title='bbox 1188 4337 1377 4386; x_wconf 79' lang='lat' dir='ltr'><strong>carne,</strong></span> <span class='ocrx_word' id='word_1_527' title='bbox 1408 4324 1537 4376; x_wconf 92' lang='lat' dir='ltr'><strong>etin</strong></span> <span class='ocrx_word' id='word_1_528' title='bbox 1581 4322 1748 4379; x_wconf 71' lang='lat' dir='ltr'><strong>cados</strong></span> 
     </span>
    </p>
   </div>
   <div class='ocr_carea' id='block_1_51' title="bbox 199 4412 1765 4483">
    <p class='ocr_par' dir='ltr' id='par_1_51' title="bbox 199 4412 1765 4483">
     <span class='ocr_line' id='line_1_51' title="bbox 199 4412 1765 4483; baseline -0.001 -18"><span class='ocrx_word' id='word_1_529' title='bbox 199 4424 492 4483; x_wconf 79' lang='lat' dir='ltr'><strong>assumptus</strong></span> <span class='ocrx_word' id='word_1_530' title='bbox 523 4423 870 4478; x_wconf 65' lang='lat' dir='ltr'><strong>est,,rursus</strong></span> <span class='ocrx_word' id='word_1_531' title='bbox 902 4413 993 4467; x_wconf 87' lang='lat' dir='ltr'><strong>hic</strong></span> <span class='ocrx_word' id='word_1_532' title='bbox 1031 4414 1147 4481; x_wconf 80' lang='lat' dir='ltr'><strong>ipse</strong></span> <span class='ocrx_word' id='word_1_533' title='bbox 1189 4412 1490 4467; x_wconf 83' lang='lat' dir='ltr'><strong>secundum</strong></span> <span class='ocrx_word' id='word_1_534' title='bbox 1523 4425 1765 4466; x_wconf 71' lang='lat' dir='ltr'><strong>mensu-</strong></span> 
     </span>
    </p>
   </div>
   <div class='ocr_carea' id='block_1_52' title="bbox 198 4504 1751 4575">
    <p class='ocr_par' dir='ltr' id='par_1_52' title="bbox 198 4504 1751 4575">
     <span class='ocr_line' id='line_1_52' title="bbox 198 4504 1751 4575; baseline 0 -18"><span class='ocrx_word' id='word_1_535' title='bbox 198 4521 295 4559; x_wconf 81' lang='lat' dir='ltr'><strong>ram</strong></span> <span class='ocrx_word' id='word_1_536' title='bbox 324 4508 612 4575; x_wconf 80' lang='lat' dir='ltr'><strong>potestatis</strong></span> <span class='ocrx_word' id='word_1_537' title='bbox 638 4504 1087 4575; x_wconf 59' lang='lat' dir='ltr'><strong>cujusquefecit,</strong></span> <span class='ocrx_word' id='word_1_538' title='bbox 1128 4504 1344 4559; x_wconf 80' lang='lat' dir='ltr'><strong>et.l&#39;acit</strong></span> <span class='ocrx_word' id='word_1_539' title='bbox 1377 4513 1584 4558; x_wconf 70' lang='lat' dir='ltr'><strong>natura:</strong></span> <span class='ocrx_word' id='word_1_540' title='bbox 1616 4519 1751 4567; x_wconf 77' lang='lat' dir='ltr'><strong>suae.</strong></span> 
     </span>
    </p>
   </div>
   <div class='ocr_carea' id='block_1_53' title="bbox 1837 3321 3401 3397">
    <p class='ocr_par' dir='ltr' id='par_1_53' title="bbox 1837 3321 3401 3397">
     <span class='ocr_line' id='line_1_53' title="bbox 1837 3321 3401 3397; baseline -0.007 -14"><span class='ocrx_word' id='word_1_541' title='bbox 1837 3328 2135 3397; x_wconf 76' lang='lat' dir='ltr'><strong>Gregorius</strong></span> <span class='ocrx_word' id='word_1_542' title='bbox 2190 3326 2457 3380; x_wconf 87' lang='lat' dir='ltr'><strong>visionem</strong></span> <span class='ocrx_word' id='word_1_543' title='bbox 2511 3326 2899 3390; x_wconf 85' lang='lat' dir='ltr'><strong>interpretatus</strong></span> <span class='ocrx_word' id='word_1_544' title='bbox 2960 3328 3043 3375; x_wconf 83' lang='lat' dir='ltr'><strong>est</strong></span> <span class='ocrx_word' id='word_1_545' title='bbox 3097 3321 3401 3385; x_wconf 87' lang='lat' dir='ltr'><strong>notionem,</strong></span> 
     </span>
    </p>
   </div>
   <div class='ocr_carea' id='block_1_54' title="bbox 1838 3413 3407 3484">
    <p class='ocr_par' dir='ltr' id='par_1_54' title="bbox 1838 3413 3407 3484">
     <span class='ocr_line' id='line_1_54' title="bbox 1838 3413 3407 3484; baseline -0.006 -9"><span class='ocrx_word' id='word_1_546' title='bbox 1838 3421 1977 3475; x_wconf 90' lang='lat' dir='ltr'><strong>libro</strong></span> <span class='ocrx_word' id='word_1_547' title='bbox 2009 3418 2252 3473; x_wconf 85' lang='lat' dir='ltr'><strong>secundo</strong></span> <span class='ocrx_word' id='word_1_548' title='bbox 2285 3418 2351 3472; x_wconf 91' lang='lat' dir='ltr'><strong>de</strong></span> <span class='ocrx_word' id='word_1_549' title='bbox 2383 3417 2522 3472; x_wconf 84' lang='lat' dir='ltr'><strong>Filio</strong></span> <span class='ocrx_word' id='word_1_550' title='bbox 2564 3434 2579 3471; x_wconf 93' lang='lat'><strong>:</strong></span> <span class='ocrx_word' id='word_1_551' title='bbox 2618 3417 2746 3484; x_wconf 80' lang='lat' dir='ltr'><strong>Qui,</strong></span> <span class='ocrx_word' id='word_1_552' title='bbox 2799 3416 3000 3484; x_wconf 91' lang='lat' dir='ltr'><strong>inquit,</strong></span> <span class='ocrx_word' id='word_1_553' title='bbox 3030 3415 3172 3468; x_wconf 81' lang='lat' dir='ltr'><strong>novit</strong></span> <span class='ocrx_word' id='word_1_554' title='bbox 3209 3413 3407 3467; x_wconf 74' lang='lat' dir='ltr'><strong>Filium</strong></span> 
     </span>
    </p>
   </div>
   <div class='ocr_carea' id='block_1_55' title="bbox 1839 3506 3408 3582">
    <p class='ocr_par' dir='ltr' id='par_1_55' title="bbox 1839 3506 3408 3582">
     <span class='ocr_line' id='line_1_55' title="bbox 1839 3506 3408 3582; baseline -0.006 -17"><span class='ocrx_word' id='word_1_555' title='bbox 1839 3512 1966 3582; x_wconf 90' lang='lat' dir='ltr'><strong>(hoc</strong></span> <span class='ocrx_word' id='word_1_556' title='bbox 1996 3509 2138 3565; x_wconf 87' lang='lat' dir='ltr'><strong>enim</strong></span> <span class='ocrx_word' id='word_1_557' title='bbox 2171 3509 2443 3579; x_wconf 77' lang='lat' dir='ltr'><strong>signiﬁcat</strong></span> <span class='ocrx_word' id='word_1_558' title='bbox 2466 3509 2611 3563; x_wconf 75' lang='lat' dir='ltr'><strong>illud</strong></span> <span class='ocrx_word' id='word_1_559' title='bbox 2653 3525 2668 3561; x_wconf 89' lang='lat'><strong>:</strong></span> <span class='ocrx_word' id='word_1_560' title='bbox 2699 3508 2811 3574; x_wconf 75' lang='lat' dir='ltr'><strong>Qui</strong></span> <span class='ocrx_word' id='word_1_561' title='bbox 2834 3506 3013 3576; x_wconf 87' lang='lat' dir='ltr'><strong>vidit),</strong></span> <span class='ocrx_word' id='word_1_562' title='bbox 3040 3506 3179 3559; x_wconf 81' lang='lat' dir='ltr'><strong>novit</strong></span> <span class='ocrx_word' id='word_1_563' title='bbox 3204 3521 3408 3575; x_wconf 75' lang='lat' dir='ltr'><strong>quoque</strong></span> 
     </span>
    </p>
   </div>
   <div class='ocr_carea' id='block_1_56' title="bbox 1839 3598 3438 3671">
    <p class='ocr_par' dir='ltr' id='par_1_56' title="bbox 1839 3598 3438 3671">
     <span class='ocr_line' id='line_1_56' title="bbox 1839 3598 3438 3671; baseline -0.006 -12"><span class='ocrx_word' id='word_1_564' title='bbox 1839 3603 2167 3659; x_wconf 63' lang='lat' dir='ltr'><strong>Patrem”:-</strong></span> <span class='ocrx_word' id='word_1_565' title='bbox 2192 3603 2255 3655; x_wconf 78' lang='lat' dir='ltr'><strong>Et</strong></span> <span class='ocrx_word' id='word_1_566' title='bbox 2283 3599 2521 3656; x_wconf 78' lang='lat' dir='ltr'><strong>JOannes</strong></span> <span class='ocrx_word' id='word_1_567' title='bbox 2551 3600 2981 3671; x_wconf 76' lang='lat' dir='ltr'><strong>Chrysostomus</strong></span> <span class='ocrx_word' id='word_1_568' title='bbox 3024 3615 3040 3653; x_wconf 92' lang='lat'><strong>:</strong></span> <span class='ocrx_word' id='word_1_569' title='bbox 3089 3598 3438 3668; x_wconf 72' lang='lat' dir='ltr'><strong>Respondit,_</strong></span> 
     </span>
    </p>
   </div>
   <div class='ocr_carea' id='block_1_57' title="bbox 1842 3678 3404 3765">
    <p class='ocr_par' dir='ltr' id='par_1_57' title="bbox 1842 3678 3404 3765">
     <span class='ocr_line' id='line_1_57' title="bbox 1842 3678 3404 3765; baseline -0.006 -15"><span class='ocrx_word' id='word_1_570' title='bbox 1842 3697 2042 3765; x_wconf 86' lang='lat' dir='ltr'><strong>inquit,</strong></span> <span class='ocrx_word' id='word_1_571' title='bbox 2074 3694 2303 3759; x_wconf 68' lang='lat' dir='ltr'><strong>Iudaeis,</strong></span> <span class='ocrx_word' id='word_1_572' title='bbox 2328 3678 2383 3748; x_wconf 74' lang='lat' dir='ltr'><strong>et</strong></span> <span class='ocrx_word' id='word_1_573' title='bbox 2406 3693 2579 3748; x_wconf 74' lang='lat' dir='ltr'><strong>dixit:</strong></span> <span class='ocrx_word' id='word_1_574' title='bbox 2610 3691 2729 3746; x_wconf 78' lang='lat' dir='ltr'><strong>Non</strong></span> <span class='ocrx_word' id='word_1_575' title='bbox 2754 3692 2897 3761; x_wconf 86' lang='lat' dir='ltr'><strong>quod</strong></span> <span class='ocrx_word' id='word_1_576' title='bbox 2934 3691 3144 3745; x_wconf 79' lang='lat' dir='ltr'><strong>Patrem</strong></span> <span class='ocrx_word' id='word_1_577' title='bbox 3175 3691 3299 3761; x_wconf 86' lang='lat' dir='ltr'><strong>quis</strong></span> <span class='ocrx_word' id='word_1_578' title='bbox 3327 3689 3404 3741; x_wconf 59' lang='lat' dir='ltr'><strong>vi-</strong></span> 
     </span>
    </p>
   </div>
   <div class='ocr_carea' id='block_1_58' title="bbox 1841 3781 3491 3856">
    <p class='ocr_par' dir='ltr' id='par_1_58' title="bbox 1841 3781 3491 3856">
     <span class='ocr_line' id='line_1_58' title="bbox 1841 3781 3491 3856; baseline -0.007 -14"><span class='ocrx_word' id='word_1_579' title='bbox 1841 3789 1943 3852; x_wconf 91' lang='lat' dir='ltr'><strong>dit,</strong></span> <span class='ocrx_word' id='word_1_580' title='bbox 1966 3788 2072 3843; x_wconf 89' lang='lat' dir='ltr'><strong>nisi</strong></span> <span class='ocrx_word' id='word_1_581' title='bbox 2115 3786 2207 3856; x_wconf 87' lang='lat' dir='ltr'><strong>qui</strong></span> <span class='ocrx_word' id='word_1_582' title='bbox 2237 3793 2411 3840; x_wconf 77' lang='lat' dir='ltr'><strong>estex</strong></span> <span class='ocrx_word' id='word_1_583' title='bbox 2457 3785 2599 3849; x_wconf 90' lang='lat' dir='ltr'><strong>Deo;</strong></span> <span class='ocrx_word' id='word_1_584' title='bbox 2643 3783 2804 3837; x_wconf 86' lang='lat' dir='ltr'><strong>etiam</strong></span> <span class='ocrx_word' id='word_1_585' title='bbox 2836 3781 2925 3836; x_wconf 84' lang='lat' dir='ltr'><strong>hic</strong></span> <span class='ocrx_word' id='word_1_586' title='bbox 2953 3781 3217 3835; x_wconf 80' lang='lat' dir='ltr'><strong>visionem</strong></span> <span class='ocrx_word' id='word_1_587' title='bbox 3256 3789 3416 3833; x_wconf 82' lang='lat' dir='ltr'><strong>vocat</strong></span> <span class='ocrx_word' id='word_1_588' title='bbox 3483 3798 3491 3807; x_wconf 86' lang='grc'>·</span> 
     </span>
    </p>
   </div>
   <div class='ocr_carea' id='block_1_59' title="bbox 1842 3871 3415 3948">
    <p class='ocr_par' dir='ltr' id='par_1_59' title="bbox 1842 3871 3415 3948">
     <span class='ocr_line' id='line_1_59' title="bbox 1842 3871 3415 3948; baseline -0.008 -14"><span class='ocrx_word' id='word_1_589' title='bbox 1842 3880 2234 3948; x_wconf 85' lang='lat' dir='ltr'><strong>cognitionem.</strong></span> <span class='ocrx_word' id='word_1_590' title='bbox 2275 3876 2446 3947; x_wconf 79' lang='lat' dir='ltr'><strong>Igitur</strong></span> <span class='ocrx_word' id='word_1_591' title='bbox 2494 3874 2721 3939; x_wconf 84' lang='lat' dir='ltr'><strong>vidisse,</strong></span> <span class='ocrx_word' id='word_1_592' title='bbox 2771 3880 3068 3942; x_wconf 83' lang='lat' dir='ltr'><strong>spectasse,</strong></span> <span class='ocrx_word' id='word_1_593' title='bbox 3123 3871 3415 3925; x_wconf 79' lang='lat' dir='ltr'><strong>subosten-</strong></span> 
     </span>
    </p>
   </div>
   <div class='ocr_carea' id='block_1_60' title="bbox 1844 3960 3413 4031">
    <p class='ocr_par' dir='ltr' id='par_1_60' title="bbox 1844 3960 3413 4031">
     <span class='ocr_line' id='line_1_60' title="bbox 1844 3960 3413 4031; baseline -0.011 -6"><span class='ocrx_word' id='word_1_594' title='bbox 1844 3970 2013 4031; x_wconf 86' lang='lat' dir='ltr'><strong>disse,</strong></span> <span class='ocrx_word' id='word_1_595' title='bbox 2045 3968 2429 4028; x_wconf 82' lang='lat' dir='ltr'><strong>adumbrasse,</strong></span> <span class='ocrx_word' id='word_1_596' title='bbox 2467 3964 2764 4027; x_wconf 55' lang='lat' dir='ltr'><strong>detexisse,</strong></span> <span class='ocrx_word' id='word_1_597' title='bbox 2813 3962 3072 4028; x_wconf 82' lang='lat' dir='ltr'><strong>nudasse,</strong></span> <span class='ocrx_word' id='word_1_598' title='bbox 3117 3960 3413 4024; x_wconf 71' lang='lat' dir='ltr'><strong>indicasse,</strong></span> 
     </span>
    </p>
   </div>
   <div class='ocr_carea' id='block_1_61' title="bbox 1844 4052 3411 4128">
    <p class='ocr_par' dir='ltr' id='par_1_61' title="bbox 1844 4052 3411 4128">
     <span class='ocr_line' id='line_1_61' title="bbox 1844 4052 3411 4128; baseline -0.006 -17"><span class='ocrx_word' id='word_1_599' title='bbox 1844 4057 2192 4128; x_wconf 79' lang='lat' dir='ltr'><strong>patefecisse,</strong></span> <span class='ocrx_word' id='word_1_600' title='bbox 2224 4054 2661 4123; x_wconf 88' lang='lat' dir='ltr'><strong>velsimpliciter</strong></span> <span class='ocrx_word' id='word_1_601' title='bbox 2698 4052 3020 4122; x_wconf 77' lang='lat' dir='ltr'><strong>accipienda</strong></span> <span class='ocrx_word' id='word_1_602' title='bbox 3056 4061 3185 4106; x_wconf 91' lang='lat' dir='ltr'><strong>sunt</strong></span> <span class='ocrx_word' id='word_1_603' title='bbox 3225 4065 3321 4120; x_wconf 86' lang='lat' dir='ltr'><strong>pro</strong></span> <span class='ocrx_word' id='word_1_604' title='bbox 3345 4065 3411 4103; x_wconf 89' lang='lat' dir='ltr'><strong>eo</strong></span> 
     </span>
    </p>
   </div>
   <div class='ocr_carea' id='block_1_62' title="bbox 1847 4143 3415 4221">
    <p class='ocr_par' dir='ltr' id='par_1_62' title="bbox 1847 4143 3415 4221">
     <span class='ocr_line' id='line_1_62' title="bbox 1847 4143 3415 4221; baseline -0.008 -18"><span class='ocrx_word' id='word_1_605' title='bbox 1847 4150 1990 4221; x_wconf 92' lang='lat' dir='ltr'><strong>quod</strong></span> <span class='ocrx_word' id='word_1_606' title='bbox 2031 4157 2117 4204; x_wconf 84' lang='lat' dir='ltr'><strong>est</strong></span> <span class='ocrx_word' id='word_1_607' title='bbox 2156 4147 2518 4211; x_wconf 76' lang='lat' dir='ltr'><strong>cognovisse;</strong></span> <span class='ocrx_word' id='word_1_608' title='bbox 2571 4145 2655 4198; x_wconf 83' lang='lat' dir='ltr'><strong>vel</strong></span> <span class='ocrx_word' id='word_1_609' title='bbox 2696 4143 3015 4213; x_wconf 88' lang='lat' dir='ltr'><strong>accipienda</strong></span> <span class='ocrx_word' id='word_1_610' title='bbox 3064 4151 3191 4196; x_wconf 91' lang='lat' dir='ltr'><strong>sunt</strong></span> <span class='ocrx_word' id='word_1_611' title='bbox 3225 4157 3320 4211; x_wconf 91' lang='lat' dir='ltr'><strong>pro</strong></span> <span class='ocrx_word' id='word_1_612' title='bbox 3349 4156 3415 4193; x_wconf 80' lang='lat' dir='ltr'><strong>eo</strong></span> 
     </span>
    </p>
   </div>
   <div class='ocr_carea' id='block_1_63' title="bbox 1849 4233 3421 4311">
    <p class='ocr_par' dir='ltr' id='par_1_63' title="bbox 1849 4233 3421 4311">
     <span class='ocr_line' id='line_1_63' title="bbox 1849 4233 3421 4311; baseline -0.006 -17"><span class='ocrx_word' id='word_1_613' title='bbox 1849 4238 1995 4311; x_wconf 72' lang='lat' dir='ltr'><strong>quod</strong></span> <span class='ocrx_word' id='word_1_614' title='bbox 2028 4248 2111 4293; x_wconf 90' lang='lat' dir='ltr'><strong>est</strong></span> <span class='ocrx_word' id='word_1_615' title='bbox 2154 4246 2414 4306; x_wconf 83' lang='lat' dir='ltr'><strong>tanquam</strong></span> <span class='ocrx_word' id='word_1_616' title='bbox 2457 4236 2520 4289; x_wconf 60' lang='lat' dir='ltr'><strong>in:</strong></span> <span class='ocrx_word' id='word_1_617' title='bbox 2560 4234 2796 4303; x_wconf 82' lang='lat' dir='ltr'><strong>imagine</strong></span> <span class='ocrx_word' id='word_1_618' title='bbox 2836 4241 2891 4289; x_wconf 90' lang='lat' dir='ltr'><strong>et</strong></span> <span class='ocrx_word' id='word_1_619' title='bbox 2929 4233 3287 4289; x_wconf 89' lang='lat' dir='ltr'><strong>similitudine</strong></span> <span class='ocrx_word' id='word_1_620' title='bbox 3322 4248 3421 4301; x_wconf 85' lang='lat' dir='ltr'><strong>per</strong></span> 
     </span>
    </p>
   </div>
   <div class='ocr_carea' id='block_1_64' title="bbox 1850 4324 3414 4402">
    <p class='ocr_par' dir='ltr' id='par_1_64' title="bbox 1850 4324 3414 4402">
     <span class='ocr_line' id='line_1_64' title="bbox 1850 4324 3414 4402; baseline -0.008 -14"><span class='ocrx_word' id='word_1_621' title='bbox 1850 4340 2129 4402; x_wconf 85' lang='lat' dir='ltr'><strong>aspectum</strong></span> <span class='ocrx_word' id='word_1_622' title='bbox 2160 4330 2444 4385; x_wconf 89' lang='lat' dir='ltr'><strong>oculorum</strong></span> <span class='ocrx_word' id='word_1_623' title='bbox 2472 4326 2865 4398; x_wconf 74' lang='lat' dir='ltr'><strong>perspexisse.</strong></span> <span class='ocrx_word' id='word_1_624' title='bbox 2918 4324 3182 4380; x_wconf 85' lang='lat' dir='ltr'><strong>Similiter</strong></span> <span class='ocrx_word' id='word_1_625' title='bbox 3224 4338 3414 4393; x_wconf 72' lang='lat' dir='ltr'><strong>parum</strong></span> 
     </span>
    </p>
   </div>
   <div class='ocr_carea' id='block_1_65' title="bbox 1852 4416 3421 4491">
    <p class='ocr_par' dir='ltr' id='par_1_65' title="bbox 1852 4416 3421 4491">
     <span class='ocr_line' id='line_1_65' title="bbox 1852 4416 3421 4491; baseline -0.007 -12"><span class='ocrx_word' id='word_1_626' title='bbox 1852 4423 2153 4479; x_wconf 81' lang='lat' dir='ltr'><strong>divinitatis</strong></span> <span class='ocrx_word' id='word_1_627' title='bbox 2179 4422 2589 4491; x_wconf 11' lang='lat' dir='ltr'><strong>aperuisse,r.et</strong></span> <span class='ocrx_word' id='word_1_628' title='bbox 2636 4428 2855 4473; x_wconf 90' lang='lat' dir='ltr'><strong>tenuem</strong></span> <span class='ocrx_word' id='word_1_629' title='bbox 2902 4416 3246 4487; x_wconf 87' lang='lat' dir='ltr'><strong>splendorem</strong></span> <span class='ocrx_word' id='word_1_630' title='bbox 3300 4416 3421 4485; x_wconf 86' lang='lat' dir='ltr'><strong>ejus</strong></span> 
     </span>
    </p>
   </div>
   <div class='ocr_carea' id='block_1_66' title="bbox 1856 4506 3423 4582">
    <p class='ocr_par' dir='ltr' id='par_1_66' title="bbox 1856 4506 3423 4582">
     <span class='ocr_line' id='line_1_66' title="bbox 1856 4506 3423 4582; baseline -0.006 -12"><span class='ocrx_word' id='word_1_631' title='bbox 1856 4517 2065 4570; x_wconf 69' lang='lat' dir='ltr'><strong>vidisse</strong></span> <span class='ocrx_word' id='word_1_632' title='bbox 2116 4516 2197 4568; x_wconf 81' lang='lat' dir='ltr'><strong>sic</strong></span> <span class='ocrx_word' id='word_1_633' title='bbox 2241 4516 2492 4582; x_wconf 81' lang='lat' dir='ltr'><strong>accipere</strong></span> <span class='ocrx_word' id='word_1_634' title='bbox 2541 4520 2894 4582; x_wconf 71' lang='lat' dir='ltr'><strong>Oportet,_ac</strong></span> <span class='ocrx_word' id='word_1_635' title='bbox 2944 4508 2991 4563; x_wconf 91' lang='lat' dir='ltr'><strong>si</strong></span> <span class='ocrx_word' id='word_1_636' title='bbox 3043 4506 3294 4562; x_wconf 84' lang='lat' dir='ltr'><strong>dicamus</strong></span> <span class='ocrx_word' id='word_1_637' title='bbox 3326 4522 3423 4576; x_wconf 83' lang='lat' dir='ltr'><strong>per</strong></span> 
     </span>
    </p>
   </div>
   <div class='ocr_carea' id='block_1_67' title="bbox 197 4577 1758 4677">
    <p class='ocr_par' dir='ltr' id='par_1_67' title="bbox 197 4597 1758 4669">
     <span class='ocr_line' id='line_1_67' title="bbox 197 4597 1758 4669; baseline -0.001 -18"><span class='ocrx_word' id='word_1_638' title='bbox 197 4614 303 4666; x_wconf 72' lang='lat' dir='ltr'><strong>qua:</strong></span> <span class='ocrx_word' id='word_1_639' title='bbox 335 4600 719 4669; x_wconf 8' lang='lat' dir='ltr'><strong>supra-somnia</strong></span> <span class='ocrx_word' id='word_1_640' title='bbox 762 4608 865 4663; x_wconf 71' lang='lat' dir='ltr'><strong>est,</strong></span> <span class='ocrx_word' id='word_1_641' title='bbox 913 4599 1368 4669; x_wconf 21' lang='lat' dir='ltr'><strong>spectacula;ret</strong></span> <span class='ocrx_word' id='word_1_642' title='bbox 1412 4597 1569 4651; x_wconf 41' lang='lat' dir='ltr'><strong>sicut.</strong></span> <span class='ocrx_word' id='word_1_643' title='bbox 1596 4608 1758 4650; x_wconf 78' lang='lat' dir='ltr'><strong>antc-</strong></span> 
     </span>
    </p>
   </div>
   <div class='ocr_carea' id='block_1_68' title="bbox 1844 4577 3468 4677">
    <p class='ocr_par' dir='ltr' id='par_1_68' title="bbox 1858 4598 3468 4677">
     <span class='ocr_line' id='line_1_68' title="bbox 1858 4598 3468 4677; baseline -0.009 -16"><span class='ocrx_word' id='word_1_644' title='bbox 1858 4606 2163 4677; x_wconf 67' lang='lat' dir='ltr'><strong>speculaet</strong></span> <span class='ocrx_word' id='word_1_645' title='bbox 2191 4606 2479 4673; x_wconf 79' lang='lat' dir='ltr'><strong>amigmata</strong></span> <span class='ocrx_word' id='word_1_646' title='bbox 2507 4602 2833 4670; x_wconf 84' lang='lat' dir='ltr'><strong>conjecisse.</strong></span> <span class='ocrx_word' id='word_1_647' title='bbox 2858 4599 2969 4654; x_wconf 77' lang='lat' dir='ltr'><strong>Nec</strong></span> <span class='ocrx_word' id='word_1_648' title='bbox 2988 4600 3135 4653; x_wconf 90' lang='lat' dir='ltr'><strong>enim</strong></span> <span class='ocrx_word' id='word_1_649' title='bbox 3164 4598 3425 4653; x_wconf 87' lang='lat' dir='ltr'><strong>divinitas</strong></span> <span class='ocrx_word' id='word_1_650' title='bbox 3462 4633 3468 4647; x_wconf 91' lang='lat'><strong>.</strong></span> 
     </span>
    </p>
   </div>
   <div class='ocr_carea' id='block_1_69' title="bbox 198 4690 1752 4761">
    <p class='ocr_par' dir='ltr' id='par_1_69' title="bbox 198 4690 1752 4761">
     <span class='ocr_line' id='line_1_69' title="bbox 198 4690 1752 4761; baseline -0.002 -17"><span class='ocrx_word' id='word_1_651' title='bbox 198 4706 344 4755; x_wconf 78' lang='lat' dir='ltr'><strong>quam</strong></span> <span class='ocrx_word' id='word_1_652' title='bbox 382 4691 938 4756; x_wconf 58' lang='lat' dir='ltr'><strong>ﬁeretahomommue</strong></span> <span class='ocrx_word' id='word_1_653' title='bbox 966 4690 1272 4761; x_wconf 79' lang='lat' dir='ltr'><strong>symbolum</strong></span> <span class='ocrx_word' id='word_1_654' title='bbox 1300 4699 1354 4744; x_wconf 91' lang='lat' dir='ltr'><strong>ct</strong></span> <span class='ocrx_word' id='word_1_655' title='bbox 1374 4705 1537 4744; x_wconf 77' lang='lat' dir='ltr'><strong>omne</strong></span> <span class='ocrx_word' id='word_1_656' title='bbox 1568 4703 1752 4757; x_wconf 81' lang='lat' dir='ltr'><strong>exem-</strong></span> 
     </span>
    </p>
   </div>
   <div class='ocr_carea' id='block_1_70' title="bbox 201 4780 1783 4852">
    <p class='ocr_par' dir='ltr' id='par_1_70' title="bbox 201 4780 1783 4852">
     <span class='ocr_line' id='line_1_70' title="bbox 201 4780 1783 4852; baseline -0.001 -19"><span class='ocrx_word' id='word_1_657' title='bbox 201 4782 663 4847; x_wconf 76' lang='lat' dir='ltr'><strong>plar,.divinitatis</strong></span> <span class='ocrx_word' id='word_1_658' title='bbox 693 4783 816 4852; x_wconf 84' lang='lat' dir='ltr'><strong>ejus</strong></span> <span class='ocrx_word' id='word_1_659' title='bbox 841 4791 959 4836; x_wconf 83' lang='lat' dir='ltr'><strong>erat</strong></span> <span class='ocrx_word' id='word_1_660' title='bbox 990 4780 1399 4851; x_wconf 72' lang='lat' dir='ltr'><strong>symbolumet</strong></span> <span class='ocrx_word' id='word_1_661' title='bbox 1439 4781 1718 4848; x_wconf 80' lang='lat' dir='ltr'><strong>exemplar</strong></span> <span class='ocrx_word' id='word_1_662' title='bbox 1740 4798 1783 4844; x_wconf 73' lang='grc' dir='ltr'><strong>ς..</strong></span> 
     </span>
    </p>
   </div>
   <div class='ocr_carea' id='block_1_71' title="bbox 204 4867 1756 4940">
    <p class='ocr_par' dir='ltr' id='par_1_71' title="bbox 204 4867 1756 4940">
     <span class='ocr_line' id='line_1_71' title="bbox 204 4867 1756 4940; baseline -0.001 -19"><span class='ocrx_word' id='word_1_663' title='bbox 204 4870 271 4923; x_wconf 82' lang='lat' dir='ltr'><strong>sic</strong></span> <span class='ocrx_word' id='word_1_664' title='bbox 300 4881 355 4924; x_wconf 79' lang='grc' dir='ltr'><strong>ιιι</strong></span> <span class='ocrx_word' id='word_1_665' title='bbox 392 4889 541 4926; x_wconf 86' lang='lat' dir='ltr'><strong>nunc</strong></span> <span class='ocrx_word' id='word_1_666' title='bbox 571 4872 852 4940; x_wconf 77' lang='lat' dir='ltr'><strong>exemplar</strong></span> <span class='ocrx_word' id='word_1_667' title='bbox 882 4872 1132 4939; x_wconf 85' lang='lat' dir='ltr'><strong>corporis</strong></span> <span class='ocrx_word' id='word_1_668' title='bbox 1170 4869 1286 4938; x_wconf 88' lang='lat' dir='ltr'><strong>ejus</strong></span> <span class='ocrx_word' id='word_1_669' title='bbox 1326 4869 1637 4938; x_wconf 74' lang='lat' dir='ltr'><strong>gloriﬁcati,</strong></span> <span class='ocrx_word' id='word_1_670' title='bbox 1669 4867 1756 4920; x_wconf 87' lang='lat' dir='ltr'><strong>di-</strong></span> 
     </span>
    </p>
   </div>
   <div class='ocr_carea' id='block_1_72' title="bbox 206 4959 1776 5033">
    <p class='ocr_par' dir='ltr' id='par_1_72' title="bbox 206 4959 1776 5033">
     <span class='ocr_line' id='line_1_72' title="bbox 206 4959 1776 5033; baseline -0.002 -21"><span class='ocrx_word' id='word_1_671' title='bbox 206 4964 432 5019; x_wconf 71' lang='lat' dir='ltr'><strong>vinilatis</strong></span> <span class='ocrx_word' id='word_1_672' title='bbox 462 4965 583 5033; x_wconf 84' lang='lat' dir='ltr'><strong>ejus</strong></span> <span class='ocrx_word' id='word_1_673' title='bbox 620 4963 943 5033; x_wconf 77' lang='lat' dir='ltr'><strong>symbolum</strong></span> <span class='ocrx_word' id='word_1_674' title='bbox 970 4970 1091 5026; x_wconf 87' lang='lat' dir='ltr'><strong>est;</strong></span> <span class='ocrx_word' id='word_1_675' title='bbox 1131 4960 1445 5014; x_wconf 73' lang='lat' dir='ltr'><strong>unos-enim</strong></span> <span class='ocrx_word' id='word_1_676' title='bbox 1480 4967 1565 5013; x_wconf 88' lang='lat' dir='ltr'><strong>est</strong></span> <span class='ocrx_word' id='word_1_677' title='bbox 1591 4959 1776 5012; x_wconf 87' lang='lat' dir='ltr'><strong>Filius.</strong></span> 
     </span>
    </p>
   </div>
   <div class='ocr_carea' id='block_1_73' title="bbox 200 5048 1758 5123">
    <p class='ocr_par' dir='ltr' id='par_1_73' title="bbox 200 5048 1758 5123">
     <span class='ocr_line' id='line_1_73' title="bbox 200 5048 1758 5123; baseline -0.003 -17"><span class='ocrx_word' id='word_1_678' title='bbox 200 5064 246 5106; x_wconf 82' lang='lat' dir='ltr'><strong>et</strong></span> <span class='ocrx_word' id='word_1_679' title='bbox 272 5052 530 5120; x_wconf 32' lang='lat' dir='ltr'><strong>Deus;‘.et</strong></span> <span class='ocrx_word' id='word_1_680' title='bbox 560 5063 685 5123; x_wconf 82' lang='lat' dir='ltr'><strong>post</strong></span> <span class='ocrx_word' id='word_1_681' title='bbox 726 5062 1060 5121; x_wconf 79' lang='lat' dir='ltr'><strong>assumptam</strong></span> <span class='ocrx_word' id='word_1_682' title='bbox 1098 5052 1494 5105; x_wconf 78' lang='lat' dir='ltr'><strong>humanitatem</strong></span> <span class='ocrx_word' id='word_1_683' title='bbox 1534 5048 1758 5116; x_wconf 85' lang='lat' dir='ltr'><strong>sangui-</strong></span> 
     </span>
    </p>
   </div>
   <div class='ocr_carea' id='block_1_74' title="bbox 208 5140 1759 5215">
    <p class='ocr_par' dir='ltr' id='par_1_74' title="bbox 208 5140 1759 5215">
     <span class='ocr_line' id='line_1_74' title="bbox 208 5140 1759 5215; baseline -0.005 -16"><span class='ocrx_word' id='word_1_684' title='bbox 208 5160 316 5199; x_wconf 77' lang='lat' dir='ltr'><strong>nem</strong></span> <span class='ocrx_word' id='word_1_685' title='bbox 345 5144 439 5201; x_wconf 88' lang='lat' dir='ltr'><strong>Dei</strong></span> <span class='ocrx_word' id='word_1_686' title='bbox 468 5156 522 5201; x_wconf 90' lang='lat' dir='ltr'><strong>et</strong></span> <span class='ocrx_word' id='word_1_687' title='bbox 549 5162 763 5215; x_wconf 27' lang='lat' dir='ltr'><strong>corpus,</strong></span> <span class='ocrx_word' id='word_1_688' title='bbox 794 5144 885 5199; x_wconf 81' lang='lat' dir='ltr'><strong>Dei</strong></span> <span class='ocrx_word' id='word_1_689' title='bbox 914 5144 1013 5214; x_wconf 75' lang='lat' dir='ltr'><strong>pie</strong></span> <span class='ocrx_word' id='word_1_690' title='bbox 1031 5158 1374 5198; x_wconf 76' lang='lat' dir='ltr'><strong>veneramur.</strong></span> <span class='ocrx_word' id='word_1_691' title='bbox 1417 5140 1759 5209; x_wconf 72' lang='lat' dir='ltr'><strong>Sicutigitur</strong></span> 
     </span>
    </p>
   </div>
   <div class='ocr_carea' id='block_1_75' title="bbox 208 5230 1781 5308">
    <p class='ocr_par' dir='ltr' id='par_1_75' title="bbox 208 5230 1781 5308">
     <span class='ocr_line' id='line_1_75' title="bbox 208 5230 1781 5308; baseline -0.005 -19"><span class='ocrx_word' id='word_1_692' title='bbox 208 5236 331 5303; x_wconf 72' lang='lat' dir='ltr'><strong>haec,</strong></span> <span class='ocrx_word' id='word_1_693' title='bbox 392 5240 477 5293; x_wconf 89' lang='lat' dir='ltr'><strong>sic</strong></span> <span class='ocrx_word' id='word_1_694' title='bbox 519 5238 825 5308; x_wconf 81' lang='lat' dir='ltr'><strong>symbolum</strong></span> <span class='ocrx_word' id='word_1_695' title='bbox 885 5234 1137 5289; x_wconf 43' lang='lat' dir='ltr'><strong>humani,</strong></span> <span class='ocrx_word' id='word_1_696' title='bbox 1172 5234 1419 5303; x_wconf 85' lang='lat' dir='ltr'><strong>corporis</strong></span> <span class='ocrx_word' id='word_1_697' title='bbox 1465 5230 1781 5301; x_wconf 83' lang='lat' dir='ltr'><strong>gloriticati.</strong></span> 
     </span>
    </p>
   </div>
   <div class='ocr_carea' id='block_1_76' title="bbox 208 5324 1765 5396">
    <p class='ocr_par' dir='ltr' id='par_1_76' title="bbox 208 5324 1765 5396">
     <span class='ocr_line' id='line_1_76' title="bbox 208 5324 1765 5396; baseline -0.006 -10"><span class='ocrx_word' id='word_1_698' title='bbox 208 5330 500 5396; x_wconf 79' lang='lat' dir='ltr'><strong>symbolum</strong></span> <span class='ocrx_word' id='word_1_699' title='bbox 547 5345 669 5385; x_wconf 85' lang='lat' dir='ltr'><strong>esse</strong></span> <span class='ocrx_word' id='word_1_700' title='bbox 706 5327 1015 5383; x_wconf 84' lang='lat' dir='ltr'><strong>divinitatis</strong></span> <span class='ocrx_word' id='word_1_701' title='bbox 1046 5325 1168 5395; x_wconf 84' lang='lat' dir='ltr'><strong>ejus</strong></span> <span class='ocrx_word' id='word_1_702' title='bbox 1219 5325 1305 5394; x_wconf 87' lang='lat' dir='ltr'><strong>pie</strong></span> <span class='ocrx_word' id='word_1_703' title='bbox 1343 5324 1487 5388; x_wconf 73' lang='lat' dir='ltr'><strong>docti</strong></span> <span class='ocrx_word' id='word_1_704' title='bbox 1548 5337 1765 5384; x_wconf 79' lang='lat' dir='ltr'><strong>sumus.-</strong></span> 
     </span>
    </p>
   </div>
   <div class='ocr_carea' id='block_1_77' title="bbox 208 5416 1782 5493">
    <p class='ocr_par' dir='ltr' id='par_1_77' title="bbox 208 5416 1782 5493">
     <span class='ocr_line' id='line_1_77' title="bbox 208 5416 1782 5493; baseline -0.006 -18"><span class='ocrx_word' id='word_1_705' title='bbox 208 5432 255 5475; x_wconf 77' lang='grc' dir='ltr'><strong>ει</strong></span> <span class='ocrx_word' id='word_1_706' title='bbox 283 5420 334 5477; x_wconf 88' lang='lat' dir='ltr'><strong>in</strong></span> <span class='ocrx_word' id='word_1_707' title='bbox 373 5423 604 5493; x_wconf 80' lang='lat' dir='ltr'><strong>singulis</strong></span> <span class='ocrx_word' id='word_1_708' title='bbox 631 5421 748 5491; x_wconf 90' lang='lat' dir='ltr'><strong>ejus</strong></span> <span class='ocrx_word' id='word_1_709' title='bbox 777 5420 977 5474; x_wconf 91' lang='lat' dir='ltr'><strong>divinis</strong></span> <span class='ocrx_word' id='word_1_710' title='bbox 1024 5417 1195 5485; x_wconf 77' lang='lat' dir='ltr'><strong>signis</strong></span> <span class='ocrx_word' id='word_1_711' title='bbox 1229 5416 1595 5489; x_wconf 72' lang='lat' dir='ltr'><strong>divinitatem,</strong></span> <span class='ocrx_word' id='word_1_712' title='bbox 1638 5428 1782 5482; x_wconf 72' lang='grc' dir='ltr'>ψειεν</span> 
     </span>
    </p>
   </div>
   <div class='ocr_carea' id='block_1_78' title="bbox 211 5504 1784 5580">
    <p class='ocr_par' dir='ltr' id='par_1_78' title="bbox 211 5504 1784 5580">
     <span class='ocr_line' id='line_1_78' title="bbox 211 5504 1784 5580; baseline -0.008 -16"><span class='ocrx_word' id='word_1_713' title='bbox 211 5525 363 5580; x_wconf 74' lang='lat' dir='ltr'><strong>supra</strong></span> <span class='ocrx_word' id='word_1_714' title='bbox 415 5512 776 5566; x_wconf 82' lang='lat' dir='ltr'><strong>substantiam</strong></span> <span class='ocrx_word' id='word_1_715' title='bbox 828 5506 1415 5575; x_wconf 75' lang='lat' dir='ltr'><strong>est,.subostendi,_et</strong></span> <span class='ocrx_word' id='word_1_716' title='bbox 1463 5504 1662 5572; x_wconf 66' lang='lat' dir='ltr'><strong>delegi,</strong></span> <span class='ocrx_word' id='word_1_717' title='bbox 1708 5512 1784 5555; x_wconf 60' lang='grc' dir='ltr'>ειη</span> 
     </span>
    </p>
   </div>
   <div class='ocr_carea' id='block_1_79' title="bbox 209 5599 1764 5668">
    <p class='ocr_par' dir='ltr' id='par_1_79' title="bbox 209 5599 1764 5668">
     <span class='ocr_line' id='line_1_79' title="bbox 209 5599 1764 5668; baseline -0.007 -15"><span class='ocrx_word' id='word_1_718' title='bbox 209 5600 427 5668; x_wconf 86' lang='lat' dir='ltr'><strong>aperiri,</strong></span> <span class='ocrx_word' id='word_1_719' title='bbox 461 5611 515 5656; x_wconf 92' lang='lat' dir='ltr'><strong>et</strong></span> <span class='ocrx_word' id='word_1_720' title='bbox 550 5600 744 5665; x_wconf 84' lang='lat' dir='ltr'><strong>videri,</strong></span> <span class='ocrx_word' id='word_1_721' title='bbox 776 5608 834 5653; x_wconf 82' lang='lat' dir='ltr'><strong>et</strong></span> <span class='ocrx_word' id='word_1_722' title='bbox 879 5599 1138 5667; x_wconf 85' lang='lat' dir='ltr'><strong>spectari,</strong></span> <span class='ocrx_word' id='word_1_723' title='bbox 1168 5606 1313 5650; x_wconf 80' lang='lat' dir='ltr'><strong>recte</strong></span> <span class='ocrx_word' id='word_1_724' title='bbox 1350 5604 1514 5662; x_wconf 83' lang='lat' dir='ltr'><strong>atque</strong></span> <span class='ocrx_word' id='word_1_725' title='bbox 1561 5606 1692 5646; x_wconf 80' lang='lat' dir='ltr'><strong>Sane</strong></span> <span class='ocrx_word' id='word_1_726' title='bbox 1732 5605 1764 5642; x_wconf 90' lang='lat' dir='ltr'><strong>a</strong></span> 
     </span>
    </p>
   </div>
   <div class='ocr_carea' id='block_1_80' title="bbox 209 5681 1795 5760">
    <p class='ocr_par' dir='ltr' id='par_1_80' title="bbox 209 5681 1795 5760">
     <span class='ocr_line' id='line_1_80' title="bbox 209 5681 1795 5760; baseline -0.006 -16"><span class='ocrx_word' id='word_1_727' title='bbox 209 5694 559 5760; x_wconf 83' lang='lat' dir='ltr'><strong>sapientibus.</strong></span> <span class='ocrx_word' id='word_1_728' title='bbox 583 5693 675 5760; x_wconf 92' lang='lat' dir='ltr'><strong>qui</strong></span> <span class='ocrx_word' id='word_1_729' title='bbox 709 5690 1133 5753; x_wconf 68' lang='lat' dir='ltr'><strong>divinamdleul,</strong></span> <span class='ocrx_word' id='word_1_730' title='bbox 1168 5687 1504 5756; x_wconf 83' lang='lat' dir='ltr'><strong>accepimus,</strong></span> <span class='ocrx_word' id='word_1_731' title='bbox 1544 5699 1651 5737; x_wconf 91' lang='lat' dir='ltr'><strong>non</strong></span> <span class='ocrx_word' id='word_1_732' title='bbox 1685 5681 1795 5735; x_wconf 46' lang='grc' dir='ltr'><strong>ξιτ-κ</strong></span> 
     </span>
    </p>
   </div>
   <div class='ocr_carea' id='block_1_81' title="bbox 1858 4689 3423 4763">
    <p class='ocr_par' dir='ltr' id='par_1_81' title="bbox 1858 4689 3423 4763">
     <span class='ocr_line' id='line_1_81' title="bbox 1858 4689 3423 4763; baseline -0.007 -13"><span class='ocrx_word' id='word_1_733' title='bbox 1858 4698 2197 4761; x_wconf 75' lang='lat' dir='ltr'><strong>minor,,aut</strong></span> <span class='ocrx_word' id='word_1_734' title='bbox 2231 4695 2406 4763; x_wconf 88' lang='lat' dir='ltr'><strong>major</strong></span> <span class='ocrx_word' id='word_1_735' title='bbox 2441 4709 2499 4748; x_wconf 84' lang='lat' dir='ltr'><strong>se</strong></span> <span class='ocrx_word' id='word_1_736' title='bbox 2527 4689 3026 4761; x_wconf 85' lang='lat' dir='ltr'><strong>ipsa,_videutibus</strong></span> <span class='ocrx_word' id='word_1_737' title='bbox 3068 4689 3374 4743; x_wconf 83' lang='lat' dir='ltr'><strong>ostenditur</strong></span> <span class='ocrx_word' id='word_1_738' title='bbox 3408 4705 3423 4739; x_wconf 92' lang='lat'><strong>:</strong></span> 
     </span>
    </p>
   </div>
   <div class='ocr_carea' id='block_1_82' title="bbox 1859 4780 3427 4857">
    <p class='ocr_par' dir='ltr' id='par_1_82' title="bbox 1859 4780 3427 4857">
     <span class='ocr_line' id='line_1_82' title="bbox 1859 4780 3427 4857; baseline -0.008 -13"><span class='ocrx_word' id='word_1_739' title='bbox 1859 4790 1951 4844; x_wconf 82' lang='lat' dir='ltr'><strong>sed</strong></span> <span class='ocrx_word' id='word_1_740' title='bbox 1985 4788 2168 4857; x_wconf 86' lang='lat' dir='ltr'><strong>potius</strong></span> <span class='ocrx_word' id='word_1_741' title='bbox 2200 4787 2389 4840; x_wconf 87' lang='lat' dir='ltr'><strong>eadem</strong></span> <span class='ocrx_word' id='word_1_742' title='bbox 2419 4800 2571 4853; x_wconf 74' lang='lat' dir='ltr'><strong>azque</strong></span> <span class='ocrx_word' id='word_1_743' title='bbox 2607 4782 2843 4846; x_wconf 81' lang='lat' dir='ltr'><strong>inlinita,</strong></span> <span class='ocrx_word' id='word_1_744' title='bbox 2867 4791 2923 4836; x_wconf 89' lang='lat' dir='ltr'><strong>et</strong></span> <span class='ocrx_word' id='word_1_745' title='bbox 2951 4796 3058 4834; x_wconf 89' lang='lat' dir='ltr'><strong>non</strong></span> <span class='ocrx_word' id='word_1_746' title='bbox 3089 4780 3427 4849; x_wconf 84' lang='lat' dir='ltr'><strong>vestigabilis</strong></span> 
     </span>
    </p>
   </div>
   <div class='ocr_carea' id='block_1_83' title="bbox 1858 4870 3421 4948">
    <p class='ocr_par' dir='ltr' id='par_1_83' title="bbox 1858 4870 3421 4948">
     <span class='ocr_line' id='line_1_83' title="bbox 1858 4870 3421 4948; baseline -0.009 -14"><span class='ocrx_word' id='word_1_747' title='bbox 1858 4878 2321 4948; x_wconf 79' lang='lat' dir='ltr'><strong>etimpartibilis.</strong></span> <span class='ocrx_word' id='word_1_748' title='bbox 2371 4874 2760 4929; x_wconf 85' lang='lat' dir='ltr'><strong>convenienter</strong></span> <span class='ocrx_word' id='word_1_749' title='bbox 2808 4885 3081 4926; x_wconf 73' lang='lat' dir='ltr'><strong>mensura:</strong></span> <span class='ocrx_word' id='word_1_750' title='bbox 3121 4870 3421 4923; x_wconf 84' lang='lat' dir='ltr'><strong>videntium</strong></span> 
     </span>
    </p>
   </div>
   <div class='ocr_carea' id='block_1_84' title="bbox 1861 4961 3420 5038">
    <p class='ocr_par' dir='ltr' id='par_1_84' title="bbox 1861 4961 3420 5038">
     <span class='ocr_line' id='line_1_84' title="bbox 1861 4961 3420 5038; baseline -0.007 -13"><span class='ocrx_word' id='word_1_751' title='bbox 1861 4987 2024 5025; x_wconf 90' lang='lat' dir='ltr'><strong>omne</strong></span> <span class='ocrx_word' id='word_1_752' title='bbox 2087 4983 2259 5038; x_wconf 80' lang='lat' dir='ltr'><strong>genus</strong></span> <span class='ocrx_word' id='word_1_753' title='bbox 2311 4968 2579 5020; x_wconf 90' lang='lat' dir='ltr'><strong>luminum</strong></span> <span class='ocrx_word' id='word_1_754' title='bbox 2631 4974 2804 5027; x_wconf 87' lang='lat' dir='ltr'><strong>creat,</strong></span> <span class='ocrx_word' id='word_1_755' title='bbox 2853 4972 2908 5018; x_wconf 89' lang='lat' dir='ltr'><strong>et</strong></span> <span class='ocrx_word' id='word_1_756' title='bbox 2947 4963 3015 5018; x_wconf 84' lang='lat' dir='ltr'><strong>ad</strong></span> <span class='ocrx_word' id='word_1_757' title='bbox 3064 4961 3420 5017; x_wconf 66' lang='lat' dir='ltr'><strong>elevationem</strong></span> 
     </span>
    </p>
   </div>
   <div class='ocr_carea' id='block_1_85' title="bbox 1867 5059 2795 5128">
    <p class='ocr_par' dir='ltr' id='par_1_85' title="bbox 1867 5059 2795 5128">
     <span class='ocr_line' id='line_1_85' title="bbox 1867 5059 2795 5128; baseline -0.004 -12"><span class='ocrx_word' id='word_1_758' title='bbox 1867 5062 2131 5118; x_wconf 84' lang='lat' dir='ltr'><strong>mentium</strong></span> <span class='ocrx_word' id='word_1_759' title='bbox 2162 5068 2475 5115; x_wconf 84' lang='lat' dir='ltr'><strong>nostrarqu</strong></span> <span class='ocrx_word' id='word_1_760' title='bbox 2522 5059 2795 5128; x_wconf 86' lang='lat' dir='ltr'><strong>prepouit.</strong></span> 
     </span>
    </p>
   </div>
   <div class='ocr_carea' id='block_1_86' title="bbox 275 5846 1867 5937">
    <p class='ocr_par' dir='ltr' id='par_1_86' title="bbox 275 5846 1867 5937">
     <span class='ocr_line' id='line_1_86' title="bbox 275 5846 1867 5937; baseline -0.005 -16"><span class='ocrx_word' id='word_1_761' title='bbox 275 5868 320 5897; x_wconf 75' lang='lat'>&quot;</span> <span class='ocrx_word' id='word_1_762' title='bbox 348 5868 531 5925; x_wconf 71' lang='lat' dir='ltr'><strong>Matth.</strong></span> <span class='ocrx_word' id='word_1_763' title='bbox 568 5884 677 5937; x_wconf 76' lang='lat' dir='ltr'><strong>m,</strong></span> <span class='ocrx_word' id='word_1_764' title='bbox 735 5868 826 5922; x_wconf 68' lang='grc' dir='ltr'>ει.</span> <span class='ocrx_word' id='word_1_765' title='bbox 900 5867 1114 5923; x_wconf 61' lang='grc' dir='ltr'><strong>παρη.</strong></span> <span class='ocrx_word' id='word_1_766' title='bbox 1147 5865 1302 5933; x_wconf 74' lang='lat'><strong>1,26.</strong></span> <span class='ocrx_word' id='word_1_767' title='bbox 1378 5866 1425 5898; x_wconf 75' lang='grc' dir='ltr'>τι</span> <span class='ocrx_word' id='word_1_768' title='bbox 1453 5846 1645 5918; x_wconf 70' lang='lat' dir='ltr'><strong>Manu.</strong></span> <span class='ocrx_word' id='word_1_769' title='bbox 1679 5860 1867 5928; x_wconf 53' lang='grc' dir='ltr'><strong>ωλι.</strong></span> 
     </span>
    </p>
   </div>
  </div>
