3784 6566
427 425 534 490 $55

931 629 934 633 ‘
1012 549 1241 616 CAPUT
1285 551 1395 607 vn.

426 679 580 743 Quod
607 691 724 734 eam
751 679 1220 752 pulchritudinem.
1250 699 1417 752 quam;
1445 683 1614 738 Adam
1646 696 1767 740 ante
1797 701 1986 752 pecca-

495 761 605 802 tum
634 747 1040 806 non'obcdiendi
1069 747 1347 814 Imbnerat,
1371 747 1509 808 nunc
1531 767 1776 808 naturam
1797 747 1990 808 numa-

493 835 614 872 nam
658 836 990 884 recuperasse
1019 821 1277 877 Dominus
1307 825 1361 878 in
1401 834 1573 879 monte
1608 822 1650 877 Τ
1652 825 1819 878 liabor
1848 826 1901 878 in
1935 840 1989 878 se

491 889 704 956 quidem
738 892 884 956 prius
910 891 978 944 ad
1013 895 1182 946 vivum
1216 894 1492 957 expressit,
1517 906 1694 960 postea
1726 910 1840 949 vero
1875 903 1988 960 post

495 961 924 1032 resurrectionem
961 977 1116 1014 suam
1163 964 1298 1016 sicut
1349 966 1468 1032 ipse.
1504 961 1760 1017 Dominus
1808 965 1990 1032 eodem

495 1029 694 1103 lumine
718 1030 881 1103 multo
903 1033 1193 1103 copiasiore
1217 1034 1312 1101 (η),
1343 1029 1660 1087 naturaliter
1682 1029 1988 1103 splendebit,

495 1100 784 1186 effutierunt
834 1101 1042 1186 itgbebit
1067 1100 1244 1184 justas
1275 1116 1639 1186 consequentes
1673 1100 1782 1186 sole
1811 1102 1990 1186 splen.—

492 1169 749 1234 didiores,
773 1171 974 1226 scilicet
1009 1169 1284 1226 restituens
1317 1189 1402 1226 eos
1432 1169 1486 1226 in
1521 1175 1668 1228 illum
1703 1172 1990 1228 beatitudi-

492 1253 604 1292 nem
635 1255 752 1308 qua
785 1250 902 1294 erat
933 1250 1054 1296 ante
1079 1251 1350 1312 peccatum
1381 1242 1534 1300 Δάων.

495 1375 723 1432 Divinus
742 1376 988 1434 Andreas
1008 1377 1285 1436 Cretensis
1317 1383 1370 1434 in
1403 1397 1602 1450 magno
1621 1396 1831 1437 canone
1873 1381 1988 1436 ait:

425 1463 596 1518 Amisi
631 1464 864 1534 primam
899 1481 1073 1521 meam
1120 1469 1605 1537 pulchritudinem,
1642 1478 1694 1523 et
1739 1469 1988 1524 decorem

347 1569 600 1614 “meum
631 1575 645 1622 ;
674 1564 730 1612 et
778 1557 906 1613 inde
932 1557 1091 1627 jaceo
1127 1561 1330 1625 nudus,
1362 1572 1418 1614 et
1458 1561 1641 1629 pudet.
1676 1558 1744 1613 Et
1782 1559 1988 1628 Grego-

421 1649 535 1703 rius
564 1646 878 1720 Theologus
905 1650 1023 1722 (ti):
1065 1651 1314 1708 Pelliceis
1343 1651 1545 1707 tunicis
1573 1652 1842 1718 induitur,
1877 1653 1992 1706 lor-

425 1749 573 1795 tasse
600 1741 871 1796 crassiore
899 1756 1090 1808 carne,
1126 1751 1181 1797 et
1229 1743 1468 1805 mortali,
1498 1755 1554 1799 et
1583 1744 1742 1810 dura,
1788 1759 1852 1798 ac
1905 1759 1990 1797 re-

419 1843 715 1902 pugnante.
747 1833 810 1889 Et
835 1832 1006 1888 divini
1029 1843 1197 1904 atque
1221 1835 1361 1890 beati
1391 1835 1620 1892 Costnas
1640 1847 1694 1891 et
1719 1837 1982 1902 Joannes,

420 1925 474 1981 in
529 1925 834 1982 canonibus
888 1925 942 1980 in
974 1924 1534 1997 Transllgurationem
1576 1947 1590 1982 :
1639 1929 1739 1994 Qui
1789 1935 1984 1992 totum,

421 2019 699 2088 inquiunt,
720 2019 888 2074 Adam
914 2021 1160 2091 gestasti.
1183 2021 1418 2084 Christe,
1450 2032 1697 2076 naturam
1723 2022 1988 2078 obserua-

424 2123 534 2169 tam
565 2122 618 2166 et
671 2111 980 2167 hebetatam
1031 2113 1482 2174 commutasti,et
1511 2113 1848 2180 splendidam
1874 2114 1987 2181 jam

419 2211 582 2257 amca
613 2203 936 2272 reddidisti;
969 2217 1024 2260 et
1052 2205 1438 2260 immutatione
1473 2206 1660 2259 formae
1690 2215 1797 2259 tua:
1828 2203 1987 2258 deiﬁ-

418 2295 576 2347 casti.
626 2293 694 2350 Et
738 2293 974 2352 iterum:
1009 2295 1063 2350 In
1097 2295 1245 2351 hunc
1286 2297 1432 2352 enim
1483 2305 1721 2350 montem
1755 2311 1878 2350 cum
1928 2303 1986 2348 tu

419 2383 674 2437 Salvator
710 2399 816 2438 una
865 2399 990 2440 cum
1025 2384 1312 2456 discipulis
1346 2385 1452 2439 tuis
1486 2387 1858 2450 ascendisses,
1895 2403 1990 2440 na-

417 2484 596 2528 turam
621 2475 676 2529 in
706 2476 880 2530 Adam
913 2476 1305 2540 inumbralatn,
1333 2477 1775 2546 transﬁguratus,
1803 2478 1990 2548 splen-

420 2564 555 2618 dere
592 2578 790 2618 rursus
829 2564 1024 2630 fecisti,
1058 2575 1280 2619 mutans
1311 2581 1432 2619 eam
1461 2567 1513 2620 in
1544 2567 1850 2623 divinitatis
1883 2577 1989 2623 tua:

417 2652 648 2719 gloriam
672 2663 726 2708 et
759 2653 1129 2722 splendorem.
1161 2653 1227 2708 Et
1260 2655 1458 2710 iterum
1493 2676 1507 2712 :
1541 2656 1710 2712 Hodie
1737 2659 1989 2716 Christus

418 2747 470 2796 in
517 2753 701 2800 monte
739 2744 960 2801 'I‘habor
1009 2755 1261 2802 naturam
1319 2748 1489 2802 Adam
1552 2749 1884 2817 immutavit,
1936 2761 1990 2805 et

416 2835 754 2901 splendidam
783 2837 1016 2894 reddens
1039 2839 1339 2896 deiiicavit.
1367 2839 1432 2895 Et
1462 2841 1660 2896 iterum
1698 2860 1712 2897 :
1742 2841 1845 2909 Qui
1875 2859 1990 2896 ma-

415 2929 580 2986 nibus
600 2930 1086 3001 inaspectabilibus
1112 2933 1386 2988 hominem
1411 2935 1477 2988 ad
1503 2936 1795 3002 imaginem
1817 2943 1986 2998 tuam,

409 3024 430 3078 .t
461 3021 651 3086 liriste,
693 3021 966 3085 formasti,
1021 3021 1482 3092 pulchritudinem
1534 3025 1613 3078 tui
1661 3025 1988 3095 exemplaris

415 3115 468 3166 in
517 3124 715 3168 natura
749 3129 780 3168 a
812 3123 864 3169 te
899 3114 1131 3168 formata
1163 3113 1554 3170 demonstrasti
1590 3130 1696 3168 non
1730 3125 1984 3184 tanquam

416 3198 467 3252 in
503 3198 757 3268 imagine,
791 3198 885 3252 sed
914 3208 1173 3268 tanquam
1197 3199 1290 3268 qui
1327 3213 1478 3254 esses
1506 3200 1808 3254 substantia
1844 3198 1986 3255 Deus

414 3299 468 3352 ut
502 3289 642 3344 idem
678 3289 862 3344 homo.
895 3289 960 3345 Et
987 3290 1181 3344 iterum
1212 3305 1226 3343 :
1257 3288 1359 3355 Qui
1390 3290 1520 3344 olim
1552 3306 1676 3344 cum
1719 3291 1899 3362 Moyse
1935 3292 1985 3346 in

416 3388 601 3435 nionte
627 3378 757 3434 Sina
801 3395 898 3450 per
941 3380 1188 3451 symbola
1230 3381 1448 3436 loeutus
1494 3390 1596 3445 est,
1643 3397 1768 3436 cum
1807 3381 1985 3436 dixit:

414 3470 530 3541 Ego
558 3487 697 3538 sum,
720 3473 809 3541 qui
835 3471 1016 3526 sum"
1043 3512 1060 3538 ,
1090 3470 1249 3526 hodie
1274 3472 1697 3544 transﬁguratus
1722 3475 1773 3528 in
1803 3483 1987 3528 monte

414 3563 637 3621 'l'habor
666 3580 851 3620 coram
893 3564 1201 3635 discipulis,
1230 3565 1471 3621 ostendit
1507 3566 1560 3620 in
1591 3582 1649 3622 se
1681 3566 1798 3636 ipso
1833 3575 1990 3622 natu-

415 3675 532 3712 ram
566 3660 864 3714 humanam
893 3659 960 3713 ad
993 3658 1271 3728 exemplar
1302 3659 1766 3728 pulclirittnlinem
1800 3659 1988 3728 imagio

414 3752 503 3808 nis
539 3765 914 3820 recuperasse.
952 3748 1020 3804 Et
1053 3758 1278 3806 sanctus
1309 3749 1549 3822 Cyrillus
1581 3751 1722 3805 libro
1753 3754 1988 3820 septimo

413 3858 605 3898 eorum
634 3859 774 3914 quos
796 3849 960 3898 'more
993 3842 1194 3914 dialogi
1224 3843 1449 3913 scripsit
1475 3862 1490 3898 :
1524 3844 1720 3900 Nonne
1751 3843 1988 3900 dicimus

414 3935 770 3990 faliseiaetum
792 3950 914 3990 esse
944 3933 1222 3990 hominem
1257 3935 1310 3989 in
1342 3946 1483 3990 terra
1515 3938 1813 4004 secundum
1844 3938 1980 3993 ima-

415 4029 594 4094 ginem
634 4025 772 4082 Dei?
801 4026 933 4093 Quis
985 4027 1090 4082 hoc
1120 4027 1319 4097 neget?
1349 4028 1451 4093 Qui
1503 4040 1686 4084 autem
1743 4030 1983 4085 divinam

413 4119 706 4188 itiiaginem
735 4119 893 4175 nobis
922 4119 1208 4188 insculpit,
1241 4129 1297 4172 et
1329 4120 1788 4189 pulchritudinem
1819 4138 1984 4190 supra

413 4228 578 4279 quam
609 4212 885 4269 caelestem
917 4212 1090 4267 instar
1121 4213 1283 4284 sigilli
1321 4213 1372 4266 in
1410 4216 1567 4270 nobis
1598 4215 1883 4284 imprimit,
1916 4232 1984 4272 an

414 4322 523 4360 non
565 4313 652 4361 est
693 4304 966 4375 spiritus?
999 4303 1067 4359 Et
1097 4305 1318 4360 divinus
1355 4306 1682 4360 Anastasius
1725 4307 1984 4373 Sinaites,

414 4401 468 4453 in
507 4399 759 4454 oratione
801 4399 856 4454 in
887 4397 1450 4469 Transiigurationem
1495 4417 1511 4455 :
1564 4399 1737 4454 Hodie
1791 4411 1986 4456 natura

412 4490 504 4543 illa
525 4489 741 4556 Adami,
766 4504 886 4559 quae
913 4489 1110 4544 similis
1141 4489 1248 4544 Deo
1273 4489 1435 4554 facta,
1457 4490 1523 4543 ad
1554 4489 1847 4547 deilormes
1871 4490 1986 4547 ior-

413 4598 532 4637 mas
566 4581 836 4637 idolorum
884 4581 1174 4637 obscurata
1210 4587 1348 4642 erat,
1393 4583 1776 4651 transﬁgurata
1807 4593 1891 4638 est
1927 4586 1982 4641 in

412 4675 690 4742 antiquam
720 4688 874 4728 suam
910 4672 1375 4742 pulchritudinem
1405 4674 1470 4726 ad
1499 4673 1788 4743 imaginem
1821 4686 1871 4731 et
1905 4678 1980 4732 si-

411 4763 776 4818 militudinem
809 4762 926 4816 Dei.
963 4760 1134 4816 Hodie
1187 4772 1402 4826 natura,
1448 4778 1568 4832 qure
1602 4766 1654 4817 in
1702 4766 1980 4824 montibus

409 4862 714 4916 erraverat,
743 4861 800 4906 et
824 4852 963 4906 idola
1001 4853 1269 4915 coluerat,
1300 4853 1419 4906 sine
1444 4855 1526 4908 sui
1557 4859 1880 4920 mutatione,
1921 4862 1974 4916 in

408 4953 595 5000 monte
637 4943 886 5013 qmesita,
940 4941 1258 5012 splendores
1308 4943 1611 5001 divinitatis
1657 4949 1985 5023 refulgentes

407 5038 613 5092 emisit.
649 5034 821 5089 Hodie
852 5035 942 5104 qui
973 5035 1176 5090 tunicis
1205 5035 1309 5091 illis
1343 5037 1616 5103 tristibus,
1646 5051 1702 5094 et
1731 5044 1982 5101 molestis

408 5130 616 5186 tunicis
643 5130 869 5183 indutus
896 5126 1018 5192 iuit,
1051 5129 1305 5184 vestitum
1342 5145 1370 5184 a
1423 5131 1533 5185 Deo
1577 5130 1779 5188 iactum
1827 5152 1982 5192 sum-

408 5223 538 5292 psit,
593 5221 826 5275 indttens
857 5220 1038 5274 lumen
1095 5229 1348 5290 tanquam
1407 5223 1809 5280 vestimentum.
1869 5231 1984 5283 ltno

408 5315 574 5368 etiam
607 5312 697 5367 ille
728 5327 891 5366 aurea
935 5312 1246 5381 eloquentia
1278 5313 1604 5384 Thcologus,
1656 5318 1708 5368 in
1751 5318 1974 5375 homilia

410 5404 478 5460 de
503 5403 713 5474 jejunio
743 5405 822 5461 sic
857 5405 970 5462 ait:
1009 5406 1204 5459 Amisit
1248 5405 1418 5458 Adam
1451 5408 1704 5460 vestitum
1733 5409 1971 5464 immor-

410 5497 633 5554 talitatis
681 5498 917 5568 regium,
953 5497 1383 5566 pulcherrimum
1435 5513 1600 5566 supra
1649 5515 1810 5568 quam
1868 5503 1976 5557 dici

477 5631 710 5687 "Exod.
744 5634 937 5719 "1,14.
1014 5631 1058 5664 ⁷⁷
1084 5630 1274 5685 Matth.
1305 5646 1443 5697 χχιι,
1476 5630 1564 5686 50.
1646 5633 1691 5665 ⁷⁸
1725 5634 1744 5688 l
1777 5633 1968 5690 Thess.

481 5773 555 5838 (α)
586 5774 763 5827 ΙιΙεΞδΙ.
792 5786 918 5825 vere
949 5771 1072 5824 etin
1097 5771 1398 5823 substantia
1431 5784 1548 5824 sua.

371 5909 381 5917 ι
477 5844 552 5909 (ti)
583 5844 638 5896 in
663 5841 910 5897 elatione
950 5841 1000 5896 in
1034 5840 1270 5901 Natalem
1297 5841 1519 5896 Christi.

1575 435 1894 498 JOANNIS
1933 430 2424 500 CYPARISSIOT
2443 439 2492 498 Ε

3508 442 3585 504 858

2015 554 2062 610 Δ
2096 557 2286 625 possit,
2330 573 2494 626 quem
2531 555 2755 627 quidem
2816 557 2870 610 in
2924 564 3108 608 mente
3156 555 3594 623 transﬂgurationis

2092 645 2306 699 Domini
2335 645 2546 717 Moyses
2569 654 2623 701 et
2651 645 2796 700 Elias
2821 653 3184 714 gestavernnt.
3206 643 3266 697 Et
3283 659 3486 711 magnus
3503 651 3598 706 ilio.

2089 739 2279 808 nysius
2327 739 2507 806 capite
2557 738 2734 806 primo
2781 736 2856 790 De
2897 736 3089 790 divinis
3132 735 3433 800 nominibus,
3475 737 3598 800 Nunc

2093 831 2338 900 quidem,
2370 831 2568 898 inquit,
2603 829 2843 884 charitas
2872 827 2964 882 Dei
2990 843 3115 897 erga
3146 829 3384 884 homines
3422 831 3470 885 in
3503 848 3602 888 san-

2090 924 2194 977 ctis
2244 922 2543 991 Scriptnris
2581 932 2635 977 et
2680 920 2998 985 apostolicis
3034 906 3421 974 traditionibus
3437 937 3602 979 come.

2093 1016 2307 1070 nienter
2341 1015 2496 1070 nobis
2539 1029 2601 1069 ea
2651 1029 2774 1084 qua:
2807 1014 2909 1070 sub
2960 1013 3370 1082 intelligentiam
3420 1016 3602 1080 cadunt,

2094 1109 2266 1164 sacris
2298 1109 2655 1177 operimentis
2671 1106 2771 1162 sub
2785 1121 3004 1161 sensum
3021 1105 3332 1161 cadentiths
3344 1107 3466 1162 velat
3484 1117 3606 1172 ;etca

2093 1215 2214 1269 qute
2241 1215 2404 1263 supra
2433 1198 2794 1254 substantiam
2827 1205 2977 1260 sunt,
3013 1198 3078 1250 iis
3104 1211 3228 1264 qua!
3259 1198 3309 1249 in
3342 1212 3505 1252 rerum
3533 1217 3609 1254 na-

2095 1301 2218 1345 tura
2254 1300 2408 1352 sunt,
2450 1289 2696 1358 obtegit;
2728 1289 2934 1343 formas
2973 1297 3027 1344 et
3063 1289 3266 1353 ﬁguras
3297 1289 3363 1343 iis
3391 1304 3499 1358 qua:
3523 1290 3609 1345 lor-

2093 1397 2178 1436 mn
2206 1390 2260 1436 et
2293 1382 2462 1450 llgura
2495 1389 2707 1440 carent,
2730 1379 2991 1446 obducit;
3017 1387 3072 1432 et
3098 1377 3228 1431 illud
3257 1393 3418 1430 unum
3446 1390 3491 1431 et
3511 1381 3611 1434 sim-

2094 1475 2237 1544 plex.
2270 1474 2416 1544 quod
2445 1488 2607 1542 supra
2657 1472 3022 1528 substantiam
3064 1481 3119 1523 et
3159 1480 3409 1523 naturam
3445 1479 3536 1532 est,
3571 1481 3612 1524 et

2097 1564 2240 1632 quod
2268 1564 2490 1632 tigni-ari
2525 1577 2630 1615 non
2659 1567 2861 1630 potest,
2889 1558 3150 1613 varietate
3179 1557 3447 1626 signorum
3479 1560 3614 1624 parti-

2095 1652 2282 1706 bllinm
2314 1652 2656 1719 multiplicat,
2683 1659 2736 1703 et
2757 1649 2999 1718 ellingit;
3027 1663 3152 1703 cum
3182 1661 3308 1702 vero
3333 1647 3615 1702 immortales

2095 1744 2222 1798 iacti
2247 1746 2474 1802 erimus.
2497 1751 2551 1798 et
2572 1744 2638 1796 ad
2668 1743 2819 1797 illum
2878 1742 3256 1797 beatissimum
3285 1749 3469 1794 statum
3494 1738 3614 1794 Chri-

2093 1837 2162 1891 sti
2185 1836 2417 1890 similem
2446 1834 2998 1904 perveniemus.tune
3027 1846 3265 1899 semper,
3285 1832 3612 1886 sicutaitvers

2081 1926 2402 2000 ,Scriptura,
2427 1941 2552 1979 cum
2584 1923 2818 1979 Domino
2845 1924 3073 1986 erimus,
3105 1921 3306 1990 expleti
3333 1924 3615 1988 contempla-

2093 2021 2334 2074 tionibus
2365 2017 2678 2088 purissimis
2722 2015 3070 2084 aspectabilis
3111 2015 3332 2083 quidem
3364 2015 3614 2082 apparitio-

2093 2113 2178 2166 nis
2213 2111 2326 2174 Dci,
2360 2126 2482 2181 qua:
2516 2124 2618 2164 nos
2665 2109 3018 2163 lucidissimis
3067 2107 3374 2172 fulgoribus
3426 2109 3617 2160 circum-

2093 2201 2306 2263 fnndct,
2346 2211 2404 2255 ut
2451 2200 2752 2271 discipulos
2792 2199 2844 2252 in
2894 2198 2984 2252 illa
3026 2197 3376 2252 divinissima
3424 2195 3618 2250 Transii-

2091 2296 2416 2365 guratione.
2475 2291 2882 2361 inaspectabilis
2939 2305 3067 2345 vero
3128 2289 3533 2343 illuminationis
3575 2290 3614 2341 in

2093 2397 2274 2441 mente
2313 2386 2558 2439 materias
2588 2391 2813 2453 experte
2837 2390 2890 2435 et
2929 2381 3225 2452 impetibili
3257 2381 3529 2450 participes
3561 2381 3618 2432 ei-

2093 2478 2242 2542 leeti,
2273 2477 2436 2532 simul
2466 2486 2519 2531 et
2544 2475 2790 2540 nnionis,
2819 2489 2942 2542 quae
2971 2486 3148 2528 mente
3185 2471 3399 2540 concipi
3431 2486 3522 2524 non
3548 2486 3618 2535 pa-

2092 2579 2220 2629 test,
2259 2570 2313 2622 in
2351 2567 2593 2637 jactibus
2645 2566 2844 2636 ignotis
2875 2575 2928 2618 et
2961 2564 3135 2619 beatis
3187 2561 3461 2617 radiorum
3488 2577 3616 2629 supra

2091 2660 2310 2713 modum
2335 2659 2630 2717 clarorum,
2658 2657 2710 2709 in
2737 2655 3044 2709 imitatione
3070 2654 3344 2708 diviniore
3366 2653 3617 2706 C(Blcstium

2091 2752 2355 2806 mentium
2385 2766 2399 2813 ;
2432 2749 2640 2802 erimus
2672 2748 2839 2812 enim,
2871 2747 3015 2801 sit-ut
3047 2746 3123 2799 ait
3151 2744 3432 2812 Scriptura
3462 2744 3521 2805 τ’,
3548 2759 3619 2796 an-

2091 2845 2228 2914 gelis
2258 2842 2520 2913 aequales,
2555 2850 2611 2896 et
2645 2840 2738 2894 ﬁlii
2775 2839 2889 2906 Dei,
2925 2837 3052 2892 facti
3089 2838 3186 2891 lilii
3228 2838 3614 2890 resurrectionis.

2093 2937 2216 2992 llzrc
2247 2945 2473 2991 sanctus
2497 2933 2766 2988 Maximus
2792 2948 2914 2986 cum
2953 2931 3207 2992 adn0tat,
3235 2927 3438 2989 Sam-ti,
3461 2927 3618 2989 inquit,

2091 3030 2142 3084 in
2165 3021 2569 3084 resurrectione
2587 3034 2786 3080 statum
2812 3024 3044 3078 similem
3071 3022 3282 3076 Christi
3307 3036 3422 3076 cum
3443 3022 3623 3074 immor-

2092 3121 2300 3175 talitate
2335 3120 2731 3189 adipiscentur,
2785 3116 3134 3184 splendentes
3171 3129 3345 3182 supra
3375 3127 3521 3180 quant
3561 3113 3621 3164 sul

2010 3210 2056 3277 Β
2089 3215 2356 3286 splendet,
2401 3214 2542 3267 sicut
2590 3209 2851 3264 Dominus
2899 3210 2950 3261 in
3003 3219 3188 3260 inmite
3245 3205 3618 3272 transﬁguratus

2093 3317 2198 3369 est,
2233 3307 2379 3362 sicut
2419 3303 2711 3372 Apostolus
2743 3303 2810 3356 de
2845 3298 3050 3354 sanctis
3079 3300 3150 3352 ait
3186 3317 3199 3352 :
3245 3296 3388 3352 Tunc
3412 3305 3546 3350 erunt
3571 3296 3624 3346 si-

2091 3409 2176 3454 cut
2207 3409 2256 3453 et
2286 3399 2392 3468 ipse
2417 3407 2516 3463 est,
2547 3407 2594 3451 et
2634 3411 2835 3462 semper
2870 3411 2985 3446 cum
3026 3393 3260 3445 Domino
3291 3391 3526 3445 erimus"
3549 3405 3560 3440 :
3584 3398 3624 3439 et

2090 3489 2337 3544 divinum
2372 3489 2495 3556 ejus
2536 3502 2736 3554 corpus
2767 3486 2974 3556 ὁρατὴν
3020 3483 3187 3537 αὐτοῦ
3227 3483 3551 3550 Θεοφάνειιν,
3583 3480 3621 3532 id

2089 3591 2194 3642 est.
2246 3581 2618 3650 aspectabilent
2655 3579 2751 3632 Dei
2793 3579 3181 3646 opiparitionem
3236 3586 3411 3638 voeat,
3457 3585 3508 3626 ut
3540 3574 3620 3637 jarn

2091 3679 2194 3732 hoc
2219 3677 2419 3730 dictum
2452 3672 2614 3727 simul
2645 3671 2872 3741 quadret
2920 3670 2971 3722 in
3010 3667 3394 3727 Nestorianos,
3435 3676 3480 3718 et
3508 3667 3610 3717 Ace-

2091 3767 2306 3837 phalos,
2337 3777 2384 3819 et
2419 3765 2472 3818 in
2510 3778 2606 3818 eos
2659 3763 2752 3832 qui
2787 3763 3122 3830 inpinontnr,
3175 3775 3291 3812 non
3351 3772 3466 3812 esse
3513 3770 3621 3809 tunc

2089 3875 2212 3914 cum
2261 3871 2426 3913 carne
2460 3854 2770 3908 Dominum.
2825 3851 2916 3906 Est
2951 3851 3005 3904 in
3049 3851 3275 3903 Christo
3319 3845 3620 3917 aspectabils

2089 3949 2336 4020 quaedam
2364 3946 2634 4016 apparitio
2663 3943 2779 4006 Dei,
2815 3959 2936 4013 quae
2963 3951 3044 3997 est
3071 3957 3200 3995 caro
3227 3941 3353 4011 ejus
3383 3942 3618 3997 animata;

2087 4050 2141 4094 et
2176 4046 2256 4092 est
2287 4036 2454 4090 altera
2484 4033 2754 4104 apparitio
2790 4031 2880 4084 Dei
2915 4030 3104 4100 νοητή,
3144 4028 3196 4082 id
3231 4037 3337 4087 est,
3363 4041 3476 4095 quae
3502 4039 3599 4075 men

2087 4140 2140 4185 te
2175 4127 2494 4198 percipitur,
2531 4140 2650 4194 qua:
2683 4139 2711 4177 a
2745 4122 2908 4178 nobis
2954 4135 3087 4176 tunc
3113 4120 3415 4187 perfectius
3442 4115 3620 4187 partiri-

2086 4221 2326 4295 pabitur,
2353 4217 2572 4289 quando
2602 4214 2849 4272 conversi
2882 4215 2948 4268 ad
2975 4213 3168 4274 Deum,
3203 4210 3620 4282 splendoreilliuc

2087 4311 2329 4382 perfecte
2357 4317 2582 4378 accepto
2611 4322 2780 4361 unum
2813 4305 3063 4374 copulate
3092 4303 3415 4368 eﬂiciemur,
3443 4298 3615 4356 liberati

2087 4417 2118 4457 a
2151 4399 2506 4456 varietatibus
2535 4413 2598 4452 ex
2630 4396 3030 4465 compositione
3062 4394 3547 4454 proﬁciscentibus.
3571 4387 3616 4440 Et

2089 4493 2407 4550 Anastasius
2435 4491 2694 4548 Sinaites,
2729 4489 2782 4541 in
2815 4487 3065 4541 oratione
3103 4486 3157 4539 in
3190 4483 3618 4553 Transliguralio-

2091 4602 2213 4644 nem
2243 4602 2257 4639 :
2287 4583 2447 4651 Quid,
2507 4581 2705 4649 inquit,
2749 4580 2952 4647 majus,
2998 4588 3051 4632 et
3089 4577 3263 4646 magis
3314 4573 3616 4644 stupendum,

2089 4693 2253 4748 quam
2291 4673 2462 4728 videri
2512 4671 2677 4726 Deum
2713 4671 2764 4724 in
2797 4671 2970 4726 forma
3006 4667 3248 4722 hominis
3298 4666 3433 4720 facie
3480 4666 3621 4734 splen-

2087 4771 2304 4824 dentem
2336 4767 2479 4820 slcut
2504 4763 2584 4817 sel
2616 4762 2887 4831 splendet,
2913 4769 2966 4814 et
2992 4776 3154 4829 supra
3180 4777 3344 4829 quam
3373 4759 3450 4812 sol
3477 4759 3616 4825 spicu-

2088 4860 2181 4914 det
2223 4858 2608 4927 refulgentem,
2640 4864 2696 4910 et
2753 4853 2934 4907 radios
2969 4853 3192 4906 luminis
3221 4853 3342 4907 sine
3378 4849 3615 4904 intermis-

2083 4952 2237 5005 sione
2277 4948 2384 5002 ulla
2427 4947 2748 5012 iacientem,
2785 4956 2838 5000 et
2885 4944 3192 5013 purissimo
3221 4943 3390 5014 digito
3427 4942 3498 4994 ori
3540 4951 3614 4990 suo

2087 5038 2343 5106 imposito
2375 5038 2478 5107 (c),
2509 5035 2792 5104 discipulis
2825 5035 2916 5104 qui
2951 5049 3077 5087 cum
3109 5049 3174 5089 eo
3211 5034 3319 5087 illic
3352 5038 3522 5091 erant,
3548 5027 3611 5079 tli-

2083 5138 2293 5184 centetn
2323 5143 2337 5181 :
2379 5125 2470 5181 Sic
2506 5124 2791 5194 fulgebunt
2825 5125 2957 5193 justi
3001 5124 3053 5178 in
3087 5123 3522 5183 resurrectione;
3551 5117 3611 5171 sic

2084 5219 2558 5290 gloriﬁcabuntur,
2597 5217 2650 5270 in
2686 5218 2827 5271 hanc
2853 5214 3084 5283 gloriam
3109 5214 3548 5270 imtnutabuntur,
3571 5206 3610 5258 in

2082 5312 2398 5385 huiusmodi
2441 5311 2649 5374 lumen,
2700 5309 2755 5364 in
2804 5309 2944 5362 hanc
2992 5309 3168 5376 ipsam
3225 5305 3525 5374 imaginem,
3569 5299 3608 5349 in

2084 5408 2226 5462 hanc
2269 5405 2525 5475 speciem,
2563 5405 2614 5458 in
2643 5402 2884 5457 eamdem
2919 5400 3308 5455 beatitudinem
3337 5396 3609 5452 conforma-

2043 5503 2048 5508 ’
2087 5502 2310 5564 buntur,
2343 5495 2651 5556 coniormes
2686 5505 2742 5550 et
2788 5509 3142 5551 consessores
3173 5492 3299 5547 tacti
3333 5487 3459 5543 mihi
3500 5481 3609 5538 Filio

2007 5649 2079 5701 tv,
2137 5634 2224 5690 l6.

2156 5771 2228 5836 (ε)
2264 5768 2566 5838 Signiﬁcat,
2603 5769 2746 5840 quod
2774 5767 3051 5840 discipulis
3080 5764 3191 5822 illic
3221 5761 3368 5828 dixit,
3423 5753 3600 5811 Nemini

2080 5839 2320 5896 dixeritis
2346 5839 2631 5895 visionem.
2916 5839 2923 5840 ί
3415 5845 3420 5848 ’

2023 1879 2065 1937 D
