3860 6586
219 508 299 571 εδτ
807 506 1044 567 DECAS
1073 506 1170 566 Vl.
1205 529 1275 540 ·-
1310 504 1407 565 DE
1452 502 2097 565 APPABITIONIBUS
2126 503 2376 566 DIVINl
2401 501 2758 565 LUMINIS.
3292 499 3408 565 858

219 619 310 672 Dei.
339 613 392 668 Et
426 614 472 667 in
519 614 582 668 iis
612 629 731 683 qua:
776 614 832 667 in
885 617 989 669 hoc
1043 615 1240 669 festum
1278 623 1614 670 cantantur:
1653 612 1723 668 Ut
1748 615 1800 672 A
1827 613 2028 686 inquit,
2058 617 2281 674 diabolo
2311 629 2361 674 et
2393 618 2605 687 angelis
2638 615 2758 686 ejus
2785 615 2854 669 ad
2891 622 3224 670 tormentum
3255 630 3402 685 pra:-

214 705 499 764 ostenderes,
539 704 734 772 inquit,
777 704 1216 760 immutationem
1252 706 1566 760 mortalium
1595 719 1720 760 cum
1825 715 2052 775 paratus
2083 707 2350 763 dividitur
2378 723 2512 762 voce
2552 705 2792 777 Domini,
2830 713 2888 760 ut
2914 704 3043 775 quia
3073 705 3274 774 duplex
3311 707 3396 760 vis

214 797 353 870 gloria
373 805 472 857 tua,
503 795 771 858 Salvator,
802 796 854 849 in
887 797 1130 850 secundo
1153 813 1179 848 a
1204 797 1388 850 lvcntu
1419 804 1512 850 tuo
1541 795 1724 849 horri-
1824 797 1965 852 inest
1989 799 2122 870 igni,
2149 814 2254 854 una
2281 800 2494 864 urendi,
2519 799 2687 852 altera
2712 797 3084 860 illuminandi,
3114 796 3242 851 illud
3280 812 3409 853 acre

214 892 284 945 bili
319 897 552 950 tnturam,
585 887 637 940 in
669 897 853 942 monte
888 888 1308 957 transﬁguratus
1359 902 1440 942 es.
1489 886 1554 940 Ει
1588 885 1725 940 GI‘C-
1823 901 1872 945 et
1904 907 2066 946 urens
2096 891 2276 960 dignis
2300 892 2540 945 cruciatu
2566 891 2938 959 relinquatur;
2961 888 3105 957 quod
3132 904 3258 943 vero
3282 889 3408 944 illu-

211 981 363 1054 gorins
400 977 718 1054 'l'heologus,
757 979 811 1032 in
862 980 1110 1032 oratione
1159 979 1210 1032 in
1252 977 1495 1032 Natalem
1546 975 1729 1029 Domi-

1860 985 2025 1047 iinat,
2053 993 2103 1037 et
2129 983 2476 1052 splendidum
2510 991 2614 1046 est,
2642 983 2899 1038 hilaritati
2929 983 3221 1039 laetantium
3251 981 3410 1036 attri-

212 1069 464 1136 nizouam
499 1070 674 1132 multi,
721 1069 923 1137 inquit,
958 1069 1091 1124 mihi
1139 1079 1441 1125 conventus
1487 1066 1728 1122 celebres
1829 1077 2050 1131 δυωυιι,
2104 1075 2222 1130 Vox
2285 1076 2452 1146 igitur
2501 1074 2715 1146 Dymni
2769 1075 3063 1130 dividemis
3130 1074 3404 1128 ﬂammam

211 1163 254 1216 ill
278 1160 480 1229 εῖιιεηιῑε
505 1159 706 1214 Chiis“
742 1160 1019 1228 “llisml‘iis
1045 1162 1323 1230 ἳτιιιονυιη
1355 1159 1597 1213 omnium
1632 1171 1728 1210 03-
1833 1167 1996 1236 ignis,
2043 1175 2097 1220 et
2129 1165 2416 1236 partientis
2444 1183 2457 1230 ;
2498 1139 2563 1220 u’t
2589 1165 2731 1234 ignis
2765 1165 3021 1218 tormenti
3065 1179 3173 1216 non
3222 1165 3409 1230 splen-

211 1262 284 1322 pnt
310 1267 460 1306 unum
505 1263 586 1306 est
618 1268 735 1307 mea
771 1253 1057 1322 perfectio,
1091 1261 1144 1308 et
1177 1253 1534 1316 instauratio,
1576 1259 1628 1306 et
1663 1249 1729 1304 ad

1860 1260 1964 1314 Ieat
2012 1269 2066 1314 et
2107 1261 2286 1313 lumen
2347 1258 2768 1314 resurrectionis
2801 1274 2908 1312 non
2941 1266 3082 1311 urat.
3115 1258 3176 1312 Et
3215 1273 3410 1312 rursus

211 1345 406 1412 Primum
453 1343 620 1397 Αάθηι
667 1346 938 1399 Γενθτδίοο
994 1345 1056 1398 El
1105 1344 1400 1410 Gregorius
1449 1341 1731 1414 Nyssenus
1832 1349 1973 1403 libro
2005 1350 2180 1419 primo
2220 1347 2570 1403 Hexaemeri:
2607 1349 2756 1414 Erat,
2809 1347 3007 1415 inquit.
3046 1346 3262 1414 quidem
3293 1355 3408 1402 sta-

211 1438 325 1491 libro
361 1435 526 1501 primo
554 1437 606 1490 ill
634 1435 1002 1490 Ecclesiasten
1035 1453 1048 1490 :
1078 1434 1226 1491 Talis
1250 1435 1386 1489 facta
1412 1446 1496 1488 est
1523 1435 1730 1498 anima,
1836 1453 1923 1496 [us
1973 1441 2247 1510 antiquior
2300 1450 2421 1494 οιιιιι
2480 1440 2691 1503 mundi,
2731 1423 2829 1510 .qui
2884 1448 3180 1508 potestates
3215 1454 3410 1508 supra-

210 1527 356 1596 tlt'alis
382 1542 566 1580 ιὐτδυδ
594 1537 780 1596 Ροειεθ
813 1527 1106 1582 emundata
1140 1526 1423 1596 θρβενυῦῖῑ
1453 1545 1466 1591 ;
1523 1526 1626 1580 la'e
1655 1524 1735 1579 Γει-
1837 1533 2142 1588 mundanas
2176 1532 2427 1597 decebat,
2459 1546 2622 1600 supra
2657 1541 2892 1600 tempus,
2925 1540 3164 1587 aeternus
3195 1541 3248 1586 ct
3275 1547 3403 1602 per-

205 1628 326 1672 ctum
353 1628 430 1670 est
467 1633 690 1686 corpus,
724 1619 865 1686 quod
893 1618 1143 1672 manibus
1180 1616 1269 1671 Dei
1291 1616 1589 1670 formatum
1627 1625 1730 1679 est,

1860 1636 2078 1680 )etuus:
2119 1627 2170 1678 in
2203 1640 2268 1678 eo
2311 1634 2494 1678 autem
2535 1635 2677 1679 statu
2708 1635 2990 1679 creaturas
3029 1634 3220 1678 auctor
3243 1634 3297 1679 et
3332 1624 3413 1678 fa-

206 1709 338 1777 quale
362 1717 593 1776 tempore
627 1720 730 1762 suo
756 1711 1088 1765 resurremio
1117 1708 1536 1762 ιιι-ιηυιιειτιιὺῐι.
1566 1707 1736 1773 Quale
1841 1719 2082 1773 bricator
2128 1716 2371 1771 universi
2407 1715 2583 1772 etl‘ecit
2613 1735 2626 1781 ;
2661 1717 2840 1771 lumen
2889 1716 3227 1781 intellectile,
3263 1715 3412 1784 quod

199 1802 313 1853 εηίηι
343 1810 452 1866 P08l
483 1804 932 1858 l'L‘Slll‘l‘t'Clionem
965 1817 1087 1858 ϐεδε
1115 1802 1344 1867 Videbis.
1380 1803 1484 1857 lale
1514 1802 1740 1857 οιιιιιίιιυ
1847 1811 2172 1865 beatitudini
2204 1811 2547 1881 diligentium
2578 1809 2866 1864 Dominum
2897 1809 3294 1870 conveniebat;
3329 1823 3414 1862 ra-

202 1894 276 1946 fuit
295 1895 470 1960 primo;
493 1911 590 1950 nec
606 1898 753 1951 enim
777 1897 922 1951 aliu-l
942 1909 1022 1952 cst
1042 1897 1391 1963 resurrectio,
1409 1913 1567 1965 quam
1588 1896 1736 1950 redi-

1860 1905 2014 1958 .ionis
2037 1912 2339 1973 compotes,
2369 1913 2422 1957 et
2445 1901 2866 1971 inaspectabiles
2897 1911 3143 1962 naturas,
3167 1914 3414 1953 omnem-

200 1996 268 2038 tus
289 1988 342 2038 ad
364 1989 901 2058 antiquum.Hincilt
924 1992 1273 2046 manifestum
1294 1993 1436 2061 quod
1457 2007 1574 2046 eam
1605 1992 1729 2062 pals
1770 1973 1809 2027 Β
1849 2012 1955 2065 que
1987 1996 2238 2051 ordinem
2274 2011 2484 2049 earum.
2511 1995 2578 2048 Et
2607 1993 2903 2063 Gregorius
2936 1991 3235 2063 Nyssenus,
3273 1991 3415 2044 libro

201 2083 523 2137 chritudincm
553 2102 718 2155 quam
749 2087 934 2142 habuit
960 2089 1128 2144 Adam
1151 2098 1441 2158 antequam
1469 2104 1575 2143 non
1605 2090 1735 2144 obc-
1846 2089 2025 2156 primo
2055 2083 2498 2155 Confutationum
2523 2085 2575 2138 in
2622 2083 2966 2142 Eunomium.
2997 2099 3050 2138 c.
3083 2083 3190 2138 26:
3227 2083 3416 2138 Omni-

198 2174 326 2234 dirrt.
375 2183 425 2227 et
473 2189 595 2230 eum
635 2178 1002 2248 splendorem,
1033 2181 1084 2232 in
1122 2196 1232 2249 quo
1271 2190 1400 2234 tunc
1427 2179 1728 2234 secundum
1846 2180 1969 2252 lius,
1999 2179 2201 2248 inquit,
2226 2177 2464 2232 arbitror
2497 2185 2682 2231 notum
2707 2191 2849 2238 esse,
2876 2193 2970 2230 eos
3002 2175 3149 2240 dico,
3178 2176 3268 2243 qui
3301 2189 3416 2226 me-

199 2279 409 2318 natnram
458 2276 680 2323 creatus
724 2280 826 2332 est,
883 2285 1030 2344 nunc
1078 2269 1344 2325 Dominus
1396 2272 1448 2324 in
1505 2284 1734 2338 corpore
1841 2271 2104 2326 diocriter
2140 2285 2203 2324 ea
2247 2285 2369 2338 quae
2397 2279 2548 2333 sunt,
2596 2269 3106 2332 consideraverunt,
3140 2267 3282 2341 quod
3317 2282 3417 2321 au-

197 2373 275 2411 suo
302 2357 525 2412 humano
554 2375 914 2430 recuperasse
941 2371 1194 2416 naturam
1231 2364 1522 2417 htunanam
1557 2361 1734 2432 pra’ii-
1843 2372 1960 2415 ctor
1991 2360 2253 2426 universi,
2287 2361 2382 2430 qui
2423 2361 2644 2426 saecula,
2684 2361 2799 2416 sive
2825 2375 3024 2422 rerum,
3064 2369 3118 2413 et
3151 2359 3327 2413 locum
3361 2359 3415 2412 in

197 2452 394 2517 gnrarit,
420 2467 542 2504 cum
577 2453 630 2505 in
659 2464 845 2508 monte
875 2452 1095 2508 Thahor
1115 2456 1238 2524 plus
1266 2470 1428 2524 quam
1450 2453 1528 2508 sol
1552 2453 1734 2523 Spleu-
1843 2458 1944 2516 eis,
1980 2464 2240 2524 tauquam
2275 2454 2674 2522 receptaculum
2701 2468 2892 2507 eorum
2922 2467 3042 2522 qua:
3070 2452 3122 2506 in
3155 2452 3237 2506 eis
3274 2449 3416 2505 facta
3467 2497 3476 2506 .

196 2543 323 2603 dou;
356 2551 534 2609 pOs‘tra
570 2553 750 2599 tamen
819 2556 939 2615 post
968 2549 1427 2602 resurrectionem
1460 2561 1616 2602 suam
1657 2545 1734 2600 si-
1843 2560 1992 2608 sunt.
2023 2547 2222 2610 cﬂ'ecit,
2250 2548 2303 2601 in
2335 2546 2422 2602 his
2461 2557 2613 2601 creat
2638 2546 2822 2600 omnia
2851 2562 2865 2609 ;
2907 2560 3007 2600 nec
3053 2547 3197 2600 enim
3237 2552 3421 2612 potest

198 2642 267 2684 rut
301 2644 537 2689 naturam
590 2636 660 2690 ab
689 2636 911 2692 interitu
949 2639 1220 2706 liberavit,
1271 2648 1326 2693 et
1373 2639 1733 2694 immortalem
1843 2643 2141 2712 quidquam
2188 2656 2381 2698 eorum
2431 2654 2552 2708 qua}
2595 2648 2775 2694 creata
2817 2647 2968 2703 sunt,
3019 2638 3103 2692 vel
3137 2647 3417 2696 creantur.

199 2721 419 2784 reddidit,
453 2724 535 2777 sic
585 2723 634 2776 ei
674 2732 850 2778 totum
887 2726 1231 2792 splendorem
1271 2727 1528 2802 restituit,
1568 2728 1737 2780 multo
1847 2750 1953 2788 non
1984 2749 2106 2789 esse
2137 2733 2218 2786 vel
2266 2733 2320 2787 in
2371 2732 2515 2796 loco,
2550 2731 2631 2783 vel
2665 2730 2717 2784 in
2769 2738 3034 2799 tempore.
3084 2729 3147 2782 Et
3189 2745 3420 2800 magnus

199 2813 373 2884 majore
404 2831 570 2883 quam
605 2815 712 2869 diri
749 2826 929 2886 potest
965 2859 980 2883 ,
1014 2818 1218 2873 lumine
1242 2821 1448 2872 circum
1478 2834 1597 2873 eam
1623 2819 1738 2873 col-

1860 2826 2200 2886 hthanasius,
2237 2825 2374 2878 libro
2423 2822 2665 2878 secundo
2695 2820 2897 2876 Contra
2941 2820 3216 2876 Arianos:
3251 2821 3423 2890 Igitur

198 2905 375 2968 lucens,
409 2908 728 2977 habensque
760 2923 943 2963 secum
978 2911 1070 2978 qui
1108 2920 1536 2980 consequantur,
1559 2912 1740 2980 justos
1849 2919 2018 2972 multo
2067 2917 2240 2986 magis
2279 2916 2474 2971 Petrus
2502 2930 2610 2968 non
2649 2924 2962 2969 creaturam
2993 2929 3114 2969 esse
3151 2914 3426 2984 signiﬁca-

196 2998 294 3062 l‘lus
321 2999 428 3051 Sttle
455 2997 732 3070 fulgentes
761 3018 774 3054 :
820 3001 966 3071 quod
1007 3002 1051 3056 si
1087 3017 1197 3057 non
1230 3003 1384 3071 plene
1414 3013 1467 3056 et
1502 2995 1741 3072 perfecte
1849 3011 1960 3074 bat,
1987 3024 2109 3062 eum
2140 3009 2244 3061 huc
2275 3007 2456 3062 aiebat
2484 3025 2499 3072 ;
2525 3007 2734 3062 sciebat
2756 3006 2901 3060 enim
2931 3021 3051 3062 esse
3074 3006 3270 3060 Filium
3304 3006 3420 3067 Dei,

197 3088 348 3168 hodie,
389 3100 442 3145 at
489 3101 642 3145 certe
671 3093 721 3145 in
753 3094 1029 3147 communi
1057 3095 1270 3165 generis
1302 3095 1528 3148 humani
1558 3109 1742 3149 resur-
1847 3117 2008 3167 quem
2043 3101 2328 3154 confessus
2360 3109 2499 3162 erat,
2532 3097 2784 3166 inquiens
2812 3114 2825 3150 :
2852 3094 2928 3149 Tu
2959 3113 3013 3150 es
3047 3096 3294 3150 Christus
3325 3095 3421 3150 Fi-

195 3186 428 3250 rst-tione,
475 3200 604 3237 cum
643 3200 744 3239 nos
778 3185 830 3238 in
881 3201 942 3240 ra
995 3186 1109 3256 ipsa
1158 3196 1356 3241 natura
1406 3186 1741 3241 immortales
1849 3190 1952 3244 tius
1991 3189 2082 3242 Dei
2118 3188 2218 3241 viri
2239 3187 2328 3243 l"':
2367 3187 2461 3242 sed
2495 3187 2674 3256 potius
2707 3186 3076 3257 signiﬁcabat,
3111 3201 3335 3256 regnum
3369 3197 3425 3241 et

197 3272 319 3346 lacti,
349 3285 544 3328 statum
587 3274 790 3330 Christi
823 3275 1079 3342 similem,
1109 3285 1161 3332 et
1193 3278 1574 3334 beatissimum
1610 3294 1734 3333 cum
1765 3292 1811 3350 ο
1844 3285 2184 3337 dominatum
2217 3283 2336 3350 ejus
2369 3282 2422 3334 in
2453 3281 2610 3335 nobis
2635 3296 2728 3350 per
2747 3281 2976 3351 gratiam
3002 3290 3248 3334 creatum
3279 3295 3422 3342 esse,
3491 3315 3495 3320 -
3567 3303 3575 3314 κ

193 3366 380 3421 (ζιιιιίειο
405 3383 788 3443 assequemur,
822 3385 944 3423 cum
979 3369 1201 3426 Christo
1231 3371 1488 3427 choream
1522 3372 1764 3425 ducen-‘

195 3464 295 3508 tes:
329 3458 445 3511 linis
476 3460 630 3512 enim
664 3459 952 3515 charitatis
989 3459 1293 3516 Salvatoris
1321 3477 1449 3532 erga
1486 3476 1583 3516 nos
1627 3475 1744 3514 ma-

190 3548 306 3616 joris
334 3567 490 3619 quam
538 3561 600 3604 ut
619 3553 853 3621 cogitari
889 3552 1085 3628 possit,
1151 3565 1339 3609 nostra
1372 3553 1634 3622 perfectio
1662 3563 1744 3607 cst

194 3651 237 3693 et
267 3643 604 3702 instauratio.
634 3654 688 3698 et
710 3647 774 3698 ad
807 3645 1040 3716 primum
1067 3646 1236 3699 Adam
1262 3645 1745 3701 reditusaChristo

195 3750 277 3804 per
326 3739 722 3792 humanitatem
775 3753 926 3791 suam
984 3721 1395 3808 sapientissime
1434 3737 1743 3794 confectus.

759 3845 986 3904 CAPUT
1033 3846 1164 3903 Vlil.

198 3965 330 4031 Quod
359 3969 422 4021 sit
448 3964 741 4020 unctulum
775 3964 1054 4016 essentiam
1091 3965 1331 4031 futurum
1364 3961 1538 4016 lumen
1571 3977 1748 4015 resur-

256 4041 512 4101 rrctt'onis,
557 4048 607 4090 et
647 4035 782 4102 quod
815 4036 880 4088 sit
919 4050 1134 4101 regnum
1169 4032 1265 4086 Dei
1299 4031 1447 4084 nobis
1482 4047 1752 4102 pmpara-

255 4123 376 4169 (nun,
406 4121 452 4162 et
489 4122 612 4179 qna:
643 4101 830 4158 civitas
868 4103 1118 4167 celestis,
1153 4119 1269 4173 qua:
1306 4103 1372 4155 ad
1407 4117 1620 4174 regnum
1653 4101 1750 4156 Dei

255 4183 485 4242 pertinet.

261 4291 474 4358 Magnus
523 4287 761 4343 Basilius
817 4287 869 4340 in
905 4286 1126 4341 homilia
1181 4295 1336 4341 sexta
1385 4285 1703 4340 Ilexaemeri
1733 4301 1752 4340 :

201 4381 288 4432 her
340 4401 460 4450 ego,
504 4381 711 4450 inquit,
759 4381 884 4433 dico
932 4393 1090 4448 posse
1126 4389 1176 4433 te
1226 4389 1319 4432 aut
1366 4393 1450 4432 me
1485 4379 1666 4432 lutttcn
1724 4393 1753 4431 a

196 4494 405 4543 vortunt?
433 4475 572 4528 solis
604 4487 916 4537 secernere,
969 4471 1064 4527 sed
1103 4473 1248 4541 quod
1273 4487 1337 4526 ca
1369 4486 1488 4541 quae
1514 4459 1562 4525 Ia
1599 4471 1756 4526 nobis

197 4571 509 4630 multatione
542 4566 788 4636 separari
820 4576 1072 4634 possunt,
1123 4572 1353 4633 possunt
1399 4574 1525 4618 actu
1555 4564 1623 4618 ab
1659 4580 1757 4617 au-

1847 3385 1901 3428 et
1932 3375 2219 3429 exsistere.
2263 3373 2325 3426 Et
2347 3372 2564 3427 divinus
2591 3370 3014 3442 Chrysostomus
3067 3370 3120 3424 in
3169 3372 3423 3425 oratione

1847 3485 2009 3538 quam
2038 3469 2314 3537 inscripsit
2355 3476 2544 3521 contra
2576 3466 2886 3528 haereticos,
2917 3473 2973 3519 et
3007 3466 3059 3519 in
3107 3465 3420 3535 petitionem

1849 3559 2082 3631 tilio_rum
2115 3555 2383 3618 Zebedmi,
2411 3570 2532 3623 quae
2570 3555 2759 3624 incipit
2787 3577 2793 3582 -
2821 3554 2948 3607 Heri
2982 3567 3046 3607 ea:
3071 3553 3205 3606 bello
3231 3553 3425 3607 reversi

1849 3668 2053 3713 sumus,
2097 3649 2420 3708 Considera,
2462 3648 2663 3717 inquit,
2691 3647 2856 3702 etiam
2889 3646 2976 3701 hic
3005 3646 3231 3700 multam
3262 3661 3427 3714 gene-

1852 3745 1930 3798 ris
1982 3743 2152 3798 nostri
2205 3740 2669 3808 procurationem,
2715 3753 2840 3793 cum
2879 3738 3126 3807 loquitur
3182 3737 3249 3790 iis
3285 3754 3424 3807 quos

1853 3852 2053 3891 corona
2089 3835 2253 3886 donat
2279 3847 2292 3884 :
2321 3831 2524 3896 Venite,
2554 3831 2754 3897 inquit,
2785 3829 3040 3883 benedicti
3077 3827 3276 3892 Patris,
3301 3845 3425 3897 pos-

1853 3929 2022 3982 sidete
2072 3937 2315 3995 paratum
2369 3925 2508 3978 vobis
2569 3938 2786 3992 regnum
2834 3931 2956 3975 ante
3001 3920 3428 3973 constitutionem

1857 4021 2080 4082 mundi;
2113 4021 2182 4072 iis
2211 4030 2341 4072 vero
2377 4015 2470 4085 qui
2511 4025 2858 4082 torquentur,
2892 4028 3000 4066 non
3038 4013 3172 4068 dixit
3200 4031 3214 4066 :
3254 4012 3427 4066 Rece—

1856 4115 1966 4166 dite
1997 4127 2026 4165 a
2061 4126 2164 4174 me,
2199 4106 2496 4170 maledicti,
2525 4107 2579 4160 in
2612 4107 2786 4176 ignem
2820 4113 3072 4174 paratum
3120 4103 3301 4166 vobis,
3333 4105 3430 4157 sed

1858 4213 2106 4273 paratum
2144 4201 2358 4254 diabolo
2405 4208 2454 4252 et
2503 4199 2703 4268 angelis
2743 4196 2860 4264 ejus
2885 4197 2955 4261 δι,
3007 4209 3234 4264 regnum
3283 4193 3427 4247 enint

1863 4294 2176 4350 hominibus
2207 4291 2550 4360 prmparavit,
2584 4287 2889 4358 gehennam
2932 4302 3064 4341 vero
3109 4303 3214 4341 non
3253 4287 3430 4340 homi—

1863 4388 2048 4450 nibus,
2088 4383 2286 4453 inquit.
2338 4383 2432 4436 sed
2458 4380 2670 4434 diabolo
2704 4387 2752 4432 et
2784 4378 2984 4448 angelis
3019 4378 3156 4446 ejus.
3192 4379 3347 4441 Quod
3383 4379 3431 4431 si

1863 4493 1960 4530 vos
1988 4476 2067 4529 sic
2105 4475 2267 4527 vitam
2300 4471 2546 4541 egeritis,
2594 4469 2847 4536 ut'digni
2901 4470 3172 4538 supplicio
3215 4478 3268 4524 et
3301 4485 3430 4524 cru-

1864 4569 2009 4622 Cintu
2040 4566 2182 4631 sitis,
2217 4580 2432 4633 arquum
2469 4575 2553 4619 est
2586 4571 2647 4616 ut
2691 4563 2848 4617 vobis
2883 4561 2986 4630 ipsi
3014 4563 3189 4630 ignem
3219 4577 3432 4631 praepa-

197 4675 329 4713 ct-ne
363 4674 577 4714 natura:
605 4659 850 4728 separari
881 4675 893 4710 :
932 4659 1204 4728 siquidem
1232 4667 1286 4712 et
1311 4668 1369 4712 tu
1404 4659 1510 4713 vim
1539 4659 1756 4734 utendi,
1789 4646 1839 4705 D
1868 4675 2018 4714 rasse
2066 4655 2479 4713 existimemini.
2532 4655 2611 4709 Ac
2666 4655 2786 4708 vide
2833 4663 3040 4724 quanta
3103 4654 3176 4709 sit
3223 4653 3313 4708 Dei
3366 4656 3436 4710 ad

198 4767 303 4817 qua:
332 4760 380 4804 tn
411 4754 539 4820 igne
581 4751 745 4811 inest,
803 4765 831 4802 a
879 4751 1171 4818 splendore
1205 4750 1324 4818 ejus
1359 4764 1616 4818 separare
1645 4763 1755 4804 non

204 4856 378 4909 potes;
414 4854 467 4896 nt
525 4844 668 4897 Dens
721 4857 846 4895 cum
887 4842 1046 4895 vellet
1087 4841 1352 4894 fatnnlum
1392 4856 1552 4895 suum
1586 4840 1762 4895 admi-

203 4935 340 4987 rbili
373 4935 640 4989 miraculo
672 4945 1012 5010 convertere,
1049 4933 1225 5002 ignem
1253 4932 1437 5002 injecit
1470 4932 1630 4998 rubo,
1669 4930 1762 5000 qni

201 5046 225 5077 η
271 5029 381 5079 solt)
431 5026 722 5095 splendore
760 5026 1103 5080 euidentium
1153 5024 1396 5090 haberet,
1446 5024 1759 5078 facultatem

202 5134 317 5171 vero
348 5121 538 5174 nrendi
575 5135 828 5192 vacuam,
858 5129 910 5172 et
934 5119 1068 5172 nihil
1093 5127 1341 5188 agentem
1370 5135 1384 5183 ;
1417 5117 1561 5172 sicut
1591 5116 1758 5171 David

205 5218 440 5285 testatur,
471 5227 597 5264 cum
633 5211 751 5264 ait:
794 5209 899 5263 νοω
938 5211 1147 5264 Domini
1177 5209 1454 5262 dividentis
1489 5209 1764 5277 ﬂammam

208 5302 328 5366 ig-tis
355 5303 434 5366 ’9;
481 5303 623 5355 unde
670 5317 850 5356 sermo
900 5304 1121 5371 quidam
1156 5301 1330 5355 fertur
1373 5315 1630 5366 arcanus,
1673 5301 1766 5370 qui

211 5406 300 5445 nos
329 5394 490 5447 docet
518 5395 568 5446 in
602 5395 1140 5448 remunerationihv's
1167 5408 1414 5464 operam,
1445 5395 1567 5446 vita:
1602 5392 1768 5460 hujus

206 5485 542 5539 dividendam
571 5503 694 5542 esse
730 5497 978 5540 naturam
1016 5487 1194 5556 ignis;
1229 5497 1280 5538 et
1327 5487 1506 5540 lumen
1542 5486 1763 5554 quidem

201 5574 352 5643 justis
379 5579 444 5632 ad
480 5576 788 5642 fruendum,
820 5589 1021 5648 partem
1045 5594 1171 5632 vero
1194 5577 1380 5632 nrendi
1407 5577 1472 5632 ad
1497 5577 1764 5651 dolerem,

207 5669 308 5723 rcis
341 5672 659 5739 torquendis
689 5671 1077 5726 secernendam
1103 5685 1244 5725 esse.
1283 5670 1348 5724 Et
1383 5687 1575 5725 rursus
1623 5669 1763 5723 idem

208 5754 418 5814 Psalmo
443 5762 707 5817 vicesimo
732 5771 925 5817 octavo
949 5763 1002 5817 in
1024 5760 1246 5816 homilia
1269 5761 1552 5817 moralium
1583 5780 1593 5814 :
1623 5759 1764 5829 Ignis

275 5933 318 5964 η
341 5933 379 5988 ι.

387 5937 485 5989 sal.
541 5955 728 6007 sxvut,
790 5943 839 5997 7.
917 5939 963 5971 "°
1001 5938 1185 5997 Matth.
1226 5953 1336 6007 xvt,
1372 5939 1452 5992 lii.

1860 4751 2199 4808 charitatem.
2218 4765 2342 4819 erga
2377 4747 2627 4801 homines
2652 4747 2941 4815 propensio
2965 4764 2979 4799 :
3009 4747 3248 4800 nondum
3273 4758 3435 4802 erant

1861 4845 1955 4913 qui
1985 4852 2280 4903 certarent,
2313 4849 2366 4894 et
2391 4839 2503 4910 jam
2547 4852 2767 4894 coronm
2795 4847 2850 4891 et
2876 4836 3094 4906 praemia
3133 4849 3434 4905 purpurata

1864 4943 2058 4988 erant:
2086 4932 2362 4986 Possidete
2410 4930 2578 4994 enim,
2609 4931 2806 4999 inquit,
2833 4944 3050 4998 regnum
3078 4937 3322 4994 paratum
3351 4944 3438 4980 vo-

1862 5026 1939 5078 bis
1985 5035 2109 5078 ante
2144 5024 2576 5077 constitutionem
2610 5021 2816 5075 mundi.
2851 5022 2996 5076 Idem
3036 5021 3232 5075 iterum
3261 5037 3274 5073 :
3317 5020 3434 5073 Non

1864 5117 2043 5171 solum
2070 5132 2170 5170 nos
2201 5130 2230 5169 a
2256 5116 2542 5169 tormentis
2567 5114 2816 5168 liberavit
2843 5114 3111 5177 Christus,
3145 5111 3238 5167 sed
3267 5112 3434 5164 etiam

1863 5208 2030 5260 vitam
2083 5205 2241 5259 nobis
2288 5204 2511 5262 donavit
2562 5205 2732 5257 multo
2781 5203 3220 5271 splemlidiorcm,
3270 5213 3435 5268 quam

1864 5306 1985 5352 ornt
2007 5297 2155 5366 prior
2182 5315 2194 5359 ;
2232 5295 2285 5350 in
2312 5295 2475 5350 alium
2503 5310 2601 5350 nos
2631 5295 2932 5348 introduxit
2959 5293 3243 5355 mtmdnm,
3272 5291 3434 5344 aliam

1862 5399 2163 5445 cre;.tnrant
2198 5389 2392 5444 eﬂ‘ccit.
2425 5389 2489 5443 Et
2521 5397 2742 5442 sanctus
2784 5386 2978 5457 ,lsaae:
3013 5385 3189 5448 Time,
3240 5384 3437 5452 inquit,

1865 5485 2058 5545 Dettm,
2091 5492 2144 5535 et
2176 5484 2380 5538 senties
2412 5483 2504 5552 qui
2540 5492 2590 5536 te
2623 5480 2802 5542 ﬁnxit,
2872 5491 2926 5532 et
2963 5479 3208 5540 roborat,
3242 5487 3295 5528 ct
3340 5493 3438 5530 cu-

1873 5575 2062 5638 szodit,
2113 5584 2167 5628 rt
2200 5575 2292 5644 qui
2339 5584 2555 5643 propter
2586 5583 2636 5627 te
2681 5572 2950 5640 duplicem
3000 5569 3260 5623 mundum
3291 5567 3438 5631 fecit,

1875 5683 2043 5722 unum
2074 5667 2290 5734 quidem
2318 5677 2574 5733 tanquam
2609 5663 2927 5732 magistrum
2962 5669 3016 5713 ct
3049 5658 3440 5720 institutorem,

1873 5773 2247 5813 verumtamen
2282 5759 2546 5812 caducum
2580 5775 2591 5820 ;
2631 5755 2861 5808 alterum
2899 5766 3024 5808 vero
3051 5760 3312 5821 tanquam
3341 5750 3441 5803 d0-

1532 5938 1572 5967 ‘”
1632 5935 1824 5991 Matth.
1883 5952 2009 6004 λῃ,
2056 5936 2143 5999 δε,
2203 5935 2285 5992 Η.
