  <div class='ocr_page' id='page_1' title='image "/cluster/home/n/w/nwhite01/storage/ocr_20150623/152/hvd.32044019208404/439.png"; bbox 0 0 3784 6548; ppageno 0'>
   <div class='ocr_carea' id='block_1_1' title="bbox 414 404 529 470">
    <p class='ocr_par' dir='ltr' id='par_1_1' title="bbox 414 404 529 470">
     <span class='ocr_line' id='line_1_1' title="bbox 414 404 529 470; baseline 0.009 -1"><span class='ocrx_word' id='word_1_1' title='bbox 414 404 451 469; x_wconf 84' lang='lat' dir='ltr'><strong>s</strong></span> <span class='ocrx_word' id='word_1_2' title='bbox 476 405 529 470; x_wconf 27' lang='lat'><strong>.9:</strong></span> 
     </span>
    </p>
   </div>
   <div class='ocr_carea' id='block_1_2' title="bbox 1595 387 2529 466">
    <p class='ocr_par' dir='ltr' id='par_1_2' title="bbox 1595 387 2529 466">
     <span class='ocr_line' id='line_1_2' title="bbox 1595 387 2529 466; baseline -0.003 0"><span class='ocrx_word' id='word_1_3' title='bbox 1595 404 1930 466; x_wconf 73' lang='lat' dir='ltr'><strong>JOANNIS‘</strong></span> <span class='ocrx_word' id='word_1_4' title='bbox 1956 387 2529 464; x_wconf 61' lang='lat' dir='ltr'><strong>cvmmsst&#39;OT/E&#39;</strong></span> 
     </span>
    </p>
   </div>
   <div class='ocr_carea' id='block_1_3' title="bbox 3519 402 3611 473">
    <p class='ocr_par' dir='ltr' id='par_1_3' title="bbox 3519 402 3611 473">
     <span class='ocr_line' id='line_1_3' title="bbox 3519 402 3611 473; baseline 0.011 -1"><span class='ocrx_word' id='word_1_5' title='bbox 3519 402 3611 473; x_wconf 57' lang='grc' dir='ltr'><strong>δῖε</strong></span> 
     </span>
    </p>
   </div>
   <div class='ocr_carea' id='block_1_4' title="bbox 412 517 3605 593">
    <p class='ocr_par' dir='ltr' id='par_1_4' title="bbox 412 517 3605 593">
     <span class='ocr_line' id='line_1_4' title="bbox 412 517 3605 593; baseline 0 -20"><span class='ocrx_word' id='word_1_6' title='bbox 412 534 565 573; x_wconf 86' lang='lat' dir='ltr'><strong>mum</strong></span> <span class='ocrx_word' id='word_1_7' title='bbox 598 529 904 591; x_wconf 76' lang='lat' dir='ltr'><strong>paternam,</strong></span> <span class='ocrx_word' id='word_1_8' title='bbox 932 529 985 574; x_wconf 88' lang='lat' dir='ltr'><strong>et</strong></span> <span class='ocrx_word' id='word_1_9' title='bbox 1016 517 1389 575; x_wconf 75' lang='lat' dir='ltr'><strong>hrereditalem</strong></span> <span class='ocrx_word' id='word_1_10' title='bbox 1429 528 1577 574; x_wconf 90' lang='lat' dir='ltr'><strong>tuam</strong></span> <span class='ocrx_word' id='word_1_11' title='bbox 1606 531 1888 577; x_wconf 72' lang='lat' dir='ltr'><strong>teterna-u.</strong></span> <span class='ocrx_word' id='word_1_12' title='bbox 1923 520 1977 573; x_wconf 84' lang='lat' dir='ltr'><strong>Et</strong></span> <span class='ocrx_word' id='word_1_13' title='bbox 2016 521 2057 575; x_wconf 80' lang='grc' dir='ltr'>Α</span> <span class='ocrx_word' id='word_1_14' title='bbox 2088 521 2344 583; x_wconf 87' lang='lat' dir='ltr'><strong>stantias,</strong></span> <span class='ocrx_word' id='word_1_15' title='bbox 2386 519 2582 590; x_wconf 90' lang='lat' dir='ltr'><strong>inquit,</strong></span> <span class='ocrx_word' id='word_1_16' title='bbox 2623 534 2730 575; x_wconf 89' lang='lat' dir='ltr'><strong>non</strong></span> <span class='ocrx_word' id='word_1_17' title='bbox 2766 528 3029 589; x_wconf 85' lang='lat' dir='ltr'><strong>tauquam</strong></span> <span class='ocrx_word' id='word_1_18' title='bbox 3090 518 3465 591; x_wconf 84' lang='lat' dir='ltr'><strong>symbolorum,</strong></span> <span class='ocrx_word' id='word_1_19' title='bbox 3507 541 3605 593; x_wconf 67' lang='lat' dir='ltr'><strong>qua</strong></span> 
     </span>
    </p>
   </div>
   <div class='ocr_carea' id='block_1_5' title="bbox 413 608 1983 681">
    <p class='ocr_par' dir='ltr' id='par_1_5' title="bbox 413 608 1983 681">
     <span class='ocr_line' id='line_1_5' title="bbox 413 608 1983 681; baseline 0.003 -21"><span class='ocrx_word' id='word_1_20' title='bbox 413 624 646 676; x_wconf 89' lang='lat' dir='ltr'><strong>magnus</strong></span> <span class='ocrx_word' id='word_1_21' title='bbox 682 609 910 663; x_wconf 79' lang='lat' dir='ltr'><strong>Basilius</strong></span> <span class='ocrx_word' id='word_1_22' title='bbox 945 608 997 662; x_wconf 93' lang='lat' dir='ltr'><strong>in</strong></span> <span class='ocrx_word' id='word_1_23' title='bbox 1036 608 1407 665; x_wconf 77' lang='lat' dir='ltr'><strong>Ilemcinero:</strong></span> <span class='ocrx_word' id='word_1_24' title='bbox 1446 610 1615 677; x_wconf 84' lang='lat' dir='ltr'><strong>Quid,</strong></span> <span class='ocrx_word' id='word_1_25' title='bbox 1666 612 1863 681; x_wconf 81' lang='lat' dir='ltr'><strong>inquit,</strong></span> <span class='ocrx_word' id='word_1_26' title='bbox 1894 613 1983 664; x_wconf 83' lang='lat' dir='ltr'><strong>illa</strong></span> 
     </span>
    </p>
   </div>
   <div class='ocr_carea' id='block_1_6' title="bbox 414 694 1988 769">
    <p class='ocr_par' dir='ltr' id='par_1_6' title="bbox 414 694 1988 769">
     <span class='ocr_line' id='line_1_6' title="bbox 414 694 1988 769; baseline 0.003 -19"><span class='ocrx_word' id='word_1_27' title='bbox 414 697 763 751; x_wconf 81' lang='lat' dir='ltr'><strong>beatitudine</strong></span> <span class='ocrx_word' id='word_1_28' title='bbox 790 697 1014 766; x_wconf 82' lang='lat' dir='ltr'><strong>dignum</strong></span> <span class='ocrx_word' id='word_1_29' title='bbox 1048 700 1287 767; x_wconf 83' lang='lat' dir='ltr'><strong>cogitare</strong></span> <span class='ocrx_word' id='word_1_30' title='bbox 1316 700 1441 769; x_wconf 87' lang='lat' dir='ltr'><strong>quis</strong></span> <span class='ocrx_word' id='word_1_31' title='bbox 1473 694 1673 769; x_wconf 81' lang='lat' dir='ltr'><strong>potest,</strong></span> <span class='ocrx_word' id='word_1_32' title='bbox 1707 717 1867 767; x_wconf 88' lang='lat' dir='ltr'><strong>quam</strong></span> <span class='ocrx_word' id='word_1_33' title='bbox 1900 702 1988 755; x_wconf 62' lang='lat' dir='ltr'><strong>lte-</strong></span> 
     </span>
    </p>
   </div>
   <div class='ocr_carea' id='block_1_7' title="bbox 413 788 1988 859">
    <p class='ocr_par' dir='ltr' id='par_1_7' title="bbox 413 788 1988 859">
     <span class='ocr_line' id='line_1_7' title="bbox 413 788 1988 859; baseline 0.004 -17"><span class='ocrx_word' id='word_1_34' title='bbox 413 788 583 843; x_wconf 83' lang='lat' dir='ltr'><strong>t&#39;rlicat</strong></span> <span class='ocrx_word' id='word_1_35' title='bbox 620 788 820 842; x_wconf 80' lang='lat' dir='ltr'><strong>ﬂumen</strong></span> <span class='ocrx_word' id='word_1_36' title='bbox 869 789 996 852; x_wconf 86' lang='lat' dir='ltr'><strong>Dei,</strong></span> <span class='ocrx_word' id='word_1_37' title='bbox 1030 800 1081 844; x_wconf 90' lang='lat' dir='ltr'><strong>et</strong></span> <span class='ocrx_word' id='word_1_38' title='bbox 1110 790 1229 859; x_wconf 90' lang='lat' dir='ltr'><strong>ejus</strong></span> <span class='ocrx_word' id='word_1_39' title='bbox 1290 792 1480 846; x_wconf 78' lang='lat' dir='ltr'><strong>artifex</strong></span> <span class='ocrx_word' id='word_1_40' title='bbox 1513 803 1567 848; x_wconf 89' lang='lat' dir='ltr'><strong>et</strong></span> <span class='ocrx_word' id='word_1_41' title='bbox 1590 793 1883 849; x_wconf 80' lang='lat' dir='ltr'><strong>fabricator</strong></span> <span class='ocrx_word' id='word_1_42' title='bbox 1906 805 1988 848; x_wconf 67' lang='lat' dir='ltr'><strong>est</strong></span> 
     </span>
    </p>
   </div>
   <div class='ocr_carea' id='block_1_8' title="bbox 419 878 1997 948">
    <p class='ocr_par' dir='ltr' id='par_1_8' title="bbox 419 878 1997 948">
     <span class='ocr_line' id='line_1_8' title="bbox 419 878 1997 948; baseline 0.007 -18"><span class='ocrx_word' id='word_1_43' title='bbox 419 878 586 941; x_wconf 88' lang='lat' dir='ltr'><strong>Deus,</strong></span> <span class='ocrx_word' id='word_1_44' title='bbox 621 894 786 948; x_wconf 86' lang='lat' dir='ltr'><strong>quam</strong></span> <span class='ocrx_word' id='word_1_45' title='bbox 823 880 1023 935; x_wconf 80' lang='lat' dir='ltr'><strong>Paulus</strong></span> <span class='ocrx_word' id='word_1_46' title='bbox 1054 881 1331 935; x_wconf 81' lang='lat' dir='ltr'><strong>civitatem</strong></span> <span class='ocrx_word' id='word_1_47' title='bbox 1368 884 1647 938; x_wconf 76' lang='lat' dir='ltr'><strong>crelestem</strong></span> <span class='ocrx_word' id='word_1_48' title='bbox 1685 896 1843 938; x_wconf 78' lang='lat' dir='ltr'><strong>vorat</strong></span> <span class='ocrx_word' id='word_1_49' title='bbox 1879 887 1997 941; x_wconf 87' lang='lat' dir='ltr'><strong>illis</strong></span> 
     </span>
    </p>
   </div>
   <div class='ocr_carea' id='block_1_9' title="bbox 416 971 1992 1039">
    <p class='ocr_par' dir='ltr' id='par_1_9' title="bbox 416 971 1992 1039">
     <span class='ocr_line' id='line_1_9' title="bbox 416 971 1992 1039; baseline 0.006 -22"><span class='ocrx_word' id='word_1_50' title='bbox 416 978 802 1037; x_wconf 54' lang='lat' dir='ltr'><strong>praeparatam,</strong></span> <span class='ocrx_word' id='word_1_51' title='bbox 832 971 922 1039; x_wconf 88' lang='lat' dir='ltr'><strong>qtti</strong></span> <span class='ocrx_word' id='word_1_52' title='bbox 957 982 1177 1039; x_wconf 86' lang='lat' dir='ltr'><strong>propter</strong></span> <span class='ocrx_word' id='word_1_53' title='bbox 1209 972 1368 1026; x_wconf 82' lang='lat' dir='ltr'><strong>tidem</strong></span> <span class='ocrx_word' id='word_1_54' title='bbox 1406 974 1500 1027; x_wconf 72' lang='lat' dir='ltr'><strong>Dei</strong></span> <span class='ocrx_word' id='word_1_55' title='bbox 1528 976 1774 1029; x_wconf 85' lang='lat' dir='ltr'><strong>civitates</strong></span> <span class='ocrx_word' id='word_1_56' title='bbox 1809 984 1992 1027; x_wconf 80' lang='lat' dir='ltr'><strong>terre-</strong></span> 
     </span>
    </p>
   </div>
   <div class='ocr_carea' id='block_1_10' title="bbox 418 1061 1991 1134">
    <p class='ocr_par' dir='ltr' id='par_1_10' title="bbox 418 1061 1991 1134">
     <span class='ocr_line' id='line_1_10' title="bbox 418 1061 1991 1134; baseline 0.006 -21"><span class='ocrx_word' id='word_1_57' title='bbox 418 1077 517 1116; x_wconf 85' lang='lat' dir='ltr'><strong>nas</strong></span> <span class='ocrx_word' id='word_1_58' title='bbox 549 1061 955 1128; x_wconf 74' lang='lat' dir='ltr'><strong>reliquerunt?“</strong></span> <span class='ocrx_word' id='word_1_59' title='bbox 989 1063 1169 1131; x_wconf 86' lang='lat' dir='ltr'><strong>cujus,</strong></span> <span class='ocrx_word' id='word_1_60' title='bbox 1209 1064 1409 1134; x_wconf 58' lang='lat' dir='ltr'><strong>inqyit,</strong></span> <span class='ocrx_word' id='word_1_61' title='bbox 1462 1066 1659 1121; x_wconf 79' lang='lat' dir='ltr'><strong>artifex</strong></span> <span class='ocrx_word' id='word_1_62' title='bbox 1703 1079 1757 1121; x_wconf 89' lang='lat' dir='ltr'><strong>et</strong></span> <span class='ocrx_word' id='word_1_63' title='bbox 1798 1080 1991 1125; x_wconf 88' lang='lat' dir='ltr'><strong>auctor</strong></span> 
     </span>
    </p>
   </div>
   <div class='ocr_carea' id='block_1_11' title="bbox 417 1148 2001 1225">
    <p class='ocr_par' dir='ltr' id='par_1_11' title="bbox 417 1148 2001 1225">
     <span class='ocr_line' id='line_1_11' title="bbox 417 1148 2001 1225; baseline 0.005 -23"><span class='ocrx_word' id='word_1_64' title='bbox 417 1149 599 1205; x_wconf 66' lang='grc' dir='ltr'><strong>υνυς..</strong></span> <span class='ocrx_word' id='word_1_65' title='bbox 618 1148 695 1203; x_wconf 73' lang='lat' dir='ltr'><strong>E&#39;x</strong></span> <span class='ocrx_word' id='word_1_66' title='bbox 723 1152 925 1219; x_wconf 79' lang='lat' dir='ltr'><strong>quibus</strong></span> <span class='ocrx_word' id='word_1_67' title='bbox 951 1151 1007 1207; x_wconf 84' lang='lat' dir='ltr'><strong>lit</strong></span> <span class='ocrx_word' id='word_1_68' title='bbox 1041 1154 1419 1219; x_wconf 70' lang='lat' dir='ltr'><strong>manifestum,</strong></span> <span class='ocrx_word' id='word_1_69' title='bbox 1448 1157 1590 1225; x_wconf 90' lang='lat' dir='ltr'><strong>quod</strong></span> <span class='ocrx_word' id='word_1_70' title='bbox 1629 1158 1875 1213; x_wconf 80' lang='lat' dir='ltr'><strong>futurum</strong></span> <span class='ocrx_word' id='word_1_71' title='bbox 1900 1160 2001 1211; x_wconf 33' lang='lat' dir='ltr'><strong>tu,</strong></span> 
     </span>
    </p>
   </div>
   <div class='ocr_carea' id='block_1_12' title="bbox 420 1242 1989 1317">
    <p class='ocr_par' dir='ltr' id='par_1_12' title="bbox 420 1242 1989 1317">
     <span class='ocr_line' id='line_1_12' title="bbox 420 1242 1989 1317; baseline 0.008 -26"><span class='ocrx_word' id='word_1_72' title='bbox 420 1257 543 1296; x_wconf 88' lang='lat' dir='ltr'><strong>men</strong></span> <span class='ocrx_word' id='word_1_73' title='bbox 578 1242 1002 1298; x_wconf 72' lang='lat' dir='ltr'><strong>resurrectionis</strong></span> <span class='ocrx_word' id='word_1_74' title='bbox 1032 1244 1333 1298; x_wconf 83' lang='lat' dir='ltr'><strong>secundum</strong></span> <span class='ocrx_word' id='word_1_75' title='bbox 1380 1247 1674 1301; x_wconf 76' lang='lat' dir='ltr'><strong>essentiam</strong></span> <span class='ocrx_word' id='word_1_76' title='bbox 1728 1249 1989 1317; x_wconf 76' lang='lat' dir='ltr'><strong>Splendor</strong></span> 
     </span>
    </p>
   </div>
   <div class='ocr_carea' id='block_1_13' title="bbox 417 1332 1989 1408">
    <p class='ocr_par' dir='ltr' id='par_1_13' title="bbox 417 1332 1989 1408">
     <span class='ocr_line' id='line_1_13' title="bbox 417 1332 1989 1408; baseline 0.007 -24"><span class='ocrx_word' id='word_1_77' title='bbox 417 1342 503 1388; x_wconf 80' lang='lat' dir='ltr'><strong>est</strong></span> <span class='ocrx_word' id='word_1_78' title='bbox 541 1332 703 1401; x_wconf 83' lang='lat' dir='ltr'><strong>ignis,</strong></span> <span class='ocrx_word' id='word_1_79' title='bbox 742 1332 1020 1402; x_wconf 79' lang='lat' dir='ltr'><strong>splendor,</strong></span> <span class='ocrx_word' id='word_1_80' title='bbox 1047 1334 1291 1405; x_wconf 88' lang='lat' dir='ltr'><strong>inquam,</strong></span> <span class='ocrx_word' id='word_1_81' title='bbox 1327 1348 1611 1405; x_wconf 85' lang='lat' dir='ltr'><strong>separatus</strong></span> <span class='ocrx_word' id='word_1_82' title='bbox 1646 1338 1713 1392; x_wconf 89' lang='lat' dir='ltr'><strong>ab</strong></span> <span class='ocrx_word' id='word_1_83' title='bbox 1740 1340 1884 1408; x_wconf 85' lang='lat' dir='ltr'><strong>igne,</strong></span> <span class='ocrx_word' id='word_1_84' title='bbox 1919 1342 1989 1395; x_wconf 85' lang='lat' dir='ltr'><strong>ab</strong></span> 
     </span>
    </p>
   </div>
   <div class='ocr_carea' id='block_1_14' title="bbox 418 1425 1989 1498">
    <p class='ocr_par' dir='ltr' id='par_1_14' title="bbox 418 1425 1989 1498">
     <span class='ocr_line' id='line_1_14' title="bbox 418 1425 1989 1498; baseline 0.005 -21"><span class='ocrx_word' id='word_1_85' title='bbox 418 1439 486 1477; x_wconf 91' lang='lat' dir='ltr'><strong>eo</strong></span> <span class='ocrx_word' id='word_1_86' title='bbox 514 1425 817 1495; x_wconf 75' lang='lat' dir='ltr'><strong>qui-ignem</strong></span> <span class='ocrx_word' id='word_1_87' title='bbox 848 1425 1075 1490; x_wconf 87' lang='lat' dir='ltr'><strong>creavit,</strong></span> <span class='ocrx_word' id='word_1_88' title='bbox 1129 1428 1223 1497; x_wconf 88' lang='lat' dir='ltr'><strong>qui</strong></span> <span class='ocrx_word' id='word_1_89' title='bbox 1257 1428 1603 1495; x_wconf 84' lang='lat' dir='ltr'><strong>splendorem</strong></span> <span class='ocrx_word' id='word_1_90' title='bbox 1640 1432 1862 1498; x_wconf 82' lang='lat' dir='ltr'><strong>quidem</strong></span> <span class='ocrx_word' id='word_1_91' title='bbox 1896 1432 1989 1498; x_wconf 89' lang='lat' dir='ltr'><strong>ju-</strong></span> 
     </span>
    </p>
   </div>
   <div class='ocr_carea' id='block_1_15' title="bbox 421 1516 1988 1583">
    <p class='ocr_par' dir='ltr' id='par_1_15' title="bbox 421 1516 1988 1583">
     <span class='ocr_line' id='line_1_15' title="bbox 421 1516 1988 1583; baseline 0.004 -12"><span class='ocrx_word' id='word_1_92' title='bbox 421 1516 537 1571; x_wconf 82' lang='lat' dir='ltr'><strong>stis~</strong></span> <span class='ocrx_word' id='word_1_93' title='bbox 568 1516 635 1569; x_wconf 88' lang='lat' dir='ltr'><strong>ad</strong></span> <span class='ocrx_word' id='word_1_94' title='bbox 678 1516 1131 1571; x_wconf 90' lang='lat' dir='ltr'><strong>illuminationem</strong></span> <span class='ocrx_word' id='word_1_95' title='bbox 1181 1520 1603 1583; x_wconf 55' lang='lat' dir='ltr'><strong>attribuitrvim</strong></span> <span class='ocrx_word' id='word_1_96' title='bbox 1640 1538 1767 1576; x_wconf 90' lang='lat' dir='ltr'><strong>vero</strong></span> <span class='ocrx_word' id='word_1_97' title='bbox 1798 1524 1988 1577; x_wconf 74' lang='lat' dir='ltr'><strong>urendi</strong></span> 
     </span>
    </p>
   </div>
   <div class='ocr_carea' id='block_1_16' title="bbox 424 1613 1988 1683">
    <p class='ocr_par' dir='ltr' id='par_1_16' title="bbox 424 1613 1988 1683">
     <span class='ocr_line' id='line_1_16' title="bbox 424 1613 1988 1683; baseline 0.004 -17"><span class='ocrx_word' id='word_1_98' title='bbox 424 1613 501 1667; x_wconf 82' lang='lat' dir='ltr'><strong>iis</strong></span> <span class='ocrx_word' id='word_1_99' title='bbox 520 1613 614 1683; x_wconf 89' lang='lat' dir='ltr'><strong>qui</strong></span> <span class='ocrx_word' id='word_1_100' title='bbox 653 1614 1023 1683; x_wconf 79' lang='lat' dir='ltr'><strong>deliquerunt,</strong></span> <span class='ocrx_word' id='word_1_101' title='bbox 1057 1613 1121 1667; x_wconf 88' lang='lat' dir='ltr'><strong>ad</strong></span> <span class='ocrx_word' id='word_1_102' title='bbox 1148 1614 1417 1669; x_wconf 83' lang='lat' dir='ltr'><strong>dolorem.</strong></span> <span class='ocrx_word' id='word_1_103' title='bbox 1450 1614 1772 1670; x_wconf 79' lang='lat' dir='ltr'><strong>Sicut‘enim</strong></span> <span class='ocrx_word' id='word_1_104' title='bbox 1807 1618 1988 1672; x_wconf 81' lang='lat' dir='ltr'><strong>l:rtitia</strong></span> 
     </span>
    </p>
   </div>
   <div class='ocr_carea' id='block_1_17' title="bbox 418 1690 1993 1776">
    <p class='ocr_par' dir='ltr' id='par_1_17' title="bbox 418 1690 1993 1776">
     <span class='ocr_line' id='line_1_17' title="bbox 418 1690 1993 1776; baseline 0.006 -22"><span class='ocrx_word' id='word_1_105' title='bbox 418 1704 599 1771; x_wconf 85' lang='lat' dir='ltr'><strong>justis</strong></span> <span class='ocrx_word' id='word_1_106' title='bbox 640 1712 767 1759; x_wconf 83' lang='lat' dir='ltr'><strong>ante</strong></span> <span class='ocrx_word' id='word_1_107' title='bbox 806 1690 1250 1758; x_wconf 81' lang='lat' dir='ltr'><strong>constitutionem</strong></span> <span class='ocrx_word' id='word_1_108' title='bbox 1306 1705 1489 1759; x_wconf 85' lang='lat' dir='ltr'><strong>mundi</strong></span> <span class='ocrx_word' id='word_1_109' title='bbox 1541 1716 1726 1776; x_wconf 87' lang='lat' dir='ltr'><strong>parata</strong></span> <span class='ocrx_word' id='word_1_110' title='bbox 1764 1720 1868 1771; x_wconf 82' lang='lat' dir='ltr'><strong>est,</strong></span> <span class='ocrx_word' id='word_1_111' title='bbox 1914 1710 1993 1763; x_wconf 85' lang='lat' dir='ltr'><strong>sic</strong></span> 
     </span>
    </p>
   </div>
   <div class='ocr_carea' id='block_1_18' title="bbox 426 1795 1999 1865">
    <p class='ocr_par' dir='ltr' id='par_1_18' title="bbox 426 1795 1999 1865">
     <span class='ocr_line' id='line_1_18' title="bbox 426 1795 1999 1865; baseline 0.004 -18"><span class='ocrx_word' id='word_1_112' title='bbox 426 1795 557 1849; x_wconf 87' lang='lat' dir='ltr'><strong>item</strong></span> <span class='ocrx_word' id='word_1_113' title='bbox 592 1796 770 1864; x_wconf 79' lang='lat' dir='ltr'><strong>iisqui</strong></span> <span class='ocrx_word' id='word_1_114' title='bbox 803 1804 1184 1865; x_wconf 80' lang='lat' dir='ltr'><strong>peccaverunt,</strong></span> <span class='ocrx_word' id='word_1_115' title='bbox 1217 1796 1544 1865; x_wconf 81' lang='lat' dir='ltr'><strong>supplicium</strong></span> <span class='ocrx_word' id='word_1_116' title='bbox 1574 1814 1587 1850; x_wconf 87' lang='lat'><strong>:</strong></span> <span class='ocrx_word' id='word_1_117' title='bbox 1613 1808 1666 1852; x_wconf 92' lang='lat' dir='ltr'><strong>et</strong></span> <span class='ocrx_word' id='word_1_118' title='bbox 1690 1799 1828 1853; x_wconf 88' lang='lat' dir='ltr'><strong>sicut</strong></span> <span class='ocrx_word' id='word_1_119' title='bbox 1852 1815 1999 1853; x_wconf 56' lang='lat' dir='ltr'><strong>nora»</strong></span> 
     </span>
    </p>
   </div>
   <div class='ocr_carea' id='block_1_19' title="bbox 422 1886 1994 1959">
    <p class='ocr_par' dir='ltr' id='par_1_19' title="bbox 422 1886 1994 1959">
     <span class='ocr_line' id='line_1_19' title="bbox 422 1886 1994 1959; baseline 0.003 -20"><span class='ocrx_word' id='word_1_120' title='bbox 422 1896 477 1939; x_wconf 79' lang='lat' dir='ltr'><strong>et</strong></span> <span class='ocrx_word' id='word_1_121' title='bbox 510 1886 767 1941; x_wconf 86' lang='lat' dir='ltr'><strong>inusitata</strong></span> <span class='ocrx_word' id='word_1_122' title='bbox 799 1897 881 1941; x_wconf 91' lang='lat' dir='ltr'><strong>est</strong></span> <span class='ocrx_word' id='word_1_123' title='bbox 909 1886 1061 1941; x_wconf 87' lang='lat' dir='ltr'><strong>illius</strong></span> <span class='ocrx_word' id='word_1_124' title='bbox 1087 1887 1228 1955; x_wconf 81' lang='lat' dir='ltr'><strong>ignis</strong></span> <span class='ocrx_word' id='word_1_125' title='bbox 1264 1888 1423 1942; x_wconf 37' lang='lat' dir='ltr'><strong>ustio‘</strong></span> <span class='ocrx_word' id='word_1_126' title='bbox 1447 1889 1465 1959; x_wconf 94' lang='lat'>(</span> <span class='ocrx_word' id='word_1_127' title='bbox 1490 1890 1769 1945; x_wconf 56' lang='lat' dir='ltr'><strong>non&#39;euim</strong></span> <span class='ocrx_word' id='word_1_128' title='bbox 1800 1904 1994 1945; x_wconf 86' lang='lat' dir='ltr'><strong>consu-</strong></span> 
     </span>
    </p>
   </div>
   <div class='ocr_carea' id='block_1_20' title="bbox 424 1962 1985 2044">
    <p class='ocr_par' dir='ltr' id='par_1_20' title="bbox 424 1962 1985 2044">
     <span class='ocr_line' id='line_1_20' title="bbox 424 1962 1985 2044; baseline 0.005 -17"><span class='ocrx_word' id='word_1_129' title='bbox 424 1977 519 2029; x_wconf 87' lang='lat' dir='ltr'><strong>mit</strong></span> <span class='ocrx_word' id='word_1_130' title='bbox 554 1990 617 2028; x_wconf 90' lang='lat' dir='ltr'><strong>ea</strong></span> <span class='ocrx_word' id='word_1_131' title='bbox 641 1991 761 2044; x_wconf 70' lang='lat' dir='ltr'><strong>qua:</strong></span> <span class='ocrx_word' id='word_1_132' title='bbox 808 1976 861 2029; x_wconf 92' lang='lat' dir='ltr'><strong>in</strong></span> <span class='ocrx_word' id='word_1_133' title='bbox 892 1991 1015 2029; x_wconf 91' lang='lat' dir='ltr'><strong>eum</strong></span> <span class='ocrx_word' id='word_1_134' title='bbox 1052 1962 1258 2043; x_wconf 32' lang='lat' dir='ltr'><strong>injecta.</strong></span> <span class='ocrx_word' id='word_1_135' title='bbox 1275 1987 1421 2043; x_wconf 91' lang='lat' dir='ltr'><strong>sunt,</strong></span> <span class='ocrx_word' id='word_1_136' title='bbox 1454 1978 1519 2032; x_wconf 87' lang='lat' dir='ltr'><strong>ad</strong></span> <span class='ocrx_word' id='word_1_137' title='bbox 1572 1979 1745 2033; x_wconf 86' lang='lat' dir='ltr'><strong>instar</strong></span> <span class='ocrx_word' id='word_1_138' title='bbox 1777 1990 1985 2035; x_wconf 73' lang='lat' dir='ltr'><strong>natura:</strong></span> 
     </span>
    </p>
   </div>
   <div class='ocr_carea' id='block_1_21' title="bbox 426 2065 1987 2139">
    <p class='ocr_par' dir='ltr' id='par_1_21' title="bbox 426 2065 1987 2139">
     <span class='ocr_line' id='line_1_21' title="bbox 426 2065 1987 2139; baseline 0.005 -22"><span class='ocrx_word' id='word_1_139' title='bbox 426 2065 566 2133; x_wconf 87' lang='lat' dir='ltr'><strong>ignis</strong></span> <span class='ocrx_word' id='word_1_140' title='bbox 596 2066 688 2134; x_wconf 91' lang='lat' dir='ltr'><strong>qui</strong></span> <span class='ocrx_word' id='word_1_141' title='bbox 712 2080 740 2118; x_wconf 88' lang='lat' dir='ltr'><strong>a</strong></span> <span class='ocrx_word' id='word_1_142' title='bbox 767 2066 1097 2121; x_wconf 89' lang='lat' dir='ltr'><strong>nobis-nunc</strong></span> <span class='ocrx_word' id='word_1_143' title='bbox 1118 2072 1362 2122; x_wconf 80' lang='lat' dir='ltr'><strong>cernitur</strong></span> <span class='ocrx_word' id='word_1_144' title='bbox 1385 2070 1517 2134; x_wconf 67' lang='lat' dir='ltr'><strong>;-scd</strong></span> <span class='ocrx_word' id='word_1_145' title='bbox 1547 2070 1725 2139; x_wconf 83' lang='lat' dir='ltr'><strong>potius</strong></span> <span class='ocrx_word' id='word_1_146' title='bbox 1750 2072 1987 2125; x_wconf 78' lang='lat' dir='ltr'><strong>dolorem</strong></span> 
     </span>
    </p>
   </div>
   <div class='ocr_carea' id='block_1_22' title="bbox 424 2158 1986 2236">
    <p class='ocr_par' dir='ltr' id='par_1_22' title="bbox 424 2158 1986 2236">
     <span class='ocr_line' id='line_1_22' title="bbox 424 2158 1986 2236; baseline 0.006 -25"><span class='ocrx_word' id='word_1_147' title='bbox 424 2158 652 2227; x_wconf 81' lang='lat' dir='ltr'><strong>quidem</strong></span> <span class='ocrx_word' id='word_1_148' title='bbox 687 2160 977 2229; x_wconf 68' lang='lat' dir='ltr'><strong>aequalem,</strong></span> <span class='ocrx_word' id='word_1_149' title='bbox 1016 2171 1113 2216; x_wconf 89' lang='lat' dir='ltr'><strong>aut</strong></span> <span class='ocrx_word' id='word_1_150' title='bbox 1152 2162 1413 2232; x_wconf 83' lang='lat' dir='ltr'><strong>majorem</strong></span> <span class='ocrx_word' id='word_1_151' title='bbox 1466 2164 1630 2220; x_wconf 81' lang='lat' dir='ltr'><strong>infert</strong></span> <span class='ocrx_word' id='word_1_152' title='bbox 1662 2167 1880 2236; x_wconf 73' lang='lat' dir='ltr'><strong>injectis</strong></span> <span class='ocrx_word' id='word_1_153' title='bbox 1932 2167 1986 2221; x_wconf 88' lang='lat' dir='ltr'><strong>itt</strong></span> 
     </span>
    </p>
   </div>
   <div class='ocr_carea' id='block_1_23' title="bbox 422 2254 1987 2327">
    <p class='ocr_par' dir='ltr' id='par_1_23' title="bbox 422 2254 1987 2327">
     <span class='ocr_line' id='line_1_23' title="bbox 422 2254 1987 2327; baseline 0.007 -27"><span class='ocrx_word' id='word_1_154' title='bbox 422 2263 573 2312; x_wconf 87' lang='lat' dir='ltr'><strong>eum,</strong></span> <span class='ocrx_word' id='word_1_155' title='bbox 615 2266 643 2304; x_wconf 82' lang='lat' dir='ltr'><strong>a</strong></span> <span class='ocrx_word' id='word_1_156' title='bbox 692 2254 1066 2307; x_wconf 85' lang='lat' dir='ltr'><strong>consumendo</strong></span> <span class='ocrx_word' id='word_1_157' title='bbox 1116 2270 1245 2309; x_wconf 80' lang='lat' dir='ltr'><strong>vero</strong></span> <span class='ocrx_word' id='word_1_158' title='bbox 1278 2255 1489 2311; x_wconf 85' lang='lat' dir='ltr'><strong>alienus</strong></span> <span class='ocrx_word' id='word_1_159' title='bbox 1519 2262 1664 2327; x_wconf 73' lang='lat' dir='ltr'><strong>est).</strong></span> <span class='ocrx_word' id='word_1_160' title='bbox 1692 2259 1771 2313; x_wconf 92' lang='lat' dir='ltr'><strong>sic</strong></span> <span class='ocrx_word' id='word_1_161' title='bbox 1823 2261 1987 2311; x_wconf 78' lang='lat' dir='ltr'><strong>etiam</strong></span> 
     </span>
    </p>
   </div>
   <div class='ocr_carea' id='block_1_24' title="bbox 426 2340 1993 2415">
    <p class='ocr_par' dir='ltr' id='par_1_24' title="bbox 426 2340 1993 2415">
     <span class='ocr_line' id='line_1_24' title="bbox 426 2340 1993 2415; baseline 0.005 -22"><span class='ocrx_word' id='word_1_162' title='bbox 426 2340 758 2394; x_wconf 88' lang='lat' dir='ltr'><strong>itlumiuatio</strong></span> <span class='ocrx_word' id='word_1_163' title='bbox 803 2343 892 2395; x_wconf 90' lang='lat' dir='ltr'><strong>illa</strong></span> <span class='ocrx_word' id='word_1_164' title='bbox 928 2343 981 2396; x_wconf 91' lang='lat' dir='ltr'><strong>in</strong></span> <span class='ocrx_word' id='word_1_165' title='bbox 1023 2344 1305 2398; x_wconf 89' lang='lat' dir='ltr'><strong>meliorem</strong></span> <span class='ocrx_word' id='word_1_166' title='bbox 1338 2352 1546 2399; x_wconf 88' lang='lat' dir='ltr'><strong>mutata</strong></span> <span class='ocrx_word' id='word_1_167' title='bbox 1582 2355 1686 2412; x_wconf 91' lang='lat' dir='ltr'><strong>est,</strong></span> <span class='ocrx_word' id='word_1_168' title='bbox 1715 2364 1877 2415; x_wconf 88' lang='lat' dir='ltr'><strong>quam</strong></span> <span class='ocrx_word' id='word_1_169' title='bbox 1923 2350 1993 2401; x_wconf 86' lang='lat' dir='ltr'><strong>sit</strong></span> 
     </span>
    </p>
   </div>
   <div class='ocr_carea' id='block_1_25' title="bbox 426 2432 1991 2505">
    <p class='ocr_par' dir='ltr' id='par_1_25' title="bbox 426 2432 1991 2505">
     <span class='ocr_line' id='line_1_25' title="bbox 426 2432 1991 2505; baseline 0.006 -23"><span class='ocrx_word' id='word_1_170' title='bbox 426 2442 617 2485; x_wconf 90' lang='lat' dir='ltr'><strong>nostra</strong></span> <span class='ocrx_word' id='word_1_171' title='bbox 667 2432 988 2487; x_wconf 87' lang='lat' dir='ltr'><strong>illuminatio</strong></span> <span class='ocrx_word' id='word_1_172' title='bbox 1014 2451 1035 2498; x_wconf 48' lang='lat'><strong>;‘</strong></span> <span class='ocrx_word' id='word_1_173' title='bbox 1063 2444 1267 2503; x_wconf 82' lang='lat' dir='ltr'><strong>estque</strong></span> <span class='ocrx_word' id='word_1_174' title='bbox 1291 2436 1534 2491; x_wconf 62' lang='lat' dir='ltr'><strong>caelestis</strong></span> <span class='ocrx_word' id='word_1_175' title='bbox 1567 2446 1619 2491; x_wconf 90' lang='lat' dir='ltr'><strong>et</strong></span> <span class='ocrx_word' id='word_1_176' title='bbox 1650 2438 1991 2505; x_wconf 85' lang='lat' dir='ltr'><strong>inseparabi-</strong></span> 
     </span>
    </p>
   </div>
   <div class='ocr_carea' id='block_1_26' title="bbox 427 2523 1989 2589">
    <p class='ocr_par' dir='ltr' id='par_1_26' title="bbox 427 2523 1989 2589">
     <span class='ocr_line' id='line_1_26' title="bbox 427 2523 1989 2589; baseline 0.005 -13"><span class='ocrx_word' id='word_1_177' title='bbox 427 2523 518 2589; x_wconf 86' lang='lat' dir='ltr'><strong>lis,</strong></span> <span class='ocrx_word' id='word_1_178' title='bbox 554 2535 606 2578; x_wconf 90' lang='lat' dir='ltr'><strong>et</strong></span> <span class='ocrx_word' id='word_1_179' title='bbox 653 2525 829 2579; x_wconf 78' lang='lat' dir='ltr'><strong>oeulis</strong></span> <span class='ocrx_word' id='word_1_180' title='bbox 876 2526 1283 2581; x_wconf 83' lang='lat' dir='ltr'><strong>immortalibus</strong></span> <span class='ocrx_word' id='word_1_181' title='bbox 1320 2528 1628 2583; x_wconf 81' lang='lat' dir='ltr'><strong>immortale</strong></span> <span class='ocrx_word' id='word_1_182' title='bbox 1669 2532 1871 2583; x_wconf 90' lang='lat' dir='ltr'><strong>lumen.</strong></span> <span class='ocrx_word' id='word_1_183' title='bbox 1913 2530 1989 2584; x_wconf 77' lang='lat' dir='ltr'><strong>Ad</strong></span> 
     </span>
    </p>
   </div>
   <div class='ocr_carea' id='block_1_27' title="bbox 426 2614 1994 2689">
    <p class='ocr_par' dir='ltr' id='par_1_27' title="bbox 426 2614 1994 2689">
     <span class='ocr_line' id='line_1_27' title="bbox 426 2614 1994 2689; baseline 0.004 -22"><span class='ocrx_word' id='word_1_184' title='bbox 426 2614 842 2670; x_wconf 83' lang='lat' dir='ltr'><strong>similitudinem</strong></span> <span class='ocrx_word' id='word_1_185' title='bbox 875 2616 1041 2683; x_wconf 80' lang='lat' dir='ltr'><strong>igitur</strong></span> <span class='ocrx_word' id='word_1_186' title='bbox 1085 2618 1503 2674; x_wconf 84' lang='lat' dir='ltr'><strong>illuminationis</strong></span> <span class='ocrx_word' id='word_1_187' title='bbox 1554 2636 1794 2689; x_wconf 82' lang='lat' dir='ltr'><strong>regmtm</strong></span> <span class='ocrx_word' id='word_1_188' title='bbox 1830 2638 1994 2689; x_wconf 81' lang='lat' dir='ltr'><strong>para-</strong></span> 
     </span>
    </p>
   </div>
   <div class='ocr_carea' id='block_1_28' title="bbox 431 2705 1993 2775">
    <p class='ocr_par' dir='ltr' id='par_1_28' title="bbox 431 2705 1993 2775">
     <span class='ocr_line' id='line_1_28' title="bbox 431 2705 1993 2775; baseline 0.008 -21"><span class='ocrx_word' id='word_1_189' title='bbox 431 2714 543 2757; x_wconf 90' lang='lat' dir='ltr'><strong>tum</strong></span> <span class='ocrx_word' id='word_1_190' title='bbox 575 2705 758 2775; x_wconf 86' lang='lat' dir='ltr'><strong>justis&#39;,</strong></span> <span class='ocrx_word' id='word_1_191' title='bbox 790 2716 873 2761; x_wconf 86' lang='lat' dir='ltr'><strong>est</strong></span> <span class='ocrx_word' id='word_1_192' title='bbox 894 2707 1146 2763; x_wconf 69' lang='lat' dir='ltr'><strong>elfectnm</strong></span> <span class='ocrx_word' id='word_1_193' title='bbox 1178 2718 1231 2764; x_wconf 87' lang='lat' dir='ltr'><strong>et</strong></span> <span class='ocrx_word' id='word_1_194' title='bbox 1260 2717 1503 2764; x_wconf 89' lang='lat' dir='ltr'><strong>creatum</strong></span> <span class='ocrx_word' id='word_1_195' title='bbox 1532 2711 1696 2775; x_wconf 72' lang='lat' dir='ltr'><strong>a~Deo</strong></span> <span class='ocrx_word' id='word_1_196' title='bbox 1724 2711 1993 2775; x_wconf 84' lang='lat' dir='ltr'><strong>universi,</strong></span> 
     </span>
    </p>
   </div>
   <div class='ocr_carea' id='block_1_29' title="bbox 429 2797 1998 2868">
    <p class='ocr_par' dir='ltr' id='par_1_29' title="bbox 429 2797 1998 2868">
     <span class='ocr_line' id='line_1_29' title="bbox 429 2797 1998 2868; baseline 0.003 -18"><span class='ocrx_word' id='word_1_197' title='bbox 429 2797 523 2865; x_wconf 78' lang='lat' dir='ltr'><strong>qui</strong></span> <span class='ocrx_word' id='word_1_198' title='bbox 559 2801 791 2853; x_wconf 89' lang='lat' dir='ltr'><strong>mundos</strong></span> <span class='ocrx_word' id='word_1_199' title='bbox 826 2799 963 2853; x_wconf 91' lang='lat' dir='ltr'><strong>duos</strong></span> <span class='ocrx_word' id='word_1_200' title='bbox 991 2800 1191 2861; x_wconf 79' lang='lat' dir='ltr'><strong>ell‘ecit,</strong></span> <span class='ocrx_word' id='word_1_201' title='bbox 1230 2816 1399 2853; x_wconf 91' lang='lat' dir='ltr'><strong>unum</strong></span> <span class='ocrx_word' id='word_1_202' title='bbox 1447 2802 1667 2868; x_wconf 77' lang='lat' dir='ltr'><strong>quidem</strong></span> <span class='ocrx_word' id='word_1_203' title='bbox 1721 2803 1866 2854; x_wconf 88' lang='lat' dir='ltr'><strong>hunc</strong></span> <span class='ocrx_word' id='word_1_204' title='bbox 1902 2818 1998 2855; x_wconf 89' lang='lat' dir='ltr'><strong>no-</strong></span> 
     </span>
    </p>
   </div>
   <div class='ocr_carea' id='block_1_30' title="bbox 431 2893 1994 2961">
    <p class='ocr_par' dir='ltr' id='par_1_30' title="bbox 431 2893 1994 2961">
     <span class='ocr_line' id='line_1_30' title="bbox 431 2893 1994 2961; baseline 0.003 -17"><span class='ocrx_word' id='word_1_205' title='bbox 431 2900 606 2945; x_wconf 78' lang='lat' dir='ltr'><strong>strum</strong></span> <span class='ocrx_word' id='word_1_206' title='bbox 637 2893 897 2946; x_wconf 77' lang='lat' dir='ltr'><strong>caducum</strong></span> <span class='ocrx_word' id='word_1_207' title='bbox 931 2906 981 2947; x_wconf 87' lang='lat' dir='ltr'><strong>et</strong></span> <span class='ocrx_word' id='word_1_208' title='bbox 1011 2894 1282 2961; x_wconf 77' lang='lat' dir='ltr'><strong>fragilem,</strong></span> <span class='ocrx_word' id='word_1_209' title='bbox 1316 2896 1548 2948; x_wconf 90' lang='lat' dir='ltr'><strong>alterum</strong></span> <span class='ocrx_word' id='word_1_210' title='bbox 1581 2910 1706 2947; x_wconf 72' lang='lat' dir='ltr'><strong>Vero</strong></span> <span class='ocrx_word' id='word_1_211' title='bbox 1735 2906 1994 2948; x_wconf 73' lang='lat' dir='ltr'><strong>reternam</strong></span> 
     </span>
    </p>
   </div>
   <div class='ocr_carea' id='block_1_31' title="bbox 433 2984 1992 3055">
    <p class='ocr_par' dir='ltr' id='par_1_31' title="bbox 433 2984 1992 3055">
     <span class='ocr_line' id='line_1_31' title="bbox 433 2984 1992 3055; baseline 0.001 -20"><span class='ocrx_word' id='word_1_212' title='bbox 433 2984 683 3049; x_wconf 88' lang='lat' dir='ltr'><strong>domum,</strong></span> <span class='ocrx_word' id='word_1_213' title='bbox 731 2993 785 3038; x_wconf 89' lang='lat' dir='ltr'><strong>et</strong></span> <span class='ocrx_word' id='word_1_214' title='bbox 822 2985 1097 3039; x_wconf 70' lang='lat' dir='ltr'><strong>cmlestem</strong></span> <span class='ocrx_word' id='word_1_215' title='bbox 1130 2996 1293 3055; x_wconf 81' lang='lat' dir='ltr'><strong>atque</strong></span> <span class='ocrx_word' id='word_1_216' title='bbox 1328 2986 1659 3040; x_wconf 91' lang='lat' dir='ltr'><strong>immobilem</strong></span> <span class='ocrx_word' id='word_1_217' title='bbox 1695 2986 1992 3052; x_wconf 88' lang='lat' dir='ltr'><strong>civitatem,</strong></span> 
     </span>
    </p>
   </div>
   <div class='ocr_carea' id='block_1_32' title="bbox 431 3073 1996 3146">
    <p class='ocr_par' dir='ltr' id='par_1_32' title="bbox 431 3073 1996 3146">
     <span class='ocr_line' id='line_1_32' title="bbox 431 3073 1996 3146; baseline 0.004 -21"><span class='ocrx_word' id='word_1_218' title='bbox 431 3083 487 3126; x_wconf 85' lang='lat' dir='ltr'><strong>et</strong></span> <span class='ocrx_word' id='word_1_219' title='bbox 530 3083 791 3127; x_wconf 74' lang='lat' dir='ltr'><strong>ateruum</strong></span> <span class='ocrx_word' id='word_1_220' title='bbox 818 3073 938 3143; x_wconf 79' lang='lat' dir='ltr'><strong>ejus</strong></span> <span class='ocrx_word' id='word_1_221' title='bbox 980 3092 1230 3146; x_wconf 81' lang='lat' dir='ltr'><strong>regnum,</strong></span> <span class='ocrx_word' id='word_1_222' title='bbox 1263 3087 1315 3131; x_wconf 90' lang='lat' dir='ltr'><strong>et</strong></span> <span class='ocrx_word' id='word_1_223' title='bbox 1351 3077 1715 3133; x_wconf 75' lang='lat' dir='ltr'><strong>dominatum.</strong></span> <span class='ocrx_word' id='word_1_224' title='bbox 1753 3086 1806 3132; x_wconf 89' lang='lat' dir='ltr'><strong>et</strong></span> <span class='ocrx_word' id='word_1_225' title='bbox 1837 3077 1996 3145; x_wconf 84' lang='lat' dir='ltr'><strong>cujus</strong></span> 
     </span>
    </p>
   </div>
   <div class='ocr_carea' id='block_1_33' title="bbox 434 3161 1333 3232">
    <p class='ocr_par' dir='ltr' id='par_1_33' title="bbox 434 3161 1333 3232">
     <span class='ocr_line' id='line_1_33' title="bbox 434 3161 1333 3232; baseline 0.008 -17"><span class='ocrx_word' id='word_1_226' title='bbox 434 3161 550 3232; x_wconf 79' lang='lat' dir='ltr'><strong>ipse</strong></span> <span class='ocrx_word' id='word_1_227' title='bbox 580 3178 704 3217; x_wconf 82' lang='lat' dir='ltr'><strong>vere</strong></span> <span class='ocrx_word' id='word_1_228' title='bbox 735 3180 827 3219; x_wconf 78' lang='lat' dir='ltr'><strong>rex</strong></span> <span class='ocrx_word' id='word_1_229' title='bbox 859 3176 913 3218; x_wconf 87' lang='lat' dir='ltr'><strong>et</strong></span> <span class='ocrx_word' id='word_1_230' title='bbox 941 3166 1198 3220; x_wconf 89' lang='lat' dir='ltr'><strong>dominus</strong></span> <span class='ocrx_word' id='word_1_231' title='bbox 1228 3176 1333 3221; x_wconf 85' lang='lat' dir='ltr'><strong>est.</strong></span> 
     </span>
    </p>
   </div>
   <div class='ocr_carea' id='block_1_34' title="bbox 1029 3278 1381 3335">
    <p class='ocr_par' dir='ltr' id='par_1_34' title="bbox 1029 3278 1381 3335">
     <span class='ocr_line' id='line_1_34' title="bbox 1029 3278 1381 3335; baseline 0 0"><span class='ocrx_word' id='word_1_232' title='bbox 1029 3279 1259 3335; x_wconf 69' lang='lat' dir='ltr'><strong>CAPUT</strong></span> <span class='ocrx_word' id='word_1_233' title='bbox 1293 3278 1381 3335; x_wconf 71' lang='lat' dir='ltr'><strong>rx.</strong></span> 
     </span>
    </p>
   </div>
   <div class='ocr_carea' id='block_1_35' title="bbox 437 3391 2010 3457">
    <p class='ocr_par' dir='ltr' id='par_1_35' title="bbox 437 3391 2010 3457">
     <span class='ocr_line' id='line_1_35' title="bbox 437 3391 2010 3457; baseline 0.004 -14"><span class='ocrx_word' id='word_1_234' title='bbox 437 3391 589 3457; x_wconf 77' lang='lat' dir='ltr'><strong>Quod</strong></span> <span class='ocrx_word' id='word_1_235' title='bbox 617 3409 765 3447; x_wconf 87' lang='lat' dir='ltr'><strong>omne</strong></span> <span class='ocrx_word' id='word_1_236' title='bbox 795 3411 970 3447; x_wconf 71' lang='lat' dir='ltr'><strong>iumen</strong></span> <span class='ocrx_word' id='word_1_237' title='bbox 998 3395 1113 3448; x_wconf 80' lang='lat' dir='ltr'><strong>sive</strong></span> <span class='ocrx_word' id='word_1_238' title='bbox 1141 3396 1354 3456; x_wconf 80' lang='lat' dir='ltr'><strong>sensile,</strong></span> <span class='ocrx_word' id='word_1_239' title='bbox 1384 3397 1491 3450; x_wconf 81' lang='lat' dir='ltr'><strong>sive</strong></span> <span class='ocrx_word' id='word_1_240' title='bbox 1564 3397 1887 3456; x_wconf 69' lang='lat' dir='ltr'><strong>intellectile.</strong></span> <span class='ocrx_word' id='word_1_241' title='bbox 1942 3412 2010 3451; x_wconf 68' lang='lat' dir='ltr'><strong>ea!</strong></span> 
     </span>
    </p>
   </div>
   <div class='ocr_carea' id='block_1_36' title="bbox 511 3464 2008 3536">
    <p class='ocr_par' dir='ltr' id='par_1_36' title="bbox 511 3464 2008 3536">
     <span class='ocr_line' id='line_1_36' title="bbox 511 3464 2008 3536; baseline 0.003 -21"><span class='ocrx_word' id='word_1_242' title='bbox 511 3474 717 3536; x_wconf 27' lang='lat' dir='ltr'><strong>rerouet</strong></span> <span class='ocrx_word' id='word_1_243' title='bbox 774 3479 934 3527; x_wconf 82' lang='lat' dir='ltr'><strong>supra</strong></span> <span class='ocrx_word' id='word_1_244' title='bbox 976 3465 1328 3536; x_wconf 64' lang='lat' dir='ltr'><strong>substantirun</strong></span> <span class='ocrx_word' id='word_1_245' title='bbox 1379 3466 1577 3521; x_wconf 79' lang='lat' dir='ltr'><strong>lumine</strong></span> <span class='ocrx_word' id='word_1_246' title='bbox 1642 3467 1861 3536; x_wconf 79' lang='lat' dir='ltr'><strong>refulget</strong></span> <span class='ocrx_word' id='word_1_247' title='bbox 1895 3464 2008 3523; x_wconf 21' lang='lat' dir='ltr'><strong>:‘et</strong></span> 
     </span>
    </p>
   </div>
   <div class='ocr_carea' id='block_1_37' title="bbox 508 3534 1485 3602">
    <p class='ocr_par' dir='ltr' id='par_1_37' title="bbox 508 3534 1485 3602">
     <span class='ocr_line' id='line_1_37' title="bbox 508 3534 1485 3602; baseline 0.005 -17"><span class='ocrx_word' id='word_1_248' title='bbox 508 3534 645 3602; x_wconf 85' lang='lat' dir='ltr'><strong>quod</strong></span> <span class='ocrx_word' id='word_1_249' title='bbox 668 3534 838 3586; x_wconf 83' lang='lat' dir='ltr'><strong>lumen</strong></span> <span class='ocrx_word' id='word_1_250' title='bbox 870 3534 1177 3588; x_wconf 82' lang='lat' dir='ltr'><strong>iutellectil‘e</strong></span> <span class='ocrx_word' id='word_1_251' title='bbox 1216 3534 1350 3591; x_wconf 83' lang='lat' dir='ltr'><strong>Deus</strong></span> <span class='ocrx_word' id='word_1_252' title='bbox 1385 3546 1485 3590; x_wconf 85' lang='lat' dir='ltr'><strong>est.</strong></span> 
     </span>
    </p>
   </div>
   <div class='ocr_carea' id='block_1_38' title="bbox 513 3625 2008 3695">
    <p class='ocr_par' dir='ltr' id='par_1_38' title="bbox 513 3625 2008 3695">
     <span class='ocr_line' id='line_1_38' title="bbox 513 3625 2008 3695; baseline 0.001 -18"><span class='ocrx_word' id='word_1_253' title='bbox 513 3626 736 3694; x_wconf 80' lang='lat' dir='ltr'><strong>Magnus</strong></span> <span class='ocrx_word' id='word_1_254' title='bbox 770 3625 1059 3695; x_wconf 81' lang='lat' dir='ltr'><strong>Dionysius</strong></span> <span class='ocrx_word' id='word_1_255' title='bbox 1086 3630 1262 3694; x_wconf 72' lang='lat' dir='ltr'><strong>Cupite</strong></span> <span class='ocrx_word' id='word_1_256' title='bbox 1295 3627 1470 3695; x_wconf 89' lang='lat' dir='ltr'><strong>primo</strong></span> <span class='ocrx_word' id='word_1_257' title='bbox 1503 3627 1739 3681; x_wconf 74' lang='lat' dir='ltr'><strong>Caelestis</strong></span> <span class='ocrx_word' id='word_1_258' title='bbox 1775 3628 2008 3683; x_wconf 73' lang='lat' dir='ltr'><strong>&quot;ierat--</strong></span> 
     </span>
    </p>
   </div>
   <div class='ocr_carea' id='block_1_39' title="bbox 442 3714 2010 3783">
    <p class='ocr_par' dir='ltr' id='par_1_39' title="bbox 442 3714 2010 3783">
     <span class='ocr_line' id='line_1_39' title="bbox 442 3714 2010 3783; baseline 0.003 -14"><span class='ocrx_word' id='word_1_259' title='bbox 442 3716 574 3769; x_wconf 66' lang='lat' dir='ltr'><strong>driu.’</strong></span> <span class='ocrx_word' id='word_1_260' title='bbox 602 3731 620 3769; x_wconf 90' lang='lat'><strong><em>:</em></strong></span> <span class='ocrx_word' id='word_1_261' title='bbox 655 3714 840 3780; x_wconf 86' lang='lat' dir='ltr'><strong>Omne,</strong></span> <span class='ocrx_word' id='word_1_262' title='bbox 880 3717 1077 3783; x_wconf 75' lang='lat' dir='ltr'><strong>inquit,</strong></span> <span class='ocrx_word' id='word_1_263' title='bbox 1102 3718 1288 3769; x_wconf 86' lang='lat' dir='ltr'><strong>datum</strong></span> <span class='ocrx_word' id='word_1_264' title='bbox 1330 3719 1520 3770; x_wconf 85' lang='lat' dir='ltr'><strong>bonum</strong></span> <span class='ocrx_word' id='word_1_265' title='bbox 1546 3728 1592 3772; x_wconf 84' lang='lat' dir='ltr'><strong>et</strong></span> <span class='ocrx_word' id='word_1_266' title='bbox 1625 3736 1776 3771; x_wconf 84' lang='lat' dir='ltr'><strong>autne</strong></span> <span class='ocrx_word' id='word_1_267' title='bbox 1814 3722 2010 3773; x_wconf 76' lang='lat' dir='ltr'><strong>donum</strong></span> 
     </span>
    </p>
   </div>
   <div class='ocr_carea' id='block_1_40' title="bbox 442 3810 2013 3878">
    <p class='ocr_par' dir='ltr' id='par_1_40' title="bbox 442 3810 2013 3878">
     <span class='ocr_line' id='line_1_40' title="bbox 442 3810 2013 3878; baseline 0.004 -18"><span class='ocrx_word' id='word_1_268' title='bbox 442 3810 722 3878; x_wconf 80' lang='lat' dir='ltr'><strong>perfectum</strong></span> <span class='ocrx_word' id='word_1_269' title='bbox 749 3810 1021 3862; x_wconf 79' lang='lat' dir='ltr'><strong>desursum</strong></span> <span class='ocrx_word' id='word_1_270' title='bbox 1051 3818 1127 3863; x_wconf 81' lang='lat' dir='ltr'><strong>est</strong></span> <span class='ocrx_word' id='word_1_271' title='bbox 1176 3810 1489 3863; x_wconf 77' lang='lat' dir='ltr'><strong>descendens</strong></span> <span class='ocrx_word' id='word_1_272' title='bbox 1551 3828 1584 3864; x_wconf 91' lang='lat' dir='ltr'><strong>a</strong></span> <span class='ocrx_word' id='word_1_273' title='bbox 1652 3812 1815 3866; x_wconf 82' lang='lat' dir='ltr'><strong>Patre</strong></span> <span class='ocrx_word' id='word_1_274' title='bbox 1852 3812 2013 3866; x_wconf 84' lang='lat' dir='ltr'><strong>Iunti-</strong></span> 
     </span>
    </p>
   </div>
   <div class='ocr_carea' id='block_1_41' title="bbox 444 3900 2011 3959">
    <p class='ocr_par' dir='ltr' id='par_1_41' title="bbox 444 3900 2011 3959">
     <span class='ocr_line' id='line_1_41' title="bbox 444 3900 2011 3959; baseline 0.005 -8"><span class='ocrx_word' id='word_1_275' title='bbox 444 3915 569 3952; x_wconf 86' lang='lat' dir='ltr'><strong>num</strong></span> <span class='ocrx_word' id='word_1_276' title='bbox 592 3900 679 3953; x_wconf 57' lang='grc' dir='ltr'><strong>θ’.</strong></span> <span class='ocrx_word' id='word_1_277' title='bbox 721 3900 826 3954; x_wconf 87' lang='lat' dir='ltr'><strong>Sed</strong></span> <span class='ocrx_word' id='word_1_278' title='bbox 871 3911 924 3955; x_wconf 90' lang='lat' dir='ltr'><strong>et</strong></span> <span class='ocrx_word' id='word_1_279' title='bbox 962 3901 1143 3954; x_wconf 86' lang='lat' dir='ltr'><strong>omnis</strong></span> <span class='ocrx_word' id='word_1_280' title='bbox 1181 3904 1455 3955; x_wconf 81' lang='lat' dir='ltr'><strong>entanatio</strong></span> <span class='ocrx_word' id='word_1_281' title='bbox 1484 3902 1706 3957; x_wconf 85' lang='lat' dir='ltr'><strong>luminis</strong></span> <span class='ocrx_word' id='word_1_282' title='bbox 1757 3919 1787 3957; x_wconf 92' lang='lat' dir='ltr'><strong>a</strong></span> <span class='ocrx_word' id='word_1_283' title='bbox 1850 3904 2011 3959; x_wconf 82' lang='lat' dir='ltr'><strong>Patre</strong></span> 
     </span>
    </p>
   </div>
   <div class='ocr_carea' id='block_1_42' title="bbox 443 3992 2001 4063">
    <p class='ocr_par' dir='ltr' id='par_1_42' title="bbox 443 3992 2001 4063">
     <span class='ocr_line' id='line_1_42' title="bbox 443 3992 2001 4063; baseline 0.005 -20"><span class='ocrx_word' id='word_1_284' title='bbox 443 3992 858 4060; x_wconf 88' lang='lat' dir='ltr'><strong>proliciscentis,</strong></span> <span class='ocrx_word' id='word_1_285' title='bbox 892 4008 1012 4062; x_wconf 66' lang='lat' dir='ltr'><strong>quat</strong></span> <span class='ocrx_word' id='word_1_286' title='bbox 1045 3993 1109 4047; x_wconf 88' lang='lat' dir='ltr'><strong>ad</strong></span> <span class='ocrx_word' id='word_1_287' title='bbox 1131 4009 1229 4048; x_wconf 88' lang='lat' dir='ltr'><strong>nos</strong></span> <span class='ocrx_word' id='word_1_288' title='bbox 1261 4003 1514 4063; x_wconf 86' lang='lat' dir='ltr'><strong>tanquam</strong></span> <span class='ocrx_word' id='word_1_289' title='bbox 1563 3996 1763 4049; x_wconf 90' lang='lat' dir='ltr'><strong>bonum</strong></span> <span class='ocrx_word' id='word_1_290' title='bbox 1798 3996 2001 4051; x_wconf 83' lang='lat' dir='ltr'><strong>donum</strong></span> 
     </span>
    </p>
   </div>
   <div class='ocr_carea' id='block_1_43' title="bbox 442 4083 2015 4156">
    <p class='ocr_par' dir='ltr' id='par_1_43' title="bbox 442 4083 2015 4156">
     <span class='ocr_line' id='line_1_43' title="bbox 442 4083 2015 4156; baseline 0.006 -21"><span class='ocrx_word' id='word_1_291' title='bbox 442 4083 618 4151; x_wconf 66' lang='lat' dir='ltr'><strong>venit,</strong></span> <span class='ocrx_word' id='word_1_292' title='bbox 650 4101 845 4139; x_wconf 87' lang='lat' dir='ltr'><strong>rursus</strong></span> <span class='ocrx_word' id='word_1_293' title='bbox 903 4094 1161 4154; x_wconf 63' lang='lat' dir='ltr'><strong>tamquam</strong></span> <span class='ocrx_word' id='word_1_294' title='bbox 1231 4088 1312 4142; x_wconf 75' lang='lat' dir='ltr'><strong>vis</strong></span> <span class='ocrx_word' id='word_1_295' title='bbox 1364 4088 1612 4156; x_wconf 82' lang='lat' dir='ltr'><strong>qtuedatn</strong></span> <span class='ocrx_word' id='word_1_296' title='bbox 1662 4089 1859 4144; x_wconf 77' lang='lat' dir='ltr'><strong>nnillea</strong></span> <span class='ocrx_word' id='word_1_297' title='bbox 1915 4104 2015 4144; x_wconf 84' lang='lat' dir='ltr'><strong>nos</strong></span> 
     </span>
    </p>
   </div>
   <div class='ocr_carea' id='block_1_44' title="bbox 445 4176 2008 4248">
    <p class='ocr_par' dir='ltr' id='par_1_44' title="bbox 445 4176 2008 4248">
     <span class='ocr_line' id='line_1_44' title="bbox 445 4176 2008 4248; baseline 0.005 -21"><span class='ocrx_word' id='word_1_298' title='bbox 445 4191 663 4229; x_wconf 84' lang='lat' dir='ltr'><strong>sursum</strong></span> <span class='ocrx_word' id='word_1_299' title='bbox 693 4176 951 4242; x_wconf 77' lang='lat' dir='ltr'><strong>elevatus,</strong></span> <span class='ocrx_word' id='word_1_300' title='bbox 982 4178 1259 4248; x_wconf 87' lang='lat' dir='ltr'><strong>simplices</strong></span> <span class='ocrx_word' id='word_1_301' title='bbox 1286 4179 1482 4243; x_wconf 87' lang='lat' dir='ltr'><strong>reddit,</strong></span> <span class='ocrx_word' id='word_1_302' title='bbox 1531 4192 1586 4235; x_wconf 90' lang='lat' dir='ltr'><strong>et</strong></span> <span class='ocrx_word' id='word_1_303' title='bbox 1612 4181 1689 4234; x_wconf 89' lang='lat' dir='ltr'><strong>ad-</strong></span> <span class='ocrx_word' id='word_1_304' title='bbox 1748 4184 2008 4236; x_wconf 74' lang='lat' dir='ltr'><strong>unitatem</strong></span> 
     </span>
    </p>
   </div>
   <div class='ocr_carea' id='block_1_45' title="bbox 448 4268 2025 4343">
    <p class='ocr_par' dir='ltr' id='par_1_45' title="bbox 448 4268 2025 4343">
     <span class='ocr_line' id='line_1_45' title="bbox 448 4268 2025 4343; baseline 0.004 -21"><span class='ocrx_word' id='word_1_305' title='bbox 448 4268 625 4322; x_wconf 76' lang='lat' dir='ltr'><strong>Patris</strong></span> <span class='ocrx_word' id='word_1_306' title='bbox 660 4270 1061 4339; x_wconf 79' lang='lat' dir='ltr'><strong>congregantis,</strong></span> <span class='ocrx_word' id='word_1_307' title='bbox 1091 4280 1144 4326; x_wconf 91' lang='lat' dir='ltr'><strong>et</strong></span> <span class='ocrx_word' id='word_1_308' title='bbox 1179 4271 1245 4324; x_wconf 88' lang='lat' dir='ltr'><strong>ad</strong></span> <span class='ocrx_word' id='word_1_309' title='bbox 1278 4273 1682 4342; x_wconf 89' lang='lat' dir='ltr'><strong>simplicitatem</strong></span> <span class='ocrx_word' id='word_1_310' title='bbox 1749 4276 1828 4343; x_wconf 82' lang='grc' dir='ltr'><strong>(ι)</strong></span> <span class='ocrx_word' id='word_1_311' title='bbox 1854 4276 2025 4329; x_wconf 51' lang='grc' dir='ltr'><strong>(Ιείίὶον</strong></span> 
     </span>
    </p>
   </div>
   <div class='ocr_carea' id='block_1_46' title="bbox 448 4360 2013 4433">
    <p class='ocr_par' dir='ltr' id='par_1_46' title="bbox 448 4360 2013 4433">
     <span class='ocr_line' id='line_1_46' title="bbox 448 4360 2013 4433; baseline 0.004 -20"><span class='ocrx_word' id='word_1_312' title='bbox 448 4362 851 4419; x_wconf 78' lang='lat' dir='ltr'><strong>eamconvertit</strong></span> <span class='ocrx_word' id='word_1_313' title='bbox 886 4360 975 4415; x_wconf 82' lang='lat' dir='ltr'><strong>:si</strong></span> <span class='ocrx_word' id='word_1_314' title='bbox 1022 4363 1243 4431; x_wconf 88' lang='lat' dir='ltr'><strong>quidem</strong></span> <span class='ocrx_word' id='word_1_315' title='bbox 1301 4378 1366 4417; x_wconf 85' lang='lat' dir='ltr'><strong>ex</strong></span> <span class='ocrx_word' id='word_1_316' title='bbox 1412 4366 1528 4433; x_wconf 89' lang='lat' dir='ltr'><strong>ipso</strong></span> <span class='ocrx_word' id='word_1_317' title='bbox 1591 4365 1795 4428; x_wconf 86' lang='lat' dir='ltr'><strong>omnia,</strong></span> <span class='ocrx_word' id='word_1_318' title='bbox 1856 4375 1911 4419; x_wconf 90' lang='lat' dir='ltr'><strong>et</strong></span> <span class='ocrx_word' id='word_1_319' title='bbox 1962 4367 2013 4421; x_wconf 93' lang='lat' dir='ltr'><strong>in</strong></span> 
     </span>
    </p>
   </div>
   <div class='ocr_carea' id='block_1_47' title="bbox 450 4452 2015 4525">
    <p class='ocr_par' dir='ltr' id='par_1_47' title="bbox 450 4452 2015 4525">
     <span class='ocr_line' id='line_1_47' title="bbox 450 4452 2015 4525; baseline 0.003 -20"><span class='ocrx_word' id='word_1_320' title='bbox 450 4452 649 4521; x_wconf 83' lang='lat' dir='ltr'><strong>ipsum,</strong></span> <span class='ocrx_word' id='word_1_321' title='bbox 684 4453 824 4505; x_wconf 86' lang='lat' dir='ltr'><strong>sicut</strong></span> <span class='ocrx_word' id='word_1_322' title='bbox 852 4454 927 4505; x_wconf 86' lang='lat' dir='ltr'><strong>ait</strong></span> <span class='ocrx_word' id='word_1_323' title='bbox 962 4467 1115 4506; x_wconf 89' lang='lat' dir='ltr'><strong>sacra</strong></span> <span class='ocrx_word' id='word_1_324' title='bbox 1165 4454 1445 4521; x_wconf 82' lang='lat' dir='ltr'><strong>Scriptura</strong></span> <span class='ocrx_word' id='word_1_325' title='bbox 1475 4454 1591 4508; x_wconf 62' lang='grc' dir='ltr'><strong>δι”.</strong></span> <span class='ocrx_word' id='word_1_326' title='bbox 1624 4453 1811 4510; x_wconf 72' lang='lat' dir='ltr'><strong>J‘esum</strong></span> <span class='ocrx_word' id='word_1_327' title='bbox 1845 4457 2015 4525; x_wconf 77' lang='lat' dir='ltr'><strong>igitur</strong></span> 
     </span>
    </p>
   </div>
   <div class='ocr_carea' id='block_1_48' title="bbox 450 4543 2009 4613">
    <p class='ocr_par' dir='ltr' id='par_1_48' title="bbox 450 4543 2009 4613">
     <span class='ocr_line' id='line_1_48' title="bbox 450 4543 2009 4613; baseline 0.003 -18"><span class='ocrx_word' id='word_1_328' title='bbox 450 4543 786 4605; x_wconf 85' lang='lat' dir='ltr'><strong>invocantes,</strong></span> <span class='ocrx_word' id='word_1_329' title='bbox 812 4543 903 4612; x_wconf 89' lang='lat' dir='ltr'><strong>qui</strong></span> <span class='ocrx_word' id='word_1_330' title='bbox 930 4554 1012 4598; x_wconf 91' lang='lat' dir='ltr'><strong>est</strong></span> <span class='ocrx_word' id='word_1_331' title='bbox 1037 4544 1219 4597; x_wconf 86' lang='lat' dir='ltr'><strong>lumen</strong></span> <span class='ocrx_word' id='word_1_332' title='bbox 1252 4555 1561 4613; x_wconf 90' lang='lat' dir='ltr'><strong>paternum,</strong></span> <span class='ocrx_word' id='word_1_333' title='bbox 1596 4545 1778 4600; x_wconf 91' lang='lat' dir='ltr'><strong>lumen</strong></span> <span class='ocrx_word' id='word_1_334' title='bbox 1817 4563 2009 4602; x_wconf 88' lang='lat' dir='ltr'><strong>verum</strong></span> 
     </span>
    </p>
   </div>
   <div class='ocr_carea' id='block_1_49' title="bbox 450 4636 2022 4705">
    <p class='ocr_par' dir='ltr' id='par_1_49' title="bbox 450 4636 2022 4705">
     <span class='ocr_line' id='line_1_49' title="bbox 450 4636 2022 4705; baseline 0.004 -16"><span class='ocrx_word' id='word_1_335' title='bbox 450 4636 594 4705; x_wconf 81' lang='lat' dir='ltr'><strong>quod</strong></span> <span class='ocrx_word' id='word_1_336' title='bbox 620 4636 881 4689; x_wconf 90' lang='lat' dir='ltr'><strong>illuminat</strong></span> <span class='ocrx_word' id='word_1_337' title='bbox 902 4652 1119 4691; x_wconf 89' lang='lat' dir='ltr'><strong>onmem</strong></span> <span class='ocrx_word' id='word_1_338' title='bbox 1143 4638 1416 4691; x_wconf 84' lang='lat' dir='ltr'><strong>hominem</strong></span> <span class='ocrx_word' id='word_1_339' title='bbox 1453 4641 1759 4693; x_wconf 80' lang='lat' dir='ltr'><strong>venientem</strong></span> <span class='ocrx_word' id='word_1_340' title='bbox 1797 4640 1848 4693; x_wconf 93' lang='lat' dir='ltr'><strong>in</strong></span> <span class='ocrx_word' id='word_1_341' title='bbox 1875 4645 2022 4696; x_wconf 92' lang='lat' dir='ltr'><strong>lmnc</strong></span> 
     </span>
    </p>
   </div>
   <div class='ocr_carea' id='block_1_50' title="bbox 454 4725 2018 4795">
    <p class='ocr_par' dir='ltr' id='par_1_50' title="bbox 454 4725 2018 4795">
     <span class='ocr_line' id='line_1_50' title="bbox 454 4725 2018 4795; baseline 0.003 -17"><span class='ocrx_word' id='word_1_342' title='bbox 454 4725 715 4779; x_wconf 87' lang='lat' dir='ltr'><strong>mundtnn</strong></span> <span class='ocrx_word' id='word_1_343' title='bbox 746 4726 815 4791; x_wconf 76' lang='grc'><strong>⁸³,</strong></span> <span class='ocrx_word' id='word_1_344' title='bbox 848 4741 942 4795; x_wconf 84' lang='lat' dir='ltr'><strong>per</strong></span> <span class='ocrx_word' id='word_1_345' title='bbox 975 4741 1138 4794; x_wconf 88' lang='lat' dir='ltr'><strong>quem</strong></span> <span class='ocrx_word' id='word_1_346' title='bbox 1162 4727 1451 4782; x_wconf 87' lang='lat' dir='ltr'><strong>babuimtts</strong></span> <span class='ocrx_word' id='word_1_347' title='bbox 1486 4742 1766 4783; x_wconf 80' lang='lat' dir='ltr'><strong>accessum</strong></span> <span class='ocrx_word' id='word_1_348' title='bbox 1812 4730 1875 4783; x_wconf 90' lang='lat' dir='ltr'><strong>ad</strong></span> <span class='ocrx_word' id='word_1_349' title='bbox 1916 4729 2018 4783; x_wconf 87' lang='lat' dir='ltr'><strong>Pa-</strong></span> 
     </span>
    </p>
   </div>
   <div class='ocr_carea' id='block_1_51' title="bbox 454 4818 2021 4887">
    <p class='ocr_par' dir='ltr' id='par_1_51' title="bbox 454 4818 2021 4887">
     <span class='ocr_line' id='line_1_51' title="bbox 454 4818 2021 4887; baseline 0.004 -16"><span class='ocrx_word' id='word_1_350' title='bbox 454 4828 589 4874; x_wconf 87' lang='lat' dir='ltr'><strong>trem</strong></span> <span class='ocrx_word' id='word_1_351' title='bbox 639 4818 732 4881; x_wconf 85' lang='grc'><strong>⁸¹⁶,</strong></span> <span class='ocrx_word' id='word_1_352' title='bbox 790 4820 1115 4886; x_wconf 88' lang='lat' dir='ltr'><strong>principium</strong></span> <span class='ocrx_word' id='word_1_353' title='bbox 1157 4819 1402 4887; x_wconf 88' lang='lat' dir='ltr'><strong>luminis,</strong></span> <span class='ocrx_word' id='word_1_354' title='bbox 1466 4823 1518 4874; x_wconf 87' lang='lat' dir='ltr'><strong>in</strong></span> <span class='ocrx_word' id='word_1_355' title='bbox 1589 4823 2021 4879; x_wconf 86' lang='lat' dir='ltr'><strong>illutninationes</strong></span> 
     </span>
    </p>
   </div>
   <div class='ocr_carea' id='block_1_52' title="bbox 452 4911 2022 4983">
    <p class='ocr_par' dir='ltr' id='par_1_52' title="bbox 452 4911 2022 4983">
     <span class='ocr_line' id='line_1_52' title="bbox 452 4911 2022 4983; baseline 0.001 -18"><span class='ocrx_word' id='word_1_356' title='bbox 452 4922 772 4966; x_wconf 72' lang='lat' dir='ltr'><strong>sant-tarum</strong></span> <span class='ocrx_word' id='word_1_357' title='bbox 809 4911 1218 4979; x_wconf 83' lang='lat' dir='ltr'><strong>Scripturarum</strong></span> <span class='ocrx_word' id='word_1_358' title='bbox 1251 4927 1281 4965; x_wconf 85' lang='lat' dir='ltr'><strong>a</strong></span> <span class='ocrx_word' id='word_1_359' title='bbox 1311 4912 1563 4968; x_wconf 81' lang='lat' dir='ltr'><strong>Patribus</strong></span> <span class='ocrx_word' id='word_1_360' title='bbox 1632 4914 1867 4970; x_wconf 85' lang='lat' dir='ltr'><strong>traditas</strong></span> <span class='ocrx_word' id='word_1_361' title='bbox 1924 4931 2022 4983; x_wconf 89' lang='lat' dir='ltr'><strong>pro</strong></span> 
     </span>
    </p>
   </div>
   <div class='ocr_carea' id='block_1_53' title="bbox 455 4989 2020 5076">
    <p class='ocr_par' dir='ltr' id='par_1_53' title="bbox 455 4989 2020 5076">
     <span class='ocr_line' id='line_1_53' title="bbox 455 4989 2020 5076; baseline 0.005 -23"><span class='ocrx_word' id='word_1_362' title='bbox 455 5005 661 5057; x_wconf 76' lang='lat' dir='ltr'><strong>viribus</strong></span> <span class='ocrx_word' id='word_1_363' title='bbox 693 5006 1021 5057; x_wconf 76' lang='lat' dir='ltr'><strong>intueantur.</strong></span> <span class='ocrx_word' id='word_1_364' title='bbox 1056 5003 1121 5056; x_wconf 83' lang='lat' dir='ltr'><strong>Et</strong></span> <span class='ocrx_word' id='word_1_365' title='bbox 1154 5019 1343 5058; x_wconf 86' lang='lat' dir='ltr'><strong>rursus</strong></span> <span class='ocrx_word' id='word_1_366' title='bbox 1368 5005 1514 5059; x_wconf 84' lang='lat' dir='ltr'><strong>idem</strong></span> <span class='ocrx_word' id='word_1_367' title='bbox 1536 4989 1664 5075; x_wconf 42' lang='lat' dir='ltr'><strong>&#39;cap.</strong></span> <span class='ocrx_word' id='word_1_368' title='bbox 1692 5007 1748 5071; x_wconf 83' lang='lat'><strong>7-,</strong></span> <span class='ocrx_word' id='word_1_369' title='bbox 1775 5008 2020 5076; x_wconf 84' lang='lat' dir='ltr'><strong>ejusdem</strong></span> 
     </span>
    </p>
   </div>
   <div class='ocr_carea' id='block_1_54' title="bbox 458 5094 2027 5166">
    <p class='ocr_par' dir='ltr' id='par_1_54' title="bbox 458 5094 2027 5166">
     <span class='ocr_line' id='line_1_54' title="bbox 458 5094 2027 5166; baseline 0.002 -16"><span class='ocrx_word' id='word_1_370' title='bbox 458 5094 789 5150; x_wconf 76' lang='lat' dir='ltr'><strong>llierarchire</strong></span> <span class='ocrx_word' id='word_1_371' title='bbox 824 5095 1048 5148; x_wconf 64' lang='lat' dir='ltr'><strong>cie/estis</strong></span> <span class='ocrx_word' id='word_1_372' title='bbox 1088 5095 1620 5166; x_wconf 73' lang='lat' dir='ltr'><strong>:Contemplatrices</strong></span> <span class='ocrx_word' id='word_1_373' title='bbox 1659 5110 1839 5153; x_wconf 89' lang='lat' dir='ltr'><strong>autem</strong></span> <span class='ocrx_word' id='word_1_374' title='bbox 1899 5100 2027 5153; x_wconf 85' lang='lat' dir='ltr'><strong>sub-</strong></span> 
     </span>
    </p>
   </div>
   <div class='ocr_carea' id='block_1_55' title="bbox 527 5209 1894 5277">
    <p class='ocr_par' dir='ltr' id='par_1_55' title="bbox 527 5209 1894 5277">
     <span class='ocr_line' id='line_1_55' title="bbox 527 5209 1894 5277; baseline 0.01 -14"><span class='ocrx_word' id='word_1_375' title='bbox 527 5211 592 5242; x_wconf 82' lang='grc'><strong>⁸¹⁶</strong></span> <span class='ocrx_word' id='word_1_376' title='bbox 620 5210 797 5273; x_wconf 63' lang='lat'><strong>1.16.1,</strong></span> <span class='ocrx_word' id='word_1_377' title='bbox 824 5209 906 5262; x_wconf 85' lang='lat' dir='ltr'><strong>l7.</strong></span> <span class='ocrx_word' id='word_1_378' title='bbox 982 5210 1239 5264; x_wconf 66' lang='lat' dir='ltr'><strong>&quot;&quot;liom.</strong></span> <span class='ocrx_word' id='word_1_379' title='bbox 1266 5212 1449 5277; x_wconf 73' lang='lat' dir='ltr'><strong>xt,5‘3.</strong></span> <span class='ocrx_word' id='word_1_380' title='bbox 1528 5212 1571 5243; x_wconf 76' lang='grc'><strong>⁸⁸</strong></span> <span class='ocrx_word' id='word_1_381' title='bbox 1600 5211 1754 5267; x_wconf 46' lang='lat' dir='ltr'><strong>ita&quot;.</strong></span> <span class='ocrx_word' id='word_1_382' title='bbox 1777 5228 1814 5276; x_wconf 66' lang='grc' dir='ltr'><strong>ι.</strong></span> <span class='ocrx_word' id='word_1_383' title='bbox 1842 5212 1894 5266; x_wconf 79' lang='lat'><strong>9-</strong></span> 
     </span>
    </p>
   </div>
   <div class='ocr_carea' id='block_1_56' title="bbox 2089 613 3603 684">
    <p class='ocr_par' dir='ltr' id='par_1_56' title="bbox 2089 613 3603 684">
     <span class='ocr_line' id='line_1_56' title="bbox 2089 613 3603 684; baseline 0.007 -22"><span class='ocrx_word' id='word_1_384' title='bbox 2089 613 2171 666; x_wconf 84' lang='lat' dir='ltr'><strong>vel</strong></span> <span class='ocrx_word' id='word_1_385' title='bbox 2199 628 2383 677; x_wconf 86' lang='lat' dir='ltr'><strong>sensu,</strong></span> <span class='ocrx_word' id='word_1_386' title='bbox 2412 613 2492 667; x_wconf 84' lang='lat' dir='ltr'><strong>vel</strong></span> <span class='ocrx_word' id='word_1_387' title='bbox 2527 622 2703 667; x_wconf 90' lang='lat' dir='ltr'><strong>mente</strong></span> <span class='ocrx_word' id='word_1_388' title='bbox 2728 614 3120 684; x_wconf 90' lang='lat' dir='ltr'><strong>percipiantur,</strong></span> <span class='ocrx_word' id='word_1_389' title='bbox 3166 616 3508 681; x_wconf 83' lang='lat' dir='ltr'><strong>spectatrices,</strong></span> <span class='ocrx_word' id='word_1_390' title='bbox 3529 634 3603 672; x_wconf 83' lang='lat' dir='ltr'><strong>ne-</strong></span> 
     </span>
    </p>
   </div>
   <div class='ocr_carea' id='block_1_57' title="bbox 2088 704 3607 777">
    <p class='ocr_par' dir='ltr' id='par_1_57' title="bbox 2088 704 3607 777">
     <span class='ocr_line' id='line_1_57' title="bbox 2088 704 3607 777; baseline 0.004 -20"><span class='ocrx_word' id='word_1_391' title='bbox 2088 720 2192 771; x_wconf 89' lang='lat' dir='ltr'><strong>que</strong></span> <span class='ocrx_word' id='word_1_392' title='bbox 2232 704 2493 759; x_wconf 82' lang='lat' dir='ltr'><strong>varietate</strong></span> <span class='ocrx_word' id='word_1_393' title='bbox 2509 704 2989 774; x_wconf 87' lang='lat' dir='ltr'><strong>contemplationis</strong></span> <span class='ocrx_word' id='word_1_394' title='bbox 3024 720 3303 759; x_wconf 86' lang='lat' dir='ltr'><strong>sacrarum</strong></span> <span class='ocrx_word' id='word_1_395' title='bbox 3342 705 3607 777; x_wconf 79' lang='lat' dir='ltr'><strong>Scriptura-</strong></span> 
     </span>
    </p>
   </div>
   <div class='ocr_carea' id='block_1_58' title="bbox 2092 796 3609 871">
    <p class='ocr_par' dir='ltr' id='par_1_58' title="bbox 2092 796 3609 871">
     <span class='ocr_line' id='line_1_58' title="bbox 2092 796 3609 871; baseline 0.006 -24"><span class='ocrx_word' id='word_1_396' title='bbox 2092 811 2209 848; x_wconf 90' lang='lat' dir='ltr'><strong>rum</strong></span> <span class='ocrx_word' id='word_1_397' title='bbox 2242 796 2306 849; x_wconf 90' lang='lat' dir='ltr'><strong>ad</strong></span> <span class='ocrx_word' id='word_1_398' title='bbox 2332 796 2499 849; x_wconf 78' lang='lat' dir='ltr'><strong>Deum</strong></span> <span class='ocrx_word' id='word_1_399' title='bbox 2525 797 2764 851; x_wconf 89' lang='lat' dir='ltr'><strong>elcvatas</strong></span> <span class='ocrx_word' id='word_1_400' title='bbox 2788 816 2801 862; x_wconf 89' lang='lat'>;</span> <span class='ocrx_word' id='word_1_401' title='bbox 2825 798 2916 851; x_wconf 87' lang='lat' dir='ltr'><strong>sed</strong></span> <span class='ocrx_word' id='word_1_402' title='bbox 2946 808 3201 867; x_wconf 82' lang='lat' dir='ltr'><strong>tauquam</strong></span> <span class='ocrx_word' id='word_1_403' title='bbox 3262 800 3401 852; x_wconf 86' lang='lat' dir='ltr'><strong>omni</strong></span> <span class='ocrx_word' id='word_1_404' title='bbox 3453 804 3609 871; x_wconf 77' lang='lat' dir='ltr'><strong>Cogni-</strong></span> 
     </span>
    </p>
   </div>
   <div class='ocr_carea' id='block_1_59' title="bbox 2093 886 3610 957">
    <p class='ocr_par' dir='ltr' id='par_1_59' title="bbox 2093 886 3610 957">
     <span class='ocr_line' id='line_1_59' title="bbox 2093 886 3610 957; baseline 0.005 -20"><span class='ocrx_word' id='word_1_405' title='bbox 2093 886 2241 940; x_wconf 88' lang='lat' dir='ltr'><strong>tione</strong></span> <span class='ocrx_word' id='word_1_406' title='bbox 2269 886 2502 956; x_wconf 89' lang='lat' dir='ltr'><strong>simplici</strong></span> <span class='ocrx_word' id='word_1_407' title='bbox 2534 888 2744 941; x_wconf 83' lang='lat' dir='ltr'><strong>altioris</strong></span> <span class='ocrx_word' id='word_1_408' title='bbox 2779 888 3003 942; x_wconf 89' lang='lat' dir='ltr'><strong>luminis</strong></span> <span class='ocrx_word' id='word_1_409' title='bbox 3032 887 3297 957; x_wconf 76' lang='lat' dir='ltr'><strong>expletas,</strong></span> <span class='ocrx_word' id='word_1_410' title='bbox 3328 899 3377 943; x_wconf 85' lang='lat' dir='ltr'><strong>et</strong></span> <span class='ocrx_word' id='word_1_411' title='bbox 3404 901 3610 944; x_wconf 83' lang='lat' dir='ltr'><strong>contem-</strong></span> 
     </span>
    </p>
   </div>
   <div class='ocr_carea' id='block_1_60' title="bbox 2089 979 3623 1050">
    <p class='ocr_par' dir='ltr' id='par_1_60' title="bbox 2089 979 3623 1050">
     <span class='ocr_line' id='line_1_60' title="bbox 2089 979 3623 1050; baseline 0.006 -19"><span class='ocrx_word' id='word_1_412' title='bbox 2089 980 2329 1047; x_wconf 81' lang='lat' dir='ltr'><strong>platione</strong></span> <span class='ocrx_word' id='word_1_413' title='bbox 2361 979 2983 1049; x_wconf 75' lang='lat' dir='ltr'><strong>illiuspulchritudiuis,</strong></span> <span class='ocrx_word' id='word_1_414' title='bbox 3042 996 3163 1050; x_wconf 65' lang='lat' dir='ltr'><strong>quae</strong></span> <span class='ocrx_word' id='word_1_415' title='bbox 3214 980 3532 1036; x_wconf 76' lang='lat' dir='ltr'><strong>estel&#39;l‘ectrix</strong></span> <span class='ocrx_word' id='word_1_416' title='bbox 3571 993 3623 1039; x_wconf 88' lang='lat' dir='ltr'><strong>et</strong></span> 
     </span>
    </p>
   </div>
   <div class='ocr_carea' id='block_1_61' title="bbox 2090 1072 3608 1145">
    <p class='ocr_par' dir='ltr' id='par_1_61' title="bbox 2090 1072 3608 1145">
     <span class='ocr_line' id='line_1_61' title="bbox 2090 1072 3608 1145; baseline 0.004 -19"><span class='ocrx_word' id='word_1_417' title='bbox 2090 1073 2244 1141; x_wconf 83' lang='lat' dir='ltr'><strong>origo</strong></span> <span class='ocrx_word' id='word_1_418' title='bbox 2274 1072 2803 1141; x_wconf 83' lang='lat' dir='ltr'><strong>pulCltritttdiitis,.et</strong></span> <span class='ocrx_word' id='word_1_419' title='bbox 2823 1090 2944 1144; x_wconf 67' lang='lat' dir='ltr'><strong>quae</strong></span> <span class='ocrx_word' id='word_1_420' title='bbox 2969 1090 3129 1143; x_wconf 87' lang='lat' dir='ltr'><strong>supra</strong></span> <span class='ocrx_word' id='word_1_421' title='bbox 3149 1075 3495 1129; x_wconf 81' lang='lat' dir='ltr'><strong>substantiam</strong></span> <span class='ocrx_word' id='word_1_422' title='bbox 3526 1091 3608 1145; x_wconf 82' lang='lat' dir='ltr'><strong>est,</strong></span> 
     </span>
    </p>
   </div>
   <div class='ocr_carea' id='block_1_62' title="bbox 2090 1162 3613 1232">
    <p class='ocr_par' dir='ltr' id='par_1_62' title="bbox 2090 1162 3613 1232">
     <span class='ocr_line' id='line_1_62' title="bbox 2090 1162 3613 1232; baseline 0.003 -16"><span class='ocrx_word' id='word_1_423' title='bbox 2090 1172 2145 1216; x_wconf 90' lang='lat' dir='ltr'><strong>et</strong></span> <span class='ocrx_word' id='word_1_424' title='bbox 2176 1162 2227 1214; x_wconf 93' lang='lat' dir='ltr'><strong>in</strong></span> <span class='ocrx_word' id='word_1_425' title='bbox 2255 1162 2425 1215; x_wconf 88' lang='lat' dir='ltr'><strong>trilms</strong></span> <span class='ocrx_word' id='word_1_426' title='bbox 2458 1164 2727 1232; x_wconf 70' lang='lat' dir='ltr'><strong>splendet,</strong></span> <span class='ocrx_word' id='word_1_427' title='bbox 2786 1174 3058 1231; x_wconf 87' lang='lat' dir='ltr'><strong>quatenus</strong></span> <span class='ocrx_word' id='word_1_428' title='bbox 3110 1163 3192 1217; x_wconf 79' lang='lat' dir='ltr'><strong>las</strong></span> <span class='ocrx_word' id='word_1_429' title='bbox 3251 1175 3354 1227; x_wconf 86' lang='lat' dir='ltr'><strong>est,</strong></span> <span class='ocrx_word' id='word_1_430' title='bbox 3402 1165 3613 1232; x_wconf 77' lang='lat' dir='ltr'><strong>refertas,</strong></span> 
     </span>
    </p>
   </div>
   <div class='ocr_carea' id='block_1_63' title="bbox 2090 1252 3613 1323">
    <p class='ocr_par' dir='ltr' id='par_1_63' title="bbox 2090 1252 3613 1323">
     <span class='ocr_line' id='line_1_63' title="bbox 2090 1252 3613 1323; baseline 0.001 -17"><span class='ocrx_word' id='word_1_431' title='bbox 2090 1252 2493 1308; x_wconf 78' lang='lat' dir='ltr'><strong>coinmuniouis</strong></span> <span class='ocrx_word' id='word_1_432' title='bbox 2525 1271 2655 1308; x_wconf 79' lang='lat' dir='ltr'><strong>vero</strong></span> <span class='ocrx_word' id='word_1_433' title='bbox 2684 1252 2811 1309; x_wconf 67' lang='lat' dir='ltr'><strong>Iesu</strong></span> <span class='ocrx_word' id='word_1_434' title='bbox 2842 1255 3099 1309; x_wconf 86' lang='lat' dir='ltr'><strong>similiter</strong></span> <span class='ocrx_word' id='word_1_435' title='bbox 3157 1255 3442 1323; x_wconf 84' lang='lat' dir='ltr'><strong>participes</strong></span> <span class='ocrx_word' id='word_1_436' title='bbox 3478 1257 3613 1312; x_wconf 72' lang='lat' dir='ltr'><strong>lactes</strong></span> 
     </span>
    </p>
   </div>
   <div class='ocr_carea' id='block_1_64' title="bbox 2093 1346 3617 1414">
    <p class='ocr_par' dir='ltr' id='par_1_64' title="bbox 2093 1346 3617 1414">
     <span class='ocr_line' id='line_1_64' title="bbox 2093 1346 3617 1414; baseline 0.005 -19"><span class='ocrx_word' id='word_1_437' title='bbox 2093 1346 2283 1397; x_wconf 91' lang='lat' dir='ltr'><strong>nonin</strong></span> <span class='ocrx_word' id='word_1_438' title='bbox 2322 1346 2652 1414; x_wconf 80' lang='lat' dir='ltr'><strong>imaginibus</strong></span> <span class='ocrx_word' id='word_1_439' title='bbox 2678 1357 2865 1401; x_wconf 90' lang='lat' dir='ltr'><strong>sancte</strong></span> <span class='ocrx_word' id='word_1_440' title='bbox 2920 1346 3250 1406; x_wconf 80' lang='lat' dir='ltr'><strong>inl’ormatis,</strong></span> <span class='ocrx_word' id='word_1_441' title='bbox 3316 1361 3431 1414; x_wconf 70' lang='lat' dir='ltr'><strong>quae</strong></span> <span class='ocrx_word' id='word_1_442' title='bbox 3482 1348 3617 1403; x_wconf 76' lang='lat' dir='ltr'><strong>veluti</strong></span> 
     </span>
    </p>
   </div>
   <div class='ocr_carea' id='block_1_65' title="bbox 2093 1436 3629 1505">
    <p class='ocr_par' dir='ltr' id='par_1_65' title="bbox 2093 1436 3629 1505">
     <span class='ocr_line' id='line_1_65' title="bbox 2093 1436 3629 1505; baseline -0.001 -15"><span class='ocrx_word' id='word_1_443' title='bbox 2093 1437 2281 1490; x_wconf 62' lang='lat' dir='ltr'><strong>fortuna</strong></span> <span class='ocrx_word' id='word_1_444' title='bbox 2314 1436 2366 1489; x_wconf 93' lang='lat' dir='ltr'><strong>in</strong></span> <span class='ocrx_word' id='word_1_445' title='bbox 2426 1439 2503 1491; x_wconf 93' lang='lat' dir='ltr'><strong>eis</strong></span> <span class='ocrx_word' id='word_1_446' title='bbox 2539 1438 2788 1491; x_wconf 85' lang='lat' dir='ltr'><strong>deilicam</strong></span> <span class='ocrx_word' id='word_1_447' title='bbox 2846 1439 3261 1493; x_wconf 81' lang='lat' dir='ltr'><strong>similitudinem</strong></span> <span class='ocrx_word' id='word_1_448' title='bbox 3329 1438 3629 1505; x_wconf 70' lang='lat' dir='ltr'><strong>exprimant,</strong></span> 
     </span>
    </p>
   </div>
   <div class='ocr_carea' id='block_1_66' title="bbox 2092 1527 3639 1599">
    <p class='ocr_par' dir='ltr' id='par_1_66' title="bbox 2092 1527 3639 1599">
     <span class='ocr_line' id='line_1_66' title="bbox 2092 1527 3639 1599; baseline -0.001 -19"><span class='ocrx_word' id='word_1_449' title='bbox 2092 1527 2184 1580; x_wconf 88' lang='lat' dir='ltr'><strong>sed</strong></span> <span class='ocrx_word' id='word_1_450' title='bbox 2215 1535 2485 1595; x_wconf 88' lang='lat' dir='ltr'><strong>tanquam</strong></span> <span class='ocrx_word' id='word_1_451' title='bbox 2505 1543 2629 1582; x_wconf 79' lang='lat' dir='ltr'><strong>vere</strong></span> <span class='ocrx_word' id='word_1_452' title='bbox 2659 1528 2727 1583; x_wconf 89' lang='lat' dir='ltr'><strong>ad</strong></span> <span class='ocrx_word' id='word_1_453' title='bbox 2754 1543 2878 1583; x_wconf 89' lang='lat' dir='ltr'><strong>eum</strong></span> <span class='ocrx_word' id='word_1_454' title='bbox 2940 1529 3506 1598; x_wconf 72' lang='lat' dir='ltr'><strong>appropinquantes-in</strong></span> <span class='ocrx_word' id='word_1_455' title='bbox 3530 1531 3639 1599; x_wconf 70' lang='lat' dir='ltr'><strong>ipsa,</strong></span> 
     </span>
    </p>
   </div>
   <div class='ocr_carea' id='block_1_67' title="bbox 2096 1620 3622 1691">
    <p class='ocr_par' dir='ltr' id='par_1_67' title="bbox 2096 1620 3622 1691">
     <span class='ocr_line' id='line_1_67' title="bbox 2096 1620 3622 1691; baseline 0.004 -22"><span class='ocrx_word' id='word_1_456' title='bbox 2096 1620 2266 1687; x_wconf 86' lang='lat' dir='ltr'><strong>prima</strong></span> <span class='ocrx_word' id='word_1_457' title='bbox 2316 1620 2732 1688; x_wconf 67' lang='lat' dir='ltr'><strong>particimtione</strong></span> <span class='ocrx_word' id='word_1_458' title='bbox 2805 1620 3139 1691; x_wconf 81' lang='lat' dir='ltr'><strong>cognitionis</strong></span> <span class='ocrx_word' id='word_1_459' title='bbox 3205 1620 3458 1673; x_wconf 87' lang='lat' dir='ltr'><strong>luminum</strong></span> <span class='ocrx_word' id='word_1_460' title='bbox 3508 1622 3622 1689; x_wconf 84' lang='lat' dir='ltr'><strong>ejus,</strong></span> 
     </span>
    </p>
   </div>
   <div class='ocr_carea' id='block_1_68' title="bbox 2094 1709 3626 1777">
    <p class='ocr_par' dir='ltr' id='par_1_68' title="bbox 2094 1709 3626 1777">
     <span class='ocr_line' id='line_1_68' title="bbox 2094 1709 3626 1777; baseline 0.005 -18"><span class='ocrx_word' id='word_1_461' title='bbox 2094 1725 2213 1777; x_wconf 68' lang='lat' dir='ltr'><strong>qua:</strong></span> <span class='ocrx_word' id='word_1_462' title='bbox 2246 1709 2435 1764; x_wconf 86' lang='lat' dir='ltr'><strong>deitica</strong></span> <span class='ocrx_word' id='word_1_463' title='bbox 2467 1718 2621 1777; x_wconf 90' lang='lat' dir='ltr'><strong>sunt,</strong></span> <span class='ocrx_word' id='word_1_464' title='bbox 2653 1720 2763 1764; x_wconf 86' lang='lat' dir='ltr'><strong>etc.</strong></span> <span class='ocrx_word' id='word_1_465' title='bbox 2798 1711 2875 1766; x_wconf 83' lang='lat' dir='ltr'><strong>Ac</strong></span> <span class='ocrx_word' id='word_1_466' title='bbox 2898 1727 3089 1766; x_wconf 88' lang='lat' dir='ltr'><strong>rursus</strong></span> <span class='ocrx_word' id='word_1_467' title='bbox 3120 1710 3263 1765; x_wconf 83' lang='lat' dir='ltr'><strong>idem</strong></span> <span class='ocrx_word' id='word_1_468' title='bbox 3318 1725 3434 1777; x_wconf 85' lang='lat' dir='ltr'><strong>cap.</strong></span> <span class='ocrx_word' id='word_1_469' title='bbox 3467 1713 3516 1774; x_wconf 69' lang='lat' dir='ltr'><strong>t,</strong></span> <span class='ocrx_word' id='word_1_470' title='bbox 3570 1713 3626 1766; x_wconf 74' lang='lat' dir='ltr'><strong>Dc</strong></span> 
     </span>
    </p>
   </div>
   <div class='ocr_carea' id='block_1_69' title="bbox 2095 1799 3621 1857">
    <p class='ocr_par' dir='ltr' id='par_1_69' title="bbox 2095 1799 3621 1857">
     <span class='ocr_line' id='line_1_69' title="bbox 2095 1799 3621 1857; baseline 0 -4"><span class='ocrx_word' id='word_1_471' title='bbox 2095 1799 2283 1854; x_wconf 74' lang='lat' dir='ltr'><strong>divinis</strong></span> <span class='ocrx_word' id='word_1_472' title='bbox 2309 1800 2605 1854; x_wconf 76' lang='lat' dir='ltr'><strong>nominibus</strong></span> <span class='ocrx_word' id='word_1_473' title='bbox 2634 1817 2652 1855; x_wconf 91' lang='lat'><strong><em>:</em></strong></span> <span class='ocrx_word' id='word_1_474' title='bbox 2684 1801 2841 1857; x_wconf 84' lang='lat' dir='ltr'><strong>Nunc</strong></span> <span class='ocrx_word' id='word_1_475' title='bbox 2879 1811 3060 1856; x_wconf 85' lang='lat' dir='ltr'><strong>autem</strong></span> <span class='ocrx_word' id='word_1_476' title='bbox 3120 1801 3497 1856; x_wconf 86' lang='lat' dir='ltr'><strong>celebrandum</strong></span> <span class='ocrx_word' id='word_1_477' title='bbox 3542 1819 3621 1854; x_wconf 78' lang='lat' dir='ltr'><strong>no-</strong></span> 
     </span>
    </p>
   </div>
   <div class='ocr_carea' id='block_1_70' title="bbox 2102 1888 3623 1958">
    <p class='ocr_par' dir='ltr' id='par_1_70' title="bbox 2102 1888 3623 1958">
     <span class='ocr_line' id='line_1_70' title="bbox 2102 1888 3623 1958; baseline 0.001 -17"><span class='ocrx_word' id='word_1_478' title='bbox 2102 1889 2184 1942; x_wconf 90' lang='lat' dir='ltr'><strong>bis</strong></span> <span class='ocrx_word' id='word_1_479' title='bbox 2253 1889 2508 1943; x_wconf 88' lang='lat' dir='ltr'><strong>laudibus</strong></span> <span class='ocrx_word' id='word_1_480' title='bbox 2547 1897 2629 1944; x_wconf 88' lang='lat' dir='ltr'><strong>est</strong></span> <span class='ocrx_word' id='word_1_481' title='bbox 2670 1905 2869 1944; x_wconf 89' lang='lat' dir='ltr'><strong>nomen</strong></span> <span class='ocrx_word' id='word_1_482' title='bbox 2937 1888 3187 1953; x_wconf 88' lang='lat' dir='ltr'><strong>luminis,</strong></span> <span class='ocrx_word' id='word_1_483' title='bbox 3238 1904 3348 1958; x_wconf 87' lang='lat' dir='ltr'><strong>quo</strong></span> <span class='ocrx_word' id='word_1_484' title='bbox 3394 1904 3623 1943; x_wconf 89' lang='lat' dir='ltr'><strong>summum</strong></span> 
     </span>
    </p>
   </div>
   <div class='ocr_carea' id='block_1_71' title="bbox 2098 1981 3625 2046">
    <p class='ocr_par' dir='ltr' id='par_1_71' title="bbox 2098 1981 3625 2046">
     <span class='ocr_line' id='line_1_71' title="bbox 2098 1981 3625 2046; baseline -0.001 -10"><span class='ocrx_word' id='word_1_485' title='bbox 2098 1982 2296 2036; x_wconf 90' lang='lat' dir='ltr'><strong>bonum</strong></span> <span class='ocrx_word' id='word_1_486' title='bbox 2329 1981 2684 2046; x_wconf 87' lang='lat' dir='ltr'><strong>nominatur;</strong></span> <span class='ocrx_word' id='word_1_487' title='bbox 2711 1984 3167 2036; x_wconf 87' lang='lat' dir='ltr'><strong>summum-enim</strong></span> <span class='ocrx_word' id='word_1_488' title='bbox 3204 1981 3407 2035; x_wconf 88' lang='lat' dir='ltr'><strong>bonum</strong></span> <span class='ocrx_word' id='word_1_489' title='bbox 3463 1982 3625 2036; x_wconf 86' lang='lat' dir='ltr'><strong>dicitur</strong></span> 
     </span>
    </p>
   </div>
   <div class='ocr_carea' id='block_1_72' title="bbox 2096 2071 3628 2142">
    <p class='ocr_par' dir='ltr' id='par_1_72' title="bbox 2096 2071 3628 2142">
     <span class='ocr_line' id='line_1_72' title="bbox 2096 2071 3628 2142; baseline 0.002 -18"><span class='ocrx_word' id='word_1_490' title='bbox 2096 2072 2278 2125; x_wconf 91' lang='lat' dir='ltr'><strong>lumen</strong></span> <span class='ocrx_word' id='word_1_491' title='bbox 2305 2072 2636 2133; x_wconf 80' lang='lat' dir='ltr'><strong>intellecttle.</strong></span> <span class='ocrx_word' id='word_1_492' title='bbox 2670 2071 2797 2142; x_wconf 87' lang='lat' dir='ltr'><strong>quia</strong></span> <span class='ocrx_word' id='word_1_493' title='bbox 2824 2087 3043 2126; x_wconf 89' lang='lat' dir='ltr'><strong>omnem</strong></span> <span class='ocrx_word' id='word_1_494' title='bbox 3086 2082 3330 2125; x_wconf 89' lang='lat' dir='ltr'><strong>mentem</strong></span> <span class='ocrx_word' id='word_1_495' title='bbox 3390 2087 3628 2141; x_wconf 71' lang='lat' dir='ltr'><strong>supreme-</strong></span> 
     </span>
    </p>
   </div>
   <div class='ocr_carea' id='block_1_73' title="bbox 2096 2162 3624 2232">
    <p class='ocr_par' dir='ltr' id='par_1_73' title="bbox 2096 2162 3624 2232">
     <span class='ocr_line' id='line_1_73' title="bbox 2096 2162 3624 2232; baseline 0.001 -15"><span class='ocrx_word' id='word_1_496' title='bbox 2096 2162 2287 2217; x_wconf 86' lang='lat' dir='ltr'><strong>lestem</strong></span> <span class='ocrx_word' id='word_1_497' title='bbox 2335 2162 2523 2232; x_wconf 79' lang='lat' dir='ltr'><strong>intplet</strong></span> <span class='ocrx_word' id='word_1_498' title='bbox 2587 2164 2795 2218; x_wconf 89' lang='lat' dir='ltr'><strong>lumine</strong></span> <span class='ocrx_word' id='word_1_499' title='bbox 2844 2162 3189 2227; x_wconf 79' lang='lat' dir='ltr'><strong>intellectili;</strong></span> <span class='ocrx_word' id='word_1_500' title='bbox 3228 2178 3437 2216; x_wconf 90' lang='lat' dir='ltr'><strong>onmem</strong></span> <span class='ocrx_word' id='word_1_501' title='bbox 3484 2177 3624 2219; x_wconf 73' lang='lat' dir='ltr'><strong>autem</strong></span> 
     </span>
    </p>
   </div>
   <div class='ocr_carea' id='block_1_74' title="bbox 2098 2253 3631 2323">
    <p class='ocr_par' dir='ltr' id='par_1_74' title="bbox 2098 2253 3631 2323">
     <span class='ocr_line' id='line_1_74' title="bbox 2098 2253 3631 2323; baseline -0.001 -15"><span class='ocrx_word' id='word_1_502' title='bbox 2098 2253 2458 2323; x_wconf 81' lang='lat' dir='ltr'><strong>ignorantiam</strong></span> <span class='ocrx_word' id='word_1_503' title='bbox 2488 2262 2541 2307; x_wconf 92' lang='lat' dir='ltr'><strong>et</strong></span> <span class='ocrx_word' id='word_1_504' title='bbox 2572 2268 2819 2309; x_wconf 89' lang='lat' dir='ltr'><strong>errorem</strong></span> <span class='ocrx_word' id='word_1_505' title='bbox 2855 2269 2927 2308; x_wconf 84' lang='lat' dir='ltr'><strong>ex-</strong></span> <span class='ocrx_word' id='word_1_506' title='bbox 2952 2254 3209 2309; x_wconf 80' lang='lat' dir='ltr'><strong>omnibus</strong></span> <span class='ocrx_word' id='word_1_507' title='bbox 3243 2253 3455 2311; x_wconf 88' lang='lat' dir='ltr'><strong>animis.</strong></span> <span class='ocrx_word' id='word_1_508' title='bbox 3484 2254 3631 2323; x_wconf 80' lang='lat' dir='ltr'><strong>inqui-</strong></span> 
     </span>
    </p>
   </div>
   <div class='ocr_carea' id='block_1_75' title="bbox 2100 2343 3627 2414">
    <p class='ocr_par' dir='ltr' id='par_1_75' title="bbox 2100 2343 3627 2414">
     <span class='ocr_line' id='line_1_75' title="bbox 2100 2343 3627 2414; baseline 0.003 -17"><span class='ocrx_word' id='word_1_509' title='bbox 2100 2343 2202 2397; x_wconf 90' lang='lat' dir='ltr'><strong>bus</strong></span> <span class='ocrx_word' id='word_1_510' title='bbox 2227 2353 2330 2407; x_wconf 90' lang='lat' dir='ltr'><strong>est,</strong></span> <span class='ocrx_word' id='word_1_511' title='bbox 2384 2344 2558 2409; x_wconf 84' lang='lat' dir='ltr'><strong>ejicit,</strong></span> <span class='ocrx_word' id='word_1_512' title='bbox 2585 2352 2639 2398; x_wconf 93' lang='lat' dir='ltr'><strong>et</strong></span> <span class='ocrx_word' id='word_1_513' title='bbox 2694 2343 2826 2414; x_wconf 88' lang='lat' dir='ltr'><strong>ipsis</strong></span> <span class='ocrx_word' id='word_1_514' title='bbox 2872 2344 3127 2399; x_wconf 90' lang='lat' dir='ltr'><strong>omnibus</strong></span> <span class='ocrx_word' id='word_1_515' title='bbox 3182 2344 3367 2397; x_wconf 90' lang='lat' dir='ltr'><strong>lumen</strong></span> <span class='ocrx_word' id='word_1_516' title='bbox 3422 2357 3627 2401; x_wconf 79' lang='lat' dir='ltr'><strong>sancitur.</strong></span> 
     </span>
    </p>
   </div>
   <div class='ocr_carea' id='block_1_76' title="bbox 2100 2433 3641 2504">
    <p class='ocr_par' dir='ltr' id='par_1_76' title="bbox 2100 2433 3641 2504">
     <span class='ocr_line' id='line_1_76' title="bbox 2100 2433 3641 2504; baseline -0.001 -16"><span class='ocrx_word' id='word_1_517' title='bbox 2100 2434 2365 2503; x_wconf 88' lang='lat' dir='ltr'><strong>impertit,</strong></span> <span class='ocrx_word' id='word_1_518' title='bbox 2409 2450 2711 2504; x_wconf 89' lang='lat' dir='ltr'><strong>earumque</strong></span> <span class='ocrx_word' id='word_1_519' title='bbox 2755 2435 2946 2490; x_wconf 89' lang='lat' dir='ltr'><strong>oculos</strong></span> <span class='ocrx_word' id='word_1_520' title='bbox 3002 2436 3204 2489; x_wconf 89' lang='lat' dir='ltr'><strong>mentis</strong></span> <span class='ocrx_word' id='word_1_521' title='bbox 3266 2449 3295 2486; x_wconf 86' lang='lat' dir='ltr'><strong>a</strong></span> <span class='ocrx_word' id='word_1_522' title='bbox 3329 2433 3535 2503; x_wconf 77' lang='lat' dir='ltr'><strong>caligine</strong></span> <span class='ocrx_word' id='word_1_523' title='bbox 3578 2454 3641 2491; x_wconf 76' lang='lat' dir='ltr'><strong>et.</strong></span> 
     </span>
    </p>
   </div>
   <div class='ocr_carea' id='block_1_77' title="bbox 2101 2525 3626 2595">
    <p class='ocr_par' dir='ltr' id='par_1_77' title="bbox 2101 2525 3626 2595">
     <span class='ocr_line' id='line_1_77' title="bbox 2101 2525 3626 2595; baseline 0.003 -18"><span class='ocrx_word' id='word_1_524' title='bbox 2101 2525 2407 2594; x_wconf 77' lang='lat' dir='ltr'><strong>ignorantia</strong></span> <span class='ocrx_word' id='word_1_525' title='bbox 2430 2526 2759 2581; x_wconf 80' lang='lat' dir='ltr'><strong>circumfusa</strong></span> <span class='ocrx_word' id='word_1_526' title='bbox 2802 2536 3055 2595; x_wconf 80' lang='lat' dir='ltr'><strong>repurgat</strong></span> <span class='ocrx_word' id='word_1_527' title='bbox 3084 2538 3137 2581; x_wconf 90' lang='lat' dir='ltr'><strong>et</strong></span> <span class='ocrx_word' id='word_1_528' title='bbox 3162 2527 3361 2581; x_wconf 85' lang='lat' dir='ltr'><strong>liberat</strong></span> <span class='ocrx_word' id='word_1_529' title='bbox 3387 2544 3400 2591; x_wconf 89' lang='lat'><strong>;</strong></span> <span class='ocrx_word' id='word_1_530' title='bbox 3427 2535 3477 2581; x_wconf 84' lang='lat' dir='ltr'><strong>et</strong></span> <span class='ocrx_word' id='word_1_531' title='bbox 3505 2528 3626 2582; x_wconf 76' lang='lat' dir='ltr'><strong>exci-</strong></span> 
     </span>
    </p>
   </div>
   <div class='ocr_carea' id='block_1_78' title="bbox 2102 2615 3631 2686">
    <p class='ocr_par' dir='ltr' id='par_1_78' title="bbox 2102 2615 3631 2686">
     <span class='ocr_line' id='line_1_78' title="bbox 2102 2615 3631 2686; baseline -0.002 -14"><span class='ocrx_word' id='word_1_532' title='bbox 2102 2623 2177 2672; x_wconf 89' lang='lat' dir='ltr'><strong>tat</strong></span> <span class='ocrx_word' id='word_1_533' title='bbox 2207 2623 2371 2685; x_wconf 86' lang='lat' dir='ltr'><strong>atque</strong></span> <span class='ocrx_word' id='word_1_534' title='bbox 2410 2616 2587 2685; x_wconf 89' lang='lat' dir='ltr'><strong>aperit</strong></span> <span class='ocrx_word' id='word_1_535' title='bbox 2618 2616 2783 2670; x_wconf 89' lang='lat' dir='ltr'><strong>multa</strong></span> <span class='ocrx_word' id='word_1_536' title='bbox 2823 2618 3093 2686; x_wconf 78' lang='lat' dir='ltr'><strong>gravitate</strong></span> <span class='ocrx_word' id='word_1_537' title='bbox 3121 2615 3471 2671; x_wconf 85' lang='lat' dir='ltr'><strong>tenebrarum</strong></span> <span class='ocrx_word' id='word_1_538' title='bbox 3512 2632 3631 2670; x_wconf 86' lang='lat' dir='ltr'><strong>com-</strong></span> 
     </span>
    </p>
   </div>
   <div class='ocr_carea' id='block_1_79' title="bbox 2099 2706 3629 2776">
    <p class='ocr_par' dir='ltr' id='par_1_79' title="bbox 2099 2706 3629 2776">
     <span class='ocr_line' id='line_1_79' title="bbox 2099 2706 3629 2776; baseline -0.001 -18"><span class='ocrx_word' id='word_1_539' title='bbox 2099 2721 2316 2775; x_wconf 87' lang='lat' dir='ltr'><strong>pressos</strong></span> <span class='ocrx_word' id='word_1_540' title='bbox 2343 2715 2396 2759; x_wconf 93' lang='lat' dir='ltr'><strong>et</strong></span> <span class='ocrx_word' id='word_1_541' title='bbox 2420 2707 2657 2771; x_wconf 88' lang='lat' dir='ltr'><strong>clausos,</strong></span> <span class='ocrx_word' id='word_1_542' title='bbox 2707 2706 2909 2776; x_wconf 91' lang='lat' dir='ltr'><strong>datque</strong></span> <span class='ocrx_word' id='word_1_543' title='bbox 2964 2708 3203 2776; x_wconf 87' lang='lat' dir='ltr'><strong>primum</strong></span> <span class='ocrx_word' id='word_1_544' title='bbox 3264 2707 3474 2776; x_wconf 75' lang='lat' dir='ltr'><strong>quidem</strong></span> <span class='ocrx_word' id='word_1_545' title='bbox 3540 2724 3629 2758; x_wconf 79' lang='lat' dir='ltr'><strong>mr-</strong></span> 
     </span>
    </p>
   </div>
   <div class='ocr_carea' id='block_1_80' title="bbox 2102 2797 3641 2869">
    <p class='ocr_par' dir='ltr' id='par_1_80' title="bbox 2102 2797 3641 2869">
     <span class='ocr_line' id='line_1_80' title="bbox 2102 2797 3641 2869; baseline -0.001 -17"><span class='ocrx_word' id='word_1_546' title='bbox 2102 2800 2342 2852; x_wconf 85' lang='lat' dir='ltr'><strong>diocrem</strong></span> <span class='ocrx_word' id='word_1_547' title='bbox 2402 2797 2769 2867; x_wconf 86' lang='lat' dir='ltr'><strong>splendorem,</strong></span> <span class='ocrx_word' id='word_1_548' title='bbox 2825 2797 3019 2852; x_wconf 88' lang='lat' dir='ltr'><strong>deinde</strong></span> <span class='ocrx_word' id='word_1_549' title='bbox 3070 2807 3335 2869; x_wconf 83' lang='lat' dir='ltr'><strong>tanquam</strong></span> <span class='ocrx_word' id='word_1_550' title='bbox 3391 2798 3641 2866; x_wconf 63' lang='lat' dir='ltr'><strong>degustato</strong></span> 
     </span>
    </p>
   </div>
   <div class='ocr_carea' id='block_1_81' title="bbox 2104 2889 3628 2962">
    <p class='ocr_par' dir='ltr' id='par_1_81' title="bbox 2104 2889 3628 2962">
     <span class='ocr_line' id='line_1_81' title="bbox 2104 2889 3628 2962; baseline 0.003 -21"><span class='ocrx_word' id='word_1_551' title='bbox 2104 2889 2333 2954; x_wconf 88' lang='lat' dir='ltr'><strong>lumine,</strong></span> <span class='ocrx_word' id='word_1_552' title='bbox 2366 2902 2416 2943; x_wconf 92' lang='lat' dir='ltr'><strong>et</strong></span> <span class='ocrx_word' id='word_1_553' title='bbox 2461 2890 2764 2960; x_wconf 86' lang='lat' dir='ltr'><strong>ocnlisjam</strong></span> <span class='ocrx_word' id='word_1_554' title='bbox 2834 2890 3007 2961; x_wconf 78' lang='lat' dir='ltr'><strong>magis</strong></span> <span class='ocrx_word' id='word_1_555' title='bbox 3054 2902 3180 2961; x_wconf 89' lang='lat' dir='ltr'><strong>post</strong></span> <span class='ocrx_word' id='word_1_556' title='bbox 3244 2892 3628 2962; x_wconf 69' lang='lat' dir='ltr'><strong>di&#39;gustationrm</strong></span> 
     </span>
    </p>
   </div>
   <div class='ocr_carea' id='block_1_82' title="bbox 2102 2982 3637 3052">
    <p class='ocr_par' dir='ltr' id='par_1_82' title="bbox 2102 2982 3637 3052">
     <span class='ocr_line' id='line_1_82' title="bbox 2102 2982 3637 3052; baseline -0.003 -15"><span class='ocrx_word' id='word_1_557' title='bbox 2102 2982 2286 3037; x_wconf 92' lang='lat' dir='ltr'><strong>lumen</strong></span> <span class='ocrx_word' id='word_1_558' title='bbox 2320 2984 2729 3051; x_wconf 84' lang='lat' dir='ltr'><strong>appetentibus,</strong></span> <span class='ocrx_word' id='word_1_559' title='bbox 2775 2983 2949 3050; x_wconf 76' lang='lat' dir='ltr'><strong>magis</strong></span> <span class='ocrx_word' id='word_1_560' title='bbox 2997 2998 3055 3037; x_wconf 84' lang='lat' dir='ltr'><strong>se</strong></span> <span class='ocrx_word' id='word_1_561' title='bbox 3080 2984 3346 3052; x_wconf 89' lang='lat' dir='ltr'><strong>impertit,</strong></span> <span class='ocrx_word' id='word_1_562' title='bbox 3395 2992 3447 3037; x_wconf 87' lang='lat' dir='ltr'><strong>et</strong></span> <span class='ocrx_word' id='word_1_563' title='bbox 3486 2987 3637 3050; x_wconf 80' lang='lat' dir='ltr'><strong>copio-</strong></span> 
     </span>
    </p>
   </div>
   <div class='ocr_carea' id='block_1_83' title="bbox 2104 3075 3633 3146">
    <p class='ocr_par' dir='ltr' id='par_1_83' title="bbox 2104 3075 3633 3146">
     <span class='ocr_line' id='line_1_83' title="bbox 2104 3075 3633 3146; baseline 0.001 -19"><span class='ocrx_word' id='word_1_564' title='bbox 2104 3075 2220 3129; x_wconf 89' lang='lat' dir='ltr'><strong>sius</strong></span> <span class='ocrx_word' id='word_1_565' title='bbox 2253 3075 2446 3144; x_wconf 84' lang='lat' dir='ltr'><strong>l&#39;ulget,</strong></span> <span class='ocrx_word' id='word_1_566' title='bbox 2479 3075 2607 3144; x_wconf 88' lang='lat' dir='ltr'><strong>quia</strong></span> <span class='ocrx_word' id='word_1_567' title='bbox 2662 3076 2969 3129; x_wconf 83' lang='lat' dir='ltr'><strong>dilexerunt</strong></span> <span class='ocrx_word' id='word_1_568' title='bbox 3027 3077 3319 3140; x_wconf 68' lang='lat' dir='ltr'><strong>multum;</strong></span> <span class='ocrx_word' id='word_1_569' title='bbox 3352 3091 3412 3131; x_wconf 91' lang='lat' dir='ltr'><strong>ac</strong></span> <span class='ocrx_word' id='word_1_570' title='bbox 3459 3092 3633 3146; x_wconf 83' lang='lat' dir='ltr'><strong>semper</strong></span> 
     </span>
    </p>
   </div>
   <div class='ocr_carea' id='block_1_84' title="bbox 2029 3159 3631 3238">
    <p class='ocr_par' dir='ltr' id='par_1_84' title="bbox 2029 3159 3631 3238">
     <span class='ocr_line' id='line_1_84' title="bbox 2029 3159 3631 3238; baseline -0.001 -16"><span class='ocrx_word' id='word_1_571' title='bbox 2029 3159 2075 3222; x_wconf 86' lang='lat' dir='ltr'><strong>C</strong></span> <span class='ocrx_word' id='word_1_572' title='bbox 2108 3181 2198 3221; x_wconf 88' lang='lat' dir='ltr'><strong>eas</strong></span> <span class='ocrx_word' id='word_1_573' title='bbox 2228 3167 2452 3221; x_wconf 85' lang='lat' dir='ltr'><strong>ulterius</strong></span> <span class='ocrx_word' id='word_1_574' title='bbox 2482 3169 3117 3238; x_wconf 77' lang='lat' dir='ltr'><strong>provehitproportione</strong></span> <span class='ocrx_word' id='word_1_575' title='bbox 3157 3168 3335 3223; x_wconf 88' lang='lat' dir='ltr'><strong>studii</strong></span> <span class='ocrx_word' id='word_1_576' title='bbox 3363 3184 3534 3221; x_wconf 89' lang='lat' dir='ltr'><strong>earum</strong></span> <span class='ocrx_word' id='word_1_577' title='bbox 3580 3169 3631 3221; x_wconf 81' lang='lat' dir='ltr'><strong>ad</strong></span> 
     </span>
    </p>
   </div>
   <div class='ocr_carea' id='block_1_85' title="bbox 2109 3258 3632 3328">
    <p class='ocr_par' dir='ltr' id='par_1_85' title="bbox 2109 3258 3632 3328">
     <span class='ocr_line' id='line_1_85' title="bbox 2109 3258 3632 3328; baseline 0 -17"><span class='ocrx_word' id='word_1_578' title='bbox 2109 3258 2481 3327; x_wconf 85' lang='lat' dir='ltr'><strong>aspiciendam</strong></span> <span class='ocrx_word' id='word_1_579' title='bbox 2512 3273 2753 3315; x_wconf 84' lang='lat' dir='ltr'><strong>sursum.</strong></span> <span class='ocrx_word' id='word_1_580' title='bbox 2800 3259 3007 3314; x_wconf 85' lang='lat' dir='ltr'><strong>Lumen</strong></span> <span class='ocrx_word' id='word_1_581' title='bbox 3041 3259 3212 3328; x_wconf 80' lang='lat' dir='ltr'><strong>igitur</strong></span> <span class='ocrx_word' id='word_1_582' title='bbox 3241 3260 3533 3314; x_wconf 87' lang='lat' dir='ltr'><strong>intellectile</strong></span> <span class='ocrx_word' id='word_1_583' title='bbox 3568 3261 3632 3311; x_wconf 79' lang='lat' dir='ltr'><strong>(ll-</strong></span> 
     </span>
    </p>
   </div>
   <div class='ocr_carea' id='block_1_86' title="bbox 2110 3352 3635 3423">
    <p class='ocr_par' dir='ltr' id='par_1_86' title="bbox 2110 3352 3635 3423">
     <span class='ocr_line' id='line_1_86' title="bbox 2110 3352 3635 3423; baseline 0 -19"><span class='ocrx_word' id='word_1_584' title='bbox 2110 3352 2253 3405; x_wconf 87' lang='lat' dir='ltr'><strong>citur</strong></span> <span class='ocrx_word' id='word_1_585' title='bbox 2282 3352 2410 3405; x_wconf 88' lang='lat' dir='ltr'><strong>illud</strong></span> <span class='ocrx_word' id='word_1_586' title='bbox 2451 3353 2676 3417; x_wconf 90' lang='lat' dir='ltr'><strong>bonum,</strong></span> <span class='ocrx_word' id='word_1_587' title='bbox 2712 3352 2879 3423; x_wconf 82' lang='lat' dir='ltr'><strong>quod</strong></span> <span class='ocrx_word' id='word_1_588' title='bbox 2906 3360 3009 3407; x_wconf 54' lang='lat' dir='ltr'><strong>est~</strong></span> <span class='ocrx_word' id='word_1_589' title='bbox 3047 3368 3212 3422; x_wconf 83' lang='lat' dir='ltr'><strong>supra</strong></span> <span class='ocrx_word' id='word_1_590' title='bbox 3268 3367 3427 3407; x_wconf 84' lang='lat' dir='ltr'><strong>omne</strong></span> <span class='ocrx_word' id='word_1_591' title='bbox 3465 3353 3635 3415; x_wconf 76' lang='lat' dir='ltr'><strong>lu&#39;ncn,</strong></span> 
     </span>
    </p>
   </div>
   <div class='ocr_carea' id='block_1_87' title="bbox 2112 3443 3636 3521">
    <p class='ocr_par' dir='ltr' id='par_1_87' title="bbox 2112 3443 3636 3521">
     <span class='ocr_line' id='line_1_87' title="bbox 2112 3443 3636 3521; baseline -0.001 -22"><span class='ocrx_word' id='word_1_592' title='bbox 2112 3454 2367 3512; x_wconf 87' lang='lat' dir='ltr'><strong>tanquam</strong></span> <span class='ocrx_word' id='word_1_593' title='bbox 2389 3443 2510 3497; x_wconf 85' lang='lat' dir='ltr'><strong>fons</strong></span> <span class='ocrx_word' id='word_1_594' title='bbox 2530 3444 2832 3510; x_wconf 70' lang='lat' dir='ltr'><strong>radiorum,</strong></span> <span class='ocrx_word' id='word_1_595' title='bbox 2853 3454 2905 3499; x_wconf 89' lang='lat' dir='ltr'><strong>et</strong></span> <span class='ocrx_word' id='word_1_596' title='bbox 2921 3444 3115 3499; x_wconf 78' lang='lat' dir='ltr'><strong>ellirsio</strong></span> <span class='ocrx_word' id='word_1_597' title='bbox 3136 3444 3364 3521; x_wconf 68' lang='lat' dir='ltr'><strong>luminis</strong></span> <span class='ocrx_word' id='word_1_598' title='bbox 3403 3444 3636 3497; x_wconf 84' lang='lat' dir='ltr'><strong>inundans</strong></span> 
     </span>
    </p>
   </div>
   <div class='ocr_carea' id='block_1_88' title="bbox 2110 3536 3638 3607">
    <p class='ocr_par' dir='ltr' id='par_1_88' title="bbox 2110 3536 3638 3607">
     <span class='ocr_line' id='line_1_88' title="bbox 2110 3536 3638 3607; baseline -0.003 -18"><span class='ocrx_word' id='word_1_599' title='bbox 2110 3552 2327 3590; x_wconf 89' lang='lat' dir='ltr'><strong>omnem</strong></span> <span class='ocrx_word' id='word_1_600' title='bbox 2360 3546 2591 3591; x_wconf 90' lang='lat' dir='ltr'><strong>mentem</strong></span> <span class='ocrx_word' id='word_1_601' title='bbox 2639 3537 3145 3607; x_wconf 87' lang='lat' dir='ltr'><strong>supramuudanatn</strong></span> <span class='ocrx_word' id='word_1_602' title='bbox 3206 3536 3289 3606; x_wconf 71' lang='lat'><strong>(2)</strong></span> <span class='ocrx_word' id='word_1_603' title='bbox 3349 3537 3638 3591; x_wconf 27' lang='lat' dir='ltr'><strong>ct‘cireum-</strong></span> 
     </span>
    </p>
   </div>
   <div class='ocr_carea' id='block_1_89' title="bbox 2111 3618 3637 3697">
    <p class='ocr_par' dir='ltr' id='par_1_89' title="bbox 2111 3618 3637 3697">
     <span class='ocr_line' id='line_1_89' title="bbox 2111 3618 3637 3697; baseline -0.005 -10"><span class='ocrx_word' id='word_1_604' title='bbox 2111 3631 2468 3696; x_wconf 81' lang='lat' dir='ltr'><strong>mundanam,</strong></span> <span class='ocrx_word' id='word_1_605' title='bbox 2488 3639 2541 3683; x_wconf 89' lang='lat' dir='ltr'><strong>et</strong></span> <span class='ocrx_word' id='word_1_606' title='bbox 2566 3632 2919 3691; x_wconf 88' lang='lat' dir='ltr'><strong>mundanam,</strong></span> <span class='ocrx_word' id='word_1_607' title='bbox 2948 3645 3029 3683; x_wconf 62' lang='lat' dir='ltr'><strong>ex»</strong></span> <span class='ocrx_word' id='word_1_608' title='bbox 3053 3618 3511 3697; x_wconf 44' lang='lat' dir='ltr'><strong>plenitutline&#39;sua</strong></span> <span class='ocrx_word' id='word_1_609' title='bbox 3540 3628 3637 3680; x_wconf 83' lang='lat' dir='ltr'><strong>illu-</strong></span> 
     </span>
    </p>
   </div>
   <div class='ocr_carea' id='block_1_90' title="bbox 2114 3720 3639 3791">
    <p class='ocr_par' dir='ltr' id='par_1_90' title="bbox 2114 3720 3639 3791">
     <span class='ocr_line' id='line_1_90' title="bbox 2114 3720 3639 3791; baseline -0.005 -12"><span class='ocrx_word' id='word_1_610' title='bbox 2114 3726 2353 3787; x_wconf 89' lang='lat' dir='ltr'><strong>minans,</strong></span> <span class='ocrx_word' id='word_1_611' title='bbox 2385 3730 2439 3778; x_wconf 90' lang='lat' dir='ltr'><strong>et</strong></span> <span class='ocrx_word' id='word_1_612' title='bbox 2473 3730 2619 3777; x_wconf 84' lang='lat' dir='ltr'><strong>totas</strong></span> <span class='ocrx_word' id='word_1_613' title='bbox 2663 3737 2850 3775; x_wconf 88' lang='lat' dir='ltr'><strong>earum</strong></span> <span class='ocrx_word' id='word_1_614' title='bbox 2884 3721 3166 3776; x_wconf 79' lang='lat' dir='ltr'><strong>facultates</strong></span> <span class='ocrx_word' id='word_1_615' title='bbox 3213 3720 3537 3791; x_wconf 88' lang='lat' dir='ltr'><strong>intelligendi</strong></span> <span class='ocrx_word' id='word_1_616' title='bbox 3575 3733 3639 3771; x_wconf 84' lang='lat' dir='ltr'><strong>re-</strong></span> 
     </span>
    </p>
   </div>
   <div class='ocr_carea' id='block_1_91' title="bbox 2114 3814 3639 3881">
    <p class='ocr_par' dir='ltr' id='par_1_91' title="bbox 2114 3814 3639 3881">
     <span class='ocr_line' id='line_1_91' title="bbox 2114 3814 3639 3881; baseline -0.005 -12"><span class='ocrx_word' id='word_1_617' title='bbox 2114 3830 2346 3879; x_wconf 79' lang='lat' dir='ltr'><strong>novatis,</strong></span> <span class='ocrx_word' id='word_1_618' title='bbox 2367 3823 2419 3867; x_wconf 88' lang='lat' dir='ltr'><strong>ct</strong></span> <span class='ocrx_word' id='word_1_619' title='bbox 2440 3827 2631 3867; x_wconf 90' lang='lat' dir='ltr'><strong>omnes</strong></span> <span class='ocrx_word' id='word_1_620' title='bbox 2671 3814 2981 3875; x_wconf 88' lang='lat' dir='ltr'><strong>continens,</strong></span> <span class='ocrx_word' id='word_1_621' title='bbox 3024 3820 3303 3881; x_wconf 89' lang='lat' dir='ltr'><strong>quatenus</strong></span> <span class='ocrx_word' id='word_1_622' title='bbox 3351 3826 3503 3879; x_wconf 86' lang='lat' dir='ltr'><strong>supra</strong></span> <span class='ocrx_word' id='word_1_623' title='bbox 3550 3823 3639 3861; x_wconf 85' lang='lat' dir='ltr'><strong>oru-</strong></span> 
     </span>
    </p>
   </div>
   <div class='ocr_carea' id='block_1_92' title="bbox 2116 3901 3655 3968">
    <p class='ocr_par' dir='ltr' id='par_1_92' title="bbox 2116 3901 3655 3968">
     <span class='ocr_line' id='line_1_92' title="bbox 2116 3901 3655 3968; baseline -0.004 -9"><span class='ocrx_word' id='word_1_624' title='bbox 2116 3920 2215 3959; x_wconf 87' lang='lat' dir='ltr'><strong>ncs</strong></span> <span class='ocrx_word' id='word_1_625' title='bbox 2280 3904 2559 3967; x_wconf 85' lang='lat' dir='ltr'><strong>tenditur;</strong></span> <span class='ocrx_word' id='word_1_626' title='bbox 2628 3902 2953 3955; x_wconf 81' lang='lat' dir='ltr'><strong>etutnnibus</strong></span> <span class='ocrx_word' id='word_1_627' title='bbox 3008 3901 3367 3962; x_wconf 86' lang='lat' dir='ltr'><strong>antecellens,</strong></span> <span class='ocrx_word' id='word_1_628' title='bbox 3414 3912 3655 3968; x_wconf 62' lang='lat' dir='ltr'><strong>quatenus</strong></span> 
     </span>
    </p>
   </div>
   <div class='ocr_carea' id='block_1_93' title="bbox 2114 3991 3637 4064">
    <p class='ocr_par' dir='ltr' id='par_1_93' title="bbox 2114 3991 3637 4064">
     <span class='ocr_line' id='line_1_93' title="bbox 2114 3991 3637 4064; baseline -0.006 -14"><span class='ocrx_word' id='word_1_629' title='bbox 2114 4009 2281 4064; x_wconf 86' lang='lat' dir='ltr'><strong>supra</strong></span> <span class='ocrx_word' id='word_1_630' title='bbox 2312 4008 2504 4047; x_wconf 90' lang='lat' dir='ltr'><strong>omnes</strong></span> <span class='ocrx_word' id='word_1_631' title='bbox 2535 4002 2663 4055; x_wconf 90' lang='lat' dir='ltr'><strong>stat,</strong></span> <span class='ocrx_word' id='word_1_632' title='bbox 2703 4004 2757 4047; x_wconf 91' lang='lat' dir='ltr'><strong>et</strong></span> <span class='ocrx_word' id='word_1_633' title='bbox 2791 4002 2847 4045; x_wconf 87' lang='lat' dir='ltr'><strong>ut</strong></span> <span class='ocrx_word' id='word_1_634' title='bbox 2869 3991 3035 4045; x_wconf 88' lang='lat' dir='ltr'><strong>sernel</strong></span> <span class='ocrx_word' id='word_1_635' title='bbox 3053 3992 3263 4057; x_wconf 79' lang='lat' dir='ltr'><strong>dicam,</strong></span> <span class='ocrx_word' id='word_1_636' title='bbox 3294 4007 3500 4045; x_wconf 61' lang='lat' dir='ltr'><strong>omnum</strong></span> <span class='ocrx_word' id='word_1_637' title='bbox 3523 3992 3637 4058; x_wconf 88' lang='lat' dir='ltr'><strong>prin-</strong></span> 
     </span>
    </p>
   </div>
   <div class='ocr_carea' id='block_1_94' title="bbox 2114 4082 3637 4156">
    <p class='ocr_par' dir='ltr' id='par_1_94' title="bbox 2114 4082 3637 4156">
     <span class='ocr_line' id='line_1_94' title="bbox 2114 4082 3637 4156; baseline -0.003 -16"><span class='ocrx_word' id='word_1_638' title='bbox 2114 4089 2352 4156; x_wconf 88' lang='lat' dir='ltr'><strong>cipatum</strong></span> <span class='ocrx_word' id='word_1_639' title='bbox 2412 4084 2746 4139; x_wconf 86' lang='lat' dir='ltr'><strong>illuminandi</strong></span> <span class='ocrx_word' id='word_1_640' title='bbox 2811 4092 3065 4152; x_wconf 86' lang='lat' dir='ltr'><strong>tanquam</strong></span> <span class='ocrx_word' id='word_1_641' title='bbox 3128 4084 3383 4153; x_wconf 83' lang='lat' dir='ltr'><strong>princeps</strong></span> <span class='ocrx_word' id='word_1_642' title='bbox 3438 4082 3637 4143; x_wconf 78' lang='lat' dir='ltr'><strong>luminis,</strong></span> 
     </span>
    </p>
   </div>
   <div class='ocr_carea' id='block_1_95' title="bbox 2114 4173 3640 4247">
    <p class='ocr_par' dir='ltr' id='par_1_95' title="bbox 2114 4173 3640 4247">
     <span class='ocr_line' id='line_1_95' title="bbox 2114 4173 3640 4247; baseline -0.007 -14"><span class='ocrx_word' id='word_1_643' title='bbox 2114 4188 2167 4233; x_wconf 90' lang='lat' dir='ltr'><strong>et</strong></span> <span class='ocrx_word' id='word_1_644' title='bbox 2198 4193 2361 4247; x_wconf 87' lang='lat' dir='ltr'><strong>supra</strong></span> <span class='ocrx_word' id='word_1_645' title='bbox 2394 4193 2555 4247; x_wconf 77' lang='lat' dir='ltr'><strong>quam</strong></span> <span class='ocrx_word' id='word_1_646' title='bbox 2605 4176 2813 4241; x_wconf 85' lang='lat' dir='ltr'><strong>ltttncn,</strong></span> <span class='ocrx_word' id='word_1_647' title='bbox 2887 4177 3024 4229; x_wconf 88' lang='lat' dir='ltr'><strong>inse</strong></span> <span class='ocrx_word' id='word_1_648' title='bbox 3078 4177 3519 4243; x_wconf 73' lang='lat' dir='ltr'><strong>comprehensum</strong></span> <span class='ocrx_word' id='word_1_649' title='bbox 3572 4173 3640 4223; x_wconf 82' lang='lat' dir='ltr'><strong>Ita-</strong></span> 
     </span>
    </p>
   </div>
   <div class='ocr_carea' id='block_1_96' title="bbox 2118 4268 3640 4338">
    <p class='ocr_par' dir='ltr' id='par_1_96' title="bbox 2118 4268 3640 4338">
     <span class='ocr_line' id='line_1_96' title="bbox 2118 4268 3640 4338; baseline -0.006 -12"><span class='ocrx_word' id='word_1_650' title='bbox 2118 4273 2231 4335; x_wconf 88' lang='lat' dir='ltr'><strong>bet,</strong></span> <span class='ocrx_word' id='word_1_651' title='bbox 2289 4281 2340 4324; x_wconf 88' lang='lat' dir='ltr'><strong>et</strong></span> <span class='ocrx_word' id='word_1_652' title='bbox 2399 4286 2560 4338; x_wconf 88' lang='lat' dir='ltr'><strong>supra</strong></span> <span class='ocrx_word' id='word_1_653' title='bbox 2613 4284 2775 4338; x_wconf 90' lang='lat' dir='ltr'><strong>quam</strong></span> <span class='ocrx_word' id='word_1_654' title='bbox 2837 4268 2995 4322; x_wconf 78' lang='lat' dir='ltr'><strong>liabet</strong></span> <span class='ocrx_word' id='word_1_655' title='bbox 3056 4276 3110 4322; x_wconf 87' lang='lat' dir='ltr'><strong>et</strong></span> <span class='ocrx_word' id='word_1_656' title='bbox 3180 4268 3481 4337; x_wconf 73' lang='lat' dir='ltr'><strong>pneltabet;</strong></span> <span class='ocrx_word' id='word_1_657' title='bbox 3519 4276 3640 4334; x_wconf 86' lang='lat' dir='ltr'><strong>atque</strong></span> 
     </span>
    </p>
   </div>
   <div class='ocr_carea' id='block_1_97' title="bbox 2116 4358 3638 4429">
    <p class='ocr_par' dir='ltr' id='par_1_97' title="bbox 2116 4358 3638 4429">
     <span class='ocr_line' id='line_1_97' title="bbox 2116 4358 3638 4429; baseline -0.009 -9"><span class='ocrx_word' id='word_1_658' title='bbox 2116 4365 2300 4420; x_wconf 90' lang='lat' dir='ltr'><strong>omnia</strong></span> <span class='ocrx_word' id='word_1_659' title='bbox 2337 4365 2545 4417; x_wconf 80' lang='lat' dir='ltr'><strong>ratione</strong></span> <span class='ocrx_word' id='word_1_660' title='bbox 2584 4372 2635 4416; x_wconf 91' lang='lat' dir='ltr'><strong>et</strong></span> <span class='ocrx_word' id='word_1_661' title='bbox 2670 4373 2851 4416; x_wconf 77' lang='lat' dir='ltr'><strong>mente</strong></span> <span class='ocrx_word' id='word_1_662' title='bbox 2894 4363 3097 4414; x_wconf 84' lang='lat' dir='ltr'><strong>utentia</strong></span> <span class='ocrx_word' id='word_1_663' title='bbox 3145 4368 3456 4429; x_wconf 75' lang='lat' dir='ltr'><strong>congregat,</strong></span> <span class='ocrx_word' id='word_1_664' title='bbox 3496 4367 3542 4411; x_wconf 88' lang='lat' dir='ltr'><strong>et</strong></span> <span class='ocrx_word' id='word_1_665' title='bbox 3601 4358 3638 4408; x_wconf 91' lang='lat' dir='ltr'><strong>in</strong></span> 
     </span>
    </p>
   </div>
   <div class='ocr_carea' id='block_1_98' title="bbox 2120 4451 3640 4524">
    <p class='ocr_par' dir='ltr' id='par_1_98' title="bbox 2120 4451 3640 4524">
     <span class='ocr_line' id='line_1_98' title="bbox 2120 4451 3640 4524; baseline -0.006 -15"><span class='ocrx_word' id='word_1_666' title='bbox 2120 4472 2286 4510; x_wconf 90' lang='lat' dir='ltr'><strong>tmnm</strong></span> <span class='ocrx_word' id='word_1_667' title='bbox 2325 4454 2816 4524; x_wconf 67' lang='lat' dir='ltr'><strong>COPTIlll;&#39;t&#39;lelllm</strong></span> <span class='ocrx_word' id='word_1_668' title='bbox 2888 4452 3045 4507; x_wconf 79' lang='lat' dir='ltr'><strong>sicut</strong></span> <span class='ocrx_word' id='word_1_669' title='bbox 3113 4451 3435 4520; x_wconf 50' lang='lat' dir='ltr'><strong>ignorantia</strong></span> <span class='ocrx_word' id='word_1_670' title='bbox 3492 4463 3640 4503; x_wconf 80' lang='lat' dir='ltr'><strong>errau-</strong></span> 
     </span>
    </p>
   </div>
   <div class='ocr_carea' id='block_1_99' title="bbox 2121 4543 3641 4609">
    <p class='ocr_par' dir='ltr' id='par_1_99' title="bbox 2121 4543 3641 4609">
     <span class='ocr_line' id='line_1_99' title="bbox 2121 4543 3641 4609; baseline -0.009 -6"><span class='ocrx_word' id='word_1_671' title='bbox 2121 4559 2201 4604; x_wconf 91' lang='lat' dir='ltr'><strong>tcs</strong></span> <span class='ocrx_word' id='word_1_672' title='bbox 2286 4548 2531 4609; x_wconf 85' lang='lat' dir='ltr'><strong>dirimit,</strong></span> <span class='ocrx_word' id='word_1_673' title='bbox 2597 4547 2675 4601; x_wconf 91' lang='lat' dir='ltr'><strong>sic</strong></span> <span class='ocrx_word' id='word_1_674' title='bbox 2753 4545 3018 4599; x_wconf 80' lang='lat' dir='ltr'><strong>adventus</strong></span> <span class='ocrx_word' id='word_1_675' title='bbox 3100 4543 3336 4597; x_wconf 80' lang='lat' dir='ltr'><strong>luminis-</strong></span> <span class='ocrx_word' id='word_1_676' title='bbox 3400 4547 3641 4609; x_wconf 73' lang='lat' dir='ltr'><strong>congregat</strong></span> 
     </span>
    </p>
   </div>
   <div class='ocr_carea' id='block_1_100' title="bbox 2115 4630 3639 4709">
    <p class='ocr_par' dir='ltr' id='par_1_100' title="bbox 2115 4630 3639 4709">
     <span class='ocr_line' id='line_1_100' title="bbox 2115 4630 3639 4709; baseline -0.009 -13"><span class='ocrx_word' id='word_1_677' title='bbox 2115 4650 2173 4696; x_wconf 71' lang='grc' dir='ltr'>ει</span> <span class='ocrx_word' id='word_1_678' title='bbox 2206 4639 2423 4709; x_wconf 84' lang='lat' dir='ltr'><strong>copulat</strong></span> <span class='ocrx_word' id='word_1_679' title='bbox 2471 4638 2822 4700; x_wconf 82' lang='lat' dir='ltr'><strong>illuminatos,</strong></span> <span class='ocrx_word' id='word_1_680' title='bbox 2866 4636 3181 4706; x_wconf 85' lang='lat' dir='ltr'><strong>perlicitque</strong></span> <span class='ocrx_word' id='word_1_681' title='bbox 3241 4650 3354 4700; x_wconf 89' lang='lat' dir='ltr'><strong>eos,</strong></span> <span class='ocrx_word' id='word_1_682' title='bbox 3408 4644 3472 4703; x_wconf 48' lang='lat' dir='ltr'><strong>et,</strong></span> <span class='ocrx_word' id='word_1_683' title='bbox 3501 4634 3556 4685; x_wconf 82' lang='lat' dir='ltr'><strong>ad</strong></span> <span class='ocrx_word' id='word_1_684' title='bbox 3604 4630 3639 4683; x_wconf 84' lang='lat' dir='ltr'><strong>id</strong></span> 
     </span>
    </p>
   </div>
   <div class='ocr_carea' id='block_1_101' title="bbox 2114 4724 3640 4802">
    <p class='ocr_par' dir='ltr' id='par_1_101' title="bbox 2114 4724 3640 4802">
     <span class='ocr_line' id='line_1_101' title="bbox 2114 4724 3640 4802; baseline -0.005 -20"><span class='ocrx_word' id='word_1_685' title='bbox 2114 4733 2256 4802; x_wconf 87' lang='lat' dir='ltr'><strong>quod</strong></span> <span class='ocrx_word' id='word_1_686' title='bbox 2320 4745 2444 4784; x_wconf 86' lang='lat' dir='ltr'><strong>vere</strong></span> <span class='ocrx_word' id='word_1_687' title='bbox 2502 4740 2624 4796; x_wconf 72' lang='lat' dir='ltr'><strong>est,</strong></span> <span class='ocrx_word' id='word_1_688' title='bbox 2667 4737 2959 4793; x_wconf 84' lang='lat' dir='ltr'><strong>convertit,</strong></span> <span class='ocrx_word' id='word_1_689' title='bbox 3014 4743 3044 4781; x_wconf 90' lang='lat' dir='ltr'><strong>a</strong></span> <span class='ocrx_word' id='word_1_690' title='bbox 3124 4724 3640 4795; x_wconf 77' lang='lat' dir='ltr'><strong>multis~0pinatioui-</strong></span> 
     </span>
    </p>
   </div>
   <div class='ocr_carea' id='block_1_102' title="bbox 2129 4819 3640 4888">
    <p class='ocr_par' dir='ltr' id='par_1_102' title="bbox 2129 4819 3640 4888">
     <span class='ocr_line' id='line_1_102' title="bbox 2129 4819 3640 4888; baseline -0.009 -10"><span class='ocrx_word' id='word_1_691' title='bbox 2129 4824 2230 4878; x_wconf 90' lang='lat' dir='ltr'><strong>bus</strong></span> <span class='ocrx_word' id='word_1_692' title='bbox 2263 4836 2356 4877; x_wconf 87' lang='lat' dir='ltr'><strong>eos</strong></span> <span class='ocrx_word' id='word_1_693' title='bbox 2388 4835 2668 4882; x_wconf 84' lang='lat' dir='ltr'><strong>revocans,</strong></span> <span class='ocrx_word' id='word_1_694' title='bbox 2696 4835 2760 4873; x_wconf 88' lang='lat' dir='ltr'><strong>ac</strong></span> <span class='ocrx_word' id='word_1_695' title='bbox 2791 4822 2973 4873; x_wconf 87' lang='lat' dir='ltr'><strong>varios</strong></span> <span class='ocrx_word' id='word_1_696' title='bbox 3028 4828 3303 4888; x_wconf 85' lang='lat' dir='ltr'><strong>aspectus,</strong></span> <span class='ocrx_word' id='word_1_697' title='bbox 3340 4819 3418 4871; x_wconf 87' lang='lat' dir='ltr'><strong>vel</strong></span> <span class='ocrx_word' id='word_1_698' title='bbox 3472 4827 3523 4870; x_wconf 89' lang='lat' dir='ltr'><strong>ut</strong></span> <span class='ocrx_word' id='word_1_699' title='bbox 3553 4830 3640 4868; x_wconf 76' lang='lat' dir='ltr'><strong>ma-</strong></span> 
     </span>
    </p>
   </div>
   <div class='ocr_carea' id='block_1_103' title="bbox 2127 4914 3641 4985">
    <p class='ocr_par' dir='ltr' id='par_1_103' title="bbox 2127 4914 3641 4985">
     <span class='ocr_line' id='line_1_103' title="bbox 2127 4914 3641 4985; baseline -0.004 -18"><span class='ocrx_word' id='word_1_700' title='bbox 2127 4918 2210 4985; x_wconf 82' lang='lat' dir='ltr'><strong>gis</strong></span> <span class='ocrx_word' id='word_1_701' title='bbox 2244 4915 2457 4984; x_wconf 86' lang='lat' dir='ltr'><strong>proprie</strong></span> <span class='ocrx_word' id='word_1_702' title='bbox 2498 4914 2695 4977; x_wconf 88' lang='lat' dir='ltr'><strong>dicam,</strong></span> <span class='ocrx_word' id='word_1_703' title='bbox 2762 4914 2923 4967; x_wconf 74' lang='lat' dir='ltr'><strong>varia</strong></span> <span class='ocrx_word' id='word_1_704' title='bbox 2951 4915 3063 4967; x_wconf 88' lang='lat' dir='ltr'><strong>visa</strong></span> <span class='ocrx_word' id='word_1_705' title='bbox 3127 4915 3183 4967; x_wconf 89' lang='lat' dir='ltr'><strong>in</strong></span> <span class='ocrx_word' id='word_1_706' title='bbox 3222 4929 3378 4967; x_wconf 85' lang='lat' dir='ltr'><strong>unam</strong></span> <span class='ocrx_word' id='word_1_707' title='bbox 3421 4927 3575 4965; x_wconf 77' lang='lat' dir='ltr'><strong>veram</strong></span> <span class='ocrx_word' id='word_1_708' title='bbox 3605 4918 3641 4961; x_wconf 86' lang='lat' dir='ltr'><strong>et</strong></span> 
     </span>
    </p>
   </div>
   <div class='ocr_carea' id='block_1_104' title="bbox 2129 5004 3641 5075">
    <p class='ocr_par' dir='ltr' id='par_1_104' title="bbox 2129 5004 3641 5075">
     <span class='ocr_line' id='line_1_104' title="bbox 2129 5004 3641 5075; baseline -0.004 -18"><span class='ocrx_word' id='word_1_709' title='bbox 2129 5022 2317 5075; x_wconf 87' lang='lat' dir='ltr'><strong>puram</strong></span> <span class='ocrx_word' id='word_1_710' title='bbox 2377 5020 2438 5059; x_wconf 91' lang='lat' dir='ltr'><strong>ac</strong></span> <span class='ocrx_word' id='word_1_711' title='bbox 2491 5006 2790 5074; x_wconf 85' lang='lat' dir='ltr'><strong>simplicem</strong></span> <span class='ocrx_word' id='word_1_712' title='bbox 2848 5006 3216 5074; x_wconf 78' lang='lat' dir='ltr'><strong>cogn&#39;tioncnt</strong></span> <span class='ocrx_word' id='word_1_713' title='bbox 3281 5004 3556 5061; x_wconf 78' lang='lat' dir='ltr'><strong>contrahit,</strong></span> <span class='ocrx_word' id='word_1_714' title='bbox 3603 5006 3641 5052; x_wconf 79' lang='lat' dir='ltr'><strong>et</strong></span> 
     </span>
    </p>
   </div>
   <div class='ocr_carea' id='block_1_105' title="bbox 2138 5093 3639 5167">
    <p class='ocr_par' dir='ltr' id='par_1_105' title="bbox 2138 5093 3639 5167">
     <span class='ocr_line' id='line_1_105' title="bbox 2138 5093 3639 5167; baseline -0.005 -16"><span class='ocrx_word' id='word_1_715' title='bbox 2138 5099 2691 5152; x_wconf 87' lang='lat' dir='ltr'><strong>unolumincunilico</strong></span> <span class='ocrx_word' id='word_1_716' title='bbox 2724 5098 2932 5167; x_wconf 85' lang='lat' dir='ltr'><strong>implet.</strong></span> <span class='ocrx_word' id='word_1_717' title='bbox 2976 5095 3169 5152; x_wconf 76' lang='lat' dir='ltr'><strong>lino—et</strong></span> <span class='ocrx_word' id='word_1_718' title='bbox 3190 5097 3475 5167; x_wconf 76' lang='lat' dir='ltr'><strong>Gregorius</strong></span> <span class='ocrx_word' id='word_1_719' title='bbox 3500 5093 3639 5146; x_wconf 73' lang='lat' dir='ltr'><strong>Theo-</strong></span> 
     </span>
    </p>
   </div>
   <div class='ocr_carea' id='block_1_106' title="bbox 1970 5212 2813 5282">
    <p class='ocr_par' dir='ltr' id='par_1_106' title="bbox 1970 5212 2813 5282">
     <span class='ocr_line' id='line_1_106' title="bbox 1970 5212 2813 5282; baseline 0.001 -14"><span class='ocrx_word' id='word_1_720' title='bbox 1970 5212 2037 5245; x_wconf 62' lang='lat' dir='ltr'><strong>‘l’</strong></span> <span class='ocrx_word' id='word_1_721' title='bbox 2056 5213 2251 5281; x_wconf 86' lang='lat' dir='ltr'><strong>Ephes.</strong></span> <span class='ocrx_word' id='word_1_722' title='bbox 2272 5231 2329 5280; x_wconf 82' lang='lat' dir='ltr'><strong>lt,</strong></span> <span class='ocrx_word' id='word_1_723' title='bbox 2359 5215 2423 5270; x_wconf 70' lang='lat'><strong>18</strong></span> <span class='ocrx_word' id='word_1_724' title='bbox 2448 5233 2463 5282; x_wconf 83' lang='lat'><strong>;</strong></span> <span class='ocrx_word' id='word_1_725' title='bbox 2493 5214 2647 5270; x_wconf 77' lang='lat' dir='ltr'><strong>Rom.</strong></span> <span class='ocrx_word' id='word_1_726' title='bbox 2680 5230 2732 5279; x_wconf 86' lang='grc' dir='ltr'><strong>ν,</strong></span> <span class='ocrx_word' id='word_1_727' title='bbox 2758 5212 2813 5269; x_wconf 74' lang='grc'><strong>2.</strong></span> 
     </span>
    </p>
   </div>
   <div class='ocr_carea' id='block_1_107' title="bbox 1934 5307 2219 5371">
    <p class='ocr_par' dir='ltr' id='par_1_107' title="bbox 1934 5307 2219 5371">
     <span class='ocr_line' id='line_1_107' title="bbox 1934 5307 2219 5371; baseline 0.018 -5"><span class='ocrx_word' id='word_1_728' title='bbox 1934 5307 2219 5371; x_wconf 74' lang='lat' dir='ltr'><strong>Schoba.</strong></span> 
     </span>
    </p>
   </div>
   <div class='ocr_carea' id='block_1_108' title="bbox 530 5404 2016 5479">
    <p class='ocr_par' dir='ltr' id='par_1_108' title="bbox 530 5404 2016 5479">
     <span class='ocr_line' id='line_1_108' title="bbox 530 5404 2016 5479; baseline 0.001 -19"><span class='ocrx_word' id='word_1_729' title='bbox 530 5408 604 5471; x_wconf 74' lang='grc' dir='ltr'><strong>(ι)</strong></span> <span class='ocrx_word' id='word_1_730' title='bbox 645 5404 760 5479; x_wconf 82' lang='lat' dir='ltr'><strong>lloe</strong></span> <span class='ocrx_word' id='word_1_731' title='bbox 790 5411 1076 5479; x_wconf 75' lang='lat' dir='ltr'><strong>contingit,</strong></span> <span class='ocrx_word' id='word_1_732' title='bbox 1102 5428 1224 5466; x_wconf 89' lang='lat' dir='ltr'><strong>eum</strong></span> <span class='ocrx_word' id='word_1_733' title='bbox 1274 5427 1465 5465; x_wconf 62' lang='lat' dir='ltr'><strong>sumtis</strong></span> <span class='ocrx_word' id='word_1_734' title='bbox 1517 5410 1706 5479; x_wconf 66' lang='lat' dir='ltr'><strong>eodem</strong></span> <span class='ocrx_word' id='word_1_735' title='bbox 1757 5425 1920 5462; x_wconf 86' lang='lat' dir='ltr'><strong>sensu</strong></span> <span class='ocrx_word' id='word_1_736' title='bbox 1961 5421 2016 5463; x_wconf 92' lang='lat' dir='ltr'><strong>ct</strong></span> 
     </span>
    </p>
   </div>
   <div class='ocr_carea' id='block_1_109' title="bbox 463 5476 2012 5551">
    <p class='ocr_par' dir='ltr' id='par_1_109' title="bbox 463 5476 2012 5551">
     <span class='ocr_line' id='line_1_109' title="bbox 463 5476 2012 5551; baseline -0.002 -18"><span class='ocrx_word' id='word_1_737' title='bbox 463 5476 756 5537; x_wconf 75' lang='lat' dir='ltr'><strong>senten&#39;ia.</strong></span> <span class='ocrx_word' id='word_1_738' title='bbox 812 5480 951 5535; x_wconf 74' lang='lat' dir='ltr'><strong>Sll‘ltl</strong></span> <span class='ocrx_word' id='word_1_739' title='bbox 984 5476 1294 5551; x_wconf 43' lang='lat' dir='ltr'><strong>Apostolus</strong></span> <span class='ocrx_word' id='word_1_740' title='bbox 1340 5481 1583 5548; x_wconf 73' lang='lat' dir='ltr'><strong>prrci-ipit</strong></span> <span class='ocrx_word' id='word_1_741' title='bbox 1630 5478 1668 5546; x_wconf 88' lang='grc'><strong>(1</strong></span> <span class='ocrx_word' id='word_1_742' title='bbox 1729 5479 1849 5533; x_wconf 87' lang='lat' dir='ltr'><strong>Cor.</strong></span> <span class='ocrx_word' id='word_1_743' title='bbox 1892 5496 1953 5551; x_wconf 13' lang='lat' dir='ltr'><strong>Vl,</strong></span> <span class='ocrx_word' id='word_1_744' title='bbox 1993 5480 2012 5530; x_wconf 88' lang='lat' dir='ltr'><strong>l</strong></span> 
     </span>
    </p>
   </div>
   <div class='ocr_carea' id='block_1_110' title="bbox 465 5550 2018 5620">
    <p class='ocr_par' dir='ltr' id='par_1_110' title="bbox 465 5550 2018 5620">
     <span class='ocr_line' id='line_1_110' title="bbox 465 5550 2018 5620; baseline 0.004 -24"><span class='ocrx_word' id='word_1_745' title='bbox 465 5558 677 5620; x_wconf 39' lang='lat' dir='ltr'><strong>seqq.”</strong></span> <span class='ocrx_word' id='word_1_746' title='bbox 732 5551 874 5620; x_wconf 78' lang='lat' dir='ltr'><strong>quoi</strong></span> <span class='ocrx_word' id='word_1_747' title='bbox 925 5550 1139 5617; x_wconf 66' lang='lat' dir='ltr'><strong>quitum</strong></span> <span class='ocrx_word' id='word_1_748' title='bbox 1197 5570 1290 5620; x_wconf 80' lang='lat' dir='ltr'><strong>per</strong></span> <span class='ocrx_word' id='word_1_749' title='bbox 1338 5552 1803 5617; x_wconf 76' lang='lat' dir='ltr'><strong>participationem</strong></span> <span class='ocrx_word' id='word_1_750' title='bbox 1850 5550 2018 5620; x_wconf 79' lang='lat' dir='ltr'><strong>divini</strong></span> 
     </span>
    </p>
   </div>
   <div class='ocr_carea' id='block_1_111' title="bbox 467 5616 2019 5687">
    <p class='ocr_par' dir='ltr' id='par_1_111' title="bbox 467 5616 2019 5687">
     <span class='ocr_line' id='line_1_111' title="bbox 467 5616 2019 5687; baseline 0.001 -19"><span class='ocrx_word' id='word_1_751' title='bbox 467 5616 698 5687; x_wconf 54' lang='lat' dir='ltr'><strong>luminis</strong></span> <span class='ocrx_word' id='word_1_752' title='bbox 729 5620 805 5680; x_wconf 90' lang='lat' dir='ltr'><strong>lit,</strong></span> <span class='ocrx_word' id='word_1_753' title='bbox 852 5616 1216 5687; x_wconf 71' lang='lat' dir='ltr'><strong>impletur-tne</strong></span> <span class='ocrx_word' id='word_1_754' title='bbox 1267 5616 1393 5674; x_wconf 85' lang='lat' dir='ltr'><strong>illud</strong></span> <span class='ocrx_word' id='word_1_755' title='bbox 1430 5622 1482 5673; x_wconf 86' lang='lat' dir='ltr'><strong>in</strong></span> <span class='ocrx_word' id='word_1_756' title='bbox 1519 5620 1811 5684; x_wconf 67' lang='lat' dir='ltr'><strong>l‘lvangulio</strong></span> <span class='ocrx_word' id='word_1_757' title='bbox 1850 5618 2019 5671; x_wconf 80' lang='lat' dir='ltr'><strong>Joan-</strong></span> 
     </span>
    </p>
   </div>
   <div class='ocr_carea' id='block_1_112' title="bbox 465 5683 2019 5799">
    <p class='ocr_par' dir='ltr' id='par_1_112' title="bbox 465 5683 2019 5799">
     <span class='ocr_line' id='line_1_112' title="bbox 465 5683 2019 5799; baseline 0.003 -61"><span class='ocrx_word' id='word_1_758' title='bbox 658 5683 725 5739; x_wconf 87' lang='lat' dir='ltr'><strong>Ut</strong></span> <span class='ocrx_word' id='word_1_759' title='bbox 766 5700 815 5742; x_wconf 69' lang='lat' dir='ltr'><strong>et</strong></span> <span class='ocrx_word' id='word_1_760' title='bbox 852 5683 948 5758; x_wconf 79' lang='lat' dir='ltr'><strong>ipsi</strong></span> <span class='ocrx_word' id='word_1_761' title='bbox 1002 5694 1053 5745; x_wconf 89' lang='lat' dir='ltr'><strong>itt</strong></span> <span class='ocrx_word' id='word_1_762' title='bbox 1106 5683 1260 5747; x_wconf 80' lang='lat' dir='ltr'><strong>nobis</strong></span> <span class='ocrx_word' id='word_1_763' title='bbox 1293 5708 1459 5745; x_wconf 77' lang='lat' dir='ltr'><strong>unum</strong></span> <span class='ocrx_word' id='word_1_764' title='bbox 1512 5694 1620 5744; x_wconf 87' lang='lat' dir='ltr'><strong>sint</strong></span> <span class='ocrx_word' id='word_1_765' title='bbox 1661 5688 1837 5759; x_wconf 75' lang='lat' dir='ltr'><strong>(lo-in.</strong></span> <span class='ocrx_word' id='word_1_766' title='bbox 1888 5705 2019 5754; x_wconf 75' lang='lat' dir='ltr'><strong>xm,</strong></span> 
     </span>
    </p>
   </div>
   <div class='ocr_carea' id='block_1_113' title="bbox 539 5828 2021 5899">
    <p class='ocr_par' dir='ltr' id='par_1_113' title="bbox 539 5828 2021 5899">
     <span class='ocr_line' id='line_1_113' title="bbox 539 5828 2021 5899; baseline 0 -16"><span class='ocrx_word' id='word_1_767' title='bbox 539 5828 613 5897; x_wconf 63' lang='grc' dir='ltr'><strong>μζ)</strong></span> <span class='ocrx_word' id='word_1_768' title='bbox 646 5828 877 5899; x_wconf 62' lang='lat' dir='ltr'><strong>Angelos</strong></span> <span class='ocrx_word' id='word_1_769' title='bbox 924 5832 1340 5888; x_wconf 71' lang='lat' dir='ltr'><strong>caecilcutibrcs</strong></span> <span class='ocrx_word' id='word_1_770' title='bbox 1364 5830 1495 5895; x_wconf 78' lang='lat' dir='ltr'><strong>dicit</strong></span> <span class='ocrx_word' id='word_1_771' title='bbox 1545 5830 1869 5886; x_wconf 65' lang='lat' dir='ltr'><strong>assii&#39;cmes</strong></span> <span class='ocrx_word' id='word_1_772' title='bbox 1911 5828 2021 5883; x_wconf 80' lang='lat' dir='ltr'><strong>Dce</strong></span> 
     </span>
    </p>
   </div>
   <div class='ocr_carea' id='block_1_114' title="bbox 2127 5408 3638 5481">
    <p class='ocr_par' dir='ltr' id='par_1_114' title="bbox 2127 5408 3638 5481">
     <span class='ocr_line' id='line_1_114' title="bbox 2127 5408 3638 5481; baseline -0.007 -17"><span class='ocrx_word' id='word_1_773' title='bbox 2127 5412 2430 5481; x_wconf 72' lang='lat' dir='ltr'><strong>(Damvnl,</strong></span> <span class='ocrx_word' id='word_1_774' title='bbox 2455 5423 2505 5466; x_wconf 88' lang='lat' dir='ltr'><strong>et</strong></span> <span class='ocrx_word' id='word_1_775' title='bbox 2526 5413 2747 5479; x_wconf 66' lang='lat' dir='ltr'><strong>angelos</strong></span> <span class='ocrx_word' id='word_1_776' title='bbox 2765 5412 3027 5466; x_wconf 85' lang='lat' dir='ltr'><strong>obeuntes</strong></span> <span class='ocrx_word' id='word_1_777' title='bbox 3046 5410 3491 5481; x_wconf 67' lang='lat' dir='ltr'><strong>ministeriarirra</strong></span> <span class='ocrx_word' id='word_1_778' title='bbox 3511 5408 3638 5457; x_wconf 66' lang='lat' dir='ltr'><strong>humi-</strong></span> 
     </span>
    </p>
   </div>
   <div class='ocr_carea' id='block_1_115' title="bbox 2130 5478 3633 5550">
    <p class='ocr_par' dir='ltr' id='par_1_115' title="bbox 2130 5478 3633 5550">
     <span class='ocr_line' id='line_1_115' title="bbox 2130 5478 3633 5550; baseline -0.001 -17"><span class='ocrx_word' id='word_1_779' title='bbox 2130 5478 2223 5536; x_wconf 83' lang='lat' dir='ltr'><strong>nes</strong></span> <span class='ocrx_word' id='word_1_780' title='bbox 2261 5484 2310 5534; x_wconf 90' lang='lat' dir='ltr'><strong>in</strong></span> <span class='ocrx_word' id='word_1_781' title='bbox 2348 5478 2669 5536; x_wconf 76' lang='lat' dir='ltr'><strong>ltuemundo</strong></span> <span class='ocrx_word' id='word_1_782' title='bbox 2696 5501 2707 5543; x_wconf 90' lang='lat'><strong>;</strong></span> <span class='ocrx_word' id='word_1_783' title='bbox 2746 5483 2809 5534; x_wconf 86' lang='lat' dir='ltr'><strong>ad</strong></span> <span class='ocrx_word' id='word_1_784' title='bbox 2841 5482 2935 5536; x_wconf 88' lang='lat' dir='ltr'><strong>bos</strong></span> <span class='ocrx_word' id='word_1_785' title='bbox 2970 5484 3197 5550; x_wconf 81' lang='lat' dir='ltr'><strong>pertinet</strong></span> <span class='ocrx_word' id='word_1_786' title='bbox 3229 5483 3352 5534; x_wconf 89' lang='lat' dir='ltr'><strong>illud</strong></span> <span class='ocrx_word' id='word_1_787' title='bbox 3384 5482 3431 5532; x_wconf 88' lang='lat' dir='ltr'><strong>in</strong></span> <span class='ocrx_word' id='word_1_788' title='bbox 3464 5478 3633 5529; x_wconf 68' lang='lat' dir='ltr'><strong>Delllt‘r-</strong></span> 
     </span>
    </p>
   </div>
   <div class='ocr_carea' id='block_1_116' title="bbox 2131 5553 3634 5621">
    <p class='ocr_par' dir='ltr' id='par_1_116' title="bbox 2131 5553 3634 5621">
     <span class='ocr_line' id='line_1_116' title="bbox 2131 5553 3634 5621; baseline -0.001 -17"><span class='ocrx_word' id='word_1_789' title='bbox 2131 5568 2275 5604; x_wconf 66' lang='grc' dir='ltr'>χχιιι</span> <span class='ocrx_word' id='word_1_790' title='bbox 2306 5568 2319 5601; x_wconf 90' lang='lat'><strong>:</strong></span> <span class='ocrx_word' id='word_1_791' title='bbox 2349 5553 2640 5604; x_wconf 89' lang='lat' dir='ltr'><strong>Constituit</strong></span> <span class='ocrx_word' id='word_1_792' title='bbox 2677 5554 2939 5604; x_wconf 83' lang='lat' dir='ltr'><strong>terminos</strong></span> <span class='ocrx_word' id='word_1_793' title='bbox 2965 5554 3203 5619; x_wconf 82' lang='lat' dir='ltr'><strong>gentium</strong></span> <span class='ocrx_word' id='word_1_794' title='bbox 3223 5553 3366 5619; x_wconf 75' lang='lat' dir='ltr'><strong>juxta</strong></span> <span class='ocrx_word' id='word_1_795' title='bbox 3403 5559 3634 5621; x_wconf 39' lang='lat' dir='ltr'><strong>unum&quot;?!</strong></span> 
     </span>
    </p>
   </div>
   <div class='ocr_carea' id='block_1_117' title="bbox 2129 5613 3635 5693">
    <p class='ocr_par' dir='ltr' id='par_1_117' title="bbox 2129 5613 3635 5693">
     <span class='ocr_line' id='line_1_117' title="bbox 2129 5613 3635 5693; baseline -0.001 -20"><span class='ocrx_word' id='word_1_796' title='bbox 2129 5621 2579 5687; x_wconf 61' lang='lat' dir='ltr'><strong>allgﬂltlrllm‘nt&#39;l.</strong></span> <span class='ocrx_word' id='word_1_797' title='bbox 2604 5623 2739 5693; x_wconf 76' lang='lat' dir='ltr'><strong>Elin</strong></span> <span class='ocrx_word' id='word_1_798' title='bbox 2779 5613 3024 5693; x_wconf 57' lang='lat' dir='ltr'><strong>Evangi-l.</strong></span> <span class='ocrx_word' id='word_1_799' title='bbox 3050 5613 3257 5693; x_wconf 67' lang='lat' dir='ltr'><strong>(Jlattli.</strong></span> <span class='ocrx_word' id='word_1_800' title='bbox 3296 5618 3438 5685; x_wconf 67' lang='lat' dir='ltr'><strong>uti!)</strong></span> <span class='ocrx_word' id='word_1_801' title='bbox 3462 5636 3474 5670; x_wconf 89' lang='lat'><strong>:</strong></span> <span class='ocrx_word' id='word_1_802' title='bbox 3495 5613 3635 5693; x_wconf 51' lang='lat' dir='ltr'><strong>una?“</strong></span> 
     </span>
    </p>
   </div>
   <div class='ocr_carea' id='block_1_118' title="bbox 2128 5692 3637 5759">
    <p class='ocr_par' dir='ltr' id='par_1_118' title="bbox 2128 5692 3637 5759">
     <span class='ocr_line' id='line_1_118' title="bbox 2128 5692 3637 5759; baseline -0.001 -15"><span class='ocrx_word' id='word_1_803' title='bbox 2128 5708 2315 5745; x_wconf 78' lang='lat' dir='ltr'><strong>eorum</strong></span> <span class='ocrx_word' id='word_1_804' title='bbox 2365 5707 2582 5759; x_wconf 66' lang='lat' dir='ltr'><strong>semper</strong></span> <span class='ocrx_word' id='word_1_805' title='bbox 2634 5692 2817 5743; x_wconf 68' lang='lat' dir='ltr'><strong>\‘ltltllll</strong></span> <span class='ocrx_word' id='word_1_806' title='bbox 2862 5692 3055 5743; x_wconf 79' lang='lat' dir='ltr'><strong>facient</strong></span> <span class='ocrx_word' id='word_1_807' title='bbox 3114 5692 3320 5756; x_wconf 76' lang='lat' dir='ltr'><strong>Patris;</strong></span> <span class='ocrx_word' id='word_1_808' title='bbox 3370 5692 3637 5745; x_wconf 62' lang='lat' dir='ltr'><strong>clanintasy</strong></span> 
     </span>
    </p>
   </div>
   <div class='ocr_carea' id='block_1_119' title="bbox 2128 5761 3067 5831">
    <p class='ocr_par' dir='ltr' id='par_1_119' title="bbox 2128 5761 3067 5831">
     <span class='ocr_line' id='line_1_119' title="bbox 2128 5761 3067 5831; baseline 0.004 -20"><span class='ocrx_word' id='word_1_809' title='bbox 2128 5780 2266 5831; x_wconf 77' lang='lat' dir='ltr'><strong>quas</strong></span> <span class='ocrx_word' id='word_1_810' title='bbox 2304 5761 2609 5817; x_wconf 83' lang='lat' dir='ltr'><strong>mundanas</strong></span> <span class='ocrx_word' id='word_1_811' title='bbox 2648 5769 2859 5817; x_wconf 83' lang='lat' dir='ltr'><strong>mentes</strong></span> <span class='ocrx_word' id='word_1_812' title='bbox 2889 5772 3067 5816; x_wconf 74' lang='lat' dir='ltr'><strong>vocat.</strong></span> 
     </span>
    </p>
   </div>
  </div>
