3860 6566
232 482 314 552 861

822 486 1062 551 DECAS
1105 490 1206 551 VI.
1250 518 1316 527 —
1353 489 1450 550 DE
1476 486 2128 551 APPARITIONIBUS
2166 491 2408 555 DIVlNl
2440 490 2790 554 LUMIle.

3324 479 3443 545 862

228 604 379 670 logus.
418 595 649 652 Alternis
682 598 900 669 quidem
944 602 1080 669 ipse,
1124 603 1318 673 inquit,
1375 604 1515 658 Deus
1535 613 1618 659 ρει.
1662 602 1747 655 lu-
1777 603 1820 657 Α
1851 612 1961 654 ιιιιη
1995 584 2264 660 bonorum
2304 607 2382 677 (l)
2428 606 2817 660 immutabilem
2866 600 3033 656 donat
3075 598 3273 667 dignis.
3334 597 3416 651 Ex

228 709 349 755 men,
371 701 419 745 et
447 707 546 743 non
580 692 891 756 aliu<.Quid
952 695 1095 748 enim
1127 711 1262 765 opus
1330 706 1448 750 erat
1507 693 1751 750 secundo

226 783 400 836 lumine
428 782 489 835 iis
528 783 617 851 qui
649 788 949 839 maximum
1010 786 1251 841 habent?
1305 788 1372 842 iis
1424 796 1605 841 autem
1643 781 1749 855 qui

223 884 331 929 sunt
382 873 536 938 infra,
566 884 618 927 et
656 875 861 930 circum
900 893 1023 942 nos,
1050 878 1277 946 primam
1310 878 1471 946 hujus
1530 878 1752 931 luminis

221 966 309 1018 vim
330 964 573 1031 ell'ulgere
609 962 757 1020 facit.
796 965 1006 1022 Rursus
1078 968 1220 1023 idem
1272 969 1326 1022 in
1380 969 1623 1024 secundo
1678 965 1754 1021 De

220 1055 447 1125 theologia
478 1056 613 1109 libro
646 1074 659 1111 :
703 1057 1009 1124 Quantum,
1036 1060 1233 1130 inquit,
1268 1071 1346 1114 est
1382 1061 1515 1114 illud
1545 1064 1752 1126 lumen,

220 1145 255 1201 si
286 1145 377 1199 hoc
419 1146 816 1202 considerasti?
864 1146 978 1203 Hoc
1026 1152 1106 1204 sol
1137 1159 1220 1205 est
1247 1151 1300 1204 iu
1327 1151 1394 1205 iis
1442 1166 1562 1221 qua:
1590 1166 1753 1207 sensu

221 1236 584 1307 percipiuntur,
641 1238 789 1306 quod
842 1248 927 1294 cst
974 1240 1066 1295 ille
1131 1241 1186 1294 in
1235 1240 1303 1296 iis
1358 1259 1482 1313 quae
1522 1242 1623 1297 sub
1675 1244 1757 1297 in-

218 1329 535 1399 telligentiam
565 1330 794 1394 radunt,
828 1330 969 1385 dixit
1003 1332 1227 1401 quidam
1268 1347 1333 1386 ex
1369 1333 1595 1387 exteris.
1660 1332 1754 1387 Sol

215 1421 337 1476 enim
361 1431 632 1489 aspectum
666 1422 958 1489 illuminat,
989 1422 1133 1478 sicut
1158 1424 1252 1478 ille
1317 1436 1597 1489 mentem;
1660 1426 1743 1481 sol

216 1522 285 1567 est
320 1513 711 1580 pulcherrimus
737 1529 803 1568 ex
836 1515 1092 1569 omnibus
1119 1531 1241 1584 qua:
1287 1526 1611 1580 cernuntur,
1677 1519 1757 1572 si—

214 1612 288 1656 cut
322 1601 403 1656 ille
436 1617 501 1656 ex
532 1604 791 1658 omnibus
815 1621 938 1674 quae
996 1605 1399 1675 intelliguntur.
1442 1606 1507 1663 Et
1554 1607 1749 1663 beatus

213 1692 656 1764 Chrysostomus:
688 1696 1005 1766 Splendeat,
1060 1699 1260 1767 inquit,
1292 1700 1450 1755 nobis
1503 1710 1759 1771 peccato-

215 1784 343 1838 ribus
368 1782 543 1838 lumen
569 1797 719 1839 tuum
753 1796 1015 1842 aeternum
1048 1807 1060 1853 ;
1104 1788 1288 1843 lumen
1323 1799 1587 1844 aeternum
1640 1805 1764 1846 om-

212 1873 321 1926 nino
350 1873 589 1943 intelligo
615 1876 879 1946 Spiritum
911 1888 1183 1945 sanctum,
1230 1881 1322 1950 qui
1374 1882 1645 1936 il'uminat
1705 1892 1759 1936 et

212 1965 491 2020 sanctiﬁcat
524 1969 744 2023 animas
780 1978 1022 2033 nostras,
1055 1972 1122 2025 de
1141 1986 1252 2040 quo
1274 1972 1570 2042 Apostolus
1606 1991 1619 2028 :
1652 1974 1759 2028 Mi-
1792 1953 1835 2009 Β

212 2054 288 2117 sit,
318 2057 504 2126 inquit,
544 2058 681 2112 Deus
707 2058 966 2129 Spiritum
999 2058 1129 2115 Filii
1159 2062 1243 2115 sui
1271 2062 1325 2114 in
1357 2062 1515 2114 corda
1549 2072 1758 2128 nostra,

210 2149 389 2204 Scilicet
423 2152 487 2205 ad
528 2151 948 2207 illuminandum
981 2169 1043 2207 ea
1062 2153 1184 2218 "";
1218 2170 1377 2222 quem
1409 2154 1638 2225 gratiam
1666 2154 1759 2210 Dei

211 2252 390 2296 vocat:
426 2239 560 2296 Dico
599 2255 797 2306 autem,
831 2244 1029 2313 inquit,
1070 2262 1160 2313 per
1210 2248 1437 2314 gratiam
1493 2245 1591 2299 Dei
1646 2263 1764 2316 qua:

209 2332 317 2385 data
344 2344 415 2387 est
449 2334 601 2399 mihi,
638 2337 876 2389 omnibus
896 2337 983 2405 qui
1014 2347 1135 2390 sunt
1162 2339 1297 2391 inter
1350 2353 1460 2399 vos,
1483 2354 1584 2391 non
1641 2338 1760 2406 plus

209 2438 385 2489 sapere,
429 2442 593 2495 quam
634 2437 833 2495 oportet
876 2444 1077 2495 sapere,
1135 2428 1225 2481 sed
1256 2444 1438 2495 sapere
1456 2429 1524 2480 ad
1566 2428 1762 2481 sobrie-

211 2522 347 2567 tatem
372 2515 437 2570 ”.
468 2516 542 2569 De
577 2531 685 2584 quo
702 2517 865 2571 etiam
899 2521 1156 2587 ιιιόιιιιριει
1192 2519 1354 2573 David
1381 2519 1549 2579 dixit:
1583 2519 1759 2572 Emit-

210 2612 250 2658 te
274 2603 426 2660 lucem
454 2619 628 2671 luant,
663 2618 711 2661 et
739 2611 1004 2663 ueritatem
1034 2620 1179 2665 tuam
1208 2611 1273 2677 ",
1325 2624 1381 2666 et
1414 2611 1501 2665 ειη
1564 2612 1762 2666 lumine

208 2706 283 2753 tuo
295 2700 581 2755 videbimus
599 2702 843 2756 lumen".
868 2703 1071 2757 Lumen
1091 2706 1233 2758 enim
1254 2714 1338 2759 est
1356 2703 1549 2770 Filius,
1576 2706 1761 2761 lumen

206 2802 273 2847 est
296 2793 525 2861 Spiritus
558 2803 805 2859 sanctus,
844 2794 1025 2849 lumen
1054 2806 1139 2849 est
1188 2794 1370 2851 Pater.
1414 2795 1556 2863 Quin
1594 2798 1759 2852 etiam

208 2881 251 2936 in
283 2883 619 2950 quotidianis
667 2885 1120 2954 precationibus:
1186 2884 1423 2951 Christe,
1480 2887 1759 2957 inquiunt,

206 2975 365 3028 lttmen
390 2992 607 3039 verum,
637 2977 729 3046 qui
760 2978 825 3031 ad
887 2978 1302 3032 illuminaudum
1336 2994 1555 3034 omnem
1587 2981 1764 3036 homi-

206 3082 311 3119 nem
335 3067 385 3121 in
426 3069 696 3122 mundum
721 3068 916 3123 venisti
964 3069 1034 3133 ⁸⁸,
1069 3070 1313 3140 signetur
1343 3086 1510 3141 super
1545 3087 1643 3126 nos
1675 3072 1762 3127 luo

204 3174 309 3213 men
342 3159 523 3215 vultus
539 3161 586 3193 ⁸⁷
617 3160 714 3226 tui,
749 3170 807 3215 ut
833 3160 895 3215 in
914 3176 978 3214 eo
1000 3161 1282 3218 videamus
1311 3157 1762 3219 lumeninacces—

204 3266 330 3315 sum,
361 3262 412 3305 et
441 3253 628 3306 lumen
665 3252 843 3307 laetum
870 3261 1073 3308 sancta:
1103 3254 1285 3324 gloriae
1308 3256 1631 3310 immortalis
1654 3254 1760 3311 Pa-

206 3346 309 3405 tris,
326 3344 570 3419 ccclesiis
590 3343 847 3412 Spiritus,
864 3343 1006 3398 beati
1024 3343 1175 3399 .lesu.
1196 3343 1333 3399 Cum
1359 3356 1578 3400 ventum
1596 3347 1761 3401 estad

203 3449 436 3490 occasum
460 3436 617 3499 solis,
645 3435 760 3489 viso
781 3435 984 3489 lumine
1004 3439 1335 3506 vespertino,
1363 3436 1646 3492 laudamus
1666 3438 1767 3499 Pas-

204 3536 346 3588 treut,
376 3537 429 3581 et
450 3527 1024 3597 Filium,etSpiritum
1054 3530 1410 3584 sanctum.Et
1433 3532 1648 3587 divinus
1668 3529 1766 3583 Da-

203 3634 500 3682 mascenus,
517 3622 569 3673 in
585 3621 942 3686 carminibus,
956 3620 1185 3685 Lumen,
1203 3624 1763 3693 inquit,immutabilc,

206 3709 428 3764 Verbum
468 3710 693 3766 luminis
710 3709 886 3765 Patris
916 3710 1141 3780 ingeniti
1170 3712 1221 3765 in
1248 3711 1451 3767 lumine
1482 3720 1575 3766 tuo
1607 3713 1767 3766 hodie

207 3800 310 3855 viso
356 3802 408 3856 in
435 3800 682 3868 Thabor,
721 3802 906 3857 lumen
955 3803 1196 3859 vidimus
1232 3804 1444 3858 Patrem
1474 3803 1680 3869 lumen,
1711 3816 1766 3862 et

202 3891 475 3959 Spiritum,
532 3893 929 3948 illuminantem
998 3910 1212 3950 omnem
1264 3905 1595 3951 creaturam.
1649 3900 1764 3952 ltllO

203 3995 250 4037 et
276 3983 570 4056 Gregorius
600 3984 947 4056 Theologus'.
980 3986 1037 4042 In
1081 3988 1307 4053 lumine,
1349 3989 1544 4059 inquit,
1575 3988 1764 4044 Domi-

204 4074 252 4128 ni
275 4076 389 4130 vide
418 4077 604 4131 lumen
641 4093 654 4129 :
681 4076 735 4130 in
767 4077 979 4147 Spiritu
1013 4078 1104 4132 Dei
1136 4076 1336 4133 Filium
1401 4082 1761 4149 amplectere.

206 4164 372 4219 lumen
397 4167 601 4221 trinum
627 4177 678 4221 et
727 4166 1079 4238 impartibile.
1122 4168 1187 4224 Et
1224 4179 1452 4226 sanctus
1494 4170 1764 4229 Maximus

207 4256 253 4308 in
276 4256 594 4327 Tlteologicis
622 4256 729 4328 (a):
754 4257 983 4323 Lumen,
1004 4259 1200 4330 inquit,
1229 4261 1450 4327 dicitur,
1472 4273 1526 4318 et
1547 4274 1673 4323 vita,
1711 4275 1766 4320 et

207 4353 550 4415 resurrectio,
585 4358 640 4405 et
664 4351 887 4413 veritas,
919 4352 1101 4407 lumen
1135 4354 1355 4422 quidem
1383 4364 1440 4410 ut
1503 4358 1763 4425 splendor

204 4441 517 4503 animarum,
555 4451 679 4497 etut
704 4445 1049 4498 tenebrarum
1087 4444 1407 4513 ignorantiae
1481 4450 1760 4518 estpulsor,

205 4545 248 4585 et
281 4548 337 4587 ut
363 4536 678 4590 illuminaus
719 4547 954 4590 tuentem
989 4540 1054 4589 ad
1085 4537 1498 4609 intelligendum
1536 4557 1758 4607 arcana,

1854 691 2053 761 quibus
2116 694 2173 746 lit
2237 694 2613 759 manifestum,
2663 694 2805 763 quod
2861 705 3022 745 omne
3072 687 3251 744 lumen
3304 688 3423 743 sive

1853 784 2076 848 sensile,
2102 784 2217 838 slve
2248 786 2559 841 intellectile
2596 802 2659 839 ex
2697 800 2828 839 vero
2859 791 2911 837 et
2942 797 3108 851 supra
3157 780 3431 834 substan-

1855 875 1981 929 tiam
2018 877 2223 930 lumine
2245 876 2477 947 rel‘ulget
2510 895 2523 931 :
2559 887 2611 931 et
2644 877 2785 948 quod
2810 877 2952 931 Deus
2976 875 3181 929 dicitur
3223 871 3414 924 lumen

1855 967 2187 1031 intellectile,
2240 968 2366 1037 quia
2425 984 2489 1023 ex
2546 966 2887 1038 plenitudine
2933 980 3029 1020 sua
3111 960 3432 1017 universum

1854 1058 2114 1111 mundum
2141 1059 2209 1112 ab
2239 1057 2553 1127 ignorantia
2575 1058 2917 1120 abstrahens,
2962 1055 3028 1109 ad
3055 1054 3431 1124 cognitionem

1855 1149 1939 1202 sui
1966 1150 2257 1213 convertit,
2288 1159 2344 1206 et
2377 1166 2485 1203 uno
2519 1148 2723 1203 lumine
2742 1146 3177 1215 unili'roimplet,
3205 1144 3437 1199 demon-

1857 1248 2087 1295 stratum
2123 1241 2327 1312 alioqui
2361 1249 2466 1304 est,
2502 1230 2772 1311 quodper
2801 1253 2961 1293 omne
2983 1239 3189 1297 ltimen.
3213 1245 3267 1290 et
3286 1232 3434 1305 quod

1855 1332 2197 1398 cernitur,‘et
2237 1334 2379 1404 quod
2443 1333 2807 1401 deprecamur
2867 1329 3079 1406 signari
3122 1343 3285 1398 super
3337 1338 3438 1380 nos

1857 1439 1922 1478 ex
1964 1423 2144 1478 divina
2183 1422 2321 1479 facie
2351 1423 2607 1488 Domini,
2657 1422 2724 1477 ad
2780 1421 2925 1476 aliud
2983 1420 3167 1473 lumen
3218 1415 3437 1472 intelle-

1857 1513 1985 1568 ctile
2014 1523 2068 1568 et
2099 1513 2440 1568 inaccessum
2474 1511 2620 1580 quod
2653 1513 2707 1565 in
2745 1509 2924 1568 Patre.
2948 1517 3003 1563 et
3035 1506 3195 1566 Filio,
3238 1513 3292 1559 et
3312 1501 3436 1572 Spi-

1858 1603 1965 1657 ritu
1994 1610 2187 1658 saneto
2215 1602 2679 1672 contemplamur,
2714 1600 3061 1661 adducimur,
3086 1604 3144 1650 ut
3176 1597 3282 1663 iam
3324 1609 3427 1663 per

1860 1694 2065 1749 lumina
2119 1709 2239 1764 qua:
2278 1695 2568 1760 videntur,
2647 1702 2859 1763 etquae
2910 1689 3312 1755 intelliguntur,
3369 1684 3438 1739 ad

1859 1799 2023 1838 unam
2050 1784 2437 1853 cogitationem
2473 1798 2819 1844 revocemur,
2857 1795 3024 1850 supra
3051 1792 3215 1834 omne
3254 1775 3437 1830 lumen

1863 1882 1917 1929 et
1946 1889 2163 1929 omnem
2186 1875 2601 1947 intelligentiam
2635 1889 2756 1929 esse
2805 1872 2998 1927 Deum.

2499 1964 2728 2022 CAPUT
2755 1964 2825 2021 Χ.

1869 2057 2023 2124 Quod
2049 2058 2253 2135 divinus
2277 2057 2502 2129 Moyses,
2520 2068 2571 2135 et
2590 2060 2637 2135 ei
2654 2058 2849 2135 similes
2879 2059 3056 2135 omnia
3098 2056 3440 2135 (trutina-si-

1935 2144 1991 2182 ve
2020 2128 2115 2180 sub
2162 2126 2386 2183 sensum'
2430 2130 2696 2193 cadentia,
2728 2134 2833 2182 sive
2888 2130 2982 2181 sub
3036 2126 3440 2194 intelligentiam

1934 2198 2301 2265 relinquentes,
2321 2201 2378 2251 in
2406 2199 2684 2268 caliginem
2730 2197 3212 2268 splendidissimum
3266 2196 3443 2263 ingre-

1934 2269 2175 2333 diuntur,
2209 2271 2438 2322 iuunum
2480 2265 2597 2322 cum
2643 2268 2856 2334 inﬁnito
2900 2267 3004 2321 Deo
3033 2282 3124 2336 per
3183 2265 3441 2335 ignoran-

1939 2339 2069 2393 tiam
2097 2351 2145 2392 et
2179 2339 2312 2392 nihil
2339 2338 2561 2393 videndo
2598 2336 2854 2406 copulati.

1934 2428 2159 2498 Magnus
2187 2428 2500 2500 Dionysius,
2534 2431 2588 2483 in
2615 2430 2755 2484 libro
2797 2428 2868 2482 De
2888 2427 3110 2498 mystica
3155 2426 3442 2495 theologia,

1862 2512 1983 2590 cap.
2017 2523 2239 2591 primo:
2282 2521 2373 2576 Sic
2398 2522 2585 2592 igitur,
2650 2521 2847 2591 inquit,
2871 2521 3093 2574 divinus
3152 2518 3444 2573 Bartholo-

1863 2633 2033 2671 maius
2058 2616 2217 2677 dixit,
2271 2615 2498 2669 multam
2527 2627 2650 2669 esse
2720 2611 3073 2680 theologiam,
3134 2620 3187 2665 et
3229 2611 3447 2680 perexi-

1864 2725 2054 2779 gttam;
2087 2716 2141 2762 et
2172 2706 2529 2777 Evangelium
2562 2718 2680 2759 esse
2743 2703 2912 2757 latum
2946 2712 2998 2757 et
3050 2717 3331 2773 magnum,
3389 2711 3446 2756 et

1865 2813 2057 2852 rursus
2092 2840 2106 2862 ,
2163 2797 2439 2853 concisum
2490 2811 2609 2851 esse
2652 2794 2783 2850 illud
2839 2793 3024 2848 divino
3083 2793 3297 2863 ingenio
3332 2808 3354 2860 ;
3388 2802 3450 2847 ut

1863 2891 1996 2945 mihi
2020 2889 2252 2954 videtur,
2282 2888 2574 2952 intellexit,
2594 2888 2738 2958 quod
2776 2887 2915 2941 bona
2946 2887 3194 2940 omnium
3254 2899 3444 2939 rerum

1861 2997 2024 3038 causa
2052 2992 2134 3037 e31
2160 2981 2379 3053 quidem
2408 2979 2615 3051 copiosi
2647 2978 2934 3043 sermonis,
2961 2985 3015 3032 et
3057 2977 3220 3032 simul
3258 2976 3442 3030 brevis

1862 3089 1926 3128 ac
1965 3074 2168 3128 nullius
2197 3074 2496 3135 sermonis,
2522 3081 2710 3141 utpote
2744 3085 2863 3139 quae
2915 3083 3094 3138 neque
3147 3068 3278 3132 dici,
3338 3081 3441 3121 nec

1862 3165 2083 3236 intelligi
2117 3175 2302 3235 queat,
2333 3166 2460 3236 quia
2492 3164 2765 3219 universis
2805 3162 3004 3217 creatis
3034 3162 3251 3216 excellit
3284 3175 3448 3228 supra

1790 3288 1833 3346 ε
1866 3259 2262 3324 substantiam;
2305 3267 2361 3313 et
2395 3258 2523 3327 quia
2555 3256 2669 3310 sola
2709 3257 2829 3311 sine
2859 3252 3225 3323 operimentis
3244 3261 3297 3306 et
3351 3267 3451 3305 ve-

1874 3367 1930 3407 re
1955 3352 2261 3406 ostenditur
2283 3349 2351 3405 iis
2374 3349 2467 3419 qui
2504 3359 2703 3405 cuncta
2741 3361 2863 3418 qua:
2906 3345 3144 3415 impura,
3217 3358 3451 3412 qumque

1871 3461 2006 3516 pura
2036 3452 2186 3508 sunt,
2210 3449 2631 3513 pertranseunt;
2661 3449 2713 3495 et
2740 3441 2831 3510 qui
2871 3453 3088 3493 omnem
3138 3451 3437 3491 ascensum

1870 3537 1937 3592 ad
1968 3551 2030 3591 ea
2062 3551 2182 3604 (ωδε
2212 3543 2361 3600 sunt,
2394 3545 2585 3589 sancta
2619 3542 2672 3589 ΘΙ.
2728 3546 2965 3593 summa,
3026 3537 3288 3597 superant
3322 3544 3336 3591 ;
3396 3535 3451 3581 et

1873 3629 2056 3683 omnia
2089 3628 2274 3682 divina
2303 3626 2531 3692 lumina,
2555 3634 2609 3679 et
2643 3639 2831 3690 sonos,
2859 3633 2913 3677 et
2939 3636 3223 3677 sermones
3278 3619 3447 3675 caele-

1872 3733 1983 3777 stes
2014 3720 2352 3790 relinquunt,
2378 3728 2431 3773 et
2467 3718 2523 3772 in
2559 3717 2855 3786 caliginem
2906 3712 3305 3783 ingrediuntur,
3356 3711 3449 3765 ubi

1872 3828 1997 3867 vere
2027 3822 2131 3872 est,
2159 3813 2302 3866 sicut
2332 3812 2409 3865 ait
2430 3809 2739 3878 Scriptura,
2774 3808 2879 3873 Qui
2909 3816 2984 3860 est
3021 3804 3167 3858 ultra
3199 3802 3449 3866 omnia“;

1873 3919 1981 3958 non
2011 3903 2155 3956 enim
2182 3901 2504 3971 simpliciter
2542 3901 2624 3968 (a)
2675 3899 2897 3954 divinus
2957 3895 3171 3966 Moyses
3215 3894 3449 3963 primum

1868 3996 2089 4065 iubetur
2120 4003 2177 4048 ut
2215 4009 2277 4050 se
2314 4002 2595 4063 repurget,
2628 3991 2825 4047 deinde
2859 3998 2917 4044 ut
2980 4004 3038 4044 se
3068 4003 3096 4042 a
3122 4001 3228 4040 non
3264 3998 3455 4055 repur-a

1870 4088 2013 4159 gatis
2036 4097 2251 4158 separet
2293 4097 2384 4153 ;et
2414 4096 2537 4156 post
2561 4101 2779 4141 omnem
2828 4080 3272 4152 repnrgationmu
3349 4092 3452 4131 au-

1870 4181 2293 4237 ditmulttsonas
2325 4180 2507 4244 tubas,
2548 4192 2612 4233 ac
2637 4177 2783 4232 videt
2848 4175 3023 4229 multa
3085 4173 3292 4225 lumina
3350 4186 3453 4237 pu-

1871 4288 1963 4328 ros
1991 4282 2045 4328 et
2071 4272 2399 4343 multiplices
2432 4272 2615 4326 radios
2641 4268 2910 4339 jacieutia
2938 4283 2953 4322 :
3011 4272 3198 4335 postea
3228 4278 3255 4315 a
3307 4261 3455 4330 vulgi

1872 4367 2220 4424 multitudine
2243 4374 2547 4434 separatur,
2580 4372 2635 4417 et
2668 4377 2791 4416 cum
2840 4359 3031 4414 electis
3075 4355 3455 4411 sacerdOtibus

1875 4463 1944 4517 ad
1968 4476 2245 4515 summum
2291 4458 2570 4529 fastigium
2609 4457 2918 4509 divinorum
2967 4467 3294 4508 ascensnum
3330 4466 3456 4504 eva-

1870 4555 1981 4619 dit;
2024 4553 2117 4607 sed
2153 4553 2419 4607 hactenus
2445 4551 2684 4605 nondum
2710 4557 2797 4602 est
2828 4562 2950 4602 cum
2986 4547 3106 4617 ipso
3159 4545 3296 4608 Deo,
3354 4557 3457 4597 ure

204 4632 252 4677 rt
268 4628 556 4682 ostendens
590 4630 873 4698 mysteria,
908 4644 1028 4697 quae
1047 4629 1199 4699 puris
1237 4639 1446 4685 tantum
1504 4644 1758 4702 aspecta-
1796 4639 1844 4698 1)
1870 4661 1994 4700 eum
2022 4642 2635 4713 videt-(inaspectabilis
2658 4641 2804 4694 enim
2834 4637 2963 4708 εει),
3005 4638 3098 4694 sed
3137 4636 3320 4690 locum
3373 4633 3456 4687 vi-

208 4715 320 4770 lnilia
358 4730 526 4784 sunt;
556 4718 665 4771 vita
699 4729 878 4774 autem
928 4720 1154 4785 dicitur,
1206 4723 1333 4789 quia
1384 4724 1583 4779 animis
1642 4741 1765 4794 quae

206 4801 481 4861 Dominum
515 4807 770 4876 diligunt,
805 4819 1004 4862 motuin
1049 4826 1143 4866 eas
1172 4811 1455 4866 dcceutem
1501 4813 1553 4867 in
1603 4818 1769 4871 rebus

207 4895 394 4951 divinis
435 4898 674 4967 piacbet;
716 4901 1043 4955 resurrectio
1102 4912 1283 4957 autem
1339 4915 1585 4969 vocatur,
1636 4908 1765 4975 quia

209 5002 431 5048 mentem
463 4995 531 5047 ab
576 4994 865 5050 aﬂectione
923 5007 1141 5053 mortua
1199 5002 1381 5053 rerum
1427 5002 1763 5057 eaducaruiu

207 5085 416 5149 excitat,
436 5098 487 5142 et
510 5088 578 5141 ab
606 5088 755 5141 οιιιιιί
786 5105 980 5157 genere
1024 5091 1391 5161 corruptionis
1423 5105 1477 5147 et
1512 5094 1766 5151 interitus

210 5171 420 5229 liberam
438 5186 490 5232 ct
517 5194 710 5247 puram
745 5181 1183 5246 reddit;~veritas
1215 5198 1364 5249 vero,
1424 5187 1551 5256 quia
1612 5188 1767 5243 habi-

275 5339 357 5370 ωσι
400 5341 574 5396 cam.
623 5359 695 5405 ιν,
742 5342 794 5396 6,
874 5344 918 5374 ³³
972 5341 1128 5397 Boot.
1160 5360 1257 5411 xu,
1291 5344 1345 5402 5.

210 5408 261 5462 7.
334 5412 374 5445 ⁸⁸
442 5411 640 5482 Eplies.
704 5429 778 5478 tv,
832 5414 886 5470 6.

1873 4736 1986 4795 det.
2023 4735 2114 4789 ubi
2164 4736 2351 4799 stetit;
2409 4739 2514 4788 hoc
2587 4742 2769 4787 autem
2821 4731 3075 4785 existimo
3123 4726 3453 4797 signiﬁcare,

1875 4825 2217 4880 divinissima
2251 4832 2304 4879 et
2356 4840 2568 4878 sunnna
2624 4839 2817 4877 eorum
2869 4837 2993 4891 (μιω
3048 4828 3349 4875 cernuntur
3392 4827 3448 4871 et

1874 4918 2272 4985 intelliguntur,
2302 4930 2589 4971 sermones
2622 4914 2893 4984 quosdam
2963 4928 3107 4985 esse,
3131 4911 3223 4980 qui
3276 4908 3456 4977 subji-

1873 5011 2024 5065 ciunt
2046 5009 2211 5062 menti
2242 5009 2332 5062 illa
2359 5012 2490 5078 qua!
2514 5019 2643 5061 sunt
2678 5007 2925 5074 subjecta
2961 5022 3026 5060 ac
3060 5003 3342 5072 supposita
3402 4999 3451 5055 ei

1874 5101 1966 5170 qui
1994 5100 2268 5153 universis
2291 5099 2600 5161 antecellit;
2661 5099 2862 5167 quibus
2892 5097 3184 5165 praesentia
3250 5094 3447 5161 ipsius,

1874 5209 1995 5262 quae
2020 5208 2238 5248 omnem
2271 5193 2661 5261 cogitationem
2708 5190 2908 5245 mentis
2944 5190 3135 5250 vineit,
3196 5185 3440 5240 declara.

1421 5347 1467 5378 ⁸¹δ
1500 5347 1644 5403 Psal.
1681 5367 1760 5407 xu

1871 5355 1899 5409 ἱ.
1976 5356 2020 5386 ³⁵
2096 5355 2236 5409 l’sal.
2268 5369 2430 5417 xxxv,
2490 5351 2578 5406 10.
2656 5351 2702 5382 ⁸⁸
2731 5348 2893 5405 Joan.
2926 5365 2964 5411 ι,
2991 5349 3044 5402 9.
3120 5348 3164 5378 ⁸⁷
3198 5343 3342 5399 Psal.
3376 5360 3453 5414 tv,

1671 5515 1940 5578 Schoha.

280 5606 351 5687 (l)
388 5607 639 5687 Habitum
671 5609 793 5687 ﬁdei
843 5618 896 5665 et
941 5612 1203 5687 virtutum
1252 5616 1417 5681 dicit;
1474 5618 1598 5687 quia
1636 5618 1769 5672 lides

214 5682 513 5733 credentem
552 5684 730 5733 lirmat
772 5682 822 5733 in
862 5683 1107 5742 veritate,
1137 5694 1189 5737 et
1233 5682 1510 5739 veritatem]
1559 5691 1609 5740 in
1642 5706 1764 5741 crc-

216 5745 386 5815 dtule,
422 5750 643 5821 Dianys.
679 5752 731 5805 itt
769 5750 943 5806 Dicin.
980 5758 1178 5807 numin.
1212 5773 1333 5824 cap.
1372 5761 1422 5820 7,
1458 5758 1595 5813 llltd.‘
1626 5760 1766 5829 Apo-

287 5886 360 5958 (α)
386 5890 441 5946 In
476 5892 648 5950 liccat.
687 5893 985 5965 theologica
1016 5896 1070 5964 εὶ,
1094 5914 1211 5967 t‘np.
1248 5897 1332 5953 70.

1879 5621 2050 5674 stolus
2109 5621 2477 5675 sul-stantiam
2539 5621 2752 5672 voravit
2814 5631 2993 5670 rerum
3052 5615 3448 5682 sperandarum

1878 5691 2067 5761 (Hebr.
2110 5708 2167 5751 ιι.
2208 5693 2280 5760 1).
2315 5698 2363 5744 id
2405 5701 2491 5745 est
2522 5694 2947 5744 lirmatnentmn.

1953 5898 2022 5970 ib)
2056 5899 2107 5953 ll
2146 5908 2227 5953 est
2261 5898 2414 5969 quasi
2456 5897 2588 5961 nihil
2619 5896 2766 5951 aliud
2795 5894 3135 5966 signiﬁcetur
