3860 6534
2246 269 2288 288 .-

440 409 551 475 853
1607 407 1795 469 JOAN
1809 406 1881 467 Nl
1895 409 1935 468 S
1970 405 2156 469 CYPA
2169 405 2545 468 lilSSlO'l'E
3569 413 3657 475 Sili

447 536 534 574 iur
556 520 814 574 insistens
855 528 1113 589 tanquam
1146 517 1202 573 in
1243 518 1496 590 vestigiis
1556 521 1791 577 summis
1844 522 2010 576 intel—
2042 532 2089 588 Α
2117 523 2231 588 Dei,
2256 532 2310 577 et
2346 522 2525 592 ignem
2559 520 2689 575 item
2724 518 3017 590 imaginem
3053 517 3186 585 Dei;
3218 530 3273 575 et
3304 535 3334 575 a
3398 521 3660 576 nobilium.

444 614 681 669 luctibus
698 614 942 668 locorum
964 608 1082 685 ejus
1107 611 1580 668 sanctissimorum
1613 630 1627 667 :
1662 629 1726 670 ac
1778 622 1911 669 tunc
1939 616 2010 670 ab
2101 614 2229 677 bus,
2251 626 2310 668 ut
2339 612 2457 668 sole
2497 621 2552 667 et
2575 611 2805 677 lumine,
2841 612 3074 681 imponit
3111 610 3221 667 Deo
3254 628 3450 667 nomen
3509 613 3655 668 lumi-

443 708 647 779 iisquze
678 707 949 771 videntur,
974 714 1030 761 et
1050 706 1118 762 ab
1142 707 1210 762 iis
1239 706 1328 776 qui
1358 705 1562 770 vident,
1622 706 1912 764 absolutus
1957 718 2013 764 et

442 799 756 870 expeditus,
777 800 831 852 in
874 798 1162 867 caliginem
1203 813 1327 852 vere
1344 799 1629 870 mysticam
1681 797 2007 870 ignorantiae

444 891 773 961 ingreditur,
800 889 854 944 in
880 906 986 961 qua
1020 888 1253 958 mystica
1286 891 1520 961 caligine
1539 905 1733 947 omnes
1762 893 2014 947 notiones

442 983 704 1048 excludit,
732 983 856 1038 etin
892 981 1117 1054 ipsoqui
1151 982 1402 1037 funditus
1434 999 1611 1053 neque
1631 983 1801 1054 tangi,
1836 1000 2016 1053 neque

445 1079 611 1131 videri
648 1087 848 1147 potest,
883 1076 1074 1142 haeret,
1106 1075 1285 1133 factus
1336 1085 1484 1132 totus
1511 1077 1685 1146 ipsius
1715 1079 1809 1147 qui
1869 1079 2016 1133 ultra

442 1168 629 1223 oumia
647 1178 753 1233 est,
786 1185 965 1239 neque
984 1185 1139 1236 suus,
1174 1183 1276 1224 nec
1305 1170 1471 1225 ullius
1493 1169 1739 1236 alterius,
1766 1185 1888 1225 cum
1946 1186 2016 1237 eo

440 1274 618 1315 autem
654 1262 854 1331 quiest
896 1262 1111 1331 penitus
1162 1260 1494 1331 incognitus.
1543 1276 1642 1332 per
1671 1264 2012 1327 vacationem

440 1352 620 1409 oumis
688 1350 1036 1423 cognitionis.
1115 1351 1415 1406 secundum
1452 1351 1727 1408 meliorem
1801 1362 2009 1422 partem

441 1443 751 1512 copulatus.
817 1441 885 1497 Et
937 1442 1234 1513 Gregorius
1286 1441 1596 1514 'l‘heologus
1627 1443 1679 1497 in
1765 1444 2015 1499 oratione

442 1528 510 1582 de
575 1527 891 1598 baptismo:
940 1528 1102 1596 Deus,
1135 1530 1330 1598 inquit,
1405 1540 1491 1587 est
1517 1532 1700 1587 lumen
1728 1548 2008 1587 summum

440 1627 497 1672 et
550 1618 912 1684 inaccessum,
984 1618 1130 1688 quod
1193 1634 1368 1690 neque
1390 1628 1571 1677 mente
1599 1622 2009 1693 comprehendi,

441 1723 620 1778 neque
663 1713 910 1765 oratione
952 1713 1198 1782 expromi
1249 1720 1446 1782 potest,
1503 1714 2010 1784 quodqueomueiu

440 1796 693 1856 nituram
770 1802 1003 1859 rationis
1064 1803 1384 1873 participem
1442 1804 1787 1861 illuminandi
1848 1806 2011 1862 habet

444 1891 790 1946 favultatem:
866 1892 972 1948 hoc
1050 1893 1236 1949 estin
1298 1893 1366 1951 lis
1431 1911 1554 1965 qua!
1608 1894 2006 1965 intelliguntur,

444 1983 593 2050 quod
655 1983 735 2040 sol
772 1983 823 2039 in
917 1984 986 2039 iis
1009 2000 1133 2054 qum
1156 1958 1481 2042 sentiuntur.
1508 1986 1583 2042 Ex
1611 1958 1812 2057 quibus
1840 1958 2005 2058 patet,
2036 1958 2084 2018 Β

439 2072 623 2127 omnia
700 2073 927 2140 lumina,
963 2076 1078 2133 sive
1109 2092 1229 2147 quas
1259 2093 1426 2134 sensu
1487 2079 1887 2148 percipiuntur,
1938 2079 2014 2135 si-

440 2179 509 2219 ve
538 2179 659 2232 qua:
686 2165 1077 2237 intelligentia,
1127 2168 1271 2225 intra
1303 2171 1536 2241 relinqui
1562 2172 1631 2226 ab
1659 2172 1726 2228 iis
1782 2172 1873 2241 qui
1940 2171 2008 2225 ad

442 2270 715 2311 summam
745 2258 1264 2328 contemplationem
1296 2266 1419 2331 ejus
1469 2262 1563 2332 qui
1616 2262 1760 2317 ultra
1820 2262 2009 2318 omnia

438 2358 544 2412 est,
573 2358 888 2414 evaserunt,
922 2357 981 2405 et
1044 2351 1100 2405 in
1147 2352 1436 2423 caliginem
1505 2354 2005 2425 splendidissimam

438 2454 548 2494 non
575 2442 1065 2511 comprehendendi
1096 2460 1220 2500 eum
1276 2446 1507 2515 ingressi
1541 2455 1692 2513 sunt,
1721 2447 1871 2501 nullo
1924 2446 2009 2501 lu-

443 2547 590 2586 mine
618 2548 740 2586 eum
770 2535 1108 2604 exprimente
1142 2545 1194 2590 et
1224 2535 1562 2606 designante.
1598 2537 1673 2593 Ex
1738 2538 2009 2606 capitibus

444 2624 720 2690 dispositis
748 2628 1250 2696 constatcxpositio
1282 2629 1589 2685 materiaria
1616 2630 1775 2700 huius
1808 2632 2014 2701 partis;

439 2715 686 2768 ostensio
704 2716 843 2770 enim
876 2717 1141 2777 luminum
1174 2720 1479 2776 divinorum
1512 2731 1607 2776 aut
1632 2721 1683 2775 in
1718 2722 2015 2777 luminibus

440 2806 913 2876 qme’sentiuntur,
928 2809 1270 2877 continetur;
1297 2811 1502 2869 etfacit
1524 2813 1692 2868 solem
1722 2815 2015 2885 imaginem

2017 2979 2079 2992 ,ο

2118 706 2307 771 nis;et
2344 722 2371 758 a
2432 703 2647 769 mediis,
2682 713 2741 758 ut
2777 703 2849 759 ab
2912 704 3059 774 igne,
3122 715 3218 759 aut
3265 705 3566 759 continetur
3611 707 3659 759 in

2115 798 2408 854 luminibus
2437 796 2814 870 symbolicisin
2845 798 3046 868 quibus
3066 799 3334 867 pra'cipua
3355 806 3436 852 est
3460 801 3661 869 appari-

2116 891 2192 946 tio
2256 891 2479 947 luminis
2546 890 2771 947 lactaiu
2834 891 3182 946 divinissima
3252 891 3665 958 transtiguratio-

2117 998 2187 1038 ne
2250 983 2434 1039 vultus
2493 984 2733 1048 Domini,
2793 983 2886 1048 qui
2937 982 3507 1053 splenduitsicutsol.
3556 999 3666 1051 qua:

2114 1074 2364 1128 decorem
2432 1074 2677 1143 corporis
2756 1072 2957 1127 Christi
3020 1082 3143 1141 post
3220 1070 3659 1125 resurrectionem

2114 1163 2341 1233 gloriosi
2377 1162 2506 1217 facti
2548 1173 2808 1232 tanquam
2866 1163 2923 1219 in
2971 1162 3205 1232 imagine
3229 1156 3662 1230 repraesentabat;

2113 1265 2167 1311 et
2215 1254 2515 1326 symbolum
2570 1263 2687 1310 erat
2736 1254 3058 1318 divinitatis,
3095 1270 3217 1325 quae
3243 1254 3297 1308 in
3333 1269 3399 1308 eo
3431 1254 3664 1311 latebat;

2110 1347 2237 1416 quia
2313 1345 2367 1401 in
2441 1336 2665 1401 Christo
2743 1344 3026 1400 Salvatore
3112 1355 3301 1399 nostro
3382 1344 3521 1399 idem
3596 1355 3670 1399 est

2111 1439 2295 1495 dicere
2351 1438 2663 1508 symbolum
2735 1437 2984 1508 corporis
3035 1436 3325 1509 gloriﬁcati
3387 1445 3443 1490 et
3486 1435 3667 1490 divini-

2113 1531 2241 1585 tatis
2291 1529 2431 1601 ejus,
2467 1538 2521 1584 et
2575 1530 2719 1602 quod
2763 1529 2967 1597 lumen,
3032 1531 3179 1600 quod
3226 1529 3397 1585 sicin
3458 1529 3670 1587 Domino

2114 1622 2166 1675 in
2224 1632 2405 1676 monte
2457 1621 2675 1676 Thabor
2723 1623 2997 1692 apparuit,
3046 1622 3504 1689 pulchritudinem
3552 1623 3670 1677 Adz

2111 1721 2236 1766 ante
2267 1721 2544 1781 peccatqu
2595 1710 2942 1783 signiﬁcavit,
2996 1727 3227 1782 eamque
3271 1712 3385 1779 jam
3436 1721 3665 1766 naturam

2110 1803 2166 1859 iu
2228 1804 2562 1858 humanitate
2617 1803 2824 1859 Christi
2898 1818 3274 1873 recuperasse.
3332 1813 3388 1859 et
3446 1804 3665 1858 futurum

2109 1908 2232 1949 esse
2284 1903 2408 1964 post
2479 1897 2932 1950 resurrectionem
3001 1895 3355 1963 splendorom
3394 1896 3666 1966 iustorum,

2111 1996 2165 2041 et
2193 1986 2315 2053 quid
2341 1986 2413 2040 sit
2442 1986 2744 2041 secundum
2785 1988 3159 2044 exsistentiam
3194 1988 3403 2050 lumen,
3453 1987 3587 2056 quod
3619 1989 3663 2041 in

2112 2078 2297 2134 futuro
2359 2080 2643 2148 apparebit
2676 2089 2800 2148 post
2850 2079 3317 2135 resurrectionem
3357 2098 3370 2135 :
3431 2093 3485 2133 et
3537 2078 3663 2148 quod

2112 2168 2257 2226 Deus
2286 2170 2929 2236 cstlumeniutellectile,
2981 2171 3208 2241 quodin
3257 2171 3468 2225 naturis
3506 2170 3665 2223 incor-

2112 2261 2291 2332 poreis
2321 2261 2593 2331 splendet,
2630 2271 2906 2332 quatenus
2939 2277 3065 2316 vere
3120 2260 3436 2331 splendoris
3493 2273 3663 2314 earum

2110 2352 2332 2406 elici-tor
2351 2362 2455 2414 est,
2485 2360 2764 2422 postremo
2789 2352 2909 2407 loco
2928 2352 3274 2407 vacationem
3315 2354 3384 2406 ah
3407 2351 3551 2407 omni
3589 2349 3663 2405 lu-

2114 2443 2259 2497 mine
2292 2442 2608 2511 posuimus;
2644 2453 2699 2498 et
2727 2444 2898 2513 ipsam
2937 2444 3179 2499 divinam
3235 2443 3539 2508 caliginem.
3586 2440 3665 2494 Ni-

2118 2532 2190 2588 hil
2225 2534 2388 2605 igitur
2412 2535 2466 2589 iu
2502 2536 2818 2591 materiaria
2874 2536 3220 2607 expositione
3262 2536 3425 2602 hujus
3488 2542 3666 2588 tracta-

2117 2626 2282 2682 tionis
2324 2627 2392 2681 de
2438 2627 2644 2683 lumine
2689 2629 3118 2697 praetermissum
3174 2637 3283 2693 est,
3331 2626 3460 2698 quin
3505 2626 3665 2696 potius

2117 2718 2300 2774 omnis
2325 2718 2499 2774 divini
2527 2717 2754 2776 luminis
2784 2720 3029 2776 ostensio
3052 2719 3293 2777 breviter
3323 2726 3546 2776 tractata
3573 2726 3662 2773 est.

1042 3085 1293 3149 DECAS
1332 3089 1701 3153 SEPTIMA.
1733 3122 1807 3136 --
1836 3091 1952 3153 DE
1973 3092 2066 3154 DI
2081 3088 3047 3171 PINA_PARTICIPATIONE.

1070 3234 1299 3292 CAPUT
1329 3237 1371 3293 1.

439 3367 594 3452 Quod
627 3371 897 3452 proprium
947 3367 1039 3426 Dei
1069 3382 1177 3452 ρει.
1220 3374 1404 3452 adesse
1450 3376 1693 3452 omnibus
1723 3393 2010 3432 secnuaum

511 3439 906 3513 substantiam;
942 3452 990 3494 et
1036 3443 1169 3495 sicut
1218 3439 1518 3498 substantia
1554 3447 1704 3500 adeat
1756 3461 2006 3513 pm'sens,

510 3513 584 3563 sic
614 3511 775 3586 etiam
807 3514 1116 3586 operatione
1134 3513 1282 3586 adest
1311 3529 1329 3567 :
1355 3524 1402 3567 et
1429 3517 1549 3583 quis
1575 3511 1849 3570 modussit
1870 3511 2002 3586 prta;

509 3583 695 3635 seruire
724 3580 839 3649 ejus
860 3584 950 3650 qui
976 3582 1235 3651 explicari
1263 3600 1365 3638 non
1394 3580 1587 3653 potest.

511 3692 749 3748 Sanctus
785 3690 1032 3749 Justinus
1084 3704 1310 3767 martyr,
1356 3696 1411 3751 in
1460 3696 1722 3753 Oratione
1758 3700 1825 3754 de
1857 3708 2007 3755 recta

434 3784 788 3840 corifcssione
816 3786 895 3840 ait
932 3804 947 3840 :
978 3787 1268 3853 Quomodo
1300 3789 1535 3844 Verbum
1570 3790 1769 3861 ubique
1797 3803 1883 3847 est
1925 3809 2012 3849 se-

441 3877 682 3930 cundum
724 3878 1123 3932 substantiam?
1157 3880 1225 3934 Et
1254 3882 1528 3951 quomodo
1554 3884 1609 3938 in
1640 3899 1741 3938 suo
1771 3886 2010 3955 templo?

437 3964 652 4020 Et-nim
682 3968 726 4022 si
758 3968 868 4023 illic
894 3980 1005 4033 est,
1042 3971 1181 4025 sicut
1207 3982 1289 4027 est
1325 3973 1379 4026 in
1409 3974 1688 4038 omnibus,
1726 3976 1858 4030 nihil
1889 3992 2006 4032 am-

436 4057 582 4123 plius
617 4057 838 4114 habebit
865 4062 1147 4131 templum,
1177 4072 1340 4132 atque
1364 4077 1558 4119 caetera
1587 4070 1791 4122 omnia.
1818 4067 1883 4122 Et
1917 4069 2006 4124 ubi

437 4148 572 4203 illud
607 4164 897 4218 ponemus,
924 4155 1068 4222 quod
1098 4154 1361 4223 scriptum
1389 4162 1473 4208 est
1500 4172 1517 4209 :
1543 4153 1612 4208 In
1651 4158 1765 4224 ipso
1799 4150 2009 4213 habitat

433 4242 711 4309 plenitudo
740 4242 1035 4297 divinitatis
1065 4245 1413 4312 corporaliter
1428 4247 1477 4280 ”
1496 4247 1533 4301 ’ἐι
1554 4246 1650 4302 Sin
1677 4257 1859 4304 autem
1880 4250 2006 4319 quis

436 4337 727 4397 concedat.
770 4337 943 4407 magis
971 4352 1093 4392 esse
1142 4339 1196 4392 in
1232 4338 1457 4409 templo,
1486 4355 1594 4394 non
1648 4341 1797 4396 adest
1828 4344 2009 4395 omni-

436 4426 541 4483 luis
582 4430 885 4484 secundum
940 4429 1328 4495 substantiam,
1382 4433 1526 4501 quod
1583 4440 1665 4487 est
1721 4432 2004 4502 proprium

438 4516 554 4572 Dei.
586 4516 820 4573 Evidens
848 4526 1233 4588 argumentum
1274 4530 1359 4575 est
1413 4522 1673 4588 perﬁdiae,
1707 4523 1892 4579 dicere
1943 4526 2008 4579 de

440 4612 569 4677 lico,
600 4611 926 4677 Quomodo?
968 4612 1254 4679 Quomodo
1303 4615 1426 4670 caeli
1457 4615 1680 4671 ell'cctor
1717 4628 1823 4679 est.
1867 4633 2008 4684 quo-
2042 4596 2083 4650 υ

438 4701 607 4755 modo
637 4710 815 4767 terrm,
845 4706 1121 4773 quomodo
1151 4707 1339 4770 maris.
1362 4710 1614 4778 aerisque
1640 4719 1694 4765 et
1727 4710 2004 4780 stirpium,

435 4803 489 4848 ct
525 4793 884 4867 animantium
917 4798 1182 4857 omnium.
1222 4811 1275 4853 ct
1305 4801 1381 4855 tui
1433 4802 1641 4868 ipsius?
1670 4801 1773 4870 Qui
1819 4803 2003 4858 omnia

438 4887 727 4953 diligenter
752 4889 819 4953 de
860 4887 971 4943 Deo
1001 4891 1223 4959 qumris,
1254 4893 1410 4960 plane
1449 4894 1624 4959 dices,
1651 4893 1835 4949 omnia
1874 4910 2005 4964 pro-

436 4981 663 5035 duxisse
700 4982 918 5051 copiosa
948 4985 1187 5053 potentia
1227 5000 1348 5040 sua.
1380 4984 1517 5041 Num
1558 4985 1722 5057 igitur
1765 4989 2006 5056 potentia

443 5070 534 5125 Dei
563 5073 748 5126 aderat
780 5074 1083 5127 secundum
1125 5076 1382 5131 accidens
1424 5078 1489 5132 iis
1519 5093 1638 5146 quse
1682 5077 1898 5141 ﬂebant,
1937 5093 2004 5131 an

438 5166 740 5217 secundum
800 5165 1203 5221 substantiam?
1252 5168 1308 5223 Si
1373 5171 1670 5224 secundum
1725 5170 2002 5233 accidens,

439 5258 629 5310 aderat
661 5257 880 5324 quidem
916 5258 1021 5311 illis
1048 5260 1203 5326 quasi
1231 5271 1434 5325 essent,
1456 5270 1745 5330 antequam
1775 5263 2003 5327 tierent;

441 5347 707 5416 siquidem
749 5347 1004 5404 accidens
1033 5365 1139 5403 nou
1176 5360 1262 5407 est
1288 5352 1585 5406 secundum
1621 5360 1872 5405 naturam
1913 5369 2007 5422 per

443 5452 523 5495 se.
564 5438 656 5492 sed
689 5439 740 5491 in
772 5438 1044 5506 aliquibus
1073 5441 1226 5509 prius
1267 5442 1532 5512 subjectis
1564 5444 1797 5498 exsistit.
1838 5442 1908 5497 At
1958 5441 2004 5496 si

443 5532 546 5583 hoc
571 5530 859 5584 ridiculum
901 5542 1004 5595 est,
1041 5532 1370 5603 relinquitur
1410 5536 1707 5604 potentiam
1754 5534 1847 5590 Dei
1885 5551 2007 5587 om-

446 5623 607 5675 nibus
653 5621 845 5678 adesse
887 5625 1188 5681 secundum
1222 5626 1607 5684 substantiam.
1660 5627 1801 5683 Num
1842 5626 2007 5698 igitur

517 5792 563 5827 ”
595 5793 807 5851 (Iuloss.
839 5813 902 5864 tt,
929 5797 984 5854 9.

2030 3244 2235 3316 Cquia
2281 3244 2520 3315 potentia
2574 3242 2665 3299 Dei
2700 3242 2958 3297 omnibus
3005 3254 3127 3313 qua!
3186 3240 3347 3304 ﬁunt,
3383 3239 3665 3295 secundum

2112 3336 2473 3393 substantiam
2520 3335 2731 3401 aderat,
2763 3336 2896 3389 nihil
2938 3334 3176 3403 amplius
3207 3332 3467 3403 templum
3503 3331 3658 3398 ipsum

2113 3430 2167 3484 in
2198 3443 2305 3496 quo
2349 3425 2472 3493 fuit,
2504 3426 2781 3481 habebat?
2819 3423 2992 3479 liabet
3038 3424 3143 3478 hoc
3185 3424 3590 3485 dubitationem,
3615 3426 3658 3473 et

2112 3520 2242 3575 illud
2277 3520 2471 3586 habet;
2520 3529 2571 3573 ct
2605 3517 2736 3573 fides
2768 3527 2855 3573 est
2898 3516 3184 3586 utriusque
3210 3514 3559 3570 dubitationis
3583 3528 3662 3569 so-

2113 3613 2267 3668 lutio.
2322 3611 2508 3666 Vidisti
2542 3609 2999 3680 quemadmodum
3047 3608 3186 3662 ratio
3228 3607 3434 3662 invicta
3485 3606 3657 3661 evertit

2110 3703 2389 3777 perlldiam
2415 3721 2428 3770 ;
2463 3702 2583 3758 vide
2615 3702 2828 3771 linguas
2859 3714 2983 3753 cum
3014 3697 3124 3754 Deo
3154 3707 3461 3769 pugnantes
3488 3700 3651 3751 occ-lu-

2110 3810 2221 3849 sas.
2256 3794 2401 3848 ldem
2432 3793 2631 3848 etiam:
2669 3792 2762 3846 Dic
2792 3792 2957 3861 igitur
2987 3786 3265 3861 quoume
3295 3788 3521 3844 Verbum
3540 3802 3650 3842 caro

2102 3874 2336 3951 iactum,
2377 3889 2546 3942 cados
2578 3900 2685 3940 non
2721 3883 3055 3955 dereliquit?
3089 3881 3236 3938 Sane
3274 3883 3484 3946 dicetis,
3524 3879 3649 3951 quod

2109 3993 2337 4034 mancus
2388 3977 2548 4041 Deus,
2580 3976 2663 4033 sic
2719 3975 2895 4030 fartus
2943 3983 3048 4030 est.
3089 3973 3304 4029 Rursus
3355 3988 3481 4042 ergo
3511 3969 3652 4024 dicite

2110 4070 2290 4136 nobis,
2330 4069 2605 4139 quomodo
2634 4082 2881 4133 manens,
2908 4058 3084 4119 iactus
3105 4065 3232 4120 cst?
3259 4064 3315 4118 Si
3348 4064 3489 4119 enim
3525 4075 3654 4113 tuan-

2108 4160 2348 4229 sitquod
2382 4166 2520 4223 erat,
2564 4158 2845 4227 quomodo
2880 4154 3057 4210 factus
3096 4165 3182 4210 est
3210 4153 3358 4225 quod
3396 4168 3497 4207 non
3527 4147 3655 4203 erat?

2108 4250 2201 4308 Sin
2258 4261 2441 4305 autem
2488 4250 2665 4305 factus
2717 4259 2799 4304 est
2851 4248 2996 4316 quod
3051 4262 3157 4302 non
3214 4257 3353 4311 erat,
3403 4242 3648 4316 quomodo

2108 4343 2312 4399 mansit
2358 4342 2503 4413 quod
2549 4340 2700 4395 erat?
2760 4340 2998 4395 Dubium
3056 4339 3222 4393 habes
3270 4339 3336 4390 de
3385 4335 3649 4391 solutione.

2109 4435 2247 4489 habe
2293 4434 2457 4487 etiim
2506 4432 2733 4487 dubium
2791 4430 2858 4484 de
2910 4429 3068 4484 modo
3105 4429 3348 4483 uniouis.
3400 4429 3464 4480 At
3496 4422 3649 4477 credis

2107 4526 2250 4597 quod
2284 4540 2533 4589 manens,
2565 4523 2740 4577 factus
2769 4530 2848 4577 est
2874 4539 2890 4588 ;
2921 4522 3082 4576 crede
3112 4521 3274 4575 etiam
3321 4519 3506 4573 adesse
3547 4513 3648 4568 uhi-

2110 4634 2218 4690 que
2265 4598 2566 4673 secundum
2608 4616 2969 4670 substantiam
3017 4612 3275 4675 Verbum,
3320 4621 3377 4666 et
3406 4610 3649 4680 pra-cipuo

2115 4706 2515 4777 quodammodo
2540 4720 2661 4759 esse
2688 4704 2742 4758 in
2783 4703 2981 4771 templo
3023 4716 3146 4756 suo.
3197 4701 3315 4755 lino
3358 4707 3409 4753 et
3453 4704 3648 4752 sanctus

2114 4798 2438 4855 Anastasius
2486 4796 2882 4858 Antiochenus,
2924 4796 2977 4848 in
3011 4795 3154 4849 libro
3189 4792 3264 4847 De
3291 4783 3649 4846 incircumscri-

2112 4904 2223 4967 pto,
2249 4895 2325 4947 ait
2360 4912 2374 4948 :
2399 4894 2502 4948 Sed
2538 4892 2787 4961 quidam,
2816 4890 3014 4960 inquit,
3038 4900 3096 4945 ut
3126 4889 3360 4959 videtur,
3391 4883 3647 4941 inﬁrmita-

2116 4995 2220 5039 tem
2254 4984 2486 5054 propria‘
2510 4991 2718 5036 natum
2756 4981 2808 5035 iu
2841 4979 3009 5034 Deum
3045 4979 3401 5039 transferunt.
3438 4968 3642 5031 restricti

2116 5078 2170 5132 in
2206 5076 2481 5138 maximis,
2504 5084 2556 5128 ct
2578 5075 2955 5129 existimantes
2986 5072 3183 5127 melius
3204 5086 3323 5126 esse
3352 5064 3642 5124 contrahere

2114 5168 2349 5222 divinam
2381 5174 2630 5220 naturam
2666 5180 2695 5218 a
2730 5165 2978 5229 materia,
2999 5179 3165 5234 quam
3188 5161 3517 5221 existimare,
3541 5164 3640 5209 eam

2116 5275 2284 5329 usque
2338 5259 2402 5313 ad
2457 5254 2641 5312 Omnia
2695 5256 2841 5311 tendi
2899 5265 2952 5310 et
2991 5256 3233 5327 porrigi;
3282 5265 3492 5323 prorsus
3521 5243 3641 5299 arbi-

2117 5360 2323 5406 trantes
2352 5350 2502 5405 nefas
2532 5358 2586 5404 et
2627 5351 2852 5419 impium
2894 5363 3038 5411 esse,
3081 5357 3325 5401 naturam
3369 5343 3503 5398 illam
3530 5347 3656 5409 qum,

2116 5445 2404 5514 plusquam
2454 5444 2592 5495 ultra
2626 5440 2809 5495 omnia
2856 5450 2961 5503 est,
2999 5435 3146 5492 indui
3201 5431 3507 5504 corporibus
3549 5437 3636 5478 non

2106 5532 2457 5609 dect-utilius,
2488 5530 2741 5585 sordibus
2771 5538 2823 5582 ct
2851 5537 2990 5583 tetro
3015 5530 3180 5583 odore
3221 5526 3410 5597 plenis,
3436 5519 3510 5576 vel
3534 5514 3634 5609 alli-

2121 5626 2224 5680 mis
2258 5624 2483 5694 impiis;
2522 5624 2607 5679 vel
2639 5621 2764 5679 aliis
2797 5621 3151 5693 quibusdam,
3194 5636 3310 5689 qme
3353 5614 3553 5672 minime
3578 5605 3634 5659 αα
