  <div class='ocr_page' id='page_1' title='image "/cluster/home/n/w/nwhite01/storage/ocr_20150623/152/hvd.32044019208404/442.png"; bbox 0 0 3860 6574; ppageno 0'>
   <div class='ocr_carea' id='block_1_1' title="bbox 273 454 365 516">
    <p class='ocr_par' dir='ltr' id='par_1_1' title="bbox 273 454 365 516">
     <span class='ocr_line' id='line_1_1' title="bbox 273 454 365 516; baseline 0 -2"><span class='ocrx_word' id='word_1_1' title='bbox 273 454 365 516; x_wconf 69' lang='lat' dir='ltr'><strong>8C5</strong></span> 
     </span>
    </p>
   </div>
   <div class='ocr_carea' id='block_1_2' title="bbox 1030 455 2666 522">
    <p class='ocr_par' dir='ltr' id='par_1_2' title="bbox 1030 455 2666 522">
     <span class='ocr_line' id='line_1_2' title="bbox 1030 455 2666 522; baseline 0.002 -5"><span class='ocrx_word' id='word_1_2' title='bbox 1030 455 1268 517; x_wconf 65' lang='lat' dir='ltr'><strong>DECAS</strong></span> <span class='ocrx_word' id='word_1_3' title='bbox 1303 459 1408 518; x_wconf 69' lang='lat' dir='ltr'><strong>VII</strong></span> <span class='ocrx_word' id='word_1_4' title='bbox 1567 459 1663 518; x_wconf 89' lang='lat' dir='ltr'><strong>DE</strong></span> <span class='ocrx_word' id='word_1_5' title='bbox 1698 456 1959 518; x_wconf 70' lang='lat' dir='ltr'><strong>DIVINA</strong></span> <span class='ocrx_word' id='word_1_6' title='bbox 1996 457 2666 522; x_wconf 65' lang='lat' dir='ltr'><strong>PARTICIPATIONE.</strong></span> 
     </span>
    </p>
   </div>
   <div class='ocr_carea' id='block_1_3' title="bbox 3355 465 3459 527">
    <p class='ocr_par' dir='ltr' id='par_1_3' title="bbox 3355 465 3459 527">
     <span class='ocr_line' id='line_1_3' title="bbox 3355 465 3459 527; baseline 0.01 -1"><span class='ocrx_word' id='word_1_7' title='bbox 3355 465 3459 527; x_wconf 73' lang='lat'><strong>866</strong></span> 
     </span>
    </p>
   </div>
   <div class='ocr_carea' id='block_1_4' title="bbox 274 565 3459 642">
    <p class='ocr_par' dir='ltr' id='par_1_4' title="bbox 274 565 3459 642">
     <span class='ocr_line' id='line_1_4' title="bbox 274 565 3459 642; baseline 0.004 -26"><span class='ocrx_word' id='word_1_8' title='bbox 274 568 366 621; x_wconf 61' lang='lat' dir='ltr'><strong>lico</strong></span> <span class='ocrx_word' id='word_1_9' title='bbox 391 565 599 634; x_wconf 73' lang='lat' dir='ltr'><strong>regitari</strong></span> <span class='ocrx_word' id='word_1_10' title='bbox 632 566 740 620; x_wconf 12' lang='lat' dir='ltr'><strong>debv</strong></span> <span class='ocrx_word' id='word_1_11' title='bbox 767 577 854 630; x_wconf 86' lang='lat' dir='ltr'><strong>nt;</strong></span> <span class='ocrx_word' id='word_1_12' title='bbox 884 565 939 619; x_wconf 99' lang='lat' dir='ltr'><strong>hi</strong></span> <span class='ocrx_word' id='word_1_13' title='bbox 978 583 1162 622; x_wconf 81' lang='lat' dir='ltr'><strong>rerera</strong></span> <span class='ocrx_word' id='word_1_14' title='bbox 1199 570 1419 622; x_wconf 78' lang='lat' dir='ltr'><strong>humilia</strong></span> <span class='ocrx_word' id='word_1_15' title='bbox 1454 571 1717 633; x_wconf 83' lang='lat' dir='ltr'><strong>sentiunt,</strong></span> <span class='ocrx_word' id='word_1_16' title='bbox 1745 578 1795 620; x_wconf 88' lang='lat' dir='ltr'><strong>et</strong></span> <span class='ocrx_word' id='word_1_17' title='bbox 1827 579 1865 626; x_wconf 76' lang='grc' dir='ltr'>Α</span> <span class='ocrx_word' id='word_1_18' title='bbox 1895 575 1974 618; x_wconf 84' lang='lat' dir='ltr'><strong>est</strong></span> <span class='ocrx_word' id='word_1_19' title='bbox 2019 581 2112 634; x_wconf 81' lang='lat' dir='ltr'><strong>per</strong></span> <span class='ocrx_word' id='word_1_20' title='bbox 2148 581 2206 620; x_wconf 91' lang='lat' dir='ltr'><strong>se</strong></span> <span class='ocrx_word' id='word_1_21' title='bbox 2255 568 2606 637; x_wconf 81' lang='lat' dir='ltr'><strong>substantia),</strong></span> <span class='ocrx_word' id='word_1_22' title='bbox 2641 568 2866 624; x_wconf 85' lang='lat' dir='ltr'><strong>evidens</strong></span> <span class='ocrx_word' id='word_1_23' title='bbox 2894 573 3210 629; x_wconf 85' lang='lat' dir='ltr'><strong>consecutio</strong></span> <span class='ocrx_word' id='word_1_24' title='bbox 3257 587 3363 642; x_wconf 74' lang='grc' dir='ltr'><strong>εει,</strong></span> <span class='ocrx_word' id='word_1_25' title='bbox 3408 581 3459 633; x_wconf 90' lang='lat' dir='ltr'><strong>in</strong></span> 
     </span>
    </p>
   </div>
   <div class='ocr_carea' id='block_1_5' title="bbox 271 655 1788 729">
    <p class='ocr_par' dir='ltr' id='par_1_5' title="bbox 271 655 1788 729">
     <span class='ocr_line' id='line_1_5' title="bbox 271 655 1788 729; baseline -0.001 -19"><span class='ocrx_word' id='word_1_26' title='bbox 271 658 381 721; x_wconf 89' lang='lat' dir='ltr'><strong>Deo,</strong></span> <span class='ocrx_word' id='word_1_27' title='bbox 410 672 467 710; x_wconf 88' lang='lat' dir='ltr'><strong>ac</strong></span> <span class='ocrx_word' id='word_1_28' title='bbox 500 655 866 724; x_wconf 74' lang='lat' dir='ltr'><strong>magnitudine</strong></span> <span class='ocrx_word' id='word_1_29' title='bbox 900 657 1018 724; x_wconf 81' lang='lat' dir='ltr'><strong>ejus</strong></span> <span class='ocrx_word' id='word_1_30' title='bbox 1051 673 1171 726; x_wconf 74' lang='lat' dir='ltr'><strong>qua:</strong></span> <span class='ocrx_word' id='word_1_31' title='bbox 1205 660 1395 729; x_wconf 82' lang='lat' dir='ltr'><strong>attingi</strong></span> <span class='ocrx_word' id='word_1_32' title='bbox 1436 675 1540 712; x_wconf 89' lang='lat' dir='ltr'><strong>non</strong></span> <span class='ocrx_word' id='word_1_33' title='bbox 1591 669 1788 725; x_wconf 84' lang='lat' dir='ltr'><strong>potest,</strong></span> 
     </span>
    </p>
   </div>
   <div class='ocr_carea' id='block_1_6' title="bbox 266 746 1790 816">
    <p class='ocr_par' dir='ltr' id='par_1_6' title="bbox 266 746 1790 816">
     <span class='ocr_line' id='line_1_6' title="bbox 266 746 1790 816; baseline 0 -15"><span class='ocrx_word' id='word_1_34' title='bbox 266 748 479 815; x_wconf 76' lang='lat' dir='ltr'><strong>indigna.</strong></span> <span class='ocrx_word' id='word_1_35' title='bbox 522 746 581 798; x_wconf 76' lang='lat' dir='ltr'><strong>Et</strong></span> <span class='ocrx_word' id='word_1_36' title='bbox 619 746 776 814; x_wconf 88' lang='lat' dir='ltr'><strong>paulo</strong></span> <span class='ocrx_word' id='word_1_37' title='bbox 829 760 949 816; x_wconf 88' lang='lat' dir='ltr'><strong>post</strong></span> <span class='ocrx_word' id='word_1_38' title='bbox 985 764 998 801; x_wconf 92' lang='lat'><strong>:</strong></span> <span class='ocrx_word' id='word_1_39' title='bbox 1032 749 1235 802; x_wconf 84' lang='lat' dir='ltr'><strong>Debilia</strong></span> <span class='ocrx_word' id='word_1_40' title='bbox 1271 749 1435 816; x_wconf 65' lang='lat' dir='ltr'><strong>igitur</strong></span> <span class='ocrx_word' id='word_1_41' title='bbox 1484 760 1536 802; x_wconf 90' lang='lat' dir='ltr'><strong>et</strong></span> <span class='ocrx_word' id='word_1_42' title='bbox 1579 753 1790 802; x_wconf 81' lang='lat' dir='ltr'><strong>inlirma</strong></span> 
     </span>
    </p>
   </div>
   <div class='ocr_carea' id='block_1_7' title="bbox 267 838 1787 906">
    <p class='ocr_par' dir='ltr' id='par_1_7' title="bbox 267 838 1787 906">
     <span class='ocr_line' id='line_1_7' title="bbox 267 838 1787 906; baseline 0.002 -15"><span class='ocrx_word' id='word_1_43' title='bbox 267 838 437 892; x_wconf 80' lang='lat' dir='ltr'><strong>animis</strong></span> <span class='ocrx_word' id='word_1_44' title='bbox 460 839 675 906; x_wconf 78' lang='lat' dir='ltr'><strong>agitant,</strong></span> <span class='ocrx_word' id='word_1_45' title='bbox 729 839 1042 906; x_wconf 88' lang='lat' dir='ltr'><strong>nullumque</strong></span> <span class='ocrx_word' id='word_1_46' title='bbox 1076 841 1476 896; x_wconf 85' lang='lat' dir='ltr'><strong>firmamentum</strong></span> <span class='ocrx_word' id='word_1_47' title='bbox 1512 842 1787 906; x_wconf 73' lang='lat' dir='ltr'><strong>habentia,</strong></span> 
     </span>
    </p>
   </div>
   <div class='ocr_carea' id='block_1_8' title="bbox 262 929 1788 1001">
    <p class='ocr_par' dir='ltr' id='par_1_8' title="bbox 262 929 1788 1001">
     <span class='ocr_line' id='line_1_8' title="bbox 262 929 1788 1001; baseline 0.003 -17"><span class='ocrx_word' id='word_1_48' title='bbox 262 929 369 1000; x_wconf 88' lang='lat' dir='ltr'><strong>quia</strong></span> <span class='ocrx_word' id='word_1_49' title='bbox 402 931 591 983; x_wconf 91' lang='lat' dir='ltr'><strong>nullam</strong></span> <span class='ocrx_word' id='word_1_50' title='bbox 643 941 949 986; x_wconf 77' lang='lat' dir='ltr'><strong>creaturam</strong></span> <span class='ocrx_word' id='word_1_51' title='bbox 986 949 1140 986; x_wconf 90' lang='lat' dir='ltr'><strong>suam</strong></span> <span class='ocrx_word' id='word_1_52' title='bbox 1200 935 1375 1001; x_wconf 71' lang='lat' dir='ltr'><strong>reiicit</strong></span> <span class='ocrx_word' id='word_1_53' title='bbox 1415 934 1593 999; x_wconf 82' lang='lat' dir='ltr'><strong>Deus;</strong></span> <span class='ocrx_word' id='word_1_54' title='bbox 1657 936 1788 989; x_wconf 91' lang='lat' dir='ltr'><strong>nihil</strong></span> 
     </span>
    </p>
   </div>
   <div class='ocr_carea' id='block_1_9' title="bbox 261 1023 1788 1095">
    <p class='ocr_par' dir='ltr' id='par_1_9' title="bbox 261 1023 1788 1095">
     <span class='ocr_line' id='line_1_9' title="bbox 261 1023 1788 1095; baseline 0.003 -18"><span class='ocrx_word' id='word_1_55' title='bbox 261 1024 385 1077; x_wconf 90' lang='lat' dir='ltr'><strong>enim</strong></span> <span class='ocrx_word' id='word_1_56' title='bbox 416 1023 686 1077; x_wconf 90' lang='lat' dir='ltr'><strong>sordidum</strong></span> <span class='ocrx_word' id='word_1_57' title='bbox 717 1039 906 1078; x_wconf 87' lang='lat' dir='ltr'><strong>corum</strong></span> <span class='ocrx_word' id='word_1_58' title='bbox 951 1041 1070 1095; x_wconf 65' lang='lat' dir='ltr'><strong>quae</strong></span> <span class='ocrx_word' id='word_1_59' title='bbox 1121 1039 1270 1091; x_wconf 90' lang='lat' dir='ltr'><strong>sunt,</strong></span> <span class='ocrx_word' id='word_1_60' title='bbox 1303 1028 1616 1092; x_wconf 78' lang='lat' dir='ltr'><strong>existimat;</strong></span> <span class='ocrx_word' id='word_1_61' title='bbox 1660 1028 1788 1093; x_wconf 85' lang='lat' dir='ltr'><strong>quin</strong></span> 
     </span>
    </p>
   </div>
   <div class='ocr_carea' id='block_1_10' title="bbox 260 1115 1790 1186">
    <p class='ocr_par' dir='ltr' id='par_1_10' title="bbox 260 1115 1790 1186">
     <span class='ocr_line' id='line_1_10' title="bbox 260 1115 1790 1186; baseline 0.003 -19"><span class='ocrx_word' id='word_1_62' title='bbox 260 1117 352 1167; x_wconf 82' lang='lat' dir='ltr'><strong>imo</strong></span> <span class='ocrx_word' id='word_1_63' title='bbox 379 1131 488 1167; x_wconf 86' lang='lat' dir='ltr'><strong>cum</strong></span> <span class='ocrx_word' id='word_1_64' title='bbox 523 1115 584 1166; x_wconf 83' lang='lat' dir='ltr'><strong>ad</strong></span> <span class='ocrx_word' id='word_1_65' title='bbox 618 1131 716 1169; x_wconf 90' lang='lat' dir='ltr'><strong>nos</strong></span> <span class='ocrx_word' id='word_1_66' title='bbox 741 1118 1162 1186; x_wconf 76' lang='lat' dir='ltr'><strong>appropinquat,</strong></span> <span class='ocrx_word' id='word_1_67' title='bbox 1188 1119 1303 1172; x_wconf 82' lang='lat' dir='ltr'><strong>vitii</strong></span> <span class='ocrx_word' id='word_1_68' title='bbox 1343 1121 1512 1172; x_wconf 81' lang='lat' dir='ltr'><strong>nostri</strong></span> <span class='ocrx_word' id='word_1_69' title='bbox 1548 1135 1651 1172; x_wconf 93' lang='lat' dir='ltr'><strong>non</strong></span> <span class='ocrx_word' id='word_1_70' title='bbox 1679 1119 1790 1173; x_wconf 86' lang='lat' dir='ltr'><strong>elli-</strong></span> 
     </span>
    </p>
   </div>
   <div class='ocr_carea' id='block_1_11' title="bbox 257 1207 1836 1276">
    <p class='ocr_par' dir='ltr' id='par_1_11' title="bbox 257 1207 1836 1276">
     <span class='ocr_line' id='line_1_11' title="bbox 257 1207 1836 1276; baseline 0.002 -15"><span class='ocrx_word' id='word_1_71' title='bbox 257 1210 377 1261; x_wconf 85' lang='lat' dir='ltr'><strong>citur</strong></span> <span class='ocrx_word' id='word_1_72' title='bbox 408 1207 690 1276; x_wconf 77' lang='lat' dir='ltr'><strong>particeps.</strong></span> <span class='ocrx_word' id='word_1_73' title='bbox 724 1207 792 1261; x_wconf 76' lang='lat' dir='ltr'><strong>Et</strong></span> <span class='ocrx_word' id='word_1_74' title='bbox 825 1224 1014 1265; x_wconf 80' lang='lat' dir='ltr'><strong>rursus</strong></span> <span class='ocrx_word' id='word_1_75' title='bbox 1047 1212 1096 1263; x_wconf 93' lang='lat' dir='ltr'><strong>in</strong></span> <span class='ocrx_word' id='word_1_76' title='bbox 1133 1211 1322 1265; x_wconf 89' lang='lat' dir='ltr'><strong>eodem</strong></span> <span class='ocrx_word' id='word_1_77' title='bbox 1357 1211 1496 1264; x_wconf 81' lang='lat' dir='ltr'><strong>libro</strong></span> <span class='ocrx_word' id='word_1_78' title='bbox 1529 1229 1542 1263; x_wconf 89' lang='lat'>:</span> <span class='ocrx_word' id='word_1_79' title='bbox 1591 1209 1784 1264; x_wconf 73' lang='lat' dir='ltr'><strong>Verum</strong></span> <span class='ocrx_word' id='word_1_80' title='bbox 1833 1233 1836 1237; x_wconf 94' lang='grc'><strong>·</strong></span> 
     </span>
    </p>
   </div>
   <div class='ocr_carea' id='block_1_12' title="bbox 251 1299 1784 1371">
    <p class='ocr_par' dir='ltr' id='par_1_12' title="bbox 251 1299 1784 1371">
     <span class='ocr_line' id='line_1_12' title="bbox 251 1299 1784 1371; baseline 0.003 -19"><span class='ocrx_word' id='word_1_81' title='bbox 251 1299 358 1367; x_wconf 89' lang='lat' dir='ltr'><strong>quia</strong></span> <span class='ocrx_word' id='word_1_82' title='bbox 411 1301 771 1368; x_wconf 84' lang='lat' dir='ltr'><strong>operationem</strong></span> <span class='ocrx_word' id='word_1_83' title='bbox 825 1301 876 1354; x_wconf 92' lang='lat' dir='ltr'><strong>in</strong></span> <span class='ocrx_word' id='word_1_84' title='bbox 927 1303 1183 1358; x_wconf 90' lang='lat' dir='ltr'><strong>omnibus</strong></span> <span class='ocrx_word' id='word_1_85' title='bbox 1228 1318 1348 1357; x_wconf 85' lang='lat' dir='ltr'><strong>esse</strong></span> <span class='ocrx_word' id='word_1_86' title='bbox 1408 1304 1562 1356; x_wconf 85' lang='lat' dir='ltr'><strong>aiunt</strong></span> <span class='ocrx_word' id='word_1_87' title='bbox 1622 1304 1784 1371; x_wconf 80' lang='lat' dir='ltr'><strong>(hanc</strong></span> 
     </span>
    </p>
   </div>
   <div class='ocr_carea' id='block_1_13' title="bbox 248 1391 1781 1464">
    <p class='ocr_par' dir='ltr' id='par_1_13' title="bbox 248 1391 1781 1464">
     <span class='ocr_line' id='line_1_13' title="bbox 248 1391 1781 1464; baseline -0.001 -21"><span class='ocrx_word' id='word_1_88' title='bbox 248 1393 370 1443; x_wconf 84' lang='lat' dir='ltr'><strong>enim</strong></span> <span class='ocrx_word' id='word_1_89' title='bbox 394 1393 571 1444; x_wconf 79' lang='lat' dir='ltr'><strong>volunt</strong></span> <span class='ocrx_word' id='word_1_90' title='bbox 600 1407 704 1443; x_wconf 91' lang='lat' dir='ltr'><strong>non</strong></span> <span class='ocrx_word' id='word_1_91' title='bbox 735 1391 1211 1459; x_wconf 72' lang='lat' dir='ltr'><strong>circumscribere)</strong></span> <span class='ocrx_word' id='word_1_92' title='bbox 1237 1393 1604 1464; x_wconf 79' lang='lat' dir='ltr'><strong>interrogandi</strong></span> <span class='ocrx_word' id='word_1_93' title='bbox 1635 1401 1781 1456; x_wconf 79' lang='lat' dir='ltr'><strong>sunt,</strong></span> 
     </span>
    </p>
   </div>
   <div class='ocr_carea' id='block_1_14' title="bbox 248 1481 1783 1552">
    <p class='ocr_par' dir='ltr' id='par_1_14' title="bbox 248 1481 1783 1552">
     <span class='ocr_line' id='line_1_14' title="bbox 248 1481 1783 1552; baseline 0.001 -19"><span class='ocrx_word' id='word_1_94' title='bbox 248 1482 488 1548; x_wconf 86' lang='lat' dir='ltr'><strong>quomodo</strong></span> <span class='ocrx_word' id='word_1_95' title='bbox 527 1483 590 1535; x_wconf 88' lang='lat' dir='ltr'><strong>de</strong></span> <span class='ocrx_word' id='word_1_96' title='bbox 617 1497 679 1534; x_wconf 82' lang='lat' dir='ltr'><strong>ca</strong></span> <span class='ocrx_word' id='word_1_97' title='bbox 733 1483 994 1536; x_wconf 81' lang='lat' dir='ltr'><strong>sentiant.</strong></span> <span class='ocrx_word' id='word_1_98' title='bbox 1026 1481 1298 1552; x_wconf 75' lang='lat' dir='ltr'><strong>Numquid</strong></span> <span class='ocrx_word' id='word_1_99' title='bbox 1343 1483 1531 1538; x_wconf 85' lang='lat' dir='ltr'><strong>dicunt</strong></span> <span class='ocrx_word' id='word_1_100' title='bbox 1561 1483 1783 1552; x_wconf 85' lang='lat' dir='ltr'><strong>partici-</strong></span> 
     </span>
    </p>
   </div>
   <div class='ocr_carea' id='block_1_15' title="bbox 246 1573 1778 1645">
    <p class='ocr_par' dir='ltr' id='par_1_15' title="bbox 246 1573 1778 1645">
     <span class='ocr_line' id='line_1_15' title="bbox 246 1573 1778 1645; baseline 0.002 -19"><span class='ocrx_word' id='word_1_101' title='bbox 246 1589 354 1644; x_wconf 75' lang='grc' dir='ltr'>ιι.ιό</span> <span class='ocrx_word' id='word_1_102' title='bbox 385 1573 547 1642; x_wconf 82' lang='lat' dir='ltr'><strong>ipsam</strong></span> <span class='ocrx_word' id='word_1_103' title='bbox 577 1583 822 1629; x_wconf 78' lang='lat' dir='ltr'><strong>terrenas</strong></span> <span class='ocrx_word' id='word_1_104' title='bbox 850 1577 1060 1642; x_wconf 81' lang='lat' dir='ltr'><strong>sordes,</strong></span> <span class='ocrx_word' id='word_1_105' title='bbox 1091 1591 1211 1628; x_wconf 87' lang='lat' dir='ltr'><strong>cum</strong></span> <span class='ocrx_word' id='word_1_106' title='bbox 1249 1577 1644 1645; x_wconf 82' lang='lat' dir='ltr'><strong>apprOpinqnat</strong></span> <span class='ocrx_word' id='word_1_107' title='bbox 1677 1577 1778 1639; x_wconf 82' lang='lat' dir='ltr'><strong>cis,</strong></span> 
     </span>
    </p>
   </div>
   <div class='ocr_carea' id='block_1_16' title="bbox 243 1664 1782 1731">
    <p class='ocr_par' dir='ltr' id='par_1_16' title="bbox 243 1664 1782 1731">
     <span class='ocr_line' id='line_1_16' title="bbox 243 1664 1782 1731; baseline 0.003 -14"><span class='ocrx_word' id='word_1_108' title='bbox 243 1681 298 1718; x_wconf 87' lang='lat' dir='ltr'><strong>au</strong></span> <span class='ocrx_word' id='word_1_109' title='bbox 325 1664 462 1716; x_wconf 86' lang='lat' dir='ltr'><strong>non?</strong></span> <span class='ocrx_word' id='word_1_110' title='bbox 505 1664 652 1730; x_wconf 83' lang='lat' dir='ltr'><strong>Quod</strong></span> <span class='ocrx_word' id='word_1_111' title='bbox 687 1665 732 1719; x_wconf 88' lang='lat' dir='ltr'><strong>si</strong></span> <span class='ocrx_word' id='word_1_112' title='bbox 763 1681 946 1719; x_wconf 86' lang='lat' dir='ltr'><strong>verum</strong></span> <span class='ocrx_word' id='word_1_113' title='bbox 979 1665 1273 1731; x_wconf 77' lang='lat' dir='ltr'><strong>fateantur,</strong></span> <span class='ocrx_word' id='word_1_114' title='bbox 1319 1666 1668 1720; x_wconf 85' lang='lat' dir='ltr'><strong>manifestum</strong></span> <span class='ocrx_word' id='word_1_115' title='bbox 1699 1677 1782 1721; x_wconf 81' lang='lat' dir='ltr'><strong>est</strong></span> 
     </span>
    </p>
   </div>
   <div class='ocr_carea' id='block_1_17' title="bbox 243 1758 1780 1830">
    <p class='ocr_par' dir='ltr' id='par_1_17' title="bbox 243 1758 1780 1830">
     <span class='ocr_line' id='line_1_17' title="bbox 243 1758 1780 1830; baseline 0.003 -20"><span class='ocrx_word' id='word_1_116' title='bbox 243 1758 337 1810; x_wconf 82' lang='lat' dir='ltr'><strong>lieri</strong></span> <span class='ocrx_word' id='word_1_117' title='bbox 371 1773 544 1828; x_wconf 74' lang='lat' dir='ltr'><strong>posse,</strong></span> <span class='ocrx_word' id='word_1_118' title='bbox 583 1769 643 1813; x_wconf 91' lang='lat' dir='ltr'><strong>ut</strong></span> <span class='ocrx_word' id='word_1_119' title='bbox 689 1760 832 1828; x_wconf 91' lang='lat' dir='ltr'><strong>quod</strong></span> <span class='ocrx_word' id='word_1_120' title='bbox 885 1762 1307 1830; x_wconf 85' lang='lat' dir='ltr'><strong>appropinquat,</strong></span> <span class='ocrx_word' id='word_1_121' title='bbox 1342 1776 1448 1814; x_wconf 93' lang='lat' dir='ltr'><strong>non</strong></span> <span class='ocrx_word' id='word_1_122' title='bbox 1491 1761 1780 1829; x_wconf 64' lang='lat' dir='ltr'><strong>partit-ipet</strong></span> 
     </span>
    </p>
   </div>
   <div class='ocr_carea' id='block_1_18' title="bbox 239 1846 1780 1919">
    <p class='ocr_par' dir='ltr' id='par_1_18' title="bbox 239 1846 1780 1919">
     <span class='ocr_line' id='line_1_18' title="bbox 239 1846 1780 1919; baseline 0.001 -20"><span class='ocrx_word' id='word_1_123' title='bbox 239 1846 402 1900; x_wconf 79' lang='lat' dir='ltr'><strong>ritium</strong></span> <span class='ocrx_word' id='word_1_124' title='bbox 433 1862 621 1901; x_wconf 91' lang='lat' dir='ltr'><strong>corum</strong></span> <span class='ocrx_word' id='word_1_125' title='bbox 659 1849 860 1916; x_wconf 81' lang='lat' dir='ltr'><strong>quibus</strong></span> <span class='ocrx_word' id='word_1_126' title='bbox 910 1850 1392 1919; x_wconf 82' lang='lat' dir='ltr'><strong>appropinquavit.</strong></span> <span class='ocrx_word' id='word_1_127' title='bbox 1425 1851 1578 1916; x_wconf 89' lang='lat' dir='ltr'><strong>Quod</strong></span> <span class='ocrx_word' id='word_1_128' title='bbox 1617 1851 1661 1904; x_wconf 88' lang='lat' dir='ltr'><strong>si</strong></span> <span class='ocrx_word' id='word_1_129' title='bbox 1697 1852 1780 1902; x_wconf 87' lang='lat' dir='ltr'><strong>di-</strong></span> 
     </span>
    </p>
   </div>
   <div class='ocr_carea' id='block_1_19' title="bbox 1895 656 3457 734">
    <p class='ocr_par' dir='ltr' id='par_1_19' title="bbox 1895 656 3457 734">
     <span class='ocr_line' id='line_1_19' title="bbox 1895 656 3457 734; baseline 0.01 -26"><span class='ocrx_word' id='word_1_130' title='bbox 1895 656 2098 723; x_wconf 75' lang='lat' dir='ltr'><strong>quitius</strong></span> <span class='ocrx_word' id='word_1_131' title='bbox 2148 667 2232 712; x_wconf 87' lang='lat' dir='ltr'><strong>est</strong></span> <span class='ocrx_word' id='word_1_132' title='bbox 2277 660 2580 712; x_wconf 87' lang='lat' dir='ltr'><strong>secundum</strong></span> <span class='ocrx_word' id='word_1_133' title='bbox 2605 659 2979 728; x_wconf 87' lang='lat' dir='ltr'><strong>operationem</strong></span> <span class='ocrx_word' id='word_1_134' title='bbox 3015 663 3128 718; x_wconf 82' lang='lat' dir='ltr'><strong>sive</strong></span> <span class='ocrx_word' id='word_1_135' title='bbox 3155 675 3362 734; x_wconf 87' lang='lat' dir='ltr'><strong>actum,</strong></span> <span class='ocrx_word' id='word_1_136' title='bbox 3401 671 3457 724; x_wconf 87' lang='lat' dir='ltr'><strong>in</strong></span> 
     </span>
    </p>
   </div>
   <div class='ocr_carea' id='block_1_20' title="bbox 1896 747 3460 829">
    <p class='ocr_par' dir='ltr' id='par_1_20' title="bbox 1896 747 3460 829">
     <span class='ocr_line' id='line_1_20' title="bbox 1896 747 3460 829; baseline 0.009 -29"><span class='ocrx_word' id='word_1_137' title='bbox 1896 747 1964 801; x_wconf 90' lang='lat' dir='ltr'><strong>iis</strong></span> <span class='ocrx_word' id='word_1_138' title='bbox 2017 747 2151 816; x_wconf 87' lang='lat' dir='ltr'><strong>ipsis</strong></span> <span class='ocrx_word' id='word_1_139' title='bbox 2198 763 2318 802; x_wconf 78' lang='lat' dir='ltr'><strong>eSse</strong></span> <span class='ocrx_word' id='word_1_140' title='bbox 2371 750 2670 804; x_wconf 87' lang='lat' dir='ltr'><strong>secundum</strong></span> <span class='ocrx_word' id='word_1_141' title='bbox 2708 751 3091 810; x_wconf 81' lang='lat' dir='ltr'><strong>substantiam.</strong></span> <span class='ocrx_word' id='word_1_142' title='bbox 3133 755 3201 811; x_wconf 89' lang='lat' dir='ltr'><strong>Et</strong></span> <span class='ocrx_word' id='word_1_143' title='bbox 3231 756 3460 829; x_wconf 81' lang='lat' dir='ltr'><strong>magnus</strong></span> 
     </span>
    </p>
   </div>
   <div class='ocr_carea' id='block_1_21' title="bbox 1894 839 3463 920">
    <p class='ocr_par' dir='ltr' id='par_1_21' title="bbox 1894 839 3463 920">
     <span class='ocr_line' id='line_1_21' title="bbox 1894 839 3463 920; baseline 0.009 -28"><span class='ocrx_word' id='word_1_144' title='bbox 1894 839 2230 895; x_wconf 83' lang='lat' dir='ltr'><strong>Athanasius</strong></span> <span class='ocrx_word' id='word_1_145' title='bbox 2284 841 2337 894; x_wconf 93' lang='lat' dir='ltr'><strong>in</strong></span> <span class='ocrx_word' id='word_1_146' title='bbox 2378 841 2530 896; x_wconf 85' lang='lat' dir='ltr'><strong>libris</strong></span> <span class='ocrx_word' id='word_1_147' title='bbox 2569 842 2770 897; x_wconf 83' lang='lat' dir='ltr'><strong>Contra</strong></span> <span class='ocrx_word' id='word_1_148' title='bbox 2804 844 3028 900; x_wconf 77' lang='lat' dir='ltr'><strong>Arianos</strong></span> <span class='ocrx_word' id='word_1_149' title='bbox 3060 863 3078 902; x_wconf 90' lang='lat'><strong><em>:</em></strong></span> <span class='ocrx_word' id='word_1_150' title='bbox 3114 847 3347 920; x_wconf 86' lang='lat' dir='ltr'><strong>Ubique,</strong></span> <span class='ocrx_word' id='word_1_151' title='bbox 3380 852 3463 906; x_wconf 82' lang='lat' dir='ltr'><strong>in-</strong></span> 
     </span>
    </p>
   </div>
   <div class='ocr_carea' id='block_1_22' title="bbox 1893 928 3457 1006">
    <p class='ocr_par' dir='ltr' id='par_1_22' title="bbox 1893 928 3457 1006">
     <span class='ocr_line' id='line_1_22' title="bbox 1893 928 3457 1006; baseline 0.01 -25"><span class='ocrx_word' id='word_1_152' title='bbox 1893 929 2034 998; x_wconf 89' lang='lat' dir='ltr'><strong>quit,</strong></span> <span class='ocrx_word' id='word_1_153' title='bbox 2073 928 2228 984; x_wconf 81' lang='lat' dir='ltr'><strong>adest</strong></span> <span class='ocrx_word' id='word_1_154' title='bbox 2258 945 2495 999; x_wconf 83' lang='lat' dir='ltr'><strong>praesens</strong></span> <span class='ocrx_word' id='word_1_155' title='bbox 2543 933 2850 988; x_wconf 87' lang='lat' dir='ltr'><strong>substantia</strong></span> <span class='ocrx_word' id='word_1_156' title='bbox 2884 938 3276 1006; x_wconf 83' lang='lat' dir='ltr'><strong>magnitudinis</strong></span> <span class='ocrx_word' id='word_1_157' title='bbox 3311 957 3457 1006; x_wconf 65' lang='lat' dir='ltr'><strong>suae;</strong></span> 
     </span>
    </p>
   </div>
   <div class='ocr_carea' id='block_1_23' title="bbox 1890 1017 3460 1100">
    <p class='ocr_par' dir='ltr' id='par_1_23' title="bbox 1890 1017 3460 1100">
     <span class='ocr_line' id='line_1_23' title="bbox 1890 1017 3460 1100; baseline 0.01 -33"><span class='ocrx_word' id='word_1_158' title='bbox 1890 1017 2017 1086; x_wconf 90' lang='lat' dir='ltr'><strong>quia</strong></span> <span class='ocrx_word' id='word_1_159' title='bbox 2049 1017 2276 1086; x_wconf 71' lang='lat' dir='ltr'><strong>a‘qualis</strong></span> <span class='ocrx_word' id='word_1_160' title='bbox 2307 1031 2390 1073; x_wconf 88' lang='lat' dir='ltr'><strong>est</strong></span> <span class='ocrx_word' id='word_1_161' title='bbox 2420 1018 2592 1074; x_wconf 85' lang='lat' dir='ltr'><strong>Filius</strong></span> <span class='ocrx_word' id='word_1_162' title='bbox 2625 1021 2792 1087; x_wconf 84' lang='lat' dir='ltr'><strong>Patri,</strong></span> <span class='ocrx_word' id='word_1_163' title='bbox 2833 1033 2886 1078; x_wconf 90' lang='lat' dir='ltr'><strong>et</strong></span> <span class='ocrx_word' id='word_1_164' title='bbox 2917 1041 3039 1078; x_wconf 90' lang='lat' dir='ltr'><strong>cum</strong></span> <span class='ocrx_word' id='word_1_165' title='bbox 3073 1027 3230 1083; x_wconf 81' lang='lat' dir='ltr'><strong>Patre</strong></span> <span class='ocrx_word' id='word_1_166' title='bbox 3261 1031 3460 1100; x_wconf 85' lang='lat' dir='ltr'><strong>ubique</strong></span> 
     </span>
    </p>
   </div>
   <div class='ocr_carea' id='block_1_24' title="bbox 1889 1109 3456 1182">
    <p class='ocr_par' dir='ltr' id='par_1_24' title="bbox 1889 1109 3456 1182">
     <span class='ocr_line' id='line_1_24' title="bbox 1889 1109 3456 1182; baseline 0.011 -20"><span class='ocrx_word' id='word_1_167' title='bbox 1889 1109 2044 1165; x_wconf 83' lang='lat' dir='ltr'><strong>adest</strong></span> <span class='ocrx_word' id='word_1_168' title='bbox 2071 1111 2395 1177; x_wconf 84' lang='lat' dir='ltr'><strong>divinitate;</strong></span> <span class='ocrx_word' id='word_1_169' title='bbox 2423 1121 2476 1165; x_wconf 91' lang='lat' dir='ltr'><strong>et</strong></span> <span class='ocrx_word' id='word_1_170' title='bbox 2507 1115 2634 1182; x_wconf 85' lang='lat' dir='ltr'><strong>quia</strong></span> <span class='ocrx_word' id='word_1_171' title='bbox 2653 1115 2836 1168; x_wconf 86' lang='lat' dir='ltr'><strong>omnia</strong></span> <span class='ocrx_word' id='word_1_172' title='bbox 2868 1119 3110 1173; x_wconf 84' lang='lat' dir='ltr'><strong>continet</strong></span> <span class='ocrx_word' id='word_1_173' title='bbox 3132 1124 3456 1179; x_wconf 76' lang='lat' dir='ltr'><strong>subsramia;</strong></span> 
     </span>
    </p>
   </div>
   <div class='ocr_carea' id='block_1_25' title="bbox 1891 1198 3458 1278">
    <p class='ocr_par' dir='ltr' id='par_1_25' title="bbox 1891 1198 3458 1278">
     <span class='ocr_line' id='line_1_25' title="bbox 1891 1198 3458 1278; baseline 0.011 -28"><span class='ocrx_word' id='word_1_174' title='bbox 1891 1198 1948 1251; x_wconf 87' lang='lat' dir='ltr'><strong>Si</strong></span> <span class='ocrx_word' id='word_1_175' title='bbox 1986 1198 2130 1254; x_wconf 87' lang='lat' dir='ltr'><strong>enim</strong></span> <span class='ocrx_word' id='word_1_176' title='bbox 2191 1201 2395 1255; x_wconf 79' lang='lat' dir='ltr'><strong>dixeris</strong></span> <span class='ocrx_word' id='word_1_177' title='bbox 2437 1215 2543 1254; x_wconf 90' lang='lat' dir='ltr'><strong>non</strong></span> <span class='ocrx_word' id='word_1_178' title='bbox 2578 1201 2770 1257; x_wconf 83' lang='lat' dir='ltr'><strong>adesse</strong></span> <span class='ocrx_word' id='word_1_179' title='bbox 2819 1205 3039 1274; x_wconf 87' lang='lat' dir='ltr'><strong>ubique,</strong></span> <span class='ocrx_word' id='word_1_180' title='bbox 3085 1210 3290 1278; x_wconf 84' lang='lat' dir='ltr'><strong>majora</strong></span> <span class='ocrx_word' id='word_1_181' title='bbox 3335 1229 3458 1269; x_wconf 76' lang='lat' dir='ltr'><strong>esse</strong></span> 
     </span>
    </p>
   </div>
   <div class='ocr_carea' id='block_1_26' title="bbox 1887 1289 3516 1362">
    <p class='ocr_par' dir='ltr' id='par_1_26' title="bbox 1887 1289 3516 1362">
     <span class='ocr_line' id='line_1_26' title="bbox 1887 1289 3516 1362; baseline 0.01 -21"><span class='ocrx_word' id='word_1_182' title='bbox 1887 1289 2035 1344; x_wconf 87' lang='lat' dir='ltr'><strong>dices</strong></span> <span class='ocrx_word' id='word_1_183' title='bbox 2083 1305 2146 1344; x_wconf 87' lang='lat' dir='ltr'><strong>ca</strong></span> <span class='ocrx_word' id='word_1_184' title='bbox 2195 1306 2315 1360; x_wconf 65' lang='lat' dir='ltr'><strong>quae</strong></span> <span class='ocrx_word' id='word_1_185' title='bbox 2347 1290 2488 1344; x_wconf 88' lang='lat' dir='ltr'><strong>facta</strong></span> <span class='ocrx_word' id='word_1_186' title='bbox 2521 1302 2670 1356; x_wconf 83' lang='lat' dir='ltr'><strong>sunt,</strong></span> <span class='ocrx_word' id='word_1_187' title='bbox 2704 1309 2867 1362; x_wconf 88' lang='lat' dir='ltr'><strong>quam</strong></span> <span class='ocrx_word' id='word_1_188' title='bbox 2900 1311 3090 1350; x_wconf 88' lang='lat' dir='ltr'><strong>eorum</strong></span> <span class='ocrx_word' id='word_1_189' title='bbox 3122 1311 3314 1355; x_wconf 83' lang='lat' dir='ltr'><strong>auctor</strong></span> <span class='ocrx_word' id='word_1_190' title='bbox 3361 1306 3456 1358; x_wconf 77' lang='lat' dir='ltr'><strong>sit.</strong></span> <span class='ocrx_word' id='word_1_191' title='bbox 3505 1316 3516 1330; x_wconf 90' lang='lat'><strong><em>‘</em></strong></span> 
     </span>
    </p>
   </div>
   <div class='ocr_carea' id='block_1_27' title="bbox 1886 1381 3457 1468">
    <p class='ocr_par' dir='ltr' id='par_1_27' title="bbox 1886 1381 3457 1468">
     <span class='ocr_line' id='line_1_27' title="bbox 1886 1381 3457 1468; baseline 0.012 -33"><span class='ocrx_word' id='word_1_192' title='bbox 1886 1381 1952 1436; x_wconf 88' lang='lat' dir='ltr'><strong>Et</strong></span> <span class='ocrx_word' id='word_1_193' title='bbox 2005 1382 2222 1438; x_wconf 85' lang='lat' dir='ltr'><strong>divinus</strong></span> <span class='ocrx_word' id='word_1_194' title='bbox 2273 1384 2746 1468; x_wconf 74' lang='lat' dir='ltr'><strong>Chrysostomus:</strong></span> <span class='ocrx_word' id='word_1_195' title='bbox 2793 1390 2948 1457; x_wconf 83' lang='lat' dir='ltr'><strong>Quod</strong></span> <span class='ocrx_word' id='word_1_196' title='bbox 2984 1395 3204 1461; x_wconf 88' lang='lat' dir='ltr'><strong>quidem</strong></span> <span class='ocrx_word' id='word_1_197' title='bbox 3255 1399 3457 1468; x_wconf 84' lang='lat' dir='ltr'><strong>ubique</strong></span> 
     </span>
    </p>
   </div>
   <div class='ocr_carea' id='block_1_28' title="bbox 1890 1464 3457 1557">
    <p class='ocr_par' dir='ltr' id='par_1_28' title="bbox 1890 1464 3457 1557">
     <span class='ocr_line' id='line_1_28' title="bbox 1890 1464 3457 1557; baseline 0.01 -31"><span class='ocrx_word' id='word_1_198' title='bbox 1890 1473 2030 1529; x_wconf 86' lang='lat' dir='ltr'><strong>Deus</strong></span> <span class='ocrx_word' id='word_1_199' title='bbox 2061 1486 2167 1539; x_wconf 89' lang='lat' dir='ltr'><strong>est,</strong></span> <span class='ocrx_word' id='word_1_200' title='bbox 2204 1478 2340 1541; x_wconf 89' lang='lat' dir='ltr'><strong>scio,</strong></span> <span class='ocrx_word' id='word_1_201' title='bbox 2377 1486 2431 1529; x_wconf 86' lang='lat' dir='ltr'><strong>ct</strong></span> <span class='ocrx_word' id='word_1_202' title='bbox 2454 1464 2594 1547; x_wconf 61' lang='lat' dir='ltr'><strong>qu‘od</strong></span> <span class='ocrx_word' id='word_1_203' title='bbox 2622 1489 2767 1535; x_wconf 86' lang='lat' dir='ltr'><strong>totus</strong></span> <span class='ocrx_word' id='word_1_204' title='bbox 2801 1493 2882 1537; x_wconf 89' lang='lat' dir='ltr'><strong>est</strong></span> <span class='ocrx_word' id='word_1_205' title='bbox 2916 1485 3150 1554; x_wconf 84' lang='lat' dir='ltr'><strong>ubique;</strong></span> <span class='ocrx_word' id='word_1_206' title='bbox 3183 1464 3457 1557; x_wconf 82' lang='lat' dir='ltr'><strong>quomodo</strong></span> 
     </span>
    </p>
   </div>
   <div class='ocr_carea' id='block_1_29' title="bbox 1884 1567 3454 1642">
    <p class='ocr_par' dir='ltr' id='par_1_29' title="bbox 1884 1567 3454 1642">
     <span class='ocr_line' id='line_1_29' title="bbox 1884 1567 3454 1642; baseline 0.011 -25"><span class='ocrx_word' id='word_1_207' title='bbox 1884 1575 2090 1630; x_wconf 89' lang='lat' dir='ltr'><strong>autem,</strong></span> <span class='ocrx_word' id='word_1_208' title='bbox 2121 1567 2328 1632; x_wconf 86' lang='lat' dir='ltr'><strong>nescio;</strong></span> <span class='ocrx_word' id='word_1_209' title='bbox 2357 1584 2462 1623; x_wconf 90' lang='lat' dir='ltr'><strong>non</strong></span> <span class='ocrx_word' id='word_1_210' title='bbox 2487 1571 2630 1623; x_wconf 88' lang='lat' dir='ltr'><strong>enim</strong></span> <span class='ocrx_word' id='word_1_211' title='bbox 2663 1573 2774 1626; x_wconf 84' lang='lat' dir='ltr'><strong>fleri</strong></span> <span class='ocrx_word' id='word_1_212' title='bbox 2803 1585 2982 1642; x_wconf 86' lang='lat' dir='ltr'><strong>potest</strong></span> <span class='ocrx_word' id='word_1_213' title='bbox 3011 1585 3068 1630; x_wconf 89' lang='lat' dir='ltr'><strong>ut</strong></span> <span class='ocrx_word' id='word_1_214' title='bbox 3097 1579 3454 1634; x_wconf 88' lang='lat' dir='ltr'><strong>substantiam</strong></span> 
     </span>
    </p>
   </div>
   <div class='ocr_carea' id='block_1_30' title="bbox 1884 1657 3452 1735">
    <p class='ocr_par' dir='ltr' id='par_1_30' title="bbox 1884 1657 3452 1735">
     <span class='ocr_line' id='line_1_30' title="bbox 1884 1657 3452 1735; baseline 0.012 -28"><span class='ocrx_word' id='word_1_215' title='bbox 1884 1657 2189 1721; x_wconf 80' lang='lat' dir='ltr'><strong>videamus,</strong></span> <span class='ocrx_word' id='word_1_216' title='bbox 2220 1673 2396 1728; x_wconf 74' lang='lat' dir='ltr'><strong>neque</strong></span> <span class='ocrx_word' id='word_1_217' title='bbox 2426 1675 2546 1729; x_wconf 74' lang='lat' dir='ltr'><strong>qua:</strong></span> <span class='ocrx_word' id='word_1_218' title='bbox 2576 1676 2606 1716; x_wconf 88' lang='lat' dir='ltr'><strong>a</strong></span> <span class='ocrx_word' id='word_1_219' title='bbox 2635 1678 2693 1718; x_wconf 90' lang='lat' dir='ltr'><strong>se</strong></span> <span class='ocrx_word' id='word_1_220' title='bbox 2723 1675 2826 1729; x_wconf 85' lang='lat' dir='ltr'><strong>est,</strong></span> <span class='ocrx_word' id='word_1_221' title='bbox 2873 1681 3048 1735; x_wconf 84' lang='lat' dir='ltr'><strong>neque</strong></span> <span class='ocrx_word' id='word_1_222' title='bbox 3084 1685 3203 1734; x_wconf 73' lang='lat' dir='ltr'><strong>(une</strong></span> <span class='ocrx_word' id='word_1_223' title='bbox 3230 1671 3296 1723; x_wconf 85' lang='lat' dir='ltr'><strong>ab</strong></span> <span class='ocrx_word' id='word_1_224' title='bbox 3322 1673 3452 1726; x_wconf 87' lang='lat' dir='ltr'><strong>alio.</strong></span> 
     </span>
    </p>
   </div>
   <div class='ocr_carea' id='block_1_31' title="bbox 1885 1743 3456 1821">
    <p class='ocr_par' dir='ltr' id='par_1_31' title="bbox 1885 1743 3456 1821">
     <span class='ocr_line' id='line_1_31' title="bbox 1885 1743 3456 1821; baseline 0.011 -25"><span class='ocrx_word' id='word_1_225' title='bbox 1885 1743 1946 1798; x_wconf 75' lang='lat' dir='ltr'><strong>Et</strong></span> <span class='ocrx_word' id='word_1_226' title='bbox 1988 1747 2225 1818; x_wconf 79' lang='lat' dir='ltr'><strong>Cyr-illus</strong></span> <span class='ocrx_word' id='word_1_227' title='bbox 2278 1746 2807 1821; x_wconf 87' lang='lat' dir='ltr'><strong>llierosolymitanus</strong></span> <span class='ocrx_word' id='word_1_228' title='bbox 2844 1754 2899 1807; x_wconf 92' lang='lat' dir='ltr'><strong>in</strong></span> <span class='ocrx_word' id='word_1_229' title='bbox 2937 1754 3346 1813; x_wconf 77' lang='lat' dir='ltr'><strong>Catecliesibus:</strong></span> <span class='ocrx_word' id='word_1_230' title='bbox 3398 1760 3456 1814; x_wconf 91' lang='lat' dir='ltr'><strong>ln</strong></span> 
     </span>
    </p>
   </div>
   <div class='ocr_carea' id='block_1_32' title="bbox 1883 1839 3456 1921">
    <p class='ocr_par' dir='ltr' id='par_1_32' title="bbox 1883 1839 3456 1921">
     <span class='ocr_line' id='line_1_32' title="bbox 1883 1839 3456 1921; baseline 0.011 -32"><span class='ocrx_word' id='word_1_231' title='bbox 1883 1853 2052 1902; x_wconf 81' lang='lat' dir='ltr'><strong>mera,</strong></span> <span class='ocrx_word' id='word_1_232' title='bbox 2081 1839 2280 1908; x_wconf 87' lang='lat' dir='ltr'><strong>inquit,</strong></span> <span class='ocrx_word' id='word_1_233' title='bbox 2301 1841 2586 1895; x_wconf 83' lang='lat' dir='ltr'><strong>divinitate</strong></span> <span class='ocrx_word' id='word_1_234' title='bbox 2617 1857 3078 1910; x_wconf 88' lang='lat' dir='ltr'><strong>supervacaneum</strong></span> <span class='ocrx_word' id='word_1_235' title='bbox 3109 1857 3191 1904; x_wconf 87' lang='lat' dir='ltr'><strong>est</strong></span> <span class='ocrx_word' id='word_1_236' title='bbox 3217 1853 3456 1921; x_wconf 72' lang='lat' dir='ltr'><strong>cogitare</strong></span> 
     </span>
    </p>
   </div>
   <div class='ocr_carea' id='block_1_33' title="bbox 237 1919 3454 2010">
    <p class='ocr_par' dir='ltr' id='par_1_33' title="bbox 237 1919 3454 2010">
     <span class='ocr_line' id='line_1_33' title="bbox 237 1919 3454 2010; baseline 0.005 -28"><span class='ocrx_word' id='word_1_237' title='bbox 237 1937 353 1990; x_wconf 70' lang='lat' dir='ltr'><strong>muri</strong></span> <span class='ocrx_word' id='word_1_238' title='bbox 391 1947 514 1992; x_wconf 49' lang='lat' dir='ltr'><strong>sunt</strong></span> <span class='ocrx_word' id='word_1_239' title='bbox 560 1941 914 2010; x_wconf 80' lang='lat' dir='ltr'><strong>participare,</strong></span> <span class='ocrx_word' id='word_1_240' title='bbox 967 1941 1154 1995; x_wconf 85' lang='lat' dir='ltr'><strong>eadem</strong></span> <span class='ocrx_word' id='word_1_241' title='bbox 1198 1942 1509 1996; x_wconf 88' lang='lat' dir='ltr'><strong>absurditas</strong></span> <span class='ocrx_word' id='word_1_242' title='bbox 1554 1957 1650 1996; x_wconf 89' lang='lat' dir='ltr'><strong>eos</strong></span> <span class='ocrx_word' id='word_1_243' title='bbox 1685 1943 1774 2010; x_wconf 89' lang='lat' dir='ltr'><strong>qui</strong></span> <span class='ocrx_word' id='word_1_244' title='bbox 1813 1919 1850 1973; x_wconf 68' lang='grc' dir='ltr'><strong>Β</strong></span> <span class='ocrx_word' id='word_1_245' title='bbox 1883 1945 2173 1985; x_wconf 85' lang='lat' dir='ltr'><strong>ascensum</strong></span> <span class='ocrx_word' id='word_1_246' title='bbox 2229 1941 2282 1985; x_wconf 87' lang='lat' dir='ltr'><strong>et</strong></span> <span class='ocrx_word' id='word_1_247' title='bbox 2332 1933 2694 2000; x_wconf 88' lang='lat' dir='ltr'><strong>descensum;</strong></span> <span class='ocrx_word' id='word_1_248' title='bbox 2734 1939 2971 2005; x_wconf 87' lang='lat' dir='ltr'><strong>potentia</strong></span> <span class='ocrx_word' id='word_1_249' title='bbox 3007 1942 3151 1994; x_wconf 89' lang='lat' dir='ltr'><strong>enim</strong></span> <span class='ocrx_word' id='word_1_250' title='bbox 3210 1943 3297 1995; x_wconf 83' lang='lat' dir='ltr'><strong>illa</strong></span> <span class='ocrx_word' id='word_1_251' title='bbox 3334 1941 3454 2010; x_wconf 78' lang='lat' dir='ltr'><strong>quze</strong></span> 
     </span>
    </p>
   </div>
   <div class='ocr_carea' id='block_1_34' title="bbox 235 2030 1774 2104">
    <p class='ocr_par' dir='ltr' id='par_1_34' title="bbox 235 2030 1774 2104">
     <span class='ocr_line' id='line_1_34' title="bbox 235 2030 1774 2104; baseline 0.004 -22"><span class='ocrx_word' id='word_1_252' title='bbox 235 2032 319 2083; x_wconf 88' lang='lat' dir='ltr'><strong>huc</strong></span> <span class='ocrx_word' id='word_1_253' title='bbox 346 2030 544 2096; x_wconf 89' lang='lat' dir='ltr'><strong>dicunt,</strong></span> <span class='ocrx_word' id='word_1_254' title='bbox 586 2043 975 2102; x_wconf 73' lang='lat' dir='ltr'><strong>consequetur,</strong></span> <span class='ocrx_word' id='word_1_255' title='bbox 1010 2050 1170 2104; x_wconf 89' lang='lat' dir='ltr'><strong>quam</strong></span> <span class='ocrx_word' id='word_1_256' title='bbox 1215 2045 1271 2089; x_wconf 93' lang='lat' dir='ltr'><strong>ut</strong></span> <span class='ocrx_word' id='word_1_257' title='bbox 1298 2035 1564 2102; x_wconf 74' lang='lat' dir='ltr'><strong>fugerent,</strong></span> <span class='ocrx_word' id='word_1_258' title='bbox 1604 2035 1774 2088; x_wconf 85' lang='lat' dir='ltr'><strong>Deum</strong></span> 
     </span>
    </p>
   </div>
   <div class='ocr_carea' id='block_1_35' title="bbox 235 2123 1777 2196">
    <p class='ocr_par' dir='ltr' id='par_1_35' title="bbox 235 2123 1777 2196">
     <span class='ocr_line' id='line_1_35' title="bbox 235 2123 1777 2196; baseline 0.001 -20"><span class='ocrx_word' id='word_1_259' title='bbox 235 2123 759 2178; x_wconf 85' lang='lat' dir='ltr'><strong>circmnscribcbant.</strong></span> <span class='ocrx_word' id='word_1_260' title='bbox 801 2126 1143 2180; x_wconf 90' lang='lat' dir='ltr'><strong>Contrahant</strong></span> <span class='ocrx_word' id='word_1_261' title='bbox 1205 2127 1367 2196; x_wconf 78' lang='lat' dir='ltr'><strong>igitur</strong></span> <span class='ocrx_word' id='word_1_262' title='bbox 1398 2136 1450 2180; x_wconf 85' lang='lat' dir='ltr'><strong>et</strong></span> <span class='ocrx_word' id='word_1_263' title='bbox 1507 2129 1777 2196; x_wconf 83' lang='lat' dir='ltr'><strong>operatio-</strong></span> 
     </span>
    </p>
   </div>
   <div class='ocr_carea' id='block_1_36' title="bbox 233 2215 1774 2285">
    <p class='ocr_par' dir='ltr' id='par_1_36' title="bbox 233 2215 1774 2285">
     <span class='ocr_line' id='line_1_36' title="bbox 233 2215 1774 2285; baseline 0.002 -17"><span class='ocrx_word' id='word_1_264' title='bbox 233 2230 355 2279; x_wconf 81' lang='lat' dir='ltr'><strong>nem,</strong></span> <span class='ocrx_word' id='word_1_265' title='bbox 388 2229 439 2268; x_wconf 89' lang='lat' dir='ltr'><strong>ut</strong></span> <span class='ocrx_word' id='word_1_266' title='bbox 477 2217 794 2271; x_wconf 86' lang='lat' dir='ltr'><strong>universum</strong></span> <span class='ocrx_word' id='word_1_267' title='bbox 825 2217 980 2285; x_wconf 84' lang='lat' dir='ltr'><strong>plane</strong></span> <span class='ocrx_word' id='word_1_268' title='bbox 1011 2218 1331 2272; x_wconf 76' lang='lat' dir='ltr'><strong>dissolvant.</strong></span> <span class='ocrx_word' id='word_1_269' title='bbox 1371 2215 1464 2272; x_wconf 90' lang='lat' dir='ltr'><strong>Sin</strong></span> <span class='ocrx_word' id='word_1_270' title='bbox 1498 2234 1625 2272; x_wconf 86' lang='lat' dir='ltr'><strong>vero</strong></span> <span class='ocrx_word' id='word_1_271' title='bbox 1662 2235 1774 2271; x_wconf 86' lang='lat' dir='ltr'><strong>me-</strong></span> 
     </span>
    </p>
   </div>
   <div class='ocr_carea' id='block_1_37' title="bbox 232 2308 1771 2378">
    <p class='ocr_par' dir='ltr' id='par_1_37' title="bbox 232 2308 1771 2378">
     <span class='ocr_line' id='line_1_37' title="bbox 232 2308 1771 2378; baseline 0.003 -21"><span class='ocrx_word' id='word_1_272' title='bbox 232 2318 418 2360; x_wconf 88' lang='lat' dir='ltr'><strong>tuentes</strong></span> <span class='ocrx_word' id='word_1_273' title='bbox 463 2308 568 2363; x_wconf 89' lang='lat' dir='ltr'><strong>hoc</strong></span> <span class='ocrx_word' id='word_1_274' title='bbox 603 2308 926 2372; x_wconf 84' lang='lat' dir='ltr'><strong>absurdum,</strong></span> <span class='ocrx_word' id='word_1_275' title='bbox 961 2319 1216 2378; x_wconf 88' lang='lat' dir='ltr'><strong>tanquam</strong></span> <span class='ocrx_word' id='word_1_276' title='bbox 1251 2310 1568 2378; x_wconf 68' lang='lat' dir='ltr'><strong>pmnitentia</strong></span> <span class='ocrx_word' id='word_1_277' title='bbox 1603 2312 1771 2375; x_wconf 81' lang='lat' dir='ltr'><strong>ducti,</strong></span> 
     </span>
    </p>
   </div>
   <div class='ocr_carea' id='block_1_38' title="bbox 229 2398 1772 2473">
    <p class='ocr_par' dir='ltr' id='par_1_38' title="bbox 229 2398 1772 2473">
     <span class='ocr_line' id='line_1_38' title="bbox 229 2398 1772 2473; baseline 0.002 -21"><span class='ocrx_word' id='word_1_278' title='bbox 229 2398 438 2452; x_wconf 76' lang='lat' dir='ltr'><strong>divinam</strong></span> <span class='ocrx_word' id='word_1_279' title='bbox 481 2404 864 2470; x_wconf 87' lang='lat' dir='ltr'><strong>operationem</strong></span> <span class='ocrx_word' id='word_1_280' title='bbox 905 2401 1035 2456; x_wconf 91' lang='lat' dir='ltr'><strong>nihil</strong></span> <span class='ocrx_word' id='word_1_281' title='bbox 1084 2403 1384 2473; x_wconf 89' lang='lat' dir='ltr'><strong>quidquam</strong></span> <span class='ocrx_word' id='word_1_282' title='bbox 1417 2403 1534 2456; x_wconf 76' lang='lat' dir='ltr'><strong>la-di</strong></span> <span class='ocrx_word' id='word_1_283' title='bbox 1568 2403 1772 2469; x_wconf 80' lang='lat' dir='ltr'><strong>dicant,</strong></span> 
     </span>
    </p>
   </div>
   <div class='ocr_carea' id='block_1_39' title="bbox 228 2494 1770 2564">
    <p class='ocr_par' dir='ltr' id='par_1_39' title="bbox 228 2494 1770 2564">
     <span class='ocr_line' id='line_1_39' title="bbox 228 2494 1770 2564; baseline 0.003 -20"><span class='ocrx_word' id='word_1_284' title='bbox 228 2507 308 2545; x_wconf 87' lang='lat' dir='ltr'><strong>cur</strong></span> <span class='ocrx_word' id='word_1_285' title='bbox 336 2509 432 2546; x_wconf 87' lang='lat' dir='ltr'><strong>non</strong></span> <span class='ocrx_word' id='word_1_286' title='bbox 473 2494 580 2548; x_wconf 89' lang='lat' dir='ltr'><strong>hoc</strong></span> <span class='ocrx_word' id='word_1_287' title='bbox 615 2495 790 2564; x_wconf 85' lang='lat' dir='ltr'><strong>ipsum</strong></span> <span class='ocrx_word' id='word_1_288' title='bbox 843 2496 911 2550; x_wconf 90' lang='lat' dir='ltr'><strong>de</strong></span> <span class='ocrx_word' id='word_1_289' title='bbox 967 2496 1276 2550; x_wconf 85' lang='lat' dir='ltr'><strong>substantia</strong></span> <span class='ocrx_word' id='word_1_290' title='bbox 1330 2494 1638 2550; x_wconf 77' lang='lat' dir='ltr'><strong>aﬂirmant?</strong></span> <span class='ocrx_word' id='word_1_291' title='bbox 1691 2498 1770 2549; x_wconf 79' lang='grc' dir='ltr'>Αιι</span> 
     </span>
    </p>
   </div>
   <div class='ocr_carea' id='block_1_40' title="bbox 226 2579 1776 2651">
    <p class='ocr_par' dir='ltr' id='par_1_40' title="bbox 226 2579 1776 2651">
     <span class='ocr_line' id='line_1_40' title="bbox 226 2579 1776 2651; baseline 0.003 -19"><span class='ocrx_word' id='word_1_292' title='bbox 226 2580 339 2644; x_wconf 73' lang='lat' dir='ltr'><strong>lirec,</strong></span> <span class='ocrx_word' id='word_1_293' title='bbox 369 2579 600 2636; x_wconf 90' lang='lat' dir='ltr'><strong>Photius</strong></span> <span class='ocrx_word' id='word_1_294' title='bbox 635 2583 963 2651; x_wconf 81' lang='lat' dir='ltr'><strong>patriarcha,</strong></span> <span class='ocrx_word' id='word_1_295' title='bbox 1004 2584 1057 2638; x_wconf 91' lang='lat' dir='ltr'><strong>in</strong></span> <span class='ocrx_word' id='word_1_296' title='bbox 1107 2584 1496 2650; x_wconf 77' lang='lat' dir='ltr'><strong>Qua’stionibus</strong></span> <span class='ocrx_word' id='word_1_297' title='bbox 1538 2584 1607 2636; x_wconf 85' lang='lat' dir='ltr'><strong>ad</strong></span> <span class='ocrx_word' id='word_1_298' title='bbox 1650 2585 1776 2636; x_wconf 81' lang='lat' dir='ltr'><strong>Am-</strong></span> 
     </span>
    </p>
   </div>
   <div class='ocr_carea' id='block_1_41' title="bbox 225 2672 1768 2746">
    <p class='ocr_par' dir='ltr' id='par_1_41' title="bbox 225 2672 1768 2746">
     <span class='ocr_line' id='line_1_41' title="bbox 225 2672 1768 2746; baseline 0.001 -21"><span class='ocrx_word' id='word_1_299' title='bbox 225 2672 541 2740; x_wconf 79' lang='lat' dir='ltr'><strong>philochium,</strong></span> <span class='ocrx_word' id='word_1_300' title='bbox 579 2692 700 2745; x_wconf 87' lang='lat' dir='ltr'><strong>cap.</strong></span> <span class='ocrx_word' id='word_1_301' title='bbox 746 2676 811 2730; x_wconf 80' lang='lat'><strong>&#39;75</strong></span> <span class='ocrx_word' id='word_1_302' title='bbox 859 2694 872 2730; x_wconf 91' lang='lat'><strong>:</strong></span> <span class='ocrx_word' id='word_1_303' title='bbox 927 2676 1105 2741; x_wconf 85' lang='lat' dir='ltr'><strong>Quare</strong></span> <span class='ocrx_word' id='word_1_304' title='bbox 1153 2677 1245 2746; x_wconf 92' lang='lat' dir='ltr'><strong>qui</strong></span> <span class='ocrx_word' id='word_1_305' title='bbox 1296 2677 1526 2741; x_wconf 82' lang='lat' dir='ltr'><strong>dubitat,</strong></span> <span class='ocrx_word' id='word_1_306' title='bbox 1576 2677 1768 2746; x_wconf 88' lang='lat' dir='ltr'><strong>inquit,</strong></span> 
     </span>
    </p>
   </div>
   <div class='ocr_carea' id='block_1_42' title="bbox 225 2767 1770 2838">
    <p class='ocr_par' dir='ltr' id='par_1_42' title="bbox 225 2767 1770 2838">
     <span class='ocr_line' id='line_1_42' title="bbox 225 2767 1770 2838; baseline 0.003 -21"><span class='ocrx_word' id='word_1_307' title='bbox 225 2779 378 2819; x_wconf 89' lang='lat' dir='ltr'><strong>utrum</strong></span> <span class='ocrx_word' id='word_1_308' title='bbox 413 2769 458 2822; x_wconf 90' lang='lat' dir='ltr'><strong>si</strong></span> <span class='ocrx_word' id='word_1_309' title='bbox 516 2767 659 2822; x_wconf 83' lang='lat' dir='ltr'><strong>Deus</strong></span> <span class='ocrx_word' id='word_1_310' title='bbox 695 2779 776 2822; x_wconf 89' lang='lat' dir='ltr'><strong>est</strong></span> <span class='ocrx_word' id='word_1_311' title='bbox 810 2769 862 2821; x_wconf 93' lang='lat' dir='ltr'><strong>in</strong></span> <span class='ocrx_word' id='word_1_312' title='bbox 893 2770 1168 2834; x_wconf 85' lang='lat' dir='ltr'><strong>Omnibus,</strong></span> <span class='ocrx_word' id='word_1_313' title='bbox 1219 2785 1326 2822; x_wconf 92' lang='lat' dir='ltr'><strong>non</strong></span> <span class='ocrx_word' id='word_1_314' title='bbox 1359 2771 1430 2822; x_wconf 89' lang='lat' dir='ltr'><strong>sit</strong></span> <span class='ocrx_word' id='word_1_315' title='bbox 1460 2785 1624 2838; x_wconf 90' lang='lat' dir='ltr'><strong>supra</strong></span> <span class='ocrx_word' id='word_1_316' title='bbox 1650 2787 1770 2823; x_wconf 84' lang='lat' dir='ltr'><strong>om-</strong></span> 
     </span>
    </p>
   </div>
   <div class='ocr_carea' id='block_1_43' title="bbox 223 2857 1769 2930">
    <p class='ocr_par' dir='ltr' id='par_1_43' title="bbox 223 2857 1769 2930">
     <span class='ocr_line' id='line_1_43' title="bbox 223 2857 1769 2930; baseline 0.004 -21"><span class='ocrx_word' id='word_1_317' title='bbox 223 2857 316 2922; x_wconf 87' lang='lat' dir='ltr'><strong>nia,</strong></span> <span class='ocrx_word' id='word_1_318' title='bbox 344 2861 509 2913; x_wconf 89' lang='lat' dir='ltr'><strong>nescit</strong></span> <span class='ocrx_word' id='word_1_319' title='bbox 551 2876 610 2914; x_wconf 90' lang='lat' dir='ltr'><strong>se</strong></span> <span class='ocrx_word' id='word_1_320' title='bbox 660 2860 913 2928; x_wconf 76' lang='lat' dir='ltr'><strong>ignorare</strong></span> <span class='ocrx_word' id='word_1_321' title='bbox 959 2877 1080 2930; x_wconf 69' lang='lat' dir='ltr'><strong>quae</strong></span> <span class='ocrx_word' id='word_1_322' title='bbox 1126 2864 1190 2916; x_wconf 92' lang='lat' dir='ltr'><strong>de</strong></span> <span class='ocrx_word' id='word_1_323' title='bbox 1239 2862 1422 2914; x_wconf 87' lang='lat' dir='ltr'><strong>divina</strong></span> <span class='ocrx_word' id='word_1_324' title='bbox 1473 2871 1663 2915; x_wconf 85' lang='lat' dir='ltr'><strong>natura</strong></span> <span class='ocrx_word' id='word_1_325' title='bbox 1715 2862 1769 2915; x_wconf 90' lang='lat' dir='ltr'><strong>in</strong></span> 
     </span>
    </p>
   </div>
   <div class='ocr_carea' id='block_1_44' title="bbox 221 2947 1767 3025">
    <p class='ocr_par' dir='ltr' id='par_1_44' title="bbox 221 2947 1767 3025">
     <span class='ocr_line' id='line_1_44' title="bbox 221 2947 1767 3025; baseline 0.004 -23"><span class='ocrx_word' id='word_1_326' title='bbox 221 2947 473 3020; x_wconf 88' lang='lat' dir='ltr'><strong>Scriptura</strong></span> <span class='ocrx_word' id='word_1_327' title='bbox 531 2963 726 3008; x_wconf 86' lang='lat' dir='ltr'><strong>saneta</strong></span> <span class='ocrx_word' id='word_1_328' title='bbox 778 2953 980 3023; x_wconf 85' lang='lat' dir='ltr'><strong>scripta</strong></span> <span class='ocrx_word' id='word_1_329' title='bbox 1037 2963 1200 3019; x_wconf 87' lang='lat' dir='ltr'><strong>sunt;</strong></span> <span class='ocrx_word' id='word_1_330' title='bbox 1257 2971 1434 3024; x_wconf 89' lang='lat' dir='ltr'><strong>neque</strong></span> <span class='ocrx_word' id='word_1_331' title='bbox 1468 2955 1767 3025; x_wconf 78' lang='lat' dir='ltr'><strong>quiilquam</strong></span> 
     </span>
    </p>
   </div>
   <div class='ocr_carea' id='block_1_45' title="bbox 221 3041 1766 3114">
    <p class='ocr_par' dir='ltr' id='par_1_45' title="bbox 221 3041 1766 3114">
     <span class='ocr_line' id='line_1_45' title="bbox 221 3041 1766 3114; baseline 0.004 -20"><span class='ocrx_word' id='word_1_332' title='bbox 221 3041 384 3110; x_wconf 86' lang='lat' dir='ltr'><strong>altius,</strong></span> <span class='ocrx_word' id='word_1_333' title='bbox 436 3060 603 3114; x_wconf 87' lang='lat' dir='ltr'><strong>quam</strong></span> <span class='ocrx_word' id='word_1_334' title='bbox 639 3047 981 3101; x_wconf 88' lang='lat' dir='ltr'><strong>consuetudo</strong></span> <span class='ocrx_word' id='word_1_335' title='bbox 1035 3062 1216 3100; x_wconf 85' lang='lat' dir='ltr'><strong>rerum</strong></span> <span class='ocrx_word' id='word_1_336' title='bbox 1251 3058 1591 3102; x_wconf 88' lang='lat' dir='ltr'><strong>terrenarum</strong></span> <span class='ocrx_word' id='word_1_337' title='bbox 1643 3047 1766 3113; x_wconf 82' lang='lat' dir='ltr'><strong>fert,</strong></span> 
     </span>
    </p>
   </div>
   <div class='ocr_carea' id='block_1_46' title="bbox 217 3137 1766 3208">
    <p class='ocr_par' dir='ltr' id='par_1_46' title="bbox 217 3137 1766 3208">
     <span class='ocr_line' id='line_1_46' title="bbox 217 3137 1766 3208; baseline 0.002 -20"><span class='ocrx_word' id='word_1_338' title='bbox 217 3149 368 3204; x_wconf 82' lang='lat' dir='ltr'><strong>neque</strong></span> <span class='ocrx_word' id='word_1_339' title='bbox 401 3137 644 3191; x_wconf 88' lang='lat' dir='ltr'><strong>divinius</strong></span> <span class='ocrx_word' id='word_1_340' title='bbox 671 3139 878 3208; x_wconf 87' lang='lat' dir='ltr'><strong>aliquid</strong></span> <span class='ocrx_word' id='word_1_341' title='bbox 913 3137 980 3192; x_wconf 89' lang='lat' dir='ltr'><strong>de</strong></span> <span class='ocrx_word' id='word_1_342' title='bbox 1018 3138 1084 3192; x_wconf 92' lang='lat' dir='ltr'><strong>iis</strong></span> <span class='ocrx_word' id='word_1_343' title='bbox 1120 3153 1240 3207; x_wconf 72' lang='lat' dir='ltr'><strong>qua:</strong></span> <span class='ocrx_word' id='word_1_344' title='bbox 1279 3140 1503 3194; x_wconf 89' lang='lat' dir='ltr'><strong>materia</strong></span> <span class='ocrx_word' id='word_1_345' title='bbox 1553 3150 1766 3205; x_wconf 89' lang='lat' dir='ltr'><strong>vacant,</strong></span> 
     </span>
    </p>
   </div>
   <div class='ocr_carea' id='block_1_47' title="bbox 1881 2023 3452 2104">
    <p class='ocr_par' dir='ltr' id='par_1_47' title="bbox 1881 2023 3452 2104">
     <span class='ocr_line' id='line_1_47' title="bbox 1881 2023 3452 2104; baseline 0.011 -31"><span class='ocrx_word' id='word_1_346' title='bbox 1881 2023 2065 2077; x_wconf 85' lang='lat' dir='ltr'><strong>omnia</strong></span> <span class='ocrx_word' id='word_1_347' title='bbox 2098 2024 2364 2088; x_wconf 75' lang='lat' dir='ltr'><strong>continet,</strong></span> <span class='ocrx_word' id='word_1_348' title='bbox 2394 2026 2484 2080; x_wconf 91' lang='lat' dir='ltr'><strong>ille</strong></span> <span class='ocrx_word' id='word_1_349' title='bbox 2515 2027 2607 2096; x_wconf 92' lang='lat' dir='ltr'><strong>qui</strong></span> <span class='ocrx_word' id='word_1_350' title='bbox 2643 2029 2841 2097; x_wconf 88' lang='lat' dir='ltr'><strong>ubique</strong></span> <span class='ocrx_word' id='word_1_351' title='bbox 2866 2032 3120 2088; x_wconf 80' lang='lat' dir='ltr'><strong>erunibus</strong></span> <span class='ocrx_word' id='word_1_352' title='bbox 3155 2035 3333 2099; x_wconf 82' lang='lat' dir='ltr'><strong>adest,</strong></span> <span class='ocrx_word' id='word_1_353' title='bbox 3359 2039 3452 2104; x_wconf 87' lang='lat' dir='ltr'><strong>qui</strong></span> 
     </span>
    </p>
   </div>
   <div class='ocr_carea' id='block_1_48' title="bbox 1881 2115 3453 2185">
    <p class='ocr_par' dir='ltr' id='par_1_48' title="bbox 1881 2115 3453 2185">
     <span class='ocr_line' id='line_1_48' title="bbox 1881 2115 3453 2185; baseline 0.012 -23"><span class='ocrx_word' id='word_1_354' title='bbox 1881 2115 2132 2170; x_wconf 80' lang='lat' dir='ltr'><strong>universa</strong></span> <span class='ocrx_word' id='word_1_355' title='bbox 2169 2115 2364 2184; x_wconf 89' lang='lat' dir='ltr'><strong>spiritu</strong></span> <span class='ocrx_word' id='word_1_356' title='bbox 2401 2133 2501 2170; x_wconf 92' lang='lat' dir='ltr'><strong>suo</strong></span> <span class='ocrx_word' id='word_1_357' title='bbox 2543 2119 2869 2185; x_wconf 77' lang='lat' dir='ltr'><strong>circumdat,</strong></span> <span class='ocrx_word' id='word_1_358' title='bbox 2927 2137 3033 2176; x_wconf 90' lang='lat' dir='ltr'><strong>non</strong></span> <span class='ocrx_word' id='word_1_359' title='bbox 3069 2126 3391 2180; x_wconf 81' lang='lat' dir='ltr'><strong>transfertur</strong></span> <span class='ocrx_word' id='word_1_360' title='bbox 3422 2144 3453 2181; x_wconf 89' lang='lat' dir='ltr'><strong>a.</strong></span> 
     </span>
    </p>
   </div>
   <div class='ocr_carea' id='block_1_49' title="bbox 1877 2207 3453 2287">
    <p class='ocr_par' dir='ltr' id='par_1_49' title="bbox 1877 2207 3453 2287">
     <span class='ocr_line' id='line_1_49' title="bbox 1877 2207 3453 2287; baseline 0.008 -27"><span class='ocrx_word' id='word_1_361' title='bbox 1877 2207 2014 2260; x_wconf 80' lang='lat' dir='ltr'><strong>locis</strong></span> <span class='ocrx_word' id='word_1_362' title='bbox 2047 2207 2099 2259; x_wconf 91' lang='lat' dir='ltr'><strong>in</strong></span> <span class='ocrx_word' id='word_1_363' title='bbox 2136 2207 2248 2261; x_wconf 89' lang='lat' dir='ltr'><strong>loca</strong></span> <span class='ocrx_word' id='word_1_364' title='bbox 2285 2225 2299 2271; x_wconf 91' lang='lat'><strong>;</strong></span> <span class='ocrx_word' id='word_1_365' title='bbox 2333 2209 2506 2277; x_wconf 84' lang='lat' dir='ltr'><strong>ipsius</strong></span> <span class='ocrx_word' id='word_1_366' title='bbox 2537 2222 2617 2266; x_wconf 90' lang='lat' dir='ltr'><strong>est</strong></span> <span class='ocrx_word' id='word_1_367' title='bbox 2645 2227 2748 2266; x_wconf 84' lang='lat' dir='ltr'><strong>vox</strong></span> <span class='ocrx_word' id='word_1_368' title='bbox 2778 2230 2793 2268; x_wconf 92' lang='lat'><strong>:</strong></span> <span class='ocrx_word' id='word_1_369' title='bbox 2831 2213 3029 2266; x_wconf 64' lang='lat' dir='ltr'><strong>Caelum</strong></span> <span class='ocrx_word' id='word_1_370' title='bbox 3060 2225 3108 2269; x_wconf 82' lang='lat' dir='ltr'><strong>et</strong></span> <span class='ocrx_word' id='word_1_371' title='bbox 3142 2225 3333 2270; x_wconf 84' lang='lat' dir='ltr'><strong>terram</strong></span> <span class='ocrx_word' id='word_1_372' title='bbox 3361 2237 3453 2287; x_wconf 73' lang='lat' dir='ltr'><strong>ego</strong></span> 
     </span>
    </p>
   </div>
   <div class='ocr_carea' id='block_1_50' title="bbox 1879 2296 3451 2372">
    <p class='ocr_par' dir='ltr' id='par_1_50' title="bbox 1879 2296 3451 2372">
     <span class='ocr_line' id='line_1_50' title="bbox 1879 2296 3451 2372; baseline 0.011 -25"><span class='ocrx_word' id='word_1_373' title='bbox 1879 2296 2068 2365; x_wconf 80' lang='lat' dir='ltr'><strong>impleo</strong></span> <span class='ocrx_word' id='word_1_374' title='bbox 2097 2300 2165 2352; x_wconf 78' lang='grc' dir='ltr'><strong>ὀ.</strong></span> <span class='ocrx_word' id='word_1_375' title='bbox 2221 2299 2277 2352; x_wconf 85' lang='lat' dir='ltr'><strong>Si</strong></span> <span class='ocrx_word' id='word_1_376' title='bbox 2317 2300 2480 2369; x_wconf 78' lang='lat' dir='ltr'><strong>igitur</strong></span> <span class='ocrx_word' id='word_1_377' title='bbox 2528 2302 2732 2370; x_wconf 89' lang='lat' dir='ltr'><strong>implet,</strong></span> <span class='ocrx_word' id='word_1_378' title='bbox 2767 2319 2876 2372; x_wconf 91' lang='lat' dir='ltr'><strong>quo</strong></span> <span class='ocrx_word' id='word_1_379' title='bbox 2911 2308 3344 2362; x_wconf 87' lang='lat' dir='ltr'><strong>transmittatur?</strong></span> <span class='ocrx_word' id='word_1_380' title='bbox 3375 2311 3451 2364; x_wconf 79' lang='lat' dir='ltr'><strong>lia</strong></span> 
     </span>
    </p>
   </div>
   <div class='ocr_carea' id='block_1_51' title="bbox 1879 2389 3448 2468">
    <p class='ocr_par' dir='ltr' id='par_1_51' title="bbox 1879 2389 3448 2468">
     <span class='ocr_line' id='line_1_51' title="bbox 1879 2389 3448 2468; baseline 0.008 -29"><span class='ocrx_word' id='word_1_381' title='bbox 1879 2389 1956 2453; x_wconf 80' lang='lat' dir='ltr'><strong>fit,</strong></span> <span class='ocrx_word' id='word_1_382' title='bbox 2001 2397 2056 2441; x_wconf 87' lang='lat' dir='ltr'><strong>nt</strong></span> <span class='ocrx_word' id='word_1_383' title='bbox 2123 2393 2356 2444; x_wconf 76' lang='lat' dir='ltr'><strong>ascendit</strong></span> <span class='ocrx_word' id='word_1_384' title='bbox 2407 2400 2461 2446; x_wconf 85' lang='lat' dir='ltr'><strong>et.</strong></span> <span class='ocrx_word' id='word_1_385' title='bbox 2521 2394 2784 2446; x_wconf 84' lang='lat' dir='ltr'><strong>descendit</strong></span> <span class='ocrx_word' id='word_1_386' title='bbox 2837 2411 3235 2468; x_wconf 76' lang='lat' dir='ltr'><strong>supervacuum</strong></span> <span class='ocrx_word' id='word_1_387' title='bbox 3294 2402 3363 2452; x_wconf 90' lang='lat' dir='ltr'><strong>sit</strong></span> <span class='ocrx_word' id='word_1_388' title='bbox 3395 2401 3448 2452; x_wconf 92' lang='lat' dir='ltr'><strong>in</strong></span> 
     </span>
    </p>
   </div>
   <div class='ocr_carea' id='block_1_52' title="bbox 1874 2481 3451 2557">
    <p class='ocr_par' dir='ltr' id='par_1_52' title="bbox 1874 2481 3451 2557">
     <span class='ocr_line' id='line_1_52' title="bbox 1874 2481 3451 2557; baseline 0.009 -27"><span class='ocrx_word' id='word_1_389' title='bbox 1874 2481 2177 2536; x_wconf 86' lang='lat' dir='ltr'><strong>divinitate.</strong></span> <span class='ocrx_word' id='word_1_390' title='bbox 2208 2481 2266 2536; x_wconf 89' lang='lat' dir='ltr'><strong>lu</strong></span> <span class='ocrx_word' id='word_1_391' title='bbox 2307 2481 2593 2539; x_wconf 82' lang='lat' dir='ltr'><strong>Salvatore</strong></span> <span class='ocrx_word' id='word_1_392' title='bbox 2627 2496 2833 2551; x_wconf 87' lang='lat' dir='ltr'><strong>autem,</strong></span> <span class='ocrx_word' id='word_1_393' title='bbox 2865 2497 2920 2541; x_wconf 84' lang='lat' dir='ltr'><strong>et</strong></span> <span class='ocrx_word' id='word_1_394' title='bbox 2962 2489 3012 2541; x_wconf 92' lang='lat' dir='ltr'><strong>in</strong></span> <span class='ocrx_word' id='word_1_395' title='bbox 3045 2489 3451 2557; x_wconf 81' lang='lat' dir='ltr'><strong>diSpensatiouo</strong></span> 
     </span>
    </p>
   </div>
   <div class='ocr_carea' id='block_1_53' title="bbox 1875 2572 3452 2646">
    <p class='ocr_par' dir='ltr' id='par_1_53' title="bbox 1875 2572 3452 2646">
     <span class='ocr_line' id='line_1_53' title="bbox 1875 2572 3452 2646; baseline 0.009 -22"><span class='ocrx_word' id='word_1_396' title='bbox 1875 2572 2144 2626; x_wconf 85' lang='lat' dir='ltr'><strong>adventus</strong></span> <span class='ocrx_word' id='word_1_397' title='bbox 2177 2574 2294 2642; x_wconf 84' lang='lat' dir='ltr'><strong>ejus</strong></span> <span class='ocrx_word' id='word_1_398' title='bbox 2317 2576 2369 2629; x_wconf 93' lang='lat' dir='ltr'><strong>in</strong></span> <span class='ocrx_word' id='word_1_399' title='bbox 2405 2591 2592 2641; x_wconf 83' lang='lat' dir='ltr'><strong>carne,</strong></span> <span class='ocrx_word' id='word_1_400' title='bbox 2624 2579 2838 2646; x_wconf 88' lang='lat' dir='ltr'><strong>proprie</strong></span> <span class='ocrx_word' id='word_1_401' title='bbox 2876 2580 3079 2633; x_wconf 87' lang='lat' dir='ltr'><strong>dicitur</strong></span> <span class='ocrx_word' id='word_1_402' title='bbox 3129 2583 3360 2636; x_wconf 74' lang='lat' dir='ltr'><strong>ascmdit</strong></span> <span class='ocrx_word' id='word_1_403' title='bbox 3397 2593 3452 2638; x_wconf 84' lang='lat' dir='ltr'><strong>et</strong></span> 
     </span>
    </p>
   </div>
   <div class='ocr_carea' id='block_1_54' title="bbox 1873 2664 3451 2742">
    <p class='ocr_par' dir='ltr' id='par_1_54' title="bbox 1873 2664 3451 2742">
     <span class='ocr_line' id='line_1_54' title="bbox 1873 2664 3451 2742; baseline 0.007 -26"><span class='ocrx_word' id='word_1_404' title='bbox 1873 2666 2158 2718; x_wconf 71' lang='lat' dir='ltr'><strong>descendit.</strong></span> <span class='ocrx_word' id='word_1_405' title='bbox 2196 2664 2262 2719; x_wconf 85' lang='lat' dir='ltr'><strong>Et</strong></span> <span class='ocrx_word' id='word_1_406' title='bbox 2296 2666 2534 2722; x_wconf 84' lang='lat' dir='ltr'><strong>Joannes</strong></span> <span class='ocrx_word' id='word_1_407' title='bbox 2581 2667 2947 2726; x_wconf 87' lang='lat' dir='ltr'><strong>Damascenus</strong></span> <span class='ocrx_word' id='word_1_408' title='bbox 3002 2671 3080 2742; x_wconf 86' lang='lat' dir='ltr'><strong>(b)</strong></span> <span class='ocrx_word' id='word_1_409' title='bbox 3114 2688 3128 2726; x_wconf 88' lang='lat'><strong>:</strong></span> <span class='ocrx_word' id='word_1_410' title='bbox 3165 2672 3327 2739; x_wconf 86' lang='lat' dir='ltr'><strong>Deus,</strong></span> <span class='ocrx_word' id='word_1_411' title='bbox 3363 2676 3451 2727; x_wconf 43' lang='lat' dir='ltr'><strong>ina</strong></span> 
     </span>
    </p>
   </div>
   <div class='ocr_carea' id='block_1_55' title="bbox 1875 2758 3449 2832">
    <p class='ocr_par' dir='ltr' id='par_1_55' title="bbox 1875 2758 3449 2832">
     <span class='ocr_line' id='line_1_55' title="bbox 1875 2758 3449 2832; baseline 0.006 -22"><span class='ocrx_word' id='word_1_412' title='bbox 1875 2758 2018 2825; x_wconf 90' lang='lat' dir='ltr'><strong>quit,</strong></span> <span class='ocrx_word' id='word_1_413' title='bbox 2075 2773 2272 2828; x_wconf 81' lang='lat' dir='ltr'><strong>expers</strong></span> <span class='ocrx_word' id='word_1_414' title='bbox 2309 2758 2484 2828; x_wconf 87' lang='lat' dir='ltr'><strong>partis</strong></span> <span class='ocrx_word' id='word_1_415' title='bbox 2525 2768 2630 2824; x_wconf 88' lang='lat' dir='ltr'><strong>est,</strong></span> <span class='ocrx_word' id='word_1_416' title='bbox 2685 2769 2827 2817; x_wconf 88' lang='lat' dir='ltr'><strong>totus</strong></span> <span class='ocrx_word' id='word_1_417' title='bbox 2862 2775 2927 2816; x_wconf 77' lang='lat' dir='ltr'><strong>ex</strong></span> <span class='ocrx_word' id='word_1_418' title='bbox 2963 2769 3076 2817; x_wconf 91' lang='lat' dir='ltr'><strong>toto</strong></span> <span class='ocrx_word' id='word_1_419' title='bbox 3123 2764 3359 2832; x_wconf 88' lang='lat' dir='ltr'><strong>ubique;</strong></span> <span class='ocrx_word' id='word_1_420' title='bbox 3395 2775 3449 2819; x_wconf 88' lang='lat' dir='ltr'><strong>et</strong></span> 
     </span>
    </p>
   </div>
   <div class='ocr_carea' id='block_1_56' title="bbox 1874 2849 3444 2918">
    <p class='ocr_par' dir='ltr' id='par_1_56' title="bbox 1874 2849 3444 2918">
     <span class='ocr_line' id='line_1_56' title="bbox 1874 2849 3444 2918; baseline 0.004 -16"><span class='ocrx_word' id='word_1_421' title='bbox 1874 2864 1979 2902; x_wconf 91' lang='lat' dir='ltr'><strong>non</strong></span> <span class='ocrx_word' id='word_1_422' title='bbox 2015 2863 2145 2915; x_wconf 89' lang='lat' dir='ltr'><strong>pars</strong></span> <span class='ocrx_word' id='word_1_423' title='bbox 2188 2849 2243 2903; x_wconf 90' lang='lat' dir='ltr'><strong>iu</strong></span> <span class='ocrx_word' id='word_1_424' title='bbox 2297 2857 2452 2918; x_wconf 85' lang='lat' dir='ltr'><strong>parte</strong></span> <span class='ocrx_word' id='word_1_425' title='bbox 2503 2865 2765 2918; x_wconf 88' lang='lat' dir='ltr'><strong>corporee</strong></span> <span class='ocrx_word' id='word_1_426' title='bbox 2795 2852 3035 2917; x_wconf 85' lang='lat' dir='ltr'><strong>divisus;</strong></span> <span class='ocrx_word' id='word_1_427' title='bbox 3074 2855 3168 2907; x_wconf 91' lang='lat' dir='ltr'><strong>scd</strong></span> <span class='ocrx_word' id='word_1_428' title='bbox 3216 2861 3359 2910; x_wconf 90' lang='lat' dir='ltr'><strong>totus</strong></span> <span class='ocrx_word' id='word_1_429' title='bbox 3391 2858 3444 2909; x_wconf 92' lang='lat' dir='ltr'><strong>in</strong></span> 
     </span>
    </p>
   </div>
   <div class='ocr_carea' id='block_1_57' title="bbox 1872 2940 3456 3015">
    <p class='ocr_par' dir='ltr' id='par_1_57' title="bbox 1872 2940 3456 3015">
     <span class='ocr_line' id='line_1_57' title="bbox 1872 2940 3456 3015; baseline 0.004 -23"><span class='ocrx_word' id='word_1_430' title='bbox 1872 2940 2152 3005; x_wconf 85' lang='lat' dir='ltr'><strong>munibus,</strong></span> <span class='ocrx_word' id='word_1_431' title='bbox 2185 2949 2240 2994; x_wconf 91' lang='lat' dir='ltr'><strong>ct</strong></span> <span class='ocrx_word' id='word_1_432' title='bbox 2272 2949 2418 2996; x_wconf 87' lang='lat' dir='ltr'><strong>totus</strong></span> <span class='ocrx_word' id='word_1_433' title='bbox 2449 2957 2612 3010; x_wconf 89' lang='lat' dir='ltr'><strong>supra</strong></span> <span class='ocrx_word' id='word_1_434' title='bbox 2646 2944 2851 2997; x_wconf 89' lang='lat' dir='ltr'><strong>omnia.</strong></span> <span class='ocrx_word' id='word_1_435' title='bbox 2899 2943 2977 2998; x_wconf 83' lang='lat' dir='ltr'><strong>Ex</strong></span> <span class='ocrx_word' id='word_1_436' title='bbox 3015 2947 3216 3015; x_wconf 89' lang='lat' dir='ltr'><strong>quibus</strong></span> <span class='ocrx_word' id='word_1_437' title='bbox 3245 2949 3303 3001; x_wconf 90' lang='lat' dir='ltr'><strong>lit</strong></span> <span class='ocrx_word' id='word_1_438' title='bbox 3333 2964 3456 3001; x_wconf 82' lang='lat' dir='ltr'><strong>tn.i-.</strong></span> 
     </span>
    </p>
   </div>
   <div class='ocr_carea' id='block_1_58' title="bbox 1875 3029 3448 3101">
    <p class='ocr_par' dir='ltr' id='par_1_58' title="bbox 1875 3029 3448 3101">
     <span class='ocr_line' id='line_1_58' title="bbox 1875 3029 3448 3101; baseline 0.006 -17"><span class='ocrx_word' id='word_1_439' title='bbox 1875 3029 2153 3096; x_wconf 81' lang='lat' dir='ltr'><strong>nifcstum,</strong></span> <span class='ocrx_word' id='word_1_440' title='bbox 2204 3033 2490 3101; x_wconf 64' lang='lat' dir='ltr'><strong>proin-ium</strong></span> <span class='ocrx_word' id='word_1_441' title='bbox 2533 3048 2656 3088; x_wconf 86' lang='lat' dir='ltr'><strong>esse</strong></span> <span class='ocrx_word' id='word_1_442' title='bbox 2702 3033 2791 3088; x_wconf 88' lang='lat' dir='ltr'><strong>Dei</strong></span> <span class='ocrx_word' id='word_1_443' title='bbox 2843 3037 3097 3091; x_wconf 89' lang='lat' dir='ltr'><strong>omnibus</strong></span> <span class='ocrx_word' id='word_1_444' title='bbox 3145 3039 3448 3093; x_wconf 82' lang='lat' dir='ltr'><strong>secundum</strong></span> 
     </span>
    </p>
   </div>
   <div class='ocr_carea' id='block_1_59' title="bbox 1871 3121 3442 3195">
    <p class='ocr_par' dir='ltr' id='par_1_59' title="bbox 1871 3121 3442 3195">
     <span class='ocr_line' id='line_1_59' title="bbox 1871 3121 3442 3195; baseline 0.004 -19"><span class='ocrx_word' id='word_1_445' title='bbox 1871 3121 2236 3177; x_wconf 87' lang='lat' dir='ltr'><strong>substantiam</strong></span> <span class='ocrx_word' id='word_1_446' title='bbox 2271 3124 2484 3177; x_wconf 73' lang='lat' dir='ltr'><strong>adesse.</strong></span> <span class='ocrx_word' id='word_1_447' title='bbox 2521 3122 2677 3178; x_wconf 86' lang='lat' dir='ltr'><strong>Sicut</strong></span> <span class='ocrx_word' id='word_1_448' title='bbox 2716 3133 2898 3178; x_wconf 85' lang='lat' dir='ltr'><strong>autem</strong></span> <span class='ocrx_word' id='word_1_449' title='bbox 2930 3127 3236 3182; x_wconf 86' lang='lat' dir='ltr'><strong>substantia</strong></span> <span class='ocrx_word' id='word_1_450' title='bbox 3269 3131 3442 3195; x_wconf 74' lang='lat' dir='ltr'><strong>adest,</strong></span> 
     </span>
    </p>
   </div>
   <div class='ocr_carea' id='block_1_60' title="bbox 215 3212 1769 3312">
    <p class='ocr_par' dir='ltr' id='par_1_60' title="bbox 215 3227 1769 3302">
     <span class='ocr_line' id='line_1_60' title="bbox 215 3227 1769 3302; baseline 0.005 -24"><span class='ocrx_word' id='word_1_451' title='bbox 215 3227 411 3296; x_wconf 78' lang='lat' dir='ltr'><strong>rogitat.</strong></span> <span class='ocrx_word' id='word_1_452' title='bbox 433 3229 502 3281; x_wconf 84' lang='lat' dir='ltr'><strong>At</strong></span> <span class='ocrx_word' id='word_1_453' title='bbox 531 3243 666 3283; x_wconf 83' lang='lat' dir='ltr'><strong>vero</strong></span> <span class='ocrx_word' id='word_1_454' title='bbox 695 3229 970 3297; x_wconf 83' lang='lat' dir='ltr'><strong>quomodo</strong></span> <span class='ocrx_word' id='word_1_455' title='bbox 1019 3229 1071 3282; x_wconf 92' lang='lat' dir='ltr'><strong>in</strong></span> <span class='ocrx_word' id='word_1_456' title='bbox 1109 3229 1365 3286; x_wconf 86' lang='lat' dir='ltr'><strong>omnibus</strong></span> <span class='ocrx_word' id='word_1_457' title='bbox 1403 3241 1487 3286; x_wconf 84' lang='lat' dir='ltr'><strong>est</strong></span> <span class='ocrx_word' id='word_1_458' title='bbox 1518 3232 1634 3302; x_wconf 87' lang='lat' dir='ltr'><strong>(a)?</strong></span> <span class='ocrx_word' id='word_1_459' title='bbox 1683 3232 1769 3285; x_wconf 87' lang='lat' dir='ltr'><strong>Di-</strong></span> 
     </span>
    </p>
   </div>
   <div class='ocr_carea' id='block_1_61' title="bbox 1875 3212 3441 3312">
    <p class='ocr_par' dir='ltr' id='par_1_61' title="bbox 1875 3212 3441 3285">
     <span class='ocr_line' id='line_1_61' title="bbox 1875 3212 3441 3285; baseline 0.006 -19"><span class='ocrx_word' id='word_1_460' title='bbox 1875 3212 1953 3266; x_wconf 90' lang='lat' dir='ltr'><strong>sic</strong></span> <span class='ocrx_word' id='word_1_461' title='bbox 1991 3228 2090 3268; x_wconf 89' lang='lat' dir='ltr'><strong>sua</strong></span> <span class='ocrx_word' id='word_1_462' title='bbox 2149 3223 2421 3282; x_wconf 84' lang='lat' dir='ltr'><strong>potestate</strong></span> <span class='ocrx_word' id='word_1_463' title='bbox 2475 3225 2528 3269; x_wconf 84' lang='lat' dir='ltr'><strong>et</strong></span> <span class='ocrx_word' id='word_1_464' title='bbox 2560 3218 2897 3285; x_wconf 81' lang='lat' dir='ltr'><strong>operatione,</strong></span> <span class='ocrx_word' id='word_1_465' title='bbox 2949 3219 3251 3274; x_wconf 87' lang='lat' dir='ltr'><strong>secundum</strong></span> <span class='ocrx_word' id='word_1_466' title='bbox 3298 3225 3441 3276; x_wconf 78' lang='lat' dir='ltr'><strong>enim</strong></span> 
     </span>
    </p>
   </div>
   <div class='ocr_carea' id='block_1_62' title="bbox 214 3322 1764 3394">
    <p class='ocr_par' dir='ltr' id='par_1_62' title="bbox 214 3322 1764 3394">
     <span class='ocr_line' id='line_1_62' title="bbox 214 3322 1764 3394; baseline 0.006 -26"><span class='ocrx_word' id='word_1_467' title='bbox 214 3329 338 3373; x_wconf 84' lang='lat' dir='ltr'><strong>ctum</strong></span> <span class='ocrx_word' id='word_1_468' title='bbox 370 3322 590 3391; x_wconf 83' lang='lat' dir='ltr'><strong>quidem</strong></span> <span class='ocrx_word' id='word_1_469' title='bbox 644 3335 748 3388; x_wconf 81' lang='lat' dir='ltr'><strong>est,</strong></span> <span class='ocrx_word' id='word_1_470' title='bbox 805 3325 950 3376; x_wconf 90' lang='lat' dir='ltr'><strong>nullo</strong></span> <span class='ocrx_word' id='word_1_471' title='bbox 1001 3324 1161 3377; x_wconf 83' lang='lat' dir='ltr'><strong>modo</strong></span> <span class='ocrx_word' id='word_1_472' title='bbox 1203 3339 1393 3377; x_wconf 88' lang='lat' dir='ltr'><strong>eorum</strong></span> <span class='ocrx_word' id='word_1_473' title='bbox 1441 3340 1563 3394; x_wconf 69' lang='lat' dir='ltr'><strong>qua:</strong></span> <span class='ocrx_word' id='word_1_474' title='bbox 1615 3336 1764 3392; x_wconf 88' lang='lat' dir='ltr'><strong>sunt,</strong></span> 
     </span>
    </p>
   </div>
   <div class='ocr_carea' id='block_1_63' title="bbox 213 3413 1801 3485">
    <p class='ocr_par' dir='ltr' id='par_1_63' title="bbox 213 3413 1801 3485">
     <span class='ocr_line' id='line_1_63' title="bbox 213 3413 1801 3485; baseline 0.006 -23"><span class='ocrx_word' id='word_1_475' title='bbox 213 3421 254 3463; x_wconf 91' lang='lat' dir='ltr'><strong>et</strong></span> <span class='ocrx_word' id='word_1_476' title='bbox 303 3413 343 3466; x_wconf 90' lang='lat' dir='ltr'><strong>si</strong></span> <span class='ocrx_word' id='word_1_477' title='bbox 394 3414 526 3483; x_wconf 89' lang='lat' dir='ltr'><strong>quid</strong></span> <span class='ocrx_word' id='word_1_478' title='bbox 572 3415 745 3484; x_wconf 80' lang='lat' dir='ltr'><strong>magis</strong></span> <span class='ocrx_word' id='word_1_479' title='bbox 795 3416 861 3468; x_wconf 91' lang='lat' dir='ltr'><strong>ad</strong></span> <span class='ocrx_word' id='word_1_480' title='bbox 916 3415 1432 3482; x_wconf 82' lang='lat' dir='ltr'><strong>contemplationem</strong></span> <span class='ocrx_word' id='word_1_481' title='bbox 1489 3417 1801 3485; x_wconf 77' lang='lat' dir='ltr'><strong>pertinens</strong></span> 
     </span>
    </p>
   </div>
   <div class='ocr_carea' id='block_1_64' title="bbox 211 3502 1762 3569">
    <p class='ocr_par' dir='ltr' id='par_1_64' title="bbox 211 3502 1762 3569">
     <span class='ocr_line' id='line_1_64' title="bbox 211 3502 1762 3569; baseline 0.003 -15"><span class='ocrx_word' id='word_1_482' title='bbox 211 3502 479 3558; x_wconf 74' lang='lat' dir='ltr'><strong>dicendum</strong></span> <span class='ocrx_word' id='word_1_483' title='bbox 511 3515 619 3569; x_wconf 86' lang='lat' dir='ltr'><strong>est,</strong></span> <span class='ocrx_word' id='word_1_484' title='bbox 649 3516 702 3559; x_wconf 91' lang='lat' dir='ltr'><strong>et</strong></span> <span class='ocrx_word' id='word_1_485' title='bbox 753 3520 861 3559; x_wconf 90' lang='lat' dir='ltr'><strong>non</strong></span> <span class='ocrx_word' id='word_1_486' title='bbox 911 3513 993 3559; x_wconf 88' lang='lat' dir='ltr'><strong>est</strong></span> <span class='ocrx_word' id='word_1_487' title='bbox 1029 3505 1486 3560; x_wconf 89' lang='lat' dir='ltr'><strong>reformidandum</strong></span> <span class='ocrx_word' id='word_1_488' title='bbox 1543 3520 1762 3560; x_wconf 86' lang='lat' dir='ltr'><strong>sursum</strong></span> 
     </span>
    </p>
   </div>
   <div class='ocr_carea' id='block_1_65' title="bbox 211 3592 1766 3667">
    <p class='ocr_par' dir='ltr' id='par_1_65' title="bbox 211 3592 1766 3667">
     <span class='ocr_line' id='line_1_65' title="bbox 211 3592 1766 3667; baseline 0.005 -22"><span class='ocrx_word' id='word_1_489' title='bbox 211 3595 344 3648; x_wconf 84' lang='lat' dir='ltr'><strong>evehi</strong></span> <span class='ocrx_word' id='word_1_490' title='bbox 369 3597 535 3650; x_wconf 85' lang='lat' dir='ltr'><strong>simul</strong></span> <span class='ocrx_word' id='word_1_491' title='bbox 565 3613 690 3651; x_wconf 89' lang='lat' dir='ltr'><strong>cum</strong></span> <span class='ocrx_word' id='word_1_492' title='bbox 730 3597 796 3650; x_wconf 88' lang='lat' dir='ltr'><strong>iis</strong></span> <span class='ocrx_word' id='word_1_493' title='bbox 823 3599 916 3667; x_wconf 91' lang='lat' dir='ltr'><strong>qui</strong></span> <span class='ocrx_word' id='word_1_494' title='bbox 944 3608 1071 3652; x_wconf 91' lang='lat' dir='ltr'><strong>sunt</strong></span> <span class='ocrx_word' id='word_1_495' title='bbox 1103 3598 1209 3652; x_wconf 89' lang='lat' dir='ltr'><strong>alta</strong></span> <span class='ocrx_word' id='word_1_496' title='bbox 1239 3592 1444 3664; x_wconf 72' lang='lat' dir='ltr'><strong>urente,</strong></span> <span class='ocrx_word' id='word_1_497' title='bbox 1483 3600 1550 3653; x_wconf 88' lang='lat' dir='ltr'><strong>ad</strong></span> <span class='ocrx_word' id='word_1_498' title='bbox 1581 3602 1766 3654; x_wconf 86' lang='lat' dir='ltr'><strong>altitu-</strong></span> 
     </span>
    </p>
   </div>
   <div class='ocr_carea' id='block_1_66' title="bbox 209 3685 1766 3759">
    <p class='ocr_par' dir='ltr' id='par_1_66' title="bbox 209 3685 1766 3759">
     <span class='ocr_line' id='line_1_66' title="bbox 209 3685 1766 3759; baseline 0.004 -22"><span class='ocrx_word' id='word_1_499' title='bbox 209 3685 368 3742; x_wconf 88' lang='lat' dir='ltr'><strong>dinem</strong></span> <span class='ocrx_word' id='word_1_500' title='bbox 397 3689 717 3759; x_wconf 87' lang='lat' dir='ltr'><strong>dogmatum</strong></span> <span class='ocrx_word' id='word_1_501' title='bbox 744 3690 1198 3758; x_wconf 78' lang='lat' dir='ltr'><strong>theologicorum,</strong></span> <span class='ocrx_word' id='word_1_502' title='bbox 1243 3699 1327 3745; x_wconf 87' lang='lat' dir='ltr'><strong>est</strong></span> <span class='ocrx_word' id='word_1_503' title='bbox 1372 3690 1515 3746; x_wconf 91' lang='lat' dir='ltr'><strong>Deus</strong></span> <span class='ocrx_word' id='word_1_504' title='bbox 1552 3691 1604 3745; x_wconf 91' lang='lat' dir='ltr'><strong>in</strong></span> <span class='ocrx_word' id='word_1_505' title='bbox 1645 3693 1766 3745; x_wconf 87' lang='lat' dir='ltr'><strong>uni-</strong></span> 
     </span>
    </p>
   </div>
   <div class='ocr_carea' id='block_1_67' title="bbox 209 3780 1808 3849">
    <p class='ocr_par' dir='ltr' id='par_1_67' title="bbox 209 3780 1808 3849">
     <span class='ocr_line' id='line_1_67' title="bbox 209 3780 1808 3849; baseline 0.004 -20"><span class='ocrx_word' id='word_1_506' title='bbox 209 3792 350 3833; x_wconf 81' lang='lat' dir='ltr'><strong>verso</strong></span> <span class='ocrx_word' id='word_1_507' title='bbox 379 3780 684 3834; x_wconf 79' lang='lat' dir='ltr'><strong>scentulum</strong></span> <span class='ocrx_word' id='word_1_508' title='bbox 711 3781 1079 3849; x_wconf 83' lang='lat' dir='ltr'><strong>operationem</strong></span> <span class='ocrx_word' id='word_1_509' title='bbox 1111 3781 1273 3834; x_wconf 88' lang='lat' dir='ltr'><strong>simul</strong></span> <span class='ocrx_word' id='word_1_510' title='bbox 1300 3790 1352 3836; x_wconf 87' lang='lat' dir='ltr'><strong>et</strong></span> <span class='ocrx_word' id='word_1_511' title='bbox 1378 3780 1760 3836; x_wconf 79' lang='lat' dir='ltr'><strong>substantiam.</strong></span> <span class='ocrx_word' id='word_1_512' title='bbox 1805 3815 1808 3820; x_wconf 93' lang='lat'><strong><em>-</em></strong></span> 
     </span>
    </p>
   </div>
   <div class='ocr_carea' id='block_1_68' title="bbox 210 3869 1762 3946">
    <p class='ocr_par' dir='ltr' id='par_1_68' title="bbox 210 3869 1762 3946">
     <span class='ocr_line' id='line_1_68' title="bbox 210 3869 1762 3946; baseline 0.003 -21"><span class='ocrx_word' id='word_1_513' title='bbox 210 3869 263 3925; x_wconf 87' lang='lat' dir='ltr'><strong>Et</strong></span> <span class='ocrx_word' id='word_1_514' title='bbox 292 3889 353 3927; x_wconf 84' lang='lat' dir='ltr'><strong>ne.</strong></span> <span class='ocrx_word' id='word_1_515' title='bbox 389 3874 530 3928; x_wconf 88' lang='lat' dir='ltr'><strong>mihi</strong></span> <span class='ocrx_word' id='word_1_516' title='bbox 583 3874 736 3928; x_wconf 87' lang='lat' dir='ltr'><strong>dicas</strong></span> <span class='ocrx_word' id='word_1_517' title='bbox 780 3873 1148 3939; x_wconf 81' lang='lat' dir='ltr'><strong>:Quoniodo?</strong></span> <span class='ocrx_word' id='word_1_518' title='bbox 1206 3873 1419 3928; x_wconf 85' lang='lat' dir='ltr'><strong>Dictum</strong></span> <span class='ocrx_word' id='word_1_519' title='bbox 1481 3874 1624 3946; x_wconf 81' lang='lat' dir='ltr'><strong>enim</strong></span> <span class='ocrx_word' id='word_1_520' title='bbox 1680 3887 1762 3929; x_wconf 91' lang='lat' dir='ltr'><strong>cst</strong></span> 
     </span>
    </p>
   </div>
   <div class='ocr_carea' id='block_1_69' title="bbox 205 3965 1762 4036">
    <p class='ocr_par' dir='ltr' id='par_1_69' title="bbox 205 3965 1762 4036">
     <span class='ocr_line' id='line_1_69' title="bbox 205 3965 1762 4036; baseline 0.001 -17"><span class='ocrx_word' id='word_1_521' title='bbox 205 3966 324 4036; x_wconf 81' lang='lat' dir='ltr'><strong>jam,</strong></span> <span class='ocrx_word' id='word_1_522' title='bbox 378 3967 529 4022; x_wconf 89' lang='lat' dir='ltr'><strong>nullo</strong></span> <span class='ocrx_word' id='word_1_523' title='bbox 587 3967 748 4021; x_wconf 90' lang='lat' dir='ltr'><strong>modo</strong></span> <span class='ocrx_word' id='word_1_524' title='bbox 801 3977 1199 4021; x_wconf 88' lang='lat' dir='ltr'><strong>creaturarum.</strong></span> <span class='ocrx_word' id='word_1_525' title='bbox 1256 3965 1540 4031; x_wconf 86' lang='lat' dir='ltr'><strong>Quomodo</strong></span> <span class='ocrx_word' id='word_1_526' title='bbox 1597 3966 1762 4035; x_wconf 71' lang='lat' dir='ltr'><strong>igitur</strong></span> 
     </span>
    </p>
   </div>
   <div class='ocr_carea' id='block_1_70' title="bbox 207 4058 1763 4116">
    <p class='ocr_par' dir='ltr' id='par_1_70' title="bbox 207 4058 1763 4116">
     <span class='ocr_line' id='line_1_70' title="bbox 207 4058 1763 4116; baseline -0.001 -2"><span class='ocrx_word' id='word_1_527' title='bbox 207 4069 276 4116; x_wconf 88' lang='lat' dir='ltr'><strong>est</strong></span> <span class='ocrx_word' id='word_1_528' title='bbox 324 4059 629 4116; x_wconf 87' lang='lat' dir='ltr'><strong>secundum</strong></span> <span class='ocrx_word' id='word_1_529' title='bbox 683 4059 1084 4114; x_wconf 86' lang='lat' dir='ltr'><strong>substantiam?</strong></span> <span class='ocrx_word' id='word_1_530' title='bbox 1120 4059 1275 4113; x_wconf 90' lang='lat' dir='ltr'><strong>Sicut</strong></span> <span class='ocrx_word' id='word_1_531' title='bbox 1311 4058 1622 4113; x_wconf 78' lang='lat' dir='ltr'><strong>intillexisti</strong></span> <span class='ocrx_word' id='word_1_532' title='bbox 1677 4073 1763 4112; x_wconf 87' lang='lat' dir='ltr'><strong>sc-</strong></span> 
     </span>
    </p>
   </div>
   <div class='ocr_carea' id='block_1_71' title="bbox 141 4150 1760 4224">
    <p class='ocr_par' dir='ltr' id='par_1_71' title="bbox 141 4150 1760 4224">
     <span class='ocr_line' id='line_1_71' title="bbox 141 4150 1760 4224; baseline 0 -19"><span class='ocrx_word' id='word_1_533' title='bbox 141 4221 146 4224; x_wconf 26' lang='lat'>.</span> <span class='ocrx_word' id='word_1_534' title='bbox 208 4153 426 4206; x_wconf 89' lang='lat' dir='ltr'><strong>cundum</strong></span> <span class='ocrx_word' id='word_1_535' title='bbox 460 4153 860 4222; x_wconf 86' lang='lat' dir='ltr'><strong>operationem.</strong></span> <span class='ocrx_word' id='word_1_536' title='bbox 881 4152 1019 4218; x_wconf 86' lang='lat' dir='ltr'><strong>Quia</strong></span> <span class='ocrx_word' id='word_1_537' title='bbox 1041 4150 1186 4206; x_wconf 91' lang='lat' dir='ltr'><strong>enim</strong></span> <span class='ocrx_word' id='word_1_538' title='bbox 1215 4152 1321 4206; x_wconf 89' lang='lat' dir='ltr'><strong>alia</strong></span> <span class='ocrx_word' id='word_1_539' title='bbox 1351 4161 1480 4207; x_wconf 87' lang='lat' dir='ltr'><strong>sunt</strong></span> <span class='ocrx_word' id='word_1_540' title='bbox 1507 4153 1760 4222; x_wconf 59' lang='lat' dir='ltr'><strong>quando-</strong></span> 
     </span>
    </p>
   </div>
   <div class='ocr_carea' id='block_1_72' title="bbox 206 4245 1756 4315">
    <p class='ocr_par' dir='ltr' id='par_1_72' title="bbox 206 4245 1756 4315">
     <span class='ocr_line' id='line_1_72' title="bbox 206 4245 1756 4315; baseline 0.001 -20"><span class='ocrx_word' id='word_1_541' title='bbox 206 4258 300 4310; x_wconf 88' lang='lat' dir='ltr'><strong>que</strong></span> <span class='ocrx_word' id='word_1_542' title='bbox 341 4246 604 4314; x_wconf 70' lang='lat' dir='ltr'><strong>potentia,</strong></span> <span class='ocrx_word' id='word_1_543' title='bbox 665 4253 718 4298; x_wconf 87' lang='lat' dir='ltr'><strong>et</strong></span> <span class='ocrx_word' id='word_1_544' title='bbox 751 4245 1084 4315; x_wconf 89' lang='lat' dir='ltr'><strong>quandoque</strong></span> <span class='ocrx_word' id='word_1_545' title='bbox 1139 4253 1304 4310; x_wconf 86' lang='lat' dir='ltr'><strong>actu;</strong></span> <span class='ocrx_word' id='word_1_546' title='bbox 1356 4245 1498 4300; x_wconf 85' lang='lat' dir='ltr'><strong>Deus</strong></span> <span class='ocrx_word' id='word_1_547' title='bbox 1551 4254 1756 4311; x_wconf 88' lang='lat' dir='ltr'><strong>autem,</strong></span> 
     </span>
    </p>
   </div>
   <div class='ocr_carea' id='block_1_73' title="bbox 205 4337 1758 4408">
    <p class='ocr_par' dir='ltr' id='par_1_73' title="bbox 205 4337 1758 4408">
     <span class='ocr_line' id='line_1_73' title="bbox 205 4337 1758 4408; baseline 0.002 -18"><span class='ocrx_word' id='word_1_548' title='bbox 205 4347 456 4406; x_wconf 78' lang='lat' dir='ltr'><strong>quatenus</strong></span> <span class='ocrx_word' id='word_1_549' title='bbox 490 4352 646 4392; x_wconf 90' lang='lat' dir='ltr'><strong>mens</strong></span> <span class='ocrx_word' id='word_1_550' title='bbox 671 4346 829 4392; x_wconf 88' lang='lat' dir='ltr'><strong>acuta</strong></span> <span class='ocrx_word' id='word_1_551' title='bbox 865 4337 1168 4408; x_wconf 84' lang='lat' dir='ltr'><strong>intelligere</strong></span> <span class='ocrx_word' id='word_1_552' title='bbox 1196 4347 1393 4407; x_wconf 85' lang='lat' dir='ltr'><strong>potest,</strong></span> <span class='ocrx_word' id='word_1_553' title='bbox 1425 4354 1640 4408; x_wconf 82' lang='lat' dir='ltr'><strong>semper</strong></span> <span class='ocrx_word' id='word_1_554' title='bbox 1675 4348 1758 4393; x_wconf 90' lang='lat' dir='ltr'><strong>est</strong></span> 
     </span>
    </p>
   </div>
   <div class='ocr_carea' id='block_1_74' title="bbox 205 4429 1758 4502">
    <p class='ocr_par' dir='ltr' id='par_1_74' title="bbox 205 4429 1758 4502">
     <span class='ocr_line' id='line_1_74' title="bbox 205 4429 1758 4502; baseline 0.002 -19"><span class='ocrx_word' id='word_1_555' title='bbox 205 4441 313 4484; x_wconf 79' lang='lat' dir='ltr'><strong>artu</strong></span> <span class='ocrx_word' id='word_1_556' title='bbox 342 4431 472 4501; x_wconf 90' lang='lat' dir='ltr'><strong>(non</strong></span> <span class='ocrx_word' id='word_1_557' title='bbox 501 4429 646 4485; x_wconf 88' lang='lat' dir='ltr'><strong>enim</strong></span> <span class='ocrx_word' id='word_1_558' title='bbox 680 4445 744 4484; x_wconf 77' lang='lat' dir='ltr'><strong>ex</strong></span> <span class='ocrx_word' id='word_1_559' title='bbox 788 4429 1105 4500; x_wconf 86' lang='lat' dir='ltr'><strong>imperfecto</strong></span> <span class='ocrx_word' id='word_1_560' title='bbox 1136 4429 1203 4485; x_wconf 86' lang='lat' dir='ltr'><strong>ad</strong></span> <span class='ocrx_word' id='word_1_561' title='bbox 1247 4431 1543 4500; x_wconf 85' lang='lat' dir='ltr'><strong>perfectum</strong></span> <span class='ocrx_word' id='word_1_562' title='bbox 1595 4434 1758 4502; x_wconf 87' lang='lat' dir='ltr'><strong>proti-</strong></span> 
     </span>
    </p>
   </div>
   <div class='ocr_carea' id='block_1_75' title="bbox 203 4522 1752 4595">
    <p class='ocr_par' dir='ltr' id='par_1_75' title="bbox 203 4522 1752 4595">
     <span class='ocr_line' id='line_1_75' title="bbox 203 4522 1752 4595; baseline 0.001 -19"><span class='ocrx_word' id='word_1_563' title='bbox 203 4523 444 4590; x_wconf 73' lang='lat' dir='ltr'><strong>iiseitur;</strong></span> <span class='ocrx_word' id='word_1_564' title='bbox 495 4540 594 4580; x_wconf 89' lang='lat' dir='ltr'><strong>nec</strong></span> <span class='ocrx_word' id='word_1_565' title='bbox 627 4522 775 4578; x_wconf 91' lang='lat' dir='ltr'><strong>aliud</strong></span> <span class='ocrx_word' id='word_1_566' title='bbox 806 4523 1124 4594; x_wconf 88' lang='lat' dir='ltr'><strong>quidquam,</strong></span> <span class='ocrx_word' id='word_1_567' title='bbox 1167 4539 1330 4593; x_wconf 88' lang='lat' dir='ltr'><strong>quam</strong></span> <span class='ocrx_word' id='word_1_568' title='bbox 1361 4539 1457 4595; x_wconf 89' lang='lat' dir='ltr'><strong>per</strong></span> <span class='ocrx_word' id='word_1_569' title='bbox 1491 4539 1550 4580; x_wconf 89' lang='lat' dir='ltr'><strong>se</strong></span> <span class='ocrx_word' id='word_1_570' title='bbox 1577 4535 1752 4592; x_wconf 89' lang='lat' dir='ltr'><strong>actus,</strong></span> 
     </span>
    </p>
   </div>
   <div class='ocr_carea' id='block_1_76' title="bbox 264 4663 863 4731">
    <p class='ocr_par' dir='ltr' id='par_1_76' title="bbox 264 4663 863 4731">
     <span class='ocr_line' id='line_1_76' title="bbox 264 4663 863 4731; baseline -0.005 -7"><span class='ocrx_word' id='word_1_571' title='bbox 264 4667 306 4701; x_wconf 83' lang='grc'><strong>⁹⁰</strong></span> <span class='ocrx_word' id='word_1_572' title='bbox 335 4666 533 4724; x_wconf 88' lang='lat' dir='ltr'><strong>Jerem.</strong></span> <span class='ocrx_word' id='word_1_573' title='bbox 571 4681 727 4731; x_wconf 68' lang='grc' dir='ltr'>χχιιι,</span> <span class='ocrx_word' id='word_1_574' title='bbox 772 4663 863 4721; x_wconf 70' lang='grc'><strong>24.</strong></span> 
     </span>
    </p>
   </div>
   <div class='ocr_carea' id='block_1_77' title="bbox 1872 3303 3445 3381">
    <p class='ocr_par' dir='ltr' id='par_1_77' title="bbox 1872 3303 3445 3381">
     <span class='ocr_line' id='line_1_77' title="bbox 1872 3303 3445 3381; baseline 0.004 -22"><span class='ocrx_word' id='word_1_575' title='bbox 1872 3303 2238 3359; x_wconf 83' lang='lat' dir='ltr'><strong>siibstantiam</strong></span> <span class='ocrx_word' id='word_1_576' title='bbox 2278 3305 2519 3374; x_wconf 89' lang='lat' dir='ltr'><strong>potentia</strong></span> <span class='ocrx_word' id='word_1_577' title='bbox 2557 3308 2744 3371; x_wconf 89' lang='lat' dir='ltr'><strong>adest;</strong></span> <span class='ocrx_word' id='word_1_578' title='bbox 2794 3316 2848 3361; x_wconf 92' lang='lat' dir='ltr'><strong>et</strong></span> <span class='ocrx_word' id='word_1_579' title='bbox 2879 3325 2986 3361; x_wconf 89' lang='lat' dir='ltr'><strong>non</strong></span> <span class='ocrx_word' id='word_1_580' title='bbox 3030 3320 3112 3378; x_wconf 83' lang='lat' dir='ltr'><strong>est</strong></span> <span class='ocrx_word' id='word_1_581' title='bbox 3162 3311 3306 3365; x_wconf 89' lang='lat' dir='ltr'><strong>aliud</strong></span> <span class='ocrx_word' id='word_1_582' title='bbox 3351 3331 3445 3381; x_wconf 87' lang='lat' dir='ltr'><strong>per</strong></span> 
     </span>
    </p>
   </div>
   <div class='ocr_carea' id='block_1_78' title="bbox 1869 3397 3442 3469">
    <p class='ocr_par' dir='ltr' id='par_1_78' title="bbox 1869 3397 3442 3469">
     <span class='ocr_line' id='line_1_78' title="bbox 1869 3397 3442 3469; baseline 0.003 -16"><span class='ocrx_word' id='word_1_583' title='bbox 1869 3413 1929 3453; x_wconf 90' lang='lat' dir='ltr'><strong>se</strong></span> <span class='ocrx_word' id='word_1_584' title='bbox 1975 3397 2242 3466; x_wconf 86' lang='lat' dir='ltr'><strong>operatio,</strong></span> <span class='ocrx_word' id='word_1_585' title='bbox 2287 3407 2341 3452; x_wconf 90' lang='lat' dir='ltr'><strong>et</strong></span> <span class='ocrx_word' id='word_1_586' title='bbox 2370 3397 2514 3450; x_wconf 88' lang='lat' dir='ltr'><strong>aliud</strong></span> <span class='ocrx_word' id='word_1_587' title='bbox 2547 3413 2642 3466; x_wconf 88' lang='lat' dir='ltr'><strong>per</strong></span> <span class='ocrx_word' id='word_1_588' title='bbox 2674 3414 2733 3452; x_wconf 89' lang='lat' dir='ltr'><strong>se</strong></span> <span class='ocrx_word' id='word_1_589' title='bbox 2778 3399 3104 3454; x_wconf 78' lang='lat' dir='ltr'><strong>subsrantia.</strong></span> <span class='ocrx_word' id='word_1_590' title='bbox 3156 3400 3442 3469; x_wconf 88' lang='lat' dir='ltr'><strong>Quomodo</strong></span> 
     </span>
    </p>
   </div>
   <div class='ocr_carea' id='block_1_79' title="bbox 1867 3486 3446 3561">
    <p class='ocr_par' dir='ltr' id='par_1_79' title="bbox 1867 3486 3446 3561">
     <span class='ocr_line' id='line_1_79' title="bbox 1867 3486 3446 3561; baseline 0.005 -21"><span class='ocrx_word' id='word_1_591' title='bbox 1867 3497 2048 3542; x_wconf 89' lang='lat' dir='ltr'><strong>autem</strong></span> <span class='ocrx_word' id='word_1_592' title='bbox 2099 3486 2239 3543; x_wconf 90' lang='lat' dir='ltr'><strong>Deus</strong></span> <span class='ocrx_word' id='word_1_593' title='bbox 2286 3488 2590 3542; x_wconf 88' lang='lat' dir='ltr'><strong>secundum</strong></span> <span class='ocrx_word' id='word_1_594' title='bbox 2637 3489 3029 3556; x_wconf 86' lang='lat' dir='ltr'><strong>substantiam,</strong></span> <span class='ocrx_word' id='word_1_595' title='bbox 3078 3501 3132 3544; x_wconf 89' lang='lat' dir='ltr'><strong>et</strong></span> <span class='ocrx_word' id='word_1_596' title='bbox 3162 3495 3446 3561; x_wconf 62' lang='lat' dir='ltr'><strong>aqttalitcr</strong></span> 
     </span>
    </p>
   </div>
   <div class='ocr_carea' id='block_1_80' title="bbox 1865 3581 3443 3651">
    <p class='ocr_par' dir='ltr' id='par_1_80' title="bbox 1865 3581 3443 3651">
     <span class='ocr_line' id='line_1_80' title="bbox 1865 3581 3443 3651; baseline 0.004 -17"><span class='ocrx_word' id='word_1_597' title='bbox 1865 3581 2121 3635; x_wconf 87' lang='lat' dir='ltr'><strong>omnibus</strong></span> <span class='ocrx_word' id='word_1_598' title='bbox 2169 3581 2344 3646; x_wconf 88' lang='lat' dir='ltr'><strong>adest,</strong></span> <span class='ocrx_word' id='word_1_599' title='bbox 2383 3589 2436 3634; x_wconf 92' lang='lat' dir='ltr'><strong>et</strong></span> <span class='ocrx_word' id='word_1_600' title='bbox 2483 3581 2759 3649; x_wconf 90' lang='lat' dir='ltr'><strong>quomodo</strong></span> <span class='ocrx_word' id='word_1_601' title='bbox 2803 3584 2920 3651; x_wconf 88' lang='lat' dir='ltr'><strong>ipse</strong></span> <span class='ocrx_word' id='word_1_602' title='bbox 2974 3583 3028 3636; x_wconf 92' lang='lat' dir='ltr'><strong>in</strong></span> <span class='ocrx_word' id='word_1_603' title='bbox 3081 3586 3337 3641; x_wconf 85' lang='lat' dir='ltr'><strong>omnibus</strong></span> <span class='ocrx_word' id='word_1_604' title='bbox 3389 3598 3443 3641; x_wconf 89' lang='lat' dir='ltr'><strong>et</strong></span> 
     </span>
    </p>
   </div>
   <div class='ocr_carea' id='block_1_81' title="bbox 1867 3671 3449 3746">
    <p class='ocr_par' dir='ltr' id='par_1_81' title="bbox 1867 3671 3449 3746">
     <span class='ocr_line' id='line_1_81' title="bbox 1867 3671 3449 3746; baseline 0.005 -20"><span class='ocrx_word' id='word_1_605' title='bbox 1867 3687 2030 3741; x_wconf 87' lang='lat' dir='ltr'><strong>supra</strong></span> <span class='ocrx_word' id='word_1_606' title='bbox 2071 3671 2280 3737; x_wconf 85' lang='lat' dir='ltr'><strong>onmia,</strong></span> <span class='ocrx_word' id='word_1_607' title='bbox 2330 3671 2527 3726; x_wconf 86' lang='lat' dir='ltr'><strong>modus</strong></span> <span class='ocrx_word' id='word_1_608' title='bbox 2561 3687 2737 3742; x_wconf 84' lang='lat' dir='ltr'><strong>neque</strong></span> <span class='ocrx_word' id='word_1_609' title='bbox 2780 3673 2912 3740; x_wconf 90' lang='lat' dir='ltr'><strong>dici,</strong></span> <span class='ocrx_word' id='word_1_610' title='bbox 2952 3689 3131 3742; x_wconf 89' lang='lat' dir='ltr'><strong>neque</strong></span> <span class='ocrx_word' id='word_1_611' title='bbox 3184 3679 3449 3746; x_wconf 79' lang='lat' dir='ltr'><strong>cegnosci.</strong></span> 
     </span>
    </p>
   </div>
   <div class='ocr_carea' id='block_1_82' title="bbox 1865 3779 2064 3839">
    <p class='ocr_par' dir='ltr' id='par_1_82' title="bbox 1865 3779 2064 3839">
     <span class='ocr_line' id='line_1_82' title="bbox 1865 3779 2064 3839; baseline -0.015 -15"><span class='ocrx_word' id='word_1_612' title='bbox 1865 3779 2064 3839; x_wconf 88' lang='lat' dir='ltr'><strong>potest.</strong></span> 
     </span>
    </p>
   </div>
   <div class='ocr_carea' id='block_1_83' title="bbox 2463 3883 2810 3940">
    <p class='ocr_par' dir='ltr' id='par_1_83' title="bbox 2463 3883 2810 3940">
     <span class='ocr_line' id='line_1_83' title="bbox 2463 3883 2810 3940; baseline -0.003 0"><span class='ocrx_word' id='word_1_613' title='bbox 2463 3883 2687 3940; x_wconf 78' lang='lat' dir='ltr'><strong>CAPUT</strong></span> <span class='ocrx_word' id='word_1_614' title='bbox 2748 3883 2810 3939; x_wconf 92' lang='lat' dir='ltr'><strong>ll.</strong></span> 
     </span>
    </p>
   </div>
   <div class='ocr_carea' id='block_1_84' title="bbox 1866 3998 3442 4073">
    <p class='ocr_par' dir='ltr' id='par_1_84' title="bbox 1866 3998 3442 4073">
     <span class='ocr_line' id='line_1_84' title="bbox 1866 3998 3442 4073; baseline 0.003 -21"><span class='ocrx_word' id='word_1_615' title='bbox 1866 3998 2025 4073; x_wconf 5' lang='lat' dir='ltr'><strong>Quod,</strong></span> <span class='ocrx_word' id='word_1_616' title='bbox 2049 4000 2183 4052; x_wconf 75' lang='lat' dir='ltr'><strong>sicut</strong></span> <span class='ocrx_word' id='word_1_617' title='bbox 2214 4001 2358 4073; x_wconf 67' lang='lat' dir='ltr'><strong>adest</strong></span> <span class='ocrx_word' id='word_1_618' title='bbox 2389 4000 2534 4054; x_wconf 79' lang='lat' dir='ltr'><strong>nobis</strong></span> <span class='ocrx_word' id='word_1_619' title='bbox 2562 4017 2790 4073; x_wconf 76' lang='lat' dir='ltr'><strong>pra&#39;sens</strong></span> <span class='ocrx_word' id='word_1_620' title='bbox 2823 4001 2956 4054; x_wconf 77' lang='lat' dir='ltr'><strong>Deus</strong></span> <span class='ocrx_word' id='word_1_621' title='bbox 2979 4004 3139 4057; x_wconf 71' lang='lat' dir='ltr'><strong>etiam</strong></span> <span class='ocrx_word' id='word_1_622' title='bbox 3169 4022 3289 4057; x_wconf 83' lang='lat' dir='ltr'><strong>cum</strong></span> <span class='ocrx_word' id='word_1_623' title='bbox 3311 4024 3442 4073; x_wconf 75' lang='lat' dir='ltr'><strong>pur--</strong></span> 
     </span>
    </p>
   </div>
   <div class='ocr_carea' id='block_1_85' title="bbox 1933 4071 3442 4152">
    <p class='ocr_par' dir='ltr' id='par_1_85' title="bbox 1933 4071 3442 4152">
     <span class='ocr_line' id='line_1_85' title="bbox 1933 4071 3442 4152; baseline 0.003 -30"><span class='ocrx_word' id='word_1_624' title='bbox 1933 4071 2215 4151; x_wconf 66' lang='lat' dir='ltr'><strong>ti_cipmuns</strong></span> <span class='ocrx_word' id='word_1_625' title='bbox 2235 4072 2318 4152; x_wconf 70' lang='lat' dir='ltr'><strong>;_si</strong></span> <span class='ocrx_word' id='word_1_626' title='bbox 2344 4081 2519 4124; x_wconf 84' lang='lat' dir='ltr'><strong>autem</strong></span> <span class='ocrx_word' id='word_1_627' title='bbox 2556 4071 2854 4125; x_wconf 69' lang='lat' dir='ltr'><strong>substantia</strong></span> <span class='ocrx_word' id='word_1_628' title='bbox 2894 4077 3058 4140; x_wconf 78' lang='lat' dir='ltr'><strong>adest,</strong></span> <span class='ocrx_word' id='word_1_629' title='bbox 3086 4071 3442 4133; x_wconf 72' lang='lat' dir='ltr'><strong>substantam</strong></span> 
     </span>
    </p>
   </div>
   <div class='ocr_carea' id='block_1_86' title="bbox 1933 4151 2471 4208">
    <p class='ocr_par' dir='ltr' id='par_1_86' title="bbox 1933 4151 2471 4208">
     <span class='ocr_line' id='line_1_86' title="bbox 1933 4151 2471 4208; baseline 0.002 -16"><span class='ocrx_word' id='word_1_630' title='bbox 1933 4157 2044 4207; x_wconf 70' lang='lat' dir='ltr'><strong>ejus</strong></span> <span class='ocrx_word' id='word_1_631' title='bbox 2072 4151 2471 4208; x_wconf 70' lang='lat' dir='ltr'><strong>participantur.</strong></span> 
     </span>
    </p>
   </div>
   <div class='ocr_carea' id='block_1_87' title="bbox 1934 4253 3440 4325">
    <p class='ocr_par' dir='ltr' id='par_1_87' title="bbox 1934 4253 3440 4325">
     <span class='ocr_line' id='line_1_87' title="bbox 1934 4253 3440 4325; baseline 0.006 -19"><span class='ocrx_word' id='word_1_632' title='bbox 1934 4253 2160 4322; x_wconf 83' lang='lat' dir='ltr'><strong>Magnus</strong></span> <span class='ocrx_word' id='word_1_633' title='bbox 2189 4253 2478 4325; x_wconf 81' lang='lat' dir='ltr'><strong>Dionysius</strong></span> <span class='ocrx_word' id='word_1_634' title='bbox 2513 4254 2564 4308; x_wconf 92' lang='lat' dir='ltr'><strong>in</strong></span> <span class='ocrx_word' id='word_1_635' title='bbox 2598 4255 2664 4310; x_wconf 89' lang='lat' dir='ltr'><strong>iis</strong></span> <span class='ocrx_word' id='word_1_636' title='bbox 2694 4271 2814 4325; x_wconf 65' lang='lat' dir='ltr'><strong>qua?</strong></span> <span class='ocrx_word' id='word_1_637' title='bbox 2846 4257 3127 4312; x_wconf 89' lang='lat' dir='ltr'><strong>adnotavit</strong></span> <span class='ocrx_word' id='word_1_638' title='bbox 3151 4273 3215 4312; x_wconf 74' lang='lat' dir='ltr'><strong>ex</strong></span> <span class='ocrx_word' id='word_1_639' title='bbox 3247 4273 3440 4315; x_wconf 77' lang='lat' dir='ltr'><strong>Sancto.</strong></span> 
     </span>
    </p>
   </div>
   <div class='ocr_carea' id='block_1_88' title="bbox 1860 4346 3439 4418">
    <p class='ocr_par' dir='ltr' id='par_1_88' title="bbox 1860 4346 3439 4418">
     <span class='ocr_line' id='line_1_88' title="bbox 1860 4346 3439 4418; baseline 0.003 -17"><span class='ocrx_word' id='word_1_640' title='bbox 1860 4346 2157 4401; x_wconf 88' lang='lat' dir='ltr'><strong>llierothco</strong></span> <span class='ocrx_word' id='word_1_641' title='bbox 2210 4346 2262 4400; x_wconf 90' lang='lat' dir='ltr'><strong>in</strong></span> <span class='ocrx_word' id='word_1_642' title='bbox 2305 4346 2624 4415; x_wconf 78' lang='lat' dir='ltr'><strong>theologicis</strong></span> <span class='ocrx_word' id='word_1_643' title='bbox 2672 4347 2843 4416; x_wconf 86' lang='lat' dir='ltr'><strong>ipsius</strong></span> <span class='ocrx_word' id='word_1_644' title='bbox 2891 4347 3226 4418; x_wconf 82' lang='lat' dir='ltr'><strong>Principiis:</strong></span> <span class='ocrx_word' id='word_1_645' title='bbox 3263 4354 3439 4406; x_wconf 65' lang='lat' dir='ltr'><strong>Causa</strong></span> 
     </span>
    </p>
   </div>
   <div class='ocr_carea' id='block_1_89' title="bbox 1859 4436 3444 4506">
    <p class='ocr_par' dir='ltr' id='par_1_89' title="bbox 1859 4436 3444 4506">
     <span class='ocr_line' id='line_1_89' title="bbox 1859 4436 3444 4506; baseline 0.005 -14"><span class='ocrx_word' id='word_1_646' title='bbox 1859 4436 2104 4492; x_wconf 78' lang='lat' dir='ltr'><strong>Omnium</strong></span> <span class='ocrx_word' id='word_1_647' title='bbox 2135 4476 2149 4500; x_wconf 90' lang='lat'><strong>,</strong></span> <span class='ocrx_word' id='word_1_648' title='bbox 2180 4446 2233 4490; x_wconf 90' lang='lat' dir='ltr'><strong>et</strong></span> <span class='ocrx_word' id='word_1_649' title='bbox 2264 4451 2383 4506; x_wconf 66' lang='lat' dir='ltr'><strong>quae</strong></span> <span class='ocrx_word' id='word_1_650' title='bbox 2423 4437 2606 4491; x_wconf 86' lang='lat' dir='ltr'><strong>omnia</strong></span> <span class='ocrx_word' id='word_1_651' title='bbox 2651 4437 2872 4506; x_wconf 88' lang='lat' dir='ltr'><strong>implet,</strong></span> <span class='ocrx_word' id='word_1_652' title='bbox 2907 4449 2989 4493; x_wconf 87' lang='lat' dir='ltr'><strong>est.</strong></span> <span class='ocrx_word' id='word_1_653' title='bbox 3019 4439 3144 4495; x_wconf 80' lang='lat' dir='ltr'><strong>Jesu</strong></span> <span class='ocrx_word' id='word_1_654' title='bbox 3176 4441 3370 4497; x_wconf 77' lang='lat' dir='ltr'><strong>divinit</strong></span> <span class='ocrx_word' id='word_1_655' title='bbox 3410 4463 3444 4500; x_wconf 77' lang='lat' dir='ltr'><strong>s</strong></span> 
     </span>
    </p>
   </div>
   <div class='ocr_carea' id='block_1_90' title="bbox 1859 4530 3442 4606">
    <p class='ocr_par' dir='ltr' id='par_1_90' title="bbox 1859 4530 3442 4606">
     <span class='ocr_line' id='line_1_90' title="bbox 1859 4530 3442 4606; baseline 0.005 -24"><span class='ocrx_word' id='word_1_656' title='bbox 1859 4543 1979 4599; x_wconf 81' lang='lat' dir='ltr'><strong>quae</strong></span> <span class='ocrx_word' id='word_1_657' title='bbox 2004 4538 2186 4585; x_wconf 83' lang='lat' dir='ltr'><strong>servat</strong></span> <span class='ocrx_word' id='word_1_658' title='bbox 2223 4538 2406 4598; x_wconf 85' lang='lat' dir='ltr'><strong>partes</strong></span> <span class='ocrx_word' id='word_1_659' title='bbox 2442 4530 2540 4583; x_wconf 81' lang='lat' dir='ltr'><strong>toti</strong></span> <span class='ocrx_word' id='word_1_660' title='bbox 2573 4530 2978 4587; x_wconf 84' lang='lat' dir='ltr'><strong>consentientes</strong></span> <span class='ocrx_word' id='word_1_661' title='bbox 3012 4531 3088 4602; x_wconf 86' lang='lat' dir='ltr'><strong>(l)</strong></span> <span class='ocrx_word' id='word_1_662' title='bbox 3128 4549 3143 4589; x_wconf 90' lang='lat'><strong>:</strong></span> <span class='ocrx_word' id='word_1_663' title='bbox 3178 4545 3232 4591; x_wconf 79' lang='lat' dir='ltr'><strong>et</strong></span> <span class='ocrx_word' id='word_1_664' title='bbox 3260 4552 3442 4606; x_wconf 76' lang='lat' dir='ltr'><strong>neque</strong></span> 
     </span>
    </p>
   </div>
   <div class='ocr_carea' id='block_1_91' title="bbox 810 4759 1926 4822">
    <p class='ocr_par' dir='ltr' id='par_1_91' title="bbox 810 4759 1926 4822">
     <span class='ocr_line' id='line_1_91' title="bbox 810 4759 1926 4822; baseline 0.013 -14"><span class='ocrx_word' id='word_1_665' title='bbox 810 4782 836 4808; x_wconf 79' lang='grc' dir='ltr'><strong><em>ο</em></strong></span> <span class='ocrx_word' id='word_1_666' title='bbox 1653 4759 1926 4822; x_wconf 84' lang='lat' dir='ltr'><strong>Scholia.</strong></span> 
     </span>
    </p>
   </div>
   <div class='ocr_carea' id='block_1_92' title="bbox 268 4854 3435 4935">
    <p class='ocr_par' dir='ltr' id='par_1_92' title="bbox 268 4854 3435 4935">
     <span class='ocr_line' id='line_1_92' title="bbox 268 4854 3435 4935; baseline 0 -17"><span class='ocrx_word' id='word_1_667' title='bbox 268 4864 337 4934; x_wconf 78' lang='grc' dir='ltr'><strong>(ι)</strong></span> <span class='ocrx_word' id='word_1_668' title='bbox 370 4863 426 4920; x_wconf 84' lang='grc' dir='ltr'><strong>ιιι</strong></span> <span class='ocrx_word' id='word_1_669' title='bbox 473 4854 729 4935; x_wconf 82' lang='lat' dir='ltr'><strong>essentiis</strong></span> <span class='ocrx_word' id='word_1_670' title='bbox 775 4875 954 4916; x_wconf 88' lang='lat' dir='ltr'><strong>rerum</strong></span> <span class='ocrx_word' id='word_1_671' title='bbox 1016 4860 1103 4914; x_wconf 89' lang='lat' dir='ltr'><strong>hic</strong></span> <span class='ocrx_word' id='word_1_672' title='bbox 1148 4857 1286 4935; x_wconf 71' lang='lat' dir='ltr'><strong>ordo</strong></span> <span class='ocrx_word' id='word_1_673' title='bbox 1336 4858 1754 4935; x_wconf 81' lang='lat' dir='ltr'><strong>consideratur;</strong></span> <span class='ocrx_word' id='word_1_674' title='bbox 1789 4869 1834 4925; x_wconf 81' lang='grc' dir='ltr'><strong>ο</strong></span> <span class='ocrx_word' id='word_1_675' title='bbox 1861 4869 1964 4935; x_wconf 63' lang='lat' dir='ltr'><strong>est,</strong></span> <span class='ocrx_word' id='word_1_676' title='bbox 1994 4861 2047 4916; x_wconf 87' lang='lat' dir='ltr'><strong>in</strong></span> <span class='ocrx_word' id='word_1_677' title='bbox 2081 4861 2347 4932; x_wconf 82' lang='lat' dir='ltr'><strong>principia</strong></span> <span class='ocrx_word' id='word_1_678' title='bbox 2383 4877 2589 4918; x_wconf 88' lang='lat' dir='ltr'><strong>rerum.</strong></span> <span class='ocrx_word' id='word_1_679' title='bbox 2631 4863 2948 4920; x_wconf 38' lang='lat' dir='ltr'><strong>iConservat</strong></span> <span class='ocrx_word' id='word_1_680' title='bbox 3000 4866 3184 4935; x_wconf 74' lang='lat' dir='ltr'><strong>igitur,</strong></span> <span class='ocrx_word' id='word_1_681' title='bbox 3219 4865 3396 4932; x_wconf 88' lang='lat' dir='ltr'><strong>inquit</strong></span> <span class='ocrx_word' id='word_1_682' title='bbox 3420 4908 3435 4927; x_wconf 83' lang='lat'><em>.</em></span> 
     </span>
    </p>
   </div>
   <div class='ocr_carea' id='block_1_93' title="bbox 205 4929 1755 5009">
    <p class='ocr_par' dir='ltr' id='par_1_93' title="bbox 205 4929 1755 5009">
     <span class='ocr_line' id='line_1_93' title="bbox 205 4929 1755 5009; baseline -0.001 -24"><span class='ocrx_word' id='word_1_683' title='bbox 205 4929 386 5002; x_wconf 80' lang='lat' dir='ltr'><strong>primo,</strong></span> <span class='ocrx_word' id='word_1_684' title='bbox 440 4933 706 5009; x_wconf 79' lang='lat' dir='ltr'><strong>principia</strong></span> <span class='ocrx_word' id='word_1_685' title='bbox 756 4945 998 5009; x_wconf 87' lang='lat' dir='ltr'><strong>rerum;_</strong></span> <span class='ocrx_word' id='word_1_686' title='bbox 1025 4929 1289 5009; x_wconf 82' lang='lat' dir='ltr'><strong>secundo,</strong></span> <span class='ocrx_word' id='word_1_687' title='bbox 1333 4930 1755 5009; x_wconf 77' lang='lat' dir='ltr'><strong>substantia&#39;_ex</strong></span> 
     </span>
    </p>
   </div>
   <div class='ocr_carea' id='block_1_94' title="bbox 204 5001 1758 5074">
    <p class='ocr_par' dir='ltr' id='par_1_94' title="bbox 204 5001 1758 5074">
     <span class='ocr_line' id='line_1_94' title="bbox 204 5001 1758 5074; baseline -0.001 -17"><span class='ocrx_word' id='word_1_688' title='bbox 204 5001 464 5074; x_wconf 82' lang='lat' dir='ltr'><strong>principiis</strong></span> <span class='ocrx_word' id='word_1_689' title='bbox 496 5003 826 5074; x_wconf 69' lang='lat' dir='ltr'><strong>eruistitnta;</strong></span> <span class='ocrx_word' id='word_1_690' title='bbox 876 5003 1056 5074; x_wconf 82' lang='lat' dir='ltr'><strong>tertio.</strong></span> <span class='ocrx_word' id='word_1_691' title='bbox 1092 5001 1301 5068; x_wconf 82' lang='lat' dir='ltr'><strong>species</strong></span> <span class='ocrx_word' id='word_1_692' title='bbox 1339 5001 1556 5066; x_wconf 81' lang='lat' dir='ltr'><strong>prepria</strong></span> <span class='ocrx_word' id='word_1_693' title='bbox 1593 5001 1758 5074; x_wconf 73' lang='lat' dir='ltr'><strong>totius</strong></span> 
     </span>
    </p>
   </div>
   <div class='ocr_carea' id='block_1_95' title="bbox 203 5069 1758 5142">
    <p class='ocr_par' dir='ltr' id='par_1_95' title="bbox 203 5069 1758 5142">
     <span class='ocr_line' id='line_1_95' title="bbox 203 5069 1758 5142; baseline 0.002 -18"><span class='ocrx_word' id='word_1_694' title='bbox 203 5069 470 5142; x_wconf 66' lang='lat' dir='ltr'><strong>compositi</strong></span> <span class='ocrx_word' id='word_1_695' title='bbox 503 5091 568 5128; x_wconf 75' lang='lat' dir='ltr'><strong>ex</strong></span> <span class='ocrx_word' id='word_1_696' title='bbox 607 5073 782 5127; x_wconf 90' lang='lat' dir='ltr'><strong>forma</strong></span> <span class='ocrx_word' id='word_1_697' title='bbox 819 5071 1208 5142; x_wconf 76' lang='lat' dir='ltr'><strong>proﬁciscens;</strong></span> <span class='ocrx_word' id='word_1_698' title='bbox 1251 5078 1466 5142; x_wconf 86' lang='lat' dir='ltr'><strong>quarto,</strong></span> <span class='ocrx_word' id='word_1_699' title='bbox 1498 5069 1758 5142; x_wconf 86' lang='lat' dir='ltr'><strong>perfectio</strong></span> 
     </span>
    </p>
   </div>
   <div class='ocr_carea' id='block_1_96' title="bbox 204 5140 1747 5213">
    <p class='ocr_par' dir='ltr' id='par_1_96' title="bbox 204 5140 1747 5213">
     <span class='ocr_line' id='line_1_96' title="bbox 204 5140 1747 5213; baseline -0.001 -17"><span class='ocrx_word' id='word_1_700' title='bbox 204 5140 363 5213; x_wconf 80' lang='lat' dir='ltr'><strong>ipsius</strong></span> <span class='ocrx_word' id='word_1_701' title='bbox 395 5147 468 5201; x_wconf 87' lang='lat' dir='ltr'><strong>rei</strong></span> <span class='ocrx_word' id='word_1_702' title='bbox 499 5161 606 5198; x_wconf 92' lang='lat' dir='ltr'><strong>non</strong></span> <span class='ocrx_word' id='word_1_703' title='bbox 653 5140 830 5196; x_wconf 84' lang='lat' dir='ltr'><strong>solum</strong></span> <span class='ocrx_word' id='word_1_704' title='bbox 875 5141 1054 5212; x_wconf 74' lang='lat' dir='ltr'><strong>quoal</strong></span> <span class='ocrx_word' id='word_1_705' title='bbox 1124 5140 1378 5208; x_wconf 85' lang='lat' dir='ltr'><strong>speciem,</strong></span> <span class='ocrx_word' id='word_1_706' title='bbox 1413 5141 1506 5213; x_wconf 77' lang='lat' dir='ltr'><strong>sed</strong></span> <span class='ocrx_word' id='word_1_707' title='bbox 1572 5142 1747 5208; x_wconf 84' lang='lat' dir='ltr'><strong>quoad</strong></span> 
     </span>
    </p>
   </div>
   <div class='ocr_carea' id='block_1_97' title="bbox 205 5210 1751 5289">
    <p class='ocr_par' dir='ltr' id='par_1_97' title="bbox 205 5210 1751 5289">
     <span class='ocr_line' id='line_1_97' title="bbox 205 5210 1751 5289; baseline -0.001 -22"><span class='ocrx_word' id='word_1_708' title='bbox 205 5210 460 5284; x_wconf 80' lang='lat' dir='ltr'><strong>propriam</strong></span> <span class='ocrx_word' id='word_1_709' title='bbox 491 5215 862 5289; x_wconf 77' lang='lat' dir='ltr'><strong>operationem</strong></span> <span class='ocrx_word' id='word_1_710' title='bbox 895 5210 951 5266; x_wconf 79' lang='lat' dir='ltr'><strong>et</strong></span> <span class='ocrx_word' id='word_1_711' title='bbox 986 5219 1167 5278; x_wconf 88' lang='lat' dir='ltr'><strong>tinem;</strong></span> <span class='ocrx_word' id='word_1_712' title='bbox 1203 5220 1333 5289; x_wconf 70' lang='lat' dir='ltr'><strong>tunc</strong></span> <span class='ocrx_word' id='word_1_713' title='bbox 1364 5210 1505 5263; x_wconf 87' lang='lat' dir='ltr'><strong>enim</strong></span> <span class='ocrx_word' id='word_1_714' title='bbox 1543 5225 1630 5289; x_wconf 78' lang='lat' dir='ltr'><strong>res</strong></span> <span class='ocrx_word' id='word_1_715' title='bbox 1669 5218 1751 5265; x_wconf 89' lang='lat' dir='ltr'><strong>est</strong></span> 
     </span>
    </p>
   </div>
   <div class='ocr_carea' id='block_1_98' title="bbox 205 5281 1751 5355">
    <p class='ocr_par' dir='ltr' id='par_1_98' title="bbox 205 5281 1751 5355">
     <span class='ocr_line' id='line_1_98' title="bbox 205 5281 1751 5355; baseline -0.002 -18"><span class='ocrx_word' id='word_1_716' title='bbox 205 5281 513 5341; x_wconf 82' lang='lat' dir='ltr'><strong>eiunimodis</strong></span> <span class='ocrx_word' id='word_1_717' title='bbox 535 5281 798 5355; x_wconf 81' lang='lat' dir='ltr'><strong>perfecta,</strong></span> <span class='ocrx_word' id='word_1_718' title='bbox 834 5297 956 5338; x_wconf 89' lang='lat' dir='ltr'><strong>cum</strong></span> <span class='ocrx_word' id='word_1_719' title='bbox 987 5297 1148 5355; x_wconf 78' lang='lat' dir='ltr'><strong>suum</strong></span> <span class='ocrx_word' id='word_1_720' title='bbox 1198 5281 1751 5355; x_wconf 81' lang='lat' dir='ltr'><strong>tinem_assequitur;</strong></span> 
     </span>
    </p>
   </div>
   <div class='ocr_carea' id='block_1_99' title="bbox 207 5349 1750 5422">
    <p class='ocr_par' dir='ltr' id='par_1_99' title="bbox 207 5349 1750 5422">
     <span class='ocr_line' id='line_1_99' title="bbox 207 5349 1750 5422; baseline -0.003 -14"><span class='ocrx_word' id='word_1_721' title='bbox 207 5357 402 5422; x_wconf 86' lang='lat' dir='ltr'><strong>quinto,</strong></span> <span class='ocrx_word' id='word_1_722' title='bbox 447 5349 555 5410; x_wconf 58' lang='lat' dir='ltr'><strong>res&#39;</strong></span> <span class='ocrx_word' id='word_1_723' title='bbox 583 5355 745 5409; x_wconf 69' lang='lat' dir='ltr'><strong>variae</strong></span> <span class='ocrx_word' id='word_1_724' title='bbox 791 5368 911 5422; x_wconf 67' lang='lat' dir='ltr'><strong>qua:</strong></span> <span class='ocrx_word' id='word_1_725' title='bbox 965 5352 1204 5422; x_wconf 14' lang='lat' dir='ltr'><strong>singulae,</strong></span> <span class='ocrx_word' id='word_1_726' title='bbox 1242 5349 1478 5420; x_wconf 85' lang='lat' dir='ltr'><strong>quadam</strong></span> <span class='ocrx_word' id='word_1_727' title='bbox 1537 5351 1750 5420; x_wconf 88' lang='lat' dir='ltr'><strong>propria</strong></span> 
     </span>
    </p>
   </div>
   <div class='ocr_carea' id='block_1_100' title="bbox 205 5421 1750 5496">
    <p class='ocr_par' dir='ltr' id='par_1_100' title="bbox 205 5421 1750 5496">
     <span class='ocr_line' id='line_1_100' title="bbox 205 5421 1750 5496; baseline -0.003 -19"><span class='ocrx_word' id='word_1_728' title='bbox 205 5421 516 5493; x_wconf 81' lang='lat' dir='ltr'><strong>perfectione</strong></span> <span class='ocrx_word' id='word_1_729' title='bbox 561 5421 976 5496; x_wconf 15' lang='lat' dir='ltr'><strong>praeditmisunt,</strong></span> <span class='ocrx_word' id='word_1_730' title='bbox 1007 5421 1545 5496; x_wconf 71' lang='lat' dir='ltr'><strong>etordineqnodam</strong></span> <span class='ocrx_word' id='word_1_731' title='bbox 1580 5436 1750 5489; x_wconf 77' lang='lat' dir='ltr'><strong>copu-</strong></span> 
     </span>
    </p>
   </div>
   <div class='ocr_carea' id='block_1_101' title="bbox 207 5493 1752 5563">
    <p class='ocr_par' dir='ltr' id='par_1_101' title="bbox 207 5493 1752 5563">
     <span class='ocr_line' id='line_1_101' title="bbox 207 5493 1752 5563; baseline 0.001 -18"><span class='ocrx_word' id='word_1_732' title='bbox 207 5497 318 5549; x_wconf 73' lang='lat' dir='ltr'><strong>lata:</strong></span> <span class='ocrx_word' id='word_1_733' title='bbox 344 5507 507 5551; x_wconf 88' lang='lat' dir='ltr'><strong>totum</strong></span> <span class='ocrx_word' id='word_1_734' title='bbox 549 5493 820 5563; x_wconf 77' lang='lat' dir='ltr'><strong>quoddam</strong></span> <span class='ocrx_word' id='word_1_735' title='bbox 858 5493 1162 5560; x_wconf 81' lang='lat' dir='ltr'><strong>perﬁciunt,</strong></span> <span class='ocrx_word' id='word_1_736' title='bbox 1193 5501 1249 5544; x_wconf 93' lang='lat' dir='ltr'><strong>ut</strong></span> <span class='ocrx_word' id='word_1_737' title='bbox 1292 5493 1346 5545; x_wconf 93' lang='lat' dir='ltr'><strong>in</strong></span> <span class='ocrx_word' id='word_1_738' title='bbox 1375 5493 1655 5563; x_wconf 75' lang='lat' dir='ltr'><strong>universo,</strong></span> <span class='ocrx_word' id='word_1_739' title='bbox 1698 5501 1752 5563; x_wconf 84' lang='lat' dir='ltr'><strong>et</strong></span> 
     </span>
    </p>
   </div>
   <div class='ocr_carea' id='block_1_102' title="bbox 207 5561 1753 5632">
    <p class='ocr_par' dir='ltr' id='par_1_102' title="bbox 207 5561 1753 5632">
     <span class='ocr_line' id='line_1_102' title="bbox 207 5561 1753 5632; baseline -0.001 -16"><span class='ocrx_word' id='word_1_740' title='bbox 207 5565 255 5618; x_wconf 88' lang='lat' dir='ltr'><strong>in</strong></span> <span class='ocrx_word' id='word_1_741' title='bbox 287 5566 512 5620; x_wconf 83' lang='lat' dir='ltr'><strong>homine.</strong></span> <span class='ocrx_word' id='word_1_742' title='bbox 539 5561 861 5619; x_wconf 84' lang='lat' dir='ltr'><strong>llierotlteus</strong></span> <span class='ocrx_word' id='word_1_743' title='bbox 892 5579 1020 5632; x_wconf 87' lang='lat' dir='ltr'><strong>ergo</strong></span> <span class='ocrx_word' id='word_1_744' title='bbox 1039 5565 1213 5623; x_wconf 81' lang='lat' dir='ltr'><strong>docet.</strong></span> <span class='ocrx_word' id='word_1_745' title='bbox 1245 5563 1518 5631; x_wconf 87' lang='lat' dir='ltr'><strong>quo.aodo</strong></span> <span class='ocrx_word' id='word_1_746' title='bbox 1552 5561 1753 5617; x_wconf 86' lang='lat' dir='ltr'><strong>divini-</strong></span> 
     </span>
    </p>
   </div>
   <div class='ocr_carea' id='block_1_103' title="bbox 204 5632 1752 5701">
    <p class='ocr_par' dir='ltr' id='par_1_103' title="bbox 204 5632 1752 5701">
     <span class='ocr_line' id='line_1_103' title="bbox 204 5632 1752 5701; baseline 0 -15"><span class='ocrx_word' id='word_1_747' title='bbox 204 5648 282 5688; x_wconf 83' lang='lat' dir='ltr'><strong>tas</strong></span> <span class='ocrx_word' id='word_1_748' title='bbox 312 5637 504 5692; x_wconf 80' lang='lat' dir='ltr'><strong>Christi</strong></span> <span class='ocrx_word' id='word_1_749' title='bbox 537 5647 619 5692; x_wconf 87' lang='lat' dir='ltr'><strong>est</strong></span> <span class='ocrx_word' id='word_1_750' title='bbox 652 5649 816 5689; x_wconf 86' lang='lat' dir='ltr'><strong>causa</strong></span> <span class='ocrx_word' id='word_1_751' title='bbox 850 5635 900 5688; x_wconf 91' lang='lat' dir='ltr'><strong>in</strong></span> <span class='ocrx_word' id='word_1_752' title='bbox 952 5637 1035 5687; x_wconf 83' lang='lat' dir='ltr'><strong>IllS</strong></span> <span class='ocrx_word' id='word_1_753' title='bbox 1071 5632 1326 5698; x_wconf 77' lang='lat' dir='ltr'><strong>omnibus</strong></span> <span class='ocrx_word' id='word_1_754' title='bbox 1361 5633 1653 5701; x_wconf 87' lang='lat' dir='ltr'><strong>incipitque</strong></span> <span class='ocrx_word' id='word_1_755' title='bbox 1683 5633 1752 5686; x_wconf 89' lang='lat' dir='ltr'><strong>ab</strong></span> 
     </span>
    </p>
   </div>
   <div class='ocr_carea' id='block_1_104' title="bbox 202 5704 1747 5774">
    <p class='ocr_par' dir='ltr' id='par_1_104' title="bbox 202 5704 1747 5774">
     <span class='ocr_line' id='line_1_104' title="bbox 202 5704 1747 5774; baseline 0.002 -18"><span class='ocrx_word' id='word_1_756' title='bbox 202 5714 450 5773; x_wconf 74' lang='lat' dir='ltr'><strong>extremo,</strong></span> <span class='ocrx_word' id='word_1_757' title='bbox 487 5709 536 5762; x_wconf 87' lang='lat' dir='ltr'><strong>id</strong></span> <span class='ocrx_word' id='word_1_758' title='bbox 581 5716 685 5771; x_wconf 76' lang='lat' dir='ltr'><strong>est,</strong></span> <span class='ocrx_word' id='word_1_759' title='bbox 714 5721 743 5759; x_wconf 83' lang='lat' dir='ltr'><strong>a</strong></span> <span class='ocrx_word' id='word_1_760' title='bbox 779 5713 924 5770; x_wconf 88' lang='lat' dir='ltr'><strong>toto,</strong></span> <span class='ocrx_word' id='word_1_761' title='bbox 966 5713 1018 5758; x_wconf 90' lang='lat' dir='ltr'><strong>et</strong></span> <span class='ocrx_word' id='word_1_762' title='bbox 1059 5713 1260 5758; x_wconf 87' lang='lat' dir='ltr'><strong>remeat</strong></span> <span class='ocrx_word' id='word_1_763' title='bbox 1294 5704 1345 5757; x_wconf 91' lang='lat' dir='ltr'><strong>in</strong></span> <span class='ocrx_word' id='word_1_764' title='bbox 1381 5708 1618 5774; x_wconf 80' lang='lat' dir='ltr'><strong>primum</strong></span> <span class='ocrx_word' id='word_1_765' title='bbox 1644 5743 1659 5766; x_wconf 86' lang='lat'><em>.</em></span> <span class='ocrx_word' id='word_1_766' title='bbox 1695 5705 1747 5759; x_wconf 86' lang='lat' dir='ltr'><strong>id</strong></span> 
     </span>
    </p>
   </div>
   <div class='ocr_carea' id='block_1_105' title="bbox 275 5843 1747 5915">
    <p class='ocr_par' dir='ltr' id='par_1_105' title="bbox 275 5843 1747 5915">
     <span class='ocr_line' id='line_1_105' title="bbox 275 5843 1747 5915; baseline 0 -17"><span class='ocrx_word' id='word_1_767' title='bbox 275 5843 342 5912; x_wconf 81' lang='grc' dir='ltr'><strong>(α)</strong></span> <span class='ocrx_word' id='word_1_768' title='bbox 373 5845 486 5899; x_wconf 85' lang='lat' dir='ltr'><strong>Lib.</strong></span> <span class='ocrx_word' id='word_1_769' title='bbox 520 5861 572 5898; x_wconf 87' lang='lat' dir='ltr'><strong>tv</strong></span> <span class='ocrx_word' id='word_1_770' title='bbox 620 5843 969 5915; x_wconf 60' lang='lat' dir='ltr'><strong>Pi&#39;tysicorum</strong></span> <span class='ocrx_word' id='word_1_771' title='bbox 1001 5845 1226 5913; x_wconf 78' lang='lat' dir='ltr'><strong>exponit</strong></span> <span class='ocrx_word' id='word_1_772' title='bbox 1280 5843 1600 5900; x_wconf 75' lang='lat' dir='ltr'><strong>Aristoteles</strong></span> <span class='ocrx_word' id='word_1_773' title='bbox 1635 5858 1747 5898; x_wconf 82' lang='lat' dir='ltr'><strong>uio-</strong></span> 
     </span>
    </p>
   </div>
   <div class='ocr_carea' id='block_1_106' title="bbox 209 5913 1735 5983">
    <p class='ocr_par' dir='ltr' id='par_1_106' title="bbox 209 5913 1735 5983">
     <span class='ocr_line' id='line_1_106' title="bbox 209 5913 1735 5983; baseline 0.003 -17"><span class='ocrx_word' id='word_1_774' title='bbox 209 5913 303 5967; x_wconf 87' lang='lat' dir='ltr'><strong>dos</strong></span> <span class='ocrx_word' id='word_1_775' title='bbox 327 5917 510 5983; x_wconf 76' lang='lat' dir='ltr'><strong>quinos</strong></span> <span class='ocrx_word' id='word_1_776' title='bbox 539 5917 682 5970; x_wconf 82' lang='lat' dir='ltr'><strong>aLud</strong></span> <span class='ocrx_word' id='word_1_777' title='bbox 711 5913 762 5970; x_wconf 85' lang='lat' dir='ltr'><strong>in</strong></span> <span class='ocrx_word' id='word_1_778' title='bbox 789 5917 894 5969; x_wconf 85' lang='lat' dir='ltr'><strong>alio</strong></span> <span class='ocrx_word' id='word_1_779' title='bbox 922 5932 1040 5969; x_wconf 80' lang='lat' dir='ltr'><strong>esse</strong></span> <span class='ocrx_word' id='word_1_780' title='bbox 1073 5918 1291 5971; x_wconf 81' lang='lat' dir='ltr'><strong>dicitur.</strong></span> <span class='ocrx_word' id='word_1_781' title='bbox 1717 5923 1735 5935; x_wconf 91' lang='grc'>⁶</span> 
     </span>
    </p>
   </div>
   <div class='ocr_carea' id='block_1_107' title="bbox 1860 4933 3434 5000">
    <p class='ocr_par' dir='ltr' id='par_1_107' title="bbox 1860 4933 3434 5000">
     <span class='ocr_line' id='line_1_107' title="bbox 1860 4933 3434 5000; baseline 0.003 -15"><span class='ocrx_word' id='word_1_782' title='bbox 1860 4933 2177 4986; x_wconf 79' lang='lat' dir='ltr'><strong>universum</strong></span> <span class='ocrx_word' id='word_1_783' title='bbox 2202 4975 2216 4996; x_wconf 91' lang='lat'><strong>,</strong></span> <span class='ocrx_word' id='word_1_784' title='bbox 2263 4946 2316 4988; x_wconf 92' lang='lat' dir='ltr'><strong>et</strong></span> <span class='ocrx_word' id='word_1_785' title='bbox 2374 4944 2554 5000; x_wconf 76' lang='lat' dir='ltr'><strong>partes</strong></span> <span class='ocrx_word' id='word_1_786' title='bbox 2587 4935 2826 4990; x_wconf 67' lang='lat' dir='ltr'><strong>universi</strong></span> <span class='ocrx_word' id='word_1_787' title='bbox 2869 4935 2974 4990; x_wconf 81' lang='lat' dir='ltr'><strong>toti</strong></span> <span class='ocrx_word' id='word_1_788' title='bbox 3000 4933 3434 4999; x_wconf 74' lang='lat' dir='ltr'><strong>cottsetttientes.</strong></span> 
     </span>
    </p>
   </div>
   <div class='ocr_carea' id='block_1_108' title="bbox 1855 5005 3441 5073">
    <p class='ocr_par' dir='ltr' id='par_1_108' title="bbox 1855 5005 3441 5073">
     <span class='ocr_line' id='line_1_108' title="bbox 1855 5005 3441 5073; baseline 0.002 -19"><span class='ocrx_word' id='word_1_789' title='bbox 1855 5009 1911 5054; x_wconf 84' lang='lat' dir='ltr'><strong>et</strong></span> <span class='ocrx_word' id='word_1_790' title='bbox 1937 5017 2060 5054; x_wconf 92' lang='lat' dir='ltr'><strong>cum</strong></span> <span class='ocrx_word' id='word_1_791' title='bbox 2086 5017 2152 5055; x_wconf 91' lang='lat' dir='ltr'><strong>eo</strong></span> <span class='ocrx_word' id='word_1_792' title='bbox 2177 5005 2592 5073; x_wconf 86' lang='lat' dir='ltr'><strong>conspirantes;</strong></span> <span class='ocrx_word' id='word_1_793' title='bbox 2630 5013 2682 5059; x_wconf 90' lang='lat' dir='ltr'><strong>et</strong></span> <span class='ocrx_word' id='word_1_794' title='bbox 2712 5005 2826 5072; x_wconf 85' lang='lat' dir='ltr'><strong>ipsa</strong></span> <span class='ocrx_word' id='word_1_795' title='bbox 2857 5021 2962 5061; x_wconf 90' lang='lat' dir='ltr'><strong>non</strong></span> <span class='ocrx_word' id='word_1_796' title='bbox 2995 5019 3073 5058; x_wconf 81' lang='lat' dir='ltr'><strong>est</strong></span> <span class='ocrx_word' id='word_1_797' title='bbox 3109 5016 3304 5068; x_wconf 91' lang='lat' dir='ltr'><strong>totum,</strong></span> <span class='ocrx_word' id='word_1_798' title='bbox 3337 5021 3441 5057; x_wconf 60' lang='lat' dir='ltr'><strong>ne-</strong></span> 
     </span>
    </p>
   </div>
   <div class='ocr_carea' id='block_1_109' title="bbox 1857 5073 3439 5145">
    <p class='ocr_par' dir='ltr' id='par_1_109' title="bbox 1857 5073 3439 5145">
     <span class='ocr_line' id='line_1_109' title="bbox 1857 5073 3439 5145; baseline 0.004 -23"><span class='ocrx_word' id='word_1_799' title='bbox 1857 5085 1963 5138; x_wconf 84' lang='lat' dir='ltr'><strong>que</strong></span> <span class='ocrx_word' id='word_1_800' title='bbox 1994 5087 2140 5140; x_wconf 88' lang='lat' dir='ltr'><strong>pars,</strong></span> <span class='ocrx_word' id='word_1_801' title='bbox 2170 5074 2292 5145; x_wconf 84' lang='lat' dir='ltr'><strong>quia</strong></span> <span class='ocrx_word' id='word_1_802' title='bbox 2335 5073 2548 5145; x_wconf 80' lang='lat' dir='ltr'><strong>scilicet</strong></span> <span class='ocrx_word' id='word_1_803' title='bbox 2582 5091 2686 5128; x_wconf 91' lang='lat' dir='ltr'><strong>non</strong></span> <span class='ocrx_word' id='word_1_804' title='bbox 2719 5076 2881 5130; x_wconf 89' lang='lat' dir='ltr'><strong>habet</strong></span> <span class='ocrx_word' id='word_1_805' title='bbox 2925 5077 3306 5145; x_wconf 75' lang='lat' dir='ltr'><strong>perfectiurnntt</strong></span> <span class='ocrx_word' id='word_1_806' title='bbox 3358 5088 3439 5129; x_wconf 83' lang='lat' dir='ltr'><strong>to-</strong></span> 
     </span>
    </p>
   </div>
   <div class='ocr_carea' id='block_1_110' title="bbox 1857 5143 3438 5214">
    <p class='ocr_par' dir='ltr' id='par_1_110' title="bbox 1857 5143 3438 5214">
     <span class='ocr_line' id='line_1_110' title="bbox 1857 5143 3438 5214; baseline 0.005 -21"><span class='ocrx_word' id='word_1_807' title='bbox 1857 5145 1966 5214; x_wconf 76' lang='lat' dir='ltr'><strong>tius</strong></span> <span class='ocrx_word' id='word_1_808' title='bbox 1994 5150 2046 5214; x_wconf 80' lang='lat' dir='ltr'><strong>et</strong></span> <span class='ocrx_word' id='word_1_809' title='bbox 2074 5144 2268 5209; x_wconf 88' lang='lat' dir='ltr'><strong>partis,</strong></span> <span class='ocrx_word' id='word_1_810' title='bbox 2302 5143 2442 5197; x_wconf 86' lang='lat' dir='ltr'><strong>sicut</strong></span> <span class='ocrx_word' id='word_1_811' title='bbox 2479 5152 2648 5197; x_wconf 88' lang='lat' dir='ltr'><strong>totum</strong></span> <span class='ocrx_word' id='word_1_812' title='bbox 2681 5155 2733 5199; x_wconf 88' lang='lat' dir='ltr'><strong>et</strong></span> <span class='ocrx_word' id='word_1_813' title='bbox 2769 5143 3041 5214; x_wconf 53' lang='lat' dir='ltr'><strong>pars,&#39;sed</strong></span> <span class='ocrx_word' id='word_1_814' title='bbox 3076 5147 3438 5201; x_wconf 77' lang='lat' dir='ltr'><strong>excellentius</strong></span> 
     </span>
    </p>
   </div>
   <div class='ocr_carea' id='block_1_111' title="bbox 1860 5211 3434 5282">
    <p class='ocr_par' dir='ltr' id='par_1_111' title="bbox 1860 5211 3434 5282">
     <span class='ocr_line' id='line_1_111' title="bbox 1860 5211 3434 5282; baseline 0.002 -18"><span class='ocrx_word' id='word_1_815' title='bbox 1860 5211 1913 5282; x_wconf 73' lang='lat' dir='ltr'><strong>in</strong></span> <span class='ocrx_word' id='word_1_816' title='bbox 1947 5211 2237 5275; x_wconf 81' lang='lat' dir='ltr'><strong>infinitum,</strong></span> <span class='ocrx_word' id='word_1_817' title='bbox 2267 5221 2458 5281; x_wconf 83' lang='lat' dir='ltr'><strong>estque</strong></span> <span class='ocrx_word' id='word_1_818' title='bbox 2487 5230 2676 5268; x_wconf 90' lang='lat' dir='ltr'><strong>rursus</strong></span> <span class='ocrx_word' id='word_1_819' title='bbox 2711 5211 2880 5268; x_wconf 77' lang='lat' dir='ltr'><strong>totum</strong></span> <span class='ocrx_word' id='word_1_820' title='bbox 2926 5225 2978 5269; x_wconf 88' lang='lat' dir='ltr'><strong>et</strong></span> <span class='ocrx_word' id='word_1_821' title='bbox 3019 5232 3141 5282; x_wconf 84' lang='lat' dir='ltr'><strong>pars</strong></span> <span class='ocrx_word' id='word_1_822' title='bbox 3174 5215 3434 5269; x_wconf 77' lang='lat' dir='ltr'><strong>divinitas</strong></span> 
     </span>
    </p>
   </div>
   <div class='ocr_carea' id='block_1_112' title="bbox 1858 5281 3427 5353">
    <p class='ocr_par' dir='ltr' id='par_1_112' title="bbox 1858 5281 3427 5353">
     <span class='ocr_line' id='line_1_112' title="bbox 1858 5281 3427 5353; baseline 0.002 -18"><span class='ocrx_word' id='word_1_823' title='bbox 1858 5281 2087 5346; x_wconf 80' lang='lat' dir='ltr'><strong>Christi,</strong></span> <span class='ocrx_word' id='word_1_824' title='bbox 2124 5297 2314 5352; x_wconf 86' lang='lat' dir='ltr'><strong>nempe</strong></span> <span class='ocrx_word' id='word_1_825' title='bbox 2363 5285 2491 5349; x_wconf 87' lang='lat' dir='ltr'><strong>quia</strong></span> <span class='ocrx_word' id='word_1_826' title='bbox 2544 5285 2804 5353; x_wconf 82' lang='lat' dir='ltr'><strong>quidquid</strong></span> <span class='ocrx_word' id='word_1_827' title='bbox 2857 5281 3205 5353; x_wconf 78' lang='lat' dir='ltr'><strong>perfeCtionis</strong></span> <span class='ocrx_word' id='word_1_828' title='bbox 3245 5299 3326 5339; x_wconf 79' lang='lat' dir='ltr'><strong>est</strong></span> <span class='ocrx_word' id='word_1_829' title='bbox 3374 5286 3427 5338; x_wconf 83' lang='lat' dir='ltr'><strong>in</strong></span> 
     </span>
    </p>
   </div>
   <div class='ocr_carea' id='block_1_113' title="bbox 1864 5354 3434 5423">
    <p class='ocr_par' dir='ltr' id='par_1_113' title="bbox 1864 5354 3434 5423">
     <span class='ocr_line' id='line_1_113' title="bbox 1864 5354 3434 5423; baseline 0.001 -18"><span class='ocrx_word' id='word_1_830' title='bbox 1864 5363 1978 5423; x_wconf 84' lang='grc' dir='ltr'>ιοιο</span> <span class='ocrx_word' id='word_1_831' title='bbox 2005 5360 2058 5406; x_wconf 88' lang='lat' dir='ltr'><strong>et</strong></span> <span class='ocrx_word' id='word_1_832' title='bbox 2097 5354 2148 5406; x_wconf 92' lang='lat' dir='ltr'><strong>in</strong></span> <span class='ocrx_word' id='word_1_833' title='bbox 2181 5361 2352 5421; x_wconf 90' lang='lat' dir='ltr'><strong>parte,</strong></span> <span class='ocrx_word' id='word_1_834' title='bbox 2383 5356 2485 5408; x_wconf 92' lang='lat' dir='ltr'><strong>hoc</strong></span> <span class='ocrx_word' id='word_1_835' title='bbox 2522 5354 2632 5423; x_wconf 75' lang='lat' dir='ltr'><strong>ipsa</strong></span> <span class='ocrx_word' id='word_1_836' title='bbox 2664 5357 2867 5410; x_wconf 77' lang='lat' dir='ltr'><strong>Christi</strong></span> <span class='ocrx_word' id='word_1_837' title='bbox 2915 5356 3170 5410; x_wconf 83' lang='lat' dir='ltr'><strong>divinitas</strong></span> <span class='ocrx_word' id='word_1_838' title='bbox 3224 5357 3369 5422; x_wconf 71' lang='lat' dir='ltr'><strong>prmh</strong></span> <span class='ocrx_word' id='word_1_839' title='bbox 3393 5381 3434 5401; x_wconf 74' lang='grc' dir='ltr'>ιο</span> 
     </span>
    </p>
   </div>
   <div class='ocr_carea' id='block_1_114' title="bbox 1863 5421 3435 5494">
    <p class='ocr_par' dir='ltr' id='par_1_114' title="bbox 1863 5421 3435 5494">
     <span class='ocr_line' id='line_1_114' title="bbox 1863 5421 3435 5494; baseline 0.002 -19"><span class='ocrx_word' id='word_1_840' title='bbox 1863 5421 1969 5488; x_wconf 90' lang='lat' dir='ltr'><strong>bet,</strong></span> <span class='ocrx_word' id='word_1_841' title='bbox 2001 5434 2054 5494; x_wconf 78' lang='lat' dir='ltr'><strong>et</strong></span> <span class='ocrx_word' id='word_1_842' title='bbox 2087 5424 2438 5492; x_wconf 87' lang='lat' dir='ltr'><strong>suprahabet;</strong></span> <span class='ocrx_word' id='word_1_843' title='bbox 2468 5421 2672 5494; x_wconf 82' lang='lat' dir='ltr'><strong>reliqua</strong></span> <span class='ocrx_word' id='word_1_844' title='bbox 2715 5426 2960 5480; x_wconf 62' lang='lat' dir='ltr'><strong>facilim&#39;a</strong></span> <span class='ocrx_word' id='word_1_845' title='bbox 2991 5434 3138 5481; x_wconf 90' lang='lat' dir='ltr'><strong>sunt.</strong></span> <span class='ocrx_word' id='word_1_846' title='bbox 3177 5421 3310 5480; x_wconf 89' lang='lat' dir='ltr'><strong>Illud</strong></span> <span class='ocrx_word' id='word_1_847' title='bbox 3344 5441 3435 5478; x_wconf 72' lang='lat' dir='ltr'><strong>re-</strong></span> 
     </span>
    </p>
   </div>
   <div class='ocr_carea' id='block_1_115' title="bbox 1862 5492 3434 5568">
    <p class='ocr_par' dir='ltr' id='par_1_115' title="bbox 1862 5492 3434 5568">
     <span class='ocr_line' id='line_1_115' title="bbox 1862 5492 3434 5568; baseline -0.001 -23"><span class='ocrx_word' id='word_1_848' title='bbox 1862 5506 1924 5568; x_wconf 81' lang='lat' dir='ltr'><strong>ro</strong></span> <span class='ocrx_word' id='word_1_849' title='bbox 1952 5509 1966 5546; x_wconf 90' lang='lat'><strong>:</strong></span> <span class='ocrx_word' id='word_1_850' title='bbox 1994 5492 2465 5568; x_wconf 12' lang='lat' dir='ltr'><strong>‘SAubstantiatotis</strong></span> <span class='ocrx_word' id='word_1_851' title='bbox 2485 5492 2806 5568; x_wconf 79' lang='lat' dir='ltr'><strong>substantiis</strong></span> <span class='ocrx_word' id='word_1_852' title='bbox 2837 5496 3095 5568; x_wconf 80' lang='lat' dir='ltr'><strong>insistens</strong></span> <span class='ocrx_word' id='word_1_853' title='bbox 3127 5495 3434 5568; x_wconf 59' lang='lat' dir='ltr'><strong>impellor»,</strong></span> 
     </span>
    </p>
   </div>
   <div class='ocr_carea' id='block_1_116' title="bbox 1861 5560 3428 5632">
    <p class='ocr_par' dir='ltr' id='par_1_116' title="bbox 1861 5560 3428 5632">
     <span class='ocr_line' id='line_1_116' title="bbox 1861 5560 3428 5632; baseline 0.003 -16"><span class='ocrx_word' id='word_1_854' title='bbox 1861 5560 2135 5632; x_wconf 79' lang='lat' dir='ltr'><strong>signiﬁcat</strong></span> <span class='ocrx_word' id='word_1_855' title='bbox 2162 5578 2282 5617; x_wconf 86' lang='lat' dir='ltr'><strong>esse</strong></span> <span class='ocrx_word' id='word_1_856' title='bbox 2321 5563 2489 5618; x_wconf 84' lang='lat' dir='ltr'><strong>Deum</strong></span> <span class='ocrx_word' id='word_1_857' title='bbox 2527 5567 2579 5618; x_wconf 88' lang='lat' dir='ltr'><strong>in</strong></span> <span class='ocrx_word' id='word_1_858' title='bbox 2615 5567 2868 5620; x_wconf 87' lang='lat' dir='ltr'><strong>omnibus</strong></span> <span class='ocrx_word' id='word_1_859' title='bbox 2901 5560 3244 5632; x_wconf 73' lang='lat' dir='ltr'><strong>substantiis,</strong></span> <span class='ocrx_word' id='word_1_860' title='bbox 3278 5578 3330 5622; x_wconf 86' lang='lat' dir='ltr'><strong>et</strong></span> <span class='ocrx_word' id='word_1_861' title='bbox 3360 5560 3428 5620; x_wconf 81' lang='lat' dir='ltr'><strong>an</strong></span> 
     </span>
    </p>
   </div>
   <div class='ocr_carea' id='block_1_117' title="bbox 1864 5633 3434 5703">
    <p class='ocr_par' dir='ltr' id='par_1_117' title="bbox 1864 5633 3434 5703">
     <span class='ocr_line' id='line_1_117' title="bbox 1864 5633 3434 5703; baseline 0.003 -16"><span class='ocrx_word' id='word_1_862' title='bbox 1864 5637 1944 5688; x_wconf 90' lang='lat' dir='ltr'><strong>eis</strong></span> <span class='ocrx_word' id='word_1_863' title='bbox 1979 5633 2292 5703; x_wconf 77' lang='lat' dir='ltr'><strong>participari</strong></span> <span class='ocrx_word' id='word_1_864' title='bbox 2325 5650 2428 5686; x_wconf 91' lang='lat' dir='ltr'><strong>non</strong></span> <span class='ocrx_word' id='word_1_865' title='bbox 2462 5650 2558 5703; x_wconf 89' lang='lat' dir='ltr'><strong>per</strong></span> <span class='ocrx_word' id='word_1_866' title='bbox 2586 5635 2969 5690; x_wconf 77' lang='lat' dir='ltr'><strong>admistioacm</strong></span> <span class='ocrx_word' id='word_1_867' title='bbox 2997 5675 3011 5699; x_wconf 89' lang='lat'><strong>,</strong></span> <span class='ocrx_word' id='word_1_868' title='bbox 3053 5637 3151 5691; x_wconf 90' lang='lat' dir='ltr'><strong>hoc</strong></span> <span class='ocrx_word' id='word_1_869' title='bbox 3181 5651 3284 5701; x_wconf 63' lang='lat' dir='ltr'><strong>Osi,</strong></span> <span class='ocrx_word' id='word_1_870' title='bbox 3323 5654 3434 5696; x_wconf 89' lang='lat' dir='ltr'><strong>non.</strong></span> 
     </span>
    </p>
   </div>
   <div class='ocr_carea' id='block_1_118' title="bbox 1859 5702 3359 5778">
    <p class='ocr_par' dir='ltr' id='par_1_118' title="bbox 1859 5702 3359 5778">
     <span class='ocr_line' id='line_1_118' title="bbox 1859 5702 3359 5778; baseline 0.006 -22"><span class='ocrx_word' id='word_1_871' title='bbox 1859 5702 2074 5758; x_wconf 72' lang='lat' dir='ltr'><strong>uisceri</strong></span> <span class='ocrx_word' id='word_1_872' title='bbox 2103 5718 2224 5758; x_wconf 91' lang='lat' dir='ltr'><strong>cum</strong></span> <span class='ocrx_word' id='word_1_873' title='bbox 2254 5705 2353 5768; x_wconf 87' lang='lat' dir='ltr'><strong>eis,</strong></span> <span class='ocrx_word' id='word_1_874' title='bbox 2389 5702 2672 5759; x_wconf 72' lang='lat' dir='ltr'><strong>exsancto</strong></span> <span class='ocrx_word' id='word_1_875' title='bbox 2700 5705 2908 5760; x_wconf 86' lang='lat' dir='ltr'><strong>&#39;l‘homa</strong></span> <span class='ocrx_word' id='word_1_876' title='bbox 2941 5706 2991 5761; x_wconf 90' lang='lat' dir='ltr'><strong>in</strong></span> <span class='ocrx_word' id='word_1_877' title='bbox 3021 5706 3359 5778; x_wconf 79' lang='lat' dir='ltr'><strong>Dionysium.</strong></span> 
     </span>
    </p>
   </div>
   <div class='ocr_carea' id='block_1_119' title="bbox 1926 5840 2882 5914">
    <p class='ocr_par' dir='ltr' id='par_1_119' title="bbox 1926 5840 2882 5914">
     <span class='ocr_line' id='line_1_119' title="bbox 1926 5840 2882 5914; baseline 0.003 -19"><span class='ocrx_word' id='word_1_878' title='bbox 1926 5841 1999 5914; x_wconf 73' lang='grc' dir='ltr'><strong>(ὁ)</strong></span> <span class='ocrx_word' id='word_1_879' title='bbox 2039 5840 2136 5896; x_wconf 84' lang='lat' dir='ltr'><strong>Lib</strong></span> <span class='ocrx_word' id='word_1_880' title='bbox 2174 5855 2214 5911; x_wconf 86' lang='grc' dir='ltr'>ι,</span> <span class='ocrx_word' id='word_1_881' title='bbox 2246 5855 2366 5912; x_wconf 87' lang='lat' dir='ltr'><strong>cap.</strong></span> <span class='ocrx_word' id='word_1_882' title='bbox 2401 5841 2486 5908; x_wconf 82' lang='lat' dir='ltr'><strong>lG,</strong></span> <span class='ocrx_word' id='word_1_883' title='bbox 2525 5840 2747 5898; x_wconf 67' lang='lat' dir='ltr'><strong>()rthod.</strong></span> <span class='ocrx_word' id='word_1_884' title='bbox 2792 5843 2882 5898; x_wconf 74' lang='lat' dir='ltr'><strong>fut.</strong></span> 
     </span>
    </p>
   </div>
  </div>
