3860 6584
368 389 475 453 ιιι

372 602 534 647 tenus
569 604 749 651 omne,
775 597 829 643 et
863 594 1033 640 totum
1060 621 1077 649 ,
1111 593 1165 638 et
1210 590 1414 652 partem
1436 580 1499 633 in
1527 593 1598 634 se
1630 579 1744 647 ipsa
1787 592 1941 631 com-

374 681 695 752 prehendit;
736 686 788 733 et
833 677 1186 747 suprahahet,
1234 682 1288 728 et
1341 670 1652 733 antehabet,
1704 668 1941 737 perfecta

376 773 594 841 quidem
634 780 725 824 est
790 770 844 823 in
899 766 1246 836 imperfectis,
1300 758 1945 831 tanquam'principialis

379 878 543 918 causa
577 859 970 931 perfectionis;
1009 854 1327 925 imp~rfecta
1361 864 1541 908 autem
1577 853 1631 906 in
1666 850 1943 919 perfectis,

377 962 637 1022 tanquam
671 964 1001 1020 supraquam
1030 948 1295 1017 perfecta,
1330 956 1382 1000 et
1413 945 1802 1015 autepcrfecta,
1834 944 1944 998 ΐοι-

377 1060 466 1099 ma
500 1045 685 1098 forma:
706 1082 722 1106 ,
760 1042 997 1096 cﬁ‘ectrix
1025 1042 1078 1093 in
1110 1040 1176 1093 iis
1203 1056 1322 1108 qum
1348 1047 1537 1093 carent
1572 1037 1745 1092 forma
1774 1077 1787 1101 ,
1825 1047 1945 1091 tan-

377 1152 539 1205 quam
575 1132 909 1204 principialis
932 1146 1101 1185 causa
1134 1130 1341 1193 formae,
1375 1134 1492 1183 sine
1523 1128 1696 1182 forma
1736 1129 1789 1181 in
1810 1128 1948 1196 ipsis

380 1226 594 1287 formis,
622 1233 808 1294 utpote
831 1238 993 1292 supra
1018 1220 1289 1285 formam;
1321 1220 1626 1275 substantia
1660 1219 1794 1274 totis
1820 1218 1952 1272 sub-

384 1318 603 1371 stantiis
630 1316 894 1369 insistens
930 1312 1239 1383 impolluta,
1270 1321 1326 1365 et
1368 1312 1435 1364 ab
1467 1310 1615 1364 omni
1646 1309 1950 1364 substantia

380 1422 545 1477 Supra
574 1404 932 1461 substantiam
964 1406 1239 1457 abstracta
1265 1438 1279 1462 ,
1313 1410 1421 1455 tota
1454 1400 1743 1471 principia,
1775 1408 1828 1454 et
1864 1415 1953 1454 or-

380 1500 537 1555 dines
571 1497 831 1553 deﬁniens
854 1535 869 1560 ,
901 1510 1064 1564 supra
1097 1509 1259 1547 omne
1290 1494 1619 1562 principium
1653 1502 1706 1547 et
1735 1508 1950 1547 omnem

383 1591 635 1646 ordinem
669 1588 955 1643 collocata.
993 1584 1059 1638 Et
1093 1599 1322 1654 magnus
1366 1585 1720 1649 Athanasius,
1762 1583 1822 1636 in
1860 1584 1953 1635 Di-

383 1684 696 1753 sputatione
727 1690 911 1734 contra
944 1676 1169 1731 Arium:
1201 1675 1514 1730 Secundum
1559 1674 1673 1731 haec
1700 1673 1955 1730 divinitas

381 1774 565 1829 Patris
591 1781 643 1826 et
674 1771 792 1825 Filii
821 1779 1005 1824 sancta
1034 1776 1085 1823 et
1106 1765 1479 1829 sanctiﬁcans,
1510 1782 1632 1836 quae
1654 1765 1957 1821 sanctiﬁcat

384 1865 569 1919 omnia
604 1877 723 1931 quae
758 1862 1021 1915 rationem
1077 1858 1427 1928 participant,
1460 1857 1659 1926 quibus
1699 1855 1828 1909 data
1875 1864 1959 1909 est

383 1954 570 2008 libera:
596 1950 895 2005 voluntatis
925 1957 980 2003 et
1028 1946 1194 2001 studii
1246 1954 1486 2016 potestas
1539 1946 1605 2000 ad
1639 1946 1956 2015 capiendam

384 2049 630 2098 sanctam
672 2048 726 2094 et
776 2038 991 2092 beatam
1026 2037 1385 2091 substantiam
1426 2036 1479 2088 in
1515 2035 1958 2089 communionem

386 2131 859 2189 sanctificationis.
878 2130 938 2184 Et
963 2130 1180 2184 divinus
1207 2128 1439 2199 Cyrillus
1470 2128 1523 2181 in
1546 2127 1827 2180 Tliesauris
1845 2126 1919 2192 (a)
1942 2144 1957 2181 :

388 2223 545 2279 Sicut
578 2223 763 2292 igitur,
795 2221 1010 2290 inquit,
1046 2220 1242 2273 mulier
1268 2219 1443 2287 gloria
1477 2218 1576 2272 viri
1612 2226 1803 2272 vorata
1838 2228 1919 2272 est
1944 2259 1958 2283 ,

387 2315 514 2386 quia
547 2324 749 2384 partem
787 2328 847 2368 es
880 2311 1137 2365 membris
1167 2311 1287 2379 ejus
1313 2310 1378 2363 ad
1416 2310 1502 2363 sui
1552 2308 1960 2364 fabricationem

389 2405 635 2475 accepit,
673 2404 754 2460 sic
784 2403 867 2457 vir
896 2402 1065 2473 gloria
1103 2401 1197 2455 Dei
1233 2400 1538 2470 appellatus
1565 2410 1673 2463 est,
1714 2403 1843 2465 quia
1879 2400 1960 2453 fa-

390 2505 513 2552 ctus
549 2504 635 2552 est
681 2495 951 2566 particeps
996 2492 1313 2549 substantia:
1359 2492 1477 2561 ejus
1526 2507 1620 2560 per
1700 2491 1961 2560 Spiritum

390 2597 665 2653 sanctum,
698 2588 789 2656 qui
822 2587 874 2640 in
921 2599 985 2639 eo
1018 2584 1305 2639 habitavit.
1344 2581 1411 2635 Et
1459 2599 1651 2638 rursus
1683 2583 1822 2637 idem
1853 2583 1963 2636 dis-

391 2694 581 2735 serens
619 2678 687 2734 de
739 2677 944 2745 Spiritu
994 2685 1188 2731 sancto
1237 2692 1250 2728 :
1303 2674 1474 2740 Igitur
1526 2675 1962 2744 quandoquidetn

397 2769 605 2841 Spiritu
637 2780 826 2824 sancto
856 2768 1136 2844 babitarye
1168 2767 1221 2821 in
1249 2767 1315 2821 iis
1338 2767 1431 2836 qui
1452 2767 1560 2822 Deo
1581 2768 1788 2837 probati
1816 2776 1963 2832 sunt,

396 2863 648 2918 Christus
675 2871 761 2915 est
788 2862 881 2929 qui
913 2858 1136 2925 habitat,
1169 2873 1391 2913 necesse
1420 2869 1503 2913 est
1550 2860 1732 2913 dicere
1779 2859 1962 2928 ipsum

399 2954 667 3024 Spiritum
703 2952 902 3007 divina:
945 2949 1267 3005 substantiae
1294 2964 1451 3016 esse;
1489 2951 1649 3019 cujus
1674 2950 1966 3019 participes

395 3045 527 3100 facit
554 3058 648 3098 eos
678 3044 769 3112 qui
804 3043 979 3110 ipsum
1027 3040 1392 3110 participant,
1426 3050 1480 3094 et
1511 3040 1707 3094 iterum
1746 3040 1883 3094 idem
1912 3043 1964 3095 in

396 3141 601 3192 eisdem
636 3154 650 3190 :
678 3134 775 3190 Est
809 3134 976 3206 igitur
1018 3131 1258 3204 Spiritus
1286 3142 1514 3189 sanctus
1533 3132 1832 3188 secundum
1866 3150 1960 3187 na-

399 3240 576 3283 turam
617 3229 776 3291 Deus,
806 3227 1006 3296 quippe
1040 3225 1133 3295 qui
1164 3235 1390 3280 sanctos
1426 3236 1743 3294 regenerat,
1777 3234 1835 3278 ut
1863 3226 1971 3280 sint

398 3336 568 3376 unum
597 3335 719 3374 cum
755 3319 882 3380 Deo,
923 3318 1017 3387 qui
1057 3317 1263 3371 habitat
1296 3317 1348 3370 in
1386 3316 1493 3371 eis.
1529 3316 1591 3369 Et
1618 3316 1794 3371 adhuc
1828 3316 1968 3370 idem

404 3414 459 3469 in
490 3415 693 3468 eisdem
729 3426 743 3461 :
778 3408 918 3476 Quid
973 3409 1139 3479 igitur
1184 3424 1319 3478 opus
1366 3417 1449 3462 est
1496 3408 1656 3471 longo
1684 3410 1970 3462 verborum

405 3507 643 3561 circuitu
667 3500 766 3566 uti,
814 3512 862 3555 et
913 3501 1241 3569 multiplices
1289 3500 1539 3554 notiones
1581 3500 1788 3553 texere?
1827 3500 1974 3553 llanc

406 3598 554 3651 enim
592 3594 766 3663 ipsam
815 3592 921 3644 vim
968 3592 1399 3644 sanctitlcantem
1438 3605 1503 3644 ex
1548 3589 1705 3644 Patre
1753 3604 1978 3642 manan-

403 3699 534 3751 tem,
571 3702 689 3755 qute
720 3683 1046 3753 imperfectis
1078 3682 1263 3735 tribuit
1294 3680 1679 3748 perfectionem
1709 3722 1724 3747 ,
1749 3682 1978 3735 dicimus

402 3794 525 3833 esse
588 3777 852 3847 Spiritum
911 3785 1200 3837 sanctum;
1260 3788 1830 3842 supervacaneumque
1894 3784 1978 3827 est

403 3876 716 3923 creaturam
774 3882 870 3937 per
917 3866 1263 3932 interiectum
1313 3864 1549 3918 medium
1603 3866 1976 3929 sanctilii-ari,

405 3975 529 4015 cum
556 3960 860 4027 benignitas
887 3956 981 4010 Dei
1007 3956 1227 4025 dignata
1266 3954 1430 4009 fuerit
1453 3971 1627 4027 usque
1658 3959 1722 4011 ad
1756 3959 1981 4011 minima

407 4052 726 4121 pervadere,
783 4056 838 4101 et
874 4062 935 4102 ea
972 4062 1065 4117 per
1112 4046 1372 4113 Spiritum
1414 4061 1572 4102 suum
1620 4047 1981 4104 sant-tilicat-e.

406 4141 473 4195 Et
521 4138 737 4194 divinus
768 4137 1129 4207 Theophanes
1174 4137 1227 4191 in
1262 4136 1501 4193 Canticis
1533 4140 1649 4194 suis
1682 4155 1697 4192 :
1730 4137 1937 4194 Lumen
1968 4182 1982 4206 ,

407 4233 603 4303 inquit,
631 4232 793 4286 unius
830 4230 1106 4301 principii,
1140 4239 1193 4285 et
1222 4229 1272 4283 in
1308 4231 1481 4285 tribus
1512 4231 1827 4300 splendens,
1859 4232 1986 4289 sub-

407 4324 604 4380 stant'a
633 4323 750 4377 sine
774 4322 1062 4391 principio,
1095 4321 1460 4390 pulchritudo,
1490 4322 1753 4376 imtnensa
1784 4323 1990 4378 habitat

409 4421 464 4475 in
506 4421 669 4473 corde
697 4434 840 4482 meo,
871 4425 925 4471 et
962 4418 1159 4470 iterum
1193 4415 1245 4469 in
1277 4413 1483 4470 eisdem
1520 4431 1534 4468 :
1572 4414 1682 4468 Rex
1728 4416 1981 4470 caelestis.

410 4508 698 4578 paraclete,
741 4505 973 4574 Spiritus
1014 4504 1288 4569 veritatis,
1324 4502 1417 4572 qui
1454 4503 1652 4571 ubique
1685 4503 1814 4558 ades
1846 4520 1984 4573 pra:-

409 4615 556 4663 seus,
587 4606 641 4652 et
666 4597 847 4649 omnia
878 4595 1092 4664 imples,
1131 4593 1221 4662 qui
1257 4608 1317 4646 es
1354 4595 1640 4681 thesaurus
1674 4593 1939 4647 bonorum
1967 4634 1983 4661 ,

410 4700 463 4746 et
497 4696 617 4743 vita:
648 4688 823 4751 dator,
865 4688 1008 4750 veni,
1044 4692 1097 4739 et
1128 4685 1307 4737 habitu
1347 4683 1401 4737 in
1428 4684 1620 4749 nobis;
1663 4694 1717 4738 et
1754 4686 1985 4741 emuuda

414 4796 514 4836 nos
550 4782 615 4834 ab
647 4780 796 4834 enini
831 4779 1064 4839 macula,
1095 4786 1147 4831 et
1186 4776 1363 4828 salvas
1395 4774 1477 4829 fac
1509 4776 1716 4829 animas
1749 4786 1985 4833 nostras.

414 4872 493 4926 Ex
535 4872 735 4942 quibus
766 4880 933 4940 patet,
965 4872 1107 4938 quod
1146 4868 1251 4923 Deo
1287 4869 1582 4923 secundum
1632 4869 1985 4924 Substautiam

415 4973 706 5034 prteseutc,
760 4963 1117 5025 substantiam
1158 4961 1277 5030 ejus
1309 4962 1642 5029 impermisxe
1696 4965 1988 5031 participa-

417 5071 536 5111 mus
568 5073 580 5109 :
614 5067 668 5110 et
699 5057 838 5123 quod
871 5055 980 5123 ipsa
1009 5059 1089 5106 est
1125 5068 1243 5121 quae
1276 5069 1373 5107 nos
1413 5054 1751 5119 sanctificat,
1796 5065 1849 5110 et
1893 5057 1989 5109 ha-

415 5148 549 5201 hitat
582 5147 635 5200 in
686 5146 861 5209 nobis,
897 5158 1104 5212 nosque
1135 5144 1203 5195 ab
1241 5143 1389 5194 onmi
1422 5144 1538 5197 labe
1585 5160 1679 5213 per
1725 5144 1985 5214 Spiritum

417 5254 576 5295 suum
607 5238 698 5308 qui
728 5251 892 5306 supra
925 5237 1283 5288 substantiam
1316 5242 1420 5301 est,
1467 5246 1737 5305 repurgat.

490 5469 533 5501 ⁹¹
600 5467 754 5523 Joan.
810 5480 918 5529 xiv,
967 5465 1056 5521 23.
1137 5463 1178 5494 θ’
1212 5464 1254 5519 Il
1289 5465 1437 5519 Patr.
1474 5483 1513 5533 ι,
1547 5468 1601 5521 lt.

519 5700 571 5758 η)
604 5700 720 5751 Lib.
747 5715 865 5758 xm,
899 5715 1018 5758 cal).
1054 5700 1109 5753 5.

519 5713 545 5746 n
623 5700 757 5751 λἸι..
853 5740 865 5758 ,
933 5719 943 5751 :
1007 5741 1018 5754 .
1095 5738 1109 5752 .

493 5696 571 5837 ibi
604 5696 1101 5834 Untill‘lgt'loca‘lll)lcfl’l
1138 5770 1489 5843 participetur
1522 5772 1665 5828 Deus
1698 5766 1996 5831 secundum

1514 376 1838 441 IOANNIS
1876 374 2437 437 CYPARISSIOTE

318 512 327 519 ‘
374 516 521 568 pars,
565 507 739 566 neque
766 501 936 549 totum
966 495 1099 546 est:
1130 497 1185 544 et
1214 497 1296 545 est
1332 494 1608 552 letum,'et
1632 501 1777 555 pars,
1812 501 1945 555 qua-
1974 485 2018 541 Δ

1680 5470 1725 5500 ’³
1760 5470 1775 5523 Ι
1818 5471 1943 5527 Cor.
1981 5491 2062 5537 ιιι,
2088 5472 2176 5527 16.

3514 363 3605 423 868

2642 476 2869 533 CAPUT
2931 474 3017 530 lii.

2050 567 2200 633 Quod
2232 569 2608 637 partiripnntes
2638 568 2868 620 divinant
2903 565 3277 625 substantiam,
3315 578 3409 637 per
3442 562 3611 637 Spiri—

2119 634 2241 693 ιιιιιί
2261 634 2503 692 sanctum
2538 637 2736 691 Filium
2775 638 2888 701 Dei,
2934 638 3022 703 qui
3054 650 3210 702 supra
3260 634 3614 703 substantiam

2118 722 2216 773 est,
2237 711 2660 777 participantns;
2685 720 2731 761 et
2749 709 2885 759 hunc
2906 700 3304 777 participnntes,
3327 700 3491 777 Deum
3513 702 3616 755 Pa-

2120 772 2250 833 trem
2282 772 2661 846 participanius
2696 819 2710 842 ,
2751 772 2914 840 atque
2934 779 3005 828 ita
3027 775 3273 845 eﬁieimur
3302 772 3495 825 divina:
3527 788 3618 824 na-

2112 860 2253 903 tura:
2283 859 2330 902 et
2359 850 2661 902 substantia:
2688 849 2988 915 participes.

2121 940 2383 996 Dominus
2417 942 2492 995 ait
2516 941 2565 993 iu
2598 939 2887 1007 Evangelia
2920 953 2933 990 :
2967 935 3071 1001 Qui
3106 934 3283 1003 diligit
3338 947 3440 995 me,
3483 942 3623 986 nian-

2049 1032 2178 1084 data
2232 1047 2345 1084 mea
2396 1031 2657 1093 servabit;
2692 1038 2741 1082 et
2778 1044 2870 1098 ego
2914 1038 2963 1082 et
3016 1024 3177 1079 Pater
3222 1026 3492 1078 veniemus
3521 1063 3535 1087 ,
3579 1032 3623 1074 et

2046 1124 2374 1176 mansionem
2429 1123 2570 1189 apud
2618 1138 2732 1175 eum
2789 1122 3043 1189 faciemus
3084 1119 3150 1172 ".
3204 1118 3364 1183 Quod
3413 1116 3620 1185 quidem

2052 1227 2282 1283 magnus
2307 1223 2361 1265 et
2389 1227 2635 1266 summus
2668 1211 3032 1279 aposmlorum
3067 1208 3261 1262 Petrus
3296 1206 3354 1261 in
3397 1206 3625 1275 Epistola

2050 1318 2148 1357 sua
2181 1303 2432 1372 explicat,
2465 1318 2587 1358 cum
2621 1304 2695 1356 ait
2725 1320 2738 1356 :
2768 1302 2973 1356 Divina:
3002 1310 3208 1356 natura:
3242 1310 3515 1354 consortes
3542 1300 3625 1368 [a-

2051 1395 2125 1447 cti
2162 1410 2341 1448 sumus
2361 1396 2428 1449 ".
2456 1393 2823 1448 Consentinnt
2856 1408 2977 1447 cum
3011 1408 3076 1447 eo
3105 1408 3225 1460 quas
3270 1391 3479 1445 Paulus
3508 1392 3624 1444 item

2056 1498 2289 1551 magnus
2330 1483 2448 1537 ait:
2484 1482 2716 1535 Nescitis
2764 1482 2904 1552 quod
2953 1482 3199 1551 templum
3246 1481 3348 1535 Dei
3400 1482 3543 1545 estis,
3583 1491 3626 1534 et

2058 1574 2293 1641 Spiritus
2318 1574 2412 1627 Dei
2436 1573 2638 1627 habitat
2673 1576 2727 1627 in
2750 1574 2891 1627 vobis
2913 1575 3001 1628 "‘l
3026 1573 3092 1629 Et
3110 1589 3308 1628 rursus
3340 1590 3354 1625 :
3388 1572 3492 1627 Vos
3513 1576 3628 1626 estis

2059 1664 2307 1733 templum
2350 1664 2442 1717 Dei
2476 1667 2708 1725 viventis,
2758 1666 2894 1719 sicut
2949 1666 3084 1719 dixit
3140 1663 3319 1728 Deus,
3370 1662 3627 1727 Quoniam

2058 1756 2308 1808 habitabo
2333 1757 2387 1810 in
2421 1758 2519 1817 eis,
2550 1767 2603 1809 et
2637 1757 3017 1820 inambulabo;
3053 1765 3101 1809 et
3135 1772 3225 1809 era
3251 1756 3329 1808 eis
3375 1755 3533 1817 Deus,
3582 1767 3627 1807 et

2060 1848 2163 1915 ipsi
2206 1856 2361 1900 erunt
2394 1847 2525 1900 mihi
2559 1848 2784 1915 populus
2815 1848 2884 1903 “.
2925 1847 3189 1901 Similiter
3238 1847 3334 1915 qui
3386 1846 3629 1912 deinceps

2062 1939 2338 1993 consecuti
2380 1949 2507 1993 sunt
2539 1941 2735 1993 sancti.
2774 1940 2999 2009 Magnus
3030 1939 3389 2001 Athanasius,
3419 1941 3473 1991 in
3509 1935 3627 2005 Epic

2063 2029 2198 2081 stola
2233 2027 2301 2082 ad
2341 2028 2693 2099 Serapionem
2721 2046 2735 2083 :
2767 2029 2858 2084 Sic
2894 2039 3099 2095 autem,
3133 2028 3362 2097 inquit,
3404 2025 3626 2096 signati,

2062 2126 2425 2173 consentanee
2474 2130 2682 2173 naturae
2716 2119 2910 2174 divinae
2932 2130 3221 2175 consortes
3256 2120 3538 2183 eﬂicimur,
3568 2117 3634 2171 si-

2063 2222 2154 2264 cut
2200 2210 2389 2264 Petrus
2434 2210 2608 2276 dixit,
2643 2223 2805 2281 atque
2854 2212 2926 2266 ita
2972 2213 3151 2266 omnis
3191 2224 3447 2268 creatura
3481 2212 3627 2269 Verbi

2066 2302 2337 2369 μνιίεςμ
2366 2302 2606 2359 edicitur
2640 2305 2691 2356 in
2738 2301 2943 2372 Spiritu
2990 2313 3205 2366 sancto,
3240 2313 3295 2357 et
3342 2319 3435 2373 per
3466 2287 3628 2373 Spiri-

2068 2409 2183 2452 tum
2237 2410 2486 2453 sanctum
2538 2400 2773 2453 dicimur
2814 2401 3102 2470 participes
3138 2400 3278 2465 Dei,
3326 2401 3402 2454 ait
3446 2401 3627 2456 enim:

2068 2491 2298 2543 Nescitis
2332 2492 2470 2559 quod
2504 2492 2749 2556 templum
2783 2492 2877 2545 Dei
2907 2496 3053 2559 estis,
3088 2504 3136 2548 et
3169 2490 3406 2561 Spiritus
3432 2490 3523 2547 Dei
3546 2495 3629 2547 Ita-

2066 2583 2199 2635 bt’tat
2241 2585 2293 2636 in
2328 2586 2513 2639 vobis?
2544 2584 2605 2637 Et
2650 2587 2790 2639 idem
2840 2586 2894 2639 in
2932 2589 3117 2640 eadem
3151 2587 3387 2656 epistola
3434 2602 3446 2637 :
3490 2586 3629 2640 Nunc

2067 2684 2246 2728 autem
2278 2690 2401 2728 cum
2439 2675 2674 2730 dicimur
2699 2679 2987 2746 participes
3010 2679 3237 2743 Christi,
3265 2689 3318 2734 et
3354 2680 3627 2749 participes

2070 2765 2185 2829 Dei,
2222 2766 2626 2822 demonstratur
2657 2770 2920 2834 chrisma,
2961 2770 3012 2824 id
3051 2780 3131 2825 est
3167 2772 3378 2835 unctio,
3413 2786 3525 2840 quc
3556 2778 3629 2825 est

2070 2858 2123 2910 in
2151 2858 2328 2921 nobis,
2364 2867 2417 2913 et
2448 2859 2710 2930 sigillum,
2743 2862 2887 2930 quod
2920 2878 3024 2914 non
3065 2870 3148 2916 est
3181 2873 3391 2916 natura:
3417 2873 3627 2926 creatm,

2069 2952 2160 3003 sed
2194 2949 2338 3014 Filii,
2371 2953 2461 3021 qui
2495 2968 2588 3020 per
2621 2951 2884 3022 Spiritutu
2921 2963 3168 3007 sanctum
3202 2970 3305 3008 nos
3331 2969 3452 3008 cum
3486 2953 3629 3007 Patie

2070 3042 2374 3114 conjungit,
2413 3043 2514 3099 hoc
2556 3043 2701 3097 enim
2736 3043 2975 3098 Joannes
3013 3047 3174 3113 paulo
3227 3060 3392 3114 supra
3444 3044 3625 3099 docens

1992 3140 2038 3201 ο
2070 3136 2287 3204 scripsit
2317 3152 2332 3189 :
2368 3134 2431 3188 In
2466 3137 2562 3189 hoc
2594 3138 2948 3206 coynoscimus
2974 3137 3108 3207 quod
3139 3138 3192 3190 in
3220 3136 3326 3191 Deo
3352 3152 3625 3198 manemus,

2070 3234 2118 3278 et
2149 3227 2258 3294 ipse
2287 3225 2339 3278 in
2372 3226 2542 3289 nobis,
2583 3241 2647 3279 ea:
2674 3225 2874 3293 Spiritu
2905 3228 3019 3297 ejus
3049 3244 3199 3297 quem
3227 3224 3375 3282 dedit
3405 3228 3545 3281 nobis
3566 3228 3623 3280 ".

2076 3318 2133 3370 Si
2166 3329 2345 3371 autem
2376 3319 2794 3388 participatione
2833 3320 3068 3388 Spiritus
3118 3321 3299 3374 sancti
3354 3318 3628 3373 eﬂicicmur

2075 3418 2357 3464 consortes
2384 3411 2578 3464 divina:
2610 3419 2836 3472 naturm,
2876 3410 3101 3464 insanus
3136 3408 3301 3465 fuerit
3332 3410 3377 3464 si
3406 3408 3523 3479 quis
3557 3407 3629 3461 di-

2076 3511 2163 3554 cat
2203 3516 2321 3556 esse
2362 3500 2622 3572 Spiritum
2658 3510 2908 3555 sanctum
2951 3511 3155 3555 natura:
3202 3512 3428 3563 creata,
3460 3508 3509 3551 et
3534 3512 3627 3551 non

2080 3592 2206 3656 Dei;
2235 3594 2303 3646 ob
2339 3592 2479 3646 lianc
2517 3594 2659 3646 enim
2712 3609 2931 3645 causam
2985 3602 3068 3646 est
3117 3593 3169 3646 ili
3232 3592 3556 3653 hominibus,
3583 3596 3629 3640 et

2078 3699 2175 3754 per
2203 3699 2323 3737 eum
2363 3684 2609 3763 homines
2630 3683 2971 3749 deilicantur;
2999 3685 3042 3737 si
3071 3694 3249 3737 autem
3282 3685 3508 3745 deiticat,
3535 3694 3627 3732 non

2080 3785 2164 3830 est
2196 3775 2418 3830 dubium
2459 3776 2588 3843 quin
2642 3786 2835 3828 natura
2888 3777 3009 3845 ejus
3047 3784 3242 3830 natura
3276 3775 3368 3830 Dei
3404 3776 3491 3829 sit.
3525 3770 3627 3825 Ma-

2082 3880 2222 3935 gnus
2251 3863 2485 3919 Basilius
2515 3865 2569 3918 in
2610 3866 2676 3919 iis
2709 3880 2830 3935 quae
2860 3866 2925 3920 de
2962 3866 3166 3941 Spiritu
3201 3875 3391 3919 sancto
3419 3863 3623 3917 scribit:

2082 3958 2259 4021 Nulla,
2286 3959 2482 4027 inquit,
2519 3967 2763 4012 creatura
2797 3958 2864 4011 ab
2895 3961 3076 4013 anima
3128 3960 3358 4013 rationis
3403 3962 3628 4024 conpeta

2083 4050 2399 4121 participari
2434 4060 2632 4120 potest,
2669 4050 2739 4104 ita
2771 4061 2829 4104 ut
2863 4051 2914 4104 in
2947 4065 3009 4106 ea
3048 4052 3257 4105 habitet
3281 4048 3559 4110 οὑσιωδῶς,
3582 4047 3627 4099 id

2084 4151 2167 4195 est
2204 4140 2504 4195 secundum
2539 4141 2902 4196 substantiam
2937 4141 3037 4210 (ὁ),
3080 4140 3315 4211 Spiritus
3363 4155 3485 4194 vero
3520 4152 3629 4192 san-

2088 4241 2209 4286 ctus
2247 4233 2452 4288 habitat
2479 4233 2531 4287 in
2566 4248 2627 4287 ea
2658 4272 2673 4295 ,
2710 4234 2856 4287 sicut
2897 4234 2971 4289 ait
3021 4232 3303 4304 Scriptura
3335 4250 3349 4286 :
3385 4230 3625 4296 Templum

2088 4326 2213 4380 estis
2249 4325 2361 4387 Dei,
2387 4335 2436 4380 et
2471 4325 2703 4395 Spiritus
2734 4324 2827 4402 Dei
2861 4327 3144 4380 habitatio
3179 4330 3344 4393 nobis;
3386 4328 3628 4379 incrcalus

2092 4415 2251 4486 igitur
2280 4426 2360 4471 est
2392 4417 2628 4486 Spiritus
2667 4429 2913 4482 sanctus,
2944 4428 2997 4474 et
3020 4420 3211 4474 beatus
3239 4418 3470 4490 Cyrillus
3503 4417 3547 4467 in
3571 4412 3627 4465 iis

2092 4521 2213 4575 qua:
2252 4506 2318 4560 de
2349 4505 2552 4581 Spiritu
2582 4519 2775 4565 sancto
2803 4511 3025 4581 scripsit
3064 4528 3079 4566 :
3117 4510 3220 4566 Per
3244 4528 3303 4568 se
3336 4512 3488 4581 igitur
3514 4519 3625 4575 ope-

2093 4607 2247 4653 ratur
2286 4598 2342 4652 in
2388 4600 2545 4655 nobis
2581 4600 2819 4671 Spiritus
2856 4614 3076 4660 sanctus
3123 4620 3250 4659 vere
3292 4602 3625 4660 sanctillcans,

2094 4702 2142 4746 et
2176 4708 2275 4745 nos
2307 4708 2489 4746 secum
2525 4695 2579 4748 in
2615 4711 2781 4750 unum
2824 4712 2921 4752 sua
2952 4700 3340 4777 conjpnctione
3374 4695 3626 4766 copulatis,

2094 4799 2157 4838 ac
2185 4784 2381 4839 divina:
2409 4796 2612 4839 natura:
2638 4788 2934 4859 participes
2962 4782 3215 4847 eﬂiciens.
3253 4792 3318 4847 Et
3346 4803 3551 4845 rursus:
3578 4782 3623 4836 Si

2094 4877 2448 4945 accipientes,
2486 4878 2680 4947 inquit,
2718 4881 2980 4951 Spiritum
3026 4862 3228 4940 Christi
3253 4924 3268 4950 ,
3311 4900 3400 4953 per
3426 4897 3536 4938 eum
3567 4876 3621 4930 ad

2097 4966 2263 5020 Deum
2296 4966 2507 5022 Patrem
2544 4970 2884 5038 adducimur,
2916 4984 3173 5044 tanquam
3219 4977 3409 5031 divina:
3445 4981 3621 5027 natura?

2094 5070 2372 5116 consortes
2403 5062 2550 5128 tacti,
2586 5067 2743 5119 modo
2777 5069 2880 5120 erit
2909 5078 3178 5135 creatura,
3214 5086 3308 5140 per
3336 5082 3481 5138 quem
3516 5073 3617 5114 cum

2099 5150 2205 5205 Deo
2236 5162 2491 5222 tanquam
2529 5172 2700 5225 genus
2733 5160 3160 5229 conjungimur?
3192 5163 3380 5217 Adhuc
3418 5158 3541 5213 idem
3571 5153 3614 5203 in

2094 5245 2363 5313 capitibus
2407 5247 2474 5301 de
2515 5248 2719 5317 Spiritu
2762 5263 2952 5308 sancto
2982 5270 2996 5306 :
3042 5254 3097 5309 Si
3127 5270 3319 5311 servus
3346 5264 3441 5316 εει,
3472 5257 3523 5303 ιιι
3549 5242 3615 5299 {2°

2252 5474 2297 5503 ’³
2331 5473 2373 5527 ll
2426 5474 2552 5529 Cor.
2590 5494 2661 5544 vr,
2702 5481 2787 5537 16.
2866 5485 2910 5515 ’⁸
2938 5485 2951 5536 Ι
2978 5484 3136 5541 Joan.
3209 5504 3279 5554 tv,
3342 5488 3417 5542 l5.

2109 5708 2470 5793 substantiam
2509 5730 2536 5766 a
2574 5724 2820 5793 creatura
2849 5757 2863 5779 ,
2921 5730 2973 5773 et
3031 5738 3136 5777 non
3192 5723 3524 5793 participclﬂr.
3565 5716 3611 5765 ιιι

2109 5790 2253 5835 recte
2283 5781 2633 5854 intelligatur,
2666 5789 2868 5859 legatur
2897 5804 3017 5861 cap.
3056 5794 3121 5848 ιυ
3152 5781 3311 5868 hiijns
3346 5781 3546 5848 decedit.
