3784 6606
181 465 276 529 .86,

892 444 1149 506 DECAS
1190 445 1322 506 VU.
1370 470 1439 480 —
1603 446 1865 506 DIVINA
1915 446 2581 509 PARTICIPATIONE.

3246 440 3353 504 870

191 585 282 627 me
315 564 380 617 vel
405 566 595 614 creatus
630 555 864 624 Spiritus
898 568 1119 612 sanctus
1146 596 1162 620 ,
1194 558 1467 626 quomodo
1503 558 1554 611 itt
1605 572 1671 611 eo
1723 566 1765 617 Α
1798 560 1976 613 ritiam
2014 562 2222 616 deﬂecti
2257 562 2396 618 Deus
2443 573 2660 631 propter
2700 556 3121 628 magnitudinem
3168 566 3223 611 et
3270 573 3364 609 ex-

189 665 432 718 clamamus
459 668 470 703 :
495 647 627 701 Abba
664 646 824 699 Pater
855 648 941 700 ’δῖ
978 646 1177 701 Verum
1214 664 1243 701 a
1278 650 1539 702 servitute
1566 649 1687 717 qui-

184 755 281 805 rlrﬂl
317 748 483 798 liberat
510 754 596 793 eos
620 777 635 800 ,
669 737 721 791 itt
769 739 969 807 quibus
999 748 1104 799 est,
1138 739 1218 793 vel
1254 741 1435 806 potius
1471 741 1688 808 relingit

188 842 228 893 in
256 838 372 890 ﬁlios
408 827 690 890 libertatis,
740 826 948 882 l‘aciens
995 843 1090 881 eos
1133 830 1434 897 participes
1480 837 1688 883 naturae

178 943 299 988 sua;
328 916 423 977 non
442 931 527 975 est
554 919 715 987 igitur
741 934 933 973 servus
958 936 972 983 ;
994 920 1138 989 quod
1166 921 1207 974 si
1234 936 1346 973 non
1371 930 1452 974 est
1480 935 1690 982 servus,

178 1022 311 1090 igtur
345 1029 497 1079 neque
526 1020 808 1074 creatura,
868 1027 990 1066 esse
1040 1022 1218 1065 autem
1271 1022 1602 1075 creaturam,
1637 1022 1694 1066 et

178 1106 413 1164 numerari
451 1118 682 1167 servum,
724 1103 858 1156 nihil
884 1104 1037 1156 aliud
1067 1111 1211 1157 esset
1246 1117 1406 1171 quam
1441 1104 1691 1169 refugere

173 1217 197 1254 ιι
225 1199 379 1251 divina
409 1191 738 1256 substantia,
793 1208 855 1245 ac
900 1210 1091 1249 rursus
1144 1194 1286 1245 idem
1344 1193 1395 1245 iu
1439 1192 1639 1246 eisdem
1677 1209 1692 1246 :

164 1293 290 1345 'Deus
321 1286 468 1356 igitur
499 1292 578 1337 est
603 1284 838 1352 Spiritus
870 1284 961 1353 qui
992 1300 1090 1338 nos
1132 1286 1195 1337 ad
1246 1284 1338 1339 Dei
1374 1284 1691 1340 similitudi-

171 1397 270 1435 nem
300 1378 502 1441 formal,
533 1390 638 1428 non
670 1383 923 1444 tanquam
969 1390 1064 1444 per
1097 1377 1324 1445 gratiam
1362 1375 1688 1430 ministran-

172 1482 275 1532 tem,
306 1468 387 1523 sed
421 1481 509 1531 per
536 1465 773 1519 divinam
808 1474 1053 1519 naturain
1087 1466 1551 1535 participationem
1603 1463 1693 1519 sui

167 1564 220 1615 iis
245 1558 323 1628 qui
350 1556 488 1625 digni
517 1566 662 1618 sunt,
694 1557 928 1610 donans.
967 1554 1030 1608 Et
1060 1570 1180 1624 qua:
1202 1552 1286 1609 est
1320 1556 1510 1609 horum
1544 1545 1701 1608 lldes?

167 1654 409 1719 Scriptura
450 1661 599 1702 sacra
628 1698 645 1724 ,
686 1645 981 1715 'Scriptttra
1018 1647 1275 1701 divinitus
1326 1646 1500 1700 amata
1529 1684 1546 1709 ,
1582 1661 1702 1714 qua:

163 1752 317 1813 aperte
342 1750 391 1795 et
416 1740 651 1809 perfecte
683 1740 736 1792 in
769 1754 934 1791 ttnutn
968 1739 1186 1807 ecpulat
1214 1738 1387 1790 Deum
1436 1747 1488 1791 et
1526 1736 1700 1804 Spiri-

153 1848 254 1892 tum
281 1836 421 1902 ejus;
459 1832 740 1885 net-aliter
768 1831 1008 1884 futuram
1049 1845 1169 1884 esse
1204 1830 1291 1883 Dei
1329 1828 1703 1899 participatio-

152 1943 282 1990 nem,
313 1923 410 1978 nisi
443 1921 832 1992 per'Spiritum
862 1931 1136 1982 sanctum,
1166 1932 1351 1988 apt-rte
1385 1920 1540 1973 doect
1577 1934 1591 1973 :
1622 1921 1697 1972 si-

157 2020 340 2088 quidem
390 2015 651 2069 Dominus
691 2023 876 2068 ttoster
918 2011 1082 2068 ‘Jesus
1115 2011 1366 2066 Christus
1406 2012 1471 2064 de
1500 2011 1695 2072 omni,

153 2112 334 2181 opinor,
368 2107 507 2161 ﬁdeli
546 2116 601 2160 et
636 2106 778 2159 bono
809 2104 974 2158 dicit:
998 2103 1109 2173 Ego
1139 2112 1189 2156 st
1225 2103 1383 2157 Pater
1418 2108 1697 2168 veniemus,

140 2212 190 2258 et
213 2202 512 2255 mansionem
547 2198 691 2264 apud
713 2213 827 2249 eum
851 2196 1127 2266 faciemus,
1159 2205 1213 2249 et
1243 2212 1256 2248 :
1294 2194 1360 2248 lu
1392 2197 1486 2247 hoc
1512 2210 1702 2264 cogno-

149 2298 315 2349 scimus
349 2291 490 2361 quod
527 2292 580 2343 in
612 2290 753 2342 uobis
780 2298 878 2353 est,
913 2304 976 2342 ex
1016 2288 1215 2355 Spiritu
1241 2304 1390 2358 quem
1431 2288 1571 2341 dedit
1608 2304 1702 2341 uo-

136 2391 232 2441 “bis.
273 2385 324 2439 ln
350 2402 406 2439 se
445 2400 597 2440 enim
632 2384 754 2452 quis
799 2391 974 2453 potest
1018 2384 1250 2452 cepiose
1296 2381 1495 2435 habere
1547 2380 1701 2434 habi-

146 2463 322 2532 tantem
359 2485 412 2531 ct
449 2484 761 2531 versantem
805 2485 997 2527 natura
1055 2484 1108 2526 et
1158 2487 1282 2526 vere
1326 2472 1521 2536 Deum,
1576 2488 1701 2526 cum

134 2572 384 2639 ‘Spiritttm
413 2569 538 2638 ejus
574 2567 889 2637 acceperit,
923 2580 1028 2620 non
1062 2565 1316 2629 alienum,
1351 2578 1530 2632 neque
1561 2564 1696 2618 sub-

132 2663 318 2715 stantia
352 2661 422 2713 ab
454 2676 539 2713 eo
576 2659 902 2713 distractum
937 2665 990 2710 et
1023 2655 1335 2720 divulsum,
1390 2654 1481 2707 sed
1520 2653 1704 2722 potius

144 2768 195 2805 ex
224 2752 353 2819 ipso,
384 2760 437 2803 et
472 2750 525 2803 iu
556 2750 731 2817 ipsos,
763 2756 816 2801 et
845 2746 1120 2816 proprium
1149 2747 1288 2814 ejus,
1320 2753 1373 2799 et
1425 2745 1691 2815 a-qualem

126 2860 242 2896 tcum
267 2860 327 2897 eo
349 2842 703 2895 dominatum
729 2845 1127 2907 gestantetu,ret
1150 2837 1227 2893 sic
1252 2837 1588 2890 nominatum
1606 2836 1705 2906 (a),

128 2946 182 2988 ~et
213 2948 465 3003 tanquam
526 2934 581 2986 in
610 2929 1072 3001 «ordiue'Filii-(b)
1116 2942 1455 2997 assumptum
1492 2938 1710 2996 propter

135 3029 359 3081 eamdem
385 3025 759 3080 ttaluram.'“Et
777 3024 828 3077 iu
858 3038 978 3092 cap.
1005 3022 1029 3075 1
1075 3022 1194 3075 libri
1228 3037 1278 3076 tv
1304 3020 1706 3081 Tltesaurorum,

138 3130 373 3187 tanquam
418 3122 471 3171 iu
513 3132 754 3188 persona
793 3116 1170 3169 haereticorum
1219 3129 1234 3165 :
1281 3113 1505 3165 Alienus
1550 3122 1631 3165 est
1678 3126 1706 3163 a

132 3212 634 3266 communicatione
666 3218 873 3272 nostra,
898 3217 958 3262 et
986 3224 1013 3260 a
1042 3208 1197 3259 nobis
1229 3220 1333 3259 non
1364 3203 1711 3274 participabi-

133 3304 188 3356 lis
217 3320 305 3372 per
336 3319 397 3356 se
429 3304 623 3372 ipsum
650 3300 824 3355 ’Pater
856 3309 1071 3367 propter
1102 3299 1320 3352 nimiam
1345 3309 1398 3351 et
1423 3312 1713 3360 summam,

133 3407 179 3451 et
206 3412 323 3467 qua!
355 3398 429 3451 ab
466 3398 721 3449 humana
757 3403 950 3446 natura
984 3390 1103 3460 capi
1131 3404 1242 3443 non
1279 3398 1476 3458 potest,
1515 3387 1715 3440 divini-

130 3488 242 3540 tatis
268 3487 789 3555 participationem,
824 3484 1037 3552 capitur
1068 3492 1249 3535 autem
1275 3522 1289 3544 ,
1333 3490 1385 3533 et
1417 3489 1498 3533 est
1531 3481 1582 3532 in
1619 3495 1717 3532 no-

120 3579 201 3633 bis
230 3596 323 3646 per
352 3578 559 3632 Filium
601 3586 857 3645 tanquam
892 3590 985 3642 per
1012 3573 1276 3626 tniuoretn
1308 3571 1535 3627 scilicet.
1571 3568 1718 3635 Quo-

125 3671 273 3722 modo
302 3670 475 3738 igitur
508 3667 720 3722 similis
753 3664 939 3727 Patri,
974 3665 1064 3734 qui
1103 3679 1130 3718 a
1171 3651 1327 3717 nobis
1358 3664 1472 3732 capi
1504 3672 1677 3732 potest

124 3763 207 3832 qui
248 3762 407 3815 illum
444 3774 661 3829 capere
698 3772 801 3809 non
837 3754 1167 3824 possumus?
1199 3754 1399 3809 Contra
1448 3771 1575 3809 vero
1601 3755 1716 3808 dis-

123 3866 312 3931 putans
373 3851 696 3923 Cyrillus:
734 3847 913 3912 Ebrii,
942 3847 1153 3915 inquit,
1210 3862 1403 3900 rursus
1438 3858 1566 3901 sunt
1601 3849 1717 3901 suis

1794 654 2099 707 colli-utinm
2146 666 2397 719 natum;
2429 655 2556 723 quin
2586 654 2763 722 potius
2800 660 2951 704 tanto
2985 649 3155 718 magis
3184 649 3249 702 ad
3287 650 3365 701 Ir-

1794 738 2017 793 nitatem
2051 742 2239 809 vergit,
2270 751 2476 809 quanto
2500 741 2704 809 majora
2738 741 2791 794 in
2820 755 2884 794 eo
2907 747 3053 799 sunt,
3080 753 3143 792 ex
3164 738 3365 807 quibus

1795 846 1960 883 unum
1989 870 2005 893 ,
2043 834 2203 900 idque
2237 834 2665 900 pulcherrimum
2702 843 2784 886 est
2813 875 2827 897 ,
2864 831 3079 886 bonitas
3111 845 3232 900 qua:
3264 844 3365 898 per

1793 917 2015 984 Filium,
2050 920 2191 974 sicut
2223 923 2336 990 ipse
2365 921 2441 975 ait
2469 923 2546 987 ³⁷,
2579 923 2630 975 itt
2668 923 2842 975 malos
2872 933 2925 974 et
2958 921 3127 974 honos
3155 918 3367 988 pertin-

1793 1009 1893 1077 git,
1935 1010 2068 1062 nulli
2116 1025 2340 1078 prorsus
2370 1012 2453 1064 sui
2500 1010 2966 1079 participationem
3009 994 3379 1077 praecludens:

1796 1097 2147 1168 Participatio
2176 1115 2309 1154 vero
2342 1101 2517 1154 Patris
2548 1116 2642 1169 per
2674 1099 2866 1153 Filium
2899 1100 2950 1152 in
3006 1099 3209 1168 Spiritu
3242 1113 3370 1152 san-

1797 1201 1884 1245 cto
1920 1193 2139 1259 proprie
2186 1202 2240 1245 et
2283 1193 2535 1245 decenter
2571 1191 2658 1253 lit;
2714 1191 2777 1244 sit
2798 1198 2855 1243 ut
2876 1190 3038 1244 etiam
3074 1190 3241 1243 solem
3274 1203 3369 1257 per

1799 1282 2141 1349 splendorem
2174 1297 2238 1334 ex
2269 1296 2337 1335 eo
2362 1296 2473 1336 non
2522 1280 2642 1333 sine
2668 1279 2851 1332 calore
2908 1279 3109 1333 editum
3143 1279 3369 1346 paut‘ci-
3416 1299 3427 1308 ν

1794 1392 2017 1444 panius.
2052 1378 2209 1430 Sient
2244 1378 2409 1445 igi'ur
2436 1390 2601 1430 nemo
2630 1375 2778 1429 dicat
2823 1373 3088 1429 dissimile
3115 1386 3237 1425 esse
3267 1370 3369 1424 soll

1804 1468 1984 1521 lumen
2022 1468 2165 1538 quod
2218 1484 2281 1523 ex
2333 1470 2451 1537 ipso
2493 1468 2777 1532 emittitur,
2810 1467 2893 1519 vel
2924 1464 3157 1520 calorem
3187 1502 3201 1527 ,
3243 1464 3369 1531 quia

1796 1576 1895 1629 per
1925 1562 2020 1615 ista
2054 1561 2409 1630 participatur
2446 1560 2564 1624 sol;
2599 1559 2679 1615 sic
2726 1574 2832 1612 non
2884 1566 2967 1612 est
3018 1572 3266 1617 necesse,
3312 1564 3371 1607 ιιι

1804 1652 1972 1707 Filius
2011 1653 2080 1706 sit
2120 1652 2262 1706 Patri
2308 1651 2618 1713 dissimilis,
2668 1651 2795 1720 quia
2842 1649 3000 1703 Pater
3044 1664 3144 1719 per
3173 1646 3369 1701 Filium

1804 1742 2180 1811 patzticipatur,
2233 1743 2361 1810 quin
2388 1742 2571 1810 potius
2605 1742 2836 1795 similem
2885 1756 2978 1809 per
3024 1740 3205 1792 omnia
3250 1752 3372 1791 esse

1804 1830 2167 1885 demonstrat.
2206 1830 2308 1885 Ubi
2354 1833 2498 1885 enim
2556 1831 2685 1885 facti
2728 1832 3021 1899 participes
3061 1828 3213 1891 Filii,
3267 1844 3371 1882 non

1801 1924 2080 1991 privamur
2111 1923 2527 1991 participatione
2559 1921 2759 1985 Patris,
2790 1921 3059 1990 quomodo
3085 1935 3189 1974 non
3213 1924 3376 1973 erunt

1800 2018 1937 2072 idem
1992 2018 2149 2073 Pater
2191 2026 2243 2072 et
2281 2018 2497 2072 Filius?
2552 2016 2651 2071 Ubi
2686 2026 2866 2071 autem
2899 2024 2981 2070 est
3021 2016 3209 2069 eadem
3243 2016 3375 2067 sub-

1801 2107 2021 2167 stantia.
2050 2122 2210 2175 quem
2234 2107 2410 2162 iocum
2435 2108 2653 2161 habebit
2686 2106 3102 2161 dissimilitudo?
3130 2107 3172 2159 Β
3208 2120 3376 2174 spon-

1802 2199 1960 2253 drant
1989 2198 2192 2253 Christi
2237 2208 2662 2268 oppugnatores.
2706 2199 2781 2250 Ex
2815 2198 3013 2265 quibus
3047 2198 3104 2250 lit
3136 2198 3371 2250 manife-

1801 2300 1970 2353 stum,
2005 2291 2147 2359 quod
2181 2291 2563 2360 participantes
2599 2289 2858 2358 Spiritum
2894 2296 3173 2352 sanctum,
3207 2291 3376 2353 pa‘ti-

1803 2385 2050 2452 cipamus
2078 2382 2273 2437 Filium
2306 2382 2499 2448 Deum,
2526 2392 2580 2437 et
2626 2383 2771 2435 hunc
2809 2382 3221 2452 participantes,
3250 2395 3375 2451 par.

1806 2474 2095 2540 ticipatnus
2130 2473 2294 2527 Deum
2330 2473 2540 2529 Patrem
2566 2512 2582 2537 ,
2614 2484 2778 2543 atque
2801 2474 2887 2527 ita
2918 2473 3184 2528 cliicimur
3214 2483 3379 2527 tot-us
3470 2502 3475 2513 -

1804 2567 2001 2620 divinae
2028 2579 2240 2620 natura:
2279 2575 2331 2622 et
2365 2566 2684 2621 substantiae
2726 2565 3045 2635 participes.
3096 2564 3381 2631 Quomodo

1803 2676 1932 2711 vero
1962 2661 2056 2713 ﬁat
2085 2661 2136 2714 in
2172 2660 2329 2716 nobis
2360 2659 2702 2728 participatio
2727 2658 3034 2720 Trinitatis,
3064 2674 3186 2727 qua:
3217 2673 3380 2727 supra

1808 2746 2169 2800 substantiam
2204 2757 2322 2812 est,
2352 2748 2460 2803 dici
2496 2763 2598 2802 non
2637 2755 2845 2816 potest;
2882 2748 3024 2801 sicut
3055 2761 3232 2816 neque
3272 2748 3383 2801 dici

1804 2850 2008 2910 potem,
2032 2839 2154 2909 quis
2183 2841 2375 2895 inodus
2401 2841 2474 2896 sit
2502 2840 2822 2894 substantiae
2847 2840 2967 2907 ejus
2985 2878 2999 2901 ,
3026 2847 3081 2892 et
3108 2841 3385 2909 quomodo

1810 2932 1883 2986 sit
1914 2932 2119 3002 ubique
2151 2947 2389 3002 prteseus
2425 2931 2727 2987 secundum
2759 2931 3146 2986 substantiam.

2410 3045 2641 3101 CAPUT
2680 3044 2772 3101 ιν.

1813 3160 1966 3227 Quod
2008 3149 2389 3229 pnr‘tiripant'es
2430 3163 2661 3214 divinam
2719 3171 2988 3221 naturam,
3040 3177 3142 3213 non
3190 3162 3383 3230 gratia:

1888 3235 2069 3291 solius,
2101 3244 2148 3284 et
2192 3248 2281 3293 per
2305 3250 2357 3283 se
2382 3248 2483 3283 non
2511 3232 2843 3285 subsistentia
2871 3233 3155 3297 participes
3179 3247 3384 3293 sumus,

1888 3301 1980 3355 sed
2013 3303 2174 3367 ips'us
2204 3300 2436 3369 Spiritus
2467 3303 2637 3354 sancti
2668 3303 2903 3362 viventis,
2932 3311 2980 3352 et
3019 3316 3111 3366 per
3141 3316 3194 3351 se
3243 3304 3389 3352 exsi-

1882 3374 2109 3433 strntis;
2141 3383 2187 3422 et
2223 3374 2357 3437 quod
2393 3383 2531 3424 totus
2575 3371 2709 3423 Deus
2764 3373 2937 3423 tritius
2967 3372 3137 3437 gratia
3166 3370 3387 3429 dicitur,

1888 3455 1932 3494 et
1970 3440 2126 3493 simul
2164 3439 2359 3502 Filius,
2390 3456 2545 3504 atque
2576 3441 2805 3507 Spiritus
2829 3452 3040 3493 sanctus
3076 3440 3282 3509 gratia;
3311 3439 3388 3492 si-

1883 3513 2113 3581 gillatim
2138 3514 2494 3579 unusquisque
2520 3513 2705 3563 horum
2731 3512 2903 3578 gratia
2936 3511 3159 3581 dicitur,
3191 3509 3390 3560 dicitur

1890 3599 2006 3634 νει-ο
2031 3582 2339 3650 Itoutouyme
2370 3582 2569 3649 gratia,
2607 3582 2660 3633 id
2692 3589 2791 3643 est,
2826 3580 2967 3651 quod
3000 3582 3063 3632 ab
3094 3580 3174 3631 Itis
3208 3594 3388 3646 persoo

1890 3656 1969 3704 nis
2000 3653 2083 3719 ﬁt.

1891 3764 2126 3820 Sanctus
2174 3765 2432 3835 Cyrillus,
2468 3763 2608 3817 libro
2661 3764 2892 3833 septimo
2928 3760 3271 3830 Dialogorum
3316 3762 3387 3814 ad

1823 3859 2092 3913 llermiam
2120 3877 2133 3912 :
2159 3858 2235 3919 Si,
2273 3857 2471 3925 inquit,
2503 3857 2673 3924 gratia
2700 3872 2820 3924 qu:e
2845 3871 2937 3921 per
2962 3853 3223 3923 Spiritum
3255 3868 3386 3906 sau-

120 3946 342 3999 insauiis
377 3945 473 3999 isti
503 3950 923 4012 oppugnatores
960 3938 1076 4005 Dei,
1108 3954 1213 3991 non
1247 3939 1631 4005 intelligentes.
1659 3947 1717 3991 ut

112 4048 347 4104 apparet,
388 4052 589 4107 neque
643 4049 764 4105 quae
814 4034 1128 4104 loquuntur,
1183 4046 1357 4101 neque
1404 4033 1471 4086 de
1521 4033 1717 4100 quibus

114 4130 406 4181 allirtnaut.
443 4127 509 4180 Si
552 4125 733 4188 enim,
768 4132 825 4177 ιιι
861 4139 957 4177 vos
981 4122 1193 4187 dicitis,
1227 4122 1409 4177 omnia
1440 4139 1630 4191 magna
1666 4132 1719 4178 et

112 4236 263 4287 supra
285 4231 579 4274 naturam
612 4227 735 4271 sunt
766 4218 816 4269 in
840 4215 1026 4279 Patre,
1058 4232 1278 4271 necesse
1307 4225 1390 4270 est
1418 4216 1718 4271 cunei-dere

112 4327 287 4381 parent
306 4314 650 4369 bonitatem
684 4312 757 4364 illi
792 4310 993 4364 inesse.
1016 4310 1302 4375 Quomodo
1330 4310 1493 4379 igitur
1525 4310 1720 4380 quiest

106 4420 315 4460 summe
358 4407 583 4470 bonus,
633 4419 737 4457 non
787 4410 966 4472 potest
999 4401 1117 4470 capi
1159 4403 1226 4455 ab
1256 4402 1322 4456 iis
1358 4404 1447 4470 qui
1480 4404 1719 4459 bonitate
1822 4420 1919 4474 per
1960 4405 2322 4459 ministerium
2360 4403 2595 4472 Spiritus
2622 4407 2793 4459 sancti
2817 4405 2841 4457 ?
2868 4405 3009 4471 Quin
3046 4404 3225 4473 potius
3257 4403 3391 4459 illud

108 4496 391 4566 indigent?
416 4496 731 4563 Quomodo
761 4505 843 4550 est
873 4504 1016 4548 totus
1058 4493 1255 4557 bonus,
1289 4494 1378 4562 qui
1422 4495 1586 4546 nimia
1622 4510 1718 4547 διι-
1818 4497 2040 4566 quidem
2072 4505 2320 4549 vocatum
2353 4504 2435 4551 est
2468 4494 2808 4564 Spiraculum
2842 4497 2965 4548 vita:
2985 4497 3031 4528 "
3061 4511 3076 4560 ;
3112 4496 3221 4549 vita
3244 4494 3391 4549 enim

46 4616 49 4619 ν
102 4604 190 4656 pra
229 4601 527 4643 creatura:
555 4586 882 4641 facultatem
918 4586 1157 4639 bonitate
1189 4586 1445 4639 omnibus
1472 4588 1555 4639 sul
1588 4599 1712 4653 par-
1748 4597 1791 4653 υ
1821 4598 1937 4640 erat
1968 4597 2163 4641 natura
2194 4587 2525 4649 divinitatis,
2564 4586 2833 4655 siquident
2869 4600 2995 4640 vere
3022 4587 3074 4640 in
3110 4586 3229 4655 ipso
3256 4587 3395 4639 vivi-

105 4681 493 4751 ticipationem
545 4678 879 4747 praeludit?
910 4676 1205 4747 Oportebat
1231 4677 1374 4730 enim
1408 4678 1570 4746 (quod
1600 4679 1722 4746 qui-
1827 4693 1969 4741 mus,
2004 4692 2305 4742 moventur,
2351 4690 2406 4731 et
2454 4691 2645 4731 sumus
2671 4678 2727 4741 |;
2759 4691 2895 4731 voce
2943 4688 3127 4730 autem
3178 4676 3391 4731 Domini

99 4772 216 4826 dem
250 4789 461 4827 verum
497 4771 730 4826 videtur
755 4770 934 4838 esse),
956 4778 1015 4821 ιιι
1058 4768 1151 4837 qui
1185 4779 1494 4822 estsuntme
1523 4768 1717 4830 bonus,
1826 4768 2028 4822 dictum
2074 4776 2193 4821 est:
2234 4767 2468 4835 Accipite
2503 4765 2762 4833 Spiritum
2794 4778 3058 4832 sanctum,
3093 4770 3219 4837 quia
3272 4768 3387 4838 ipse

102 4864 408 4920 bonitatem
443 4864 566 4918 sibi
608 4863 1022 4916 convenientem
1060 4860 1340 4915 adhiberet
1367 4860 1646 4943 omnibus,
1668 4867 1723 4913 et
1826 4876 1952 4915 vere
1979 4865 2031 4914 in
2065 4860 2321 4915 cordibus
2343 4859 2678 4915 credentium
2706 4859 2932 4913 babi'at.
2963 4860 3024 4911 Et
3051 4860 3211 4927 paulo
3231 4870 3391 4928 post:

95 4975 209 5012 eam
242 4958 491 5015 cunctis
554 4954 934 5023 indigentibus
965 4951 1029 5006 ad
1066 4950 1353 5004 lruendum
1402 4950 1724 5016 imparliret.
1827 4952 2053 5017 Quando
2088 4950 2252 5020 igitttr
2282 4949 2349 5003 ad
2387 4949 2801 5019 similitudinem
2828 4949 3036 5002 Christi
3067 4947 3391 5012 fortnamur,

99 5051 300 5106 Verum
354 5052 484 5121 jam
529 5050 645 5102 hoc
674 5045 874 5100 fecisse
900 5053 1144 5113 apparet,
1175 5058 1299 5096 cum
1334 5043 1598 5110 prmnittit
1628 5043 1728 5095 ha-
1830 5044 1945 5111 ipse
1978 5042 2140 5097 etiam
2181 5042 2232 5095 itt
2270 5041 2428 5095 nobis
2460 5041 2834 5110 consignatur,
2870 5051 2924 5095 et
2953 5041 3174 5109 pulchre
3208 5043 3396 5109 expri-

91 5143 408 5198 bitaturum
453 5157 524 5196 se
570 5141 630 5193 in
662 5138 840 5200 nobis,
889 5146 942 5190 et
975 5136 1456 5197 iuautbnlaturum,
1483 5142 1538 5187 et
1590 5149 1721 5202 pro-
1832 5137 1999 5188 utitur
2030 5143 2287 5204 tanquam
2321 5149 2415 5202 per
2456 5132 2724 5203 Spiritum
2777 5136 3101 5189 naturaliter
3137 5135 3393 5189 simili-tn.

91 5237 263 5290 tnittit
292 5237 602 5305 adoptare
639 5231 802 5286 lilios.
835 5228 1017 5284 inanis
1044 5228 1210 5296 igitur
1244 5227 1534 5296 impiorum
1566 5241 1719 5295 quze‘
1834 5226 1972 5280 Deus
1998 5242 2127 5296 ergo
2159 5240 2243 5280 ρει
2279 5224 2518 5294 Spiritus
2565 5234 2813 5292 sanctus,
2848 5228 2941 5296 qui
2973 5227 3037 5279 ad
3078 5226 3398 5279 similitudi-

86 5330 190 5384 stio
225 5341 356 5394 est;
404 5334 668 5399 apparet
691 5326 858 5390 enim,
892 5321 1346 5392 quemadmodum
1374 5337 1479 5375 non
1508 5313 1576 5374 ad
1615 5321 1717 5374 du-
1827 5336 1948 5375 neut
1984 5320 2074 5374 Dei
2124 5318 2325 5373 format
2365 5334 2475 5373 non
2530 5332 2787 5388 tauquam
2823 5335 2919 5389 per
2968 5319 3196 5387 gratiam
3233 5316 3398 5370 mini-

1820 3963 1963 4006 ctutn
1998 3952 2178 4013 datur,
2205 3951 2433 4006 discissa
2458 3958 2572 4004 erat
2604 3965 2633 4003 a
2657 3949 2957 4002 substantia
2994 3946 3232 4016 Spiritus
3254 3959 3389 4000 san-

1820 4046 1912 4107 cti,
1950 4059 2047 4097 cur
2096 4059 2205 4097 non
2258 4050 2446 4112 aperte
2480 4042 2617 4096 dixit
2664 4042 2855 4095 beatus
2888 4042 3105 4110 quidem
3151 4040 3387 4109 Moyses,

1820 4135 1963 4204 quod
1998 4135 2274 4205 producto
2305 4135 2568 4188 anitnanti
2601 4134 2890 4200 inspiravit
2921 4133 3151 4201 gratiam
3199 4143 3390 4185 auctor

1822 4226 2087 4289 Omnium,
2143 4227 2370 4295 gratiam
2429 4226 2553 4278 dico
2601 4239 2700 4293 per
2760 4224 3169 4291 inspirazionem
3221 4222 3391 4275 vitm?

1821 4315 2070 4368 Christus
2102 4330 2231 4367 vero
2280 4312 2464 4376 nobis,
2508 4314 2749 4380 Accipite
2793 4314 3021 4383 gratiam
3051 4313 3118 4374 ".
3176 4312 3390 4367 scilicet

716 5530 802 5585 i5.
881 5528 1138 5583 ’τΜ.ιιι1ι.
1185 5546 1236 5587 v.
1287 5530 1374 5582 A5.
1450 5524 1496 5559 ⁵⁸
1531 5525 1688 5580 Joan.
1734 5540 1827 5587 xx,
1858 5522 1950 5578 29..
2028 5524 2074 5555 "'
2119 5521 2257 5577 GC".
2292 5522 2429 5587 u,7.

2508 5522 2523 5553 ¹
2568 5524 2687 5578 Act.
2727 5539 2859 5587 xvn,
2888 5520 2981 5575 28.

149 5535 195 5615 έδ
250 5534 438 5588 ῐὶυιιι.
514 5546 652 5593 \‘lll,
716 5530 802 5585 i5.
881 5528 1138 5583 "Matth.
1185 5546 1236 5594 v,
1287 5530 1374 5582 ἀΰ.
1450 5524 1496 5559 ⁵⁸
1531 5525 1688 5580 Joan.

1858 5522 1950 5578 29..

514 5546 652 5593 \‘lll,

1826 5730 2018 5776 xxv-ut,
2057 5714 2399 5782 Baptizautes
2437 5728 2523 5766 eos
2558 5713 2609 5765 iu
2660 5712 2867 5765 nomine
2897 5708 3071 5782 Patris
3104 5716 3149 5759 et
3192 5703 3321 5761 Filii
3350 5716 3400 5782 et

1834 5786 2065 5852 Spiritus
2097 5776 2305 5847 sancti;
2349 5795 2398 5837 et
2440 5785 2571 5837 illud
2613 5783 2822 5837 lJoau.
2858 5797 2885 5836 v
2925 5797 2940 5835 :
2977 5776 3100 5831 Tres
3151 5789 3267 5831 sunt
3314 5778 3403 5845 qui

1842 5858 2217 5919 testtmottium,
2249 5866 2352 5909 etc.

148 5724 235 5791 (α)
267 5723 340 5775 Ιιί
379 5722 473 5773 sic
506 5720 872 5791 nominatum.
895 5717 950 5773 ld
977 5727 1058 5771 est
1090 5716 1453 5791 Dominum."
1482 5717 1605 5770 Cor.
1634 5733 1713 5771 ιιι.

151 5790 234 5860 (b)
270 5794 334 5845 Ιιι
379 5793 620 5844 urtlitte
649 5790 762 5843 Filii
788 5802 1097 5857 assumptus
1124 5792 1316 5843 dieitur
1337 5790 1580 5860 Spiritus
1601 5805 1729 5841 sau~

80 5858 208 5920 etus
236 5902 254 5929 ,
320 5870 473 5934 quia
545 5868 871 5915 numeratur
904 5862 1095 5915 tertius
1126 5899 1140 5924 ,
1186 5869 1324 5914 sicut
1357 5865 1488 5910 ιιιι·ιι
1540 5858 1728 5912 Matth.
1842 5858 2217 5919 testimonium,
2249 5866 2352 5909 etc.
3430 5916 3445 5943 λ
