3860 6546
417 334 506 405 ’87
517 341 539 405 1

1595 336 1920 399 IOANNIS
1954 329 2518 395 CYPA‘RlSSiOTt’E

3555 323 3643 386 8Τὲ

429 462 712 516 strantcm,
747 452 838 507 sed
869 461 1127 522 tanquam
1151 466 1267 521 ipse
1294 450 1765 520 participationem
1798 448 1996 503 divina:
2026 455 2069 507 Α
2100 455 2266 515 atque
2295 445 2366 497 ita
2405 444 2459 497 tit
2491 441 2642 497 illud:
2679 437 2852 509 Egoet
2889 436 3052 491 Pater
3072 436 3355 502 veniemus,
3381 444 3425 487 et
3447 438 3656 486 niam‘o-

434 544 869 613 naturteodignis
915 545 1168 613 largiens.
1202 541 1267 596 Et
1313 555 1508 595 rursus
1555 540 1698 594 idem
1749 540 1991 595 ibidem:

427 618 651 695 Templa
698 632 815 698 Dei,
870 632 980 686 imo
1026 633 1190 686 etiam
1242 631 1316 686 dii
1353 644 1638 698 vocamur,
1686 640 1742 685 et
1782 645 1995 696 sumus,

426 736 596 789 quare
615 731 820 785 autem,
864 722 1148 788 interroga
1173 722 1542 777 adversarium
1568 738 1583 783 ;
1607 722 1878 791 siquidem
1905 736 2000 776 su-

427 828 553 865 mus
585 828 709 867 vere
736 814 1028 884 participes
1058 816 1221 869 nuda:
1249 823 1303 868 et
1336 829 1445 867 non
1472 828 1569 882 per
1596 827 1653 867 se
1680 812 2001 868 exsisteutis

425 905 637 972 gratiae,
670 916 725 960 at
745 921 855 960 non
880 907 981 970 sic,
1011 922 1354 976 nequaquam
1380 924 1399 971 ;
1424 906 1619 975 templa
1638 906 1782 960 enim
1808 920 2000 960 sumus

430 991 670 1064 Spiritus
719 997 894 1049 sancti
940 1011 1034 1064 per
1082 1011 1140 1051 se
1188 995 1550 1061 exsistentis;
1600 996 1774 1050 vocati
1817 1007 1998 1049 aute-m

425 1100 623 1140 sumus
659 1085 733 1139 dii
784 1096 1004 1155 propter
1052 1086 1255 1154 ipsum,
1308 1095 1495 1155 utpote
1546 1078 1741 1141 divinae
1792 1096 2001 1139 naturae

426 1184 650 1244 propter
687 1177 1136 1244 coniunctionem
1175 1191 1300 1229 cum
1354 1177 1476 1245 ipso
1517 1177 1812 1247 participes
1847 1175 1994 1231 faeti.

427 1266 496 1322 Et
525 1267 719 1321 iterum
747 1269 887 1323 idem
923 1269 975 1322 in
1013 1269 1263 1323 eisdem:
1300 1268 1381 1320 An
1418 1285 1525 1322 non
1569 1269 1802 1324 dicimus
1830 1267 1999 1322 fabri-

423 1361 540 1413 cari
565 1361 843 1414 hominem
871 1362 935 1413 ad
968 1360 1260 1431 imaginem
1284 1362 1378 1417 Dei
1403 1365 1427 1416 ‘t
1450 1361 1584 1427 Quis
1617 1372 1773 1431 neget
1797 1361 1821 1413 ?
1844 1358 1999 1425 Quod

424 1457 608 1503 autem
638 1448 932 1515 imaginem
964 1449 1255 1517 imprimit,
1280 1461 1333 1505 et
1359 1451 1531 1505 inatar
1566 1449 1728 1520 sigilli
1763 1448 2001 1519 pulchri-

428 1539 675 1593 tudinem
731 1542 1232 1609 supramundanam
1279 1539 1462 1605 ellicit,
1491 1557 1559 1594 an
1601 1554 1711 1594 non
1756 1551 1840 1594 est
1881 1539 2002 1609 Spi-

427 1633 568 1685 ritus
610 1631 961 1685 sanctusiAt
1001 1646 1131 1698 non,
1169 1631 1370 1701 inquit,
1400 1644 1459 1685 ut
1488 1630 1652 1698 Deus,
1688 1633 1780 1686 sed
1830 1641 1888 1685 ut
1917 1632 2001 1684 tli-

427 1723 572 1775 vinte
604 1724 797 1790 gratia:
844 1722 1114 1787 minister,
1162 1722 1326 1792 igitur
1367 1738 1472 1776 non
1509 1724 1646 1793 ipse,
1697 1726 1790 1777 sed
1824 1725 1999 1792 gratia

428 1829 526 1883 per
570 1814 745 1882 ipsum
797 1816 1174 1884 consignatur.
1224 1814 1474 1877 Videtur,
1525 1814 1721 1884 inquit.
1767 1812 2001 1869 Necesse

427 1921 557 1976 ergo
591 1913 708 1959 erat
763 1906 1037 1976 appellare
1066 1906 1346 1961 hominem
1382 1906 1675 1975 imaginem
1708 1904 1912 1975 gratiae,
1948 1916 2003 1961 et

428 2014 539 2053 non
571 1998 753 2068 potius
792 1999 1084 2073 imaginem
1121 1998 1237 2064 Dei,
1280 1999 1579 2068 Gregorius
1612 1999 1909 2069 Nysscnus,
1947 1999 2000 2051 itt

426 2090 652 2144 Cantica
676 2089 1068 2144 canticorum:
1101 2088 1278 2155 Quod,
1312 2090 1510 2158 inquit,
1546 2103 1673 2143 vere
1701 2097 1784 2143 est
1811 2088 2005 2157 praedi-

425 2179 660 2233 candum
698 2178 938 2238 beatum,
994 2192 1198 2232 numen
1244 2178 1424 2248 ipsum
1470 2177 1713 2232 divinum
1748 2187 1855 2240 est,
1888 2178 2003 2245 ipsa

426 2268 780 2338 pulchritudo
826 2268 1249 2337 inexplicabilis,
1302 2268 1420 2337 ipsa
1475 2282 1573 2337 per
1616 2283 1676 2324 se
1712 2269 1906 2339 gratia,
1952 2276 2005 2323 et

424 2363 723 2431 sapientia,
747 2370 803 2417 et
828 2370 1091 2430 potestas.
1117 2360 1184 2415 Et
1213 2360 1435 2415 divinus
1470 2359 1766 2431 Gregorius
1795 2360 1849 2414 in
1877 2376 2003 2414 ora-

426 2456 578 2509 tione
623 2455 692 2509 de
737 2453 1023 2509 divinitate
1054 2461 1251 2508 contra
1289 2453 1579 2517 livagrium
1616 2453 1949 2507 monachum
1980 2472 1995 2507 :

428 2546 696 2602 Similiter
723 2546 912 2616 igitur,
953 2547 1153 2616 inquit,
1196 2546 1289 2615 qui
1321 2546 1479 2599 dator
1507 2554 1590 2599 est
1628 2546 1871 2599 omnium
1902 2546 2002 2600 bo-

427 2652 649 2702 norum,
689 2637 782 2707 qui
820 2624 1069 2691 veritatis
1105 2636 1441 2695 moderator.
1481 2646 1536 2690 et
1567 2636 1865 2693 Salvatoris
1896 2638 2004 2691 Pa—

425 2738 532 2796 ter,
568 2731 942 2785 dimanantem
977 2733 1277 2799 quamdam
1326 2730 1450 2785 Filii
1482 2745 1537 2785 et
1566 2732 1802 2801 Spiritus
1831 2733 2003 2788 sancti

425 2823 657 2891 gratiam
707 2823 1078 2878 intellectilem
1138 2823 1205 2877 ad
1263 2838 1362 2878 nos
1421 2825 1608 2889 misit,
1664 2840 1842 2894 neque
1890 2809 2021 2894 ipse.

425 2916 730 2985 quidquam
761 2915 1097 2970 incommodi
1125 2916 1179 2971 in
1204 2916 1509 2970 substantia
1535 2932 1731 2986 passus
1762 2926 1869 2984 est;
1898 2932 2004 2971 non

422 3009 571 3061 enim
623 3007 791 3062 ullam
828 3008 1266 3062 imminutionem
1316 3009 1488 3063 subiit
1523 3020 1741 3079 propter
1786 3010 2003 3063 illorum

2101 554 2217 591 nem
2271 536 2411 605 apud
2465 550 2581 588 eum
2641 533 2900 600 faciemus
2926 534 2967 596 ‘,
3004 532 3143 585 sicut
3172 529 3380 582 dictum
3429 533 3528 581 est.
3569 523 3659 581 Ubi

2099 632 2247 686 enim
2273 640 2355 685 est
2384 628 2589 693 lumen,
2615 626 2724 681 illic
2752 634 2841 681 est
2869 623 3144 693 splendor:
3191 629 3248 674 et
3280 621 3373 687 ubi
3403 618 3659 688 splendor,

2096 723 2175 779 ibi
2239 731 2325 776 est
2358 722 2520 790 hujus
2581 718 2847 788 operatio,
2906 724 2960 770 et
3018 710 3309 783 splendida
3350 709 3540 782 gratia.
3585 711 3644 766 Et

2102 829 2330 885 magnus
2352 810 2585 865 Basilius
2619 807 2671 862 in
2705 806 2932 878 epistola
2955 806 3021 860 ad
3056 804 3383 875 Gregorium
3420 802 3654 858 fratrem:

2096 902 2294 968 Omne,
2330 900 2529 970 inquit,
2563 899 2787 962 bonum,
2846 896 3216 966 quodcunque
3260 908 3329 947 ex
3374 892 3553 948 divina
3579 908 3665 962 po-

2100 1004 2300 1050 testate
2325 994 2389 1047 ad
2421 1008 2521 1047 nos
2548 989 2821 1054 deveniat,
2864 987 3246 1058 Operationem
3274 985 3464 1053 gratiae
3496 987 3665 1039 omnia

2104 1088 2157 1141 in
2188 1084 2344 1140 nobis
2375 1082 2650 1153 operantis
2676 1094 2799 1136 esse
2828 1079 3081 1141 dicimus,
3114 1075 3301 1129 omnia
3332 1076 3477 1129 enim
3499 1089 3669 1143 opera-

2104 1189 2192 1232 tur
2212 1192 2345 1229 unus
2367 1182 2423 1230 et
2453 1175 2592 1229 idem
2616 1170 2894 1243 Spiritus“;
2913 1183 2977 1224 ac
3004 1183 3194 1223 rursus
3226 1168 3397 1221 idem:
3424 1164 3668 1236 Spiritum

2103 1280 2352 1326 sanctum
2378 1267 2474 1337 qui
2504 1282 2576 1322 ex
2620 1264 2731 1320 Deo
2758 1262 2998 1327 exsistit,
3035 1261 3238 1316 fontem
3275 1259 3399 1314 dico
3432 1258 3673 1314 sanctita-
3734 1322 3739 1327 π

2105 1359 2198 1425 tis,
2239 1367 2558 1428 potestatem
2615 1356 2736 1410 vita
2766 1351 3118 1419 eﬂ'ectricem,
3170 1357 3230 1406 et
3261 1348 3493 1420 gratiam
3527 1348 3673 1416 petii-

2104 1452 2334 1506 cientem
2362 1466 2382 1515 ;
2414 1464 2509 1520 per
2531 1462 2692 1518 quem
2725 1448 2891 1500 homo
2913 1446 3208 1514 adoptatur
3239 1441 3433 1506 Filius,
3467 1451 3517 1495 et
3543 1443 3672 1510 quod

2105 1543 2332 1599 mortale
2372 1551 2478 1607 est,
2511 1539 2749 1613 el’ticitur
2774 1537 3139 1601 immortale,
3172 1550 3347 1595 unum
3378 1548 3471 1602 per
3506 1534 3673 1588 Otlillia

2103 1653 2229 1692 cum
2285 1635 2445 1690 Patre
2478 1643 2532 1688 et
2567 1616 2730 1687 Filio.
2767 1629 3059 1694 Praeterea,
3081 1627 3391 1684 secundum
3424 1626 3675 1694 homony-

2107 1730 2270 1782 miam
2307 1724 2605 1783 divinitatis
2634 1722 2735 1795 (a),
2786 1736 2908 1793 qua:
2943 1722 3109 1790 supra
3161 1715 3527 1774 substantiam
3582 1729 3671 1779 est,

2109 1814 2360 1887 quaedam
2394 1813 2496 1867 alia
2525 1813 2786 1866 dicuntur
2805 1810 3007 1880 gratia.
3043 1808 3307 1863 Declarat
3341 1807 3446 1862 hoc
3469 1805 3672 1869 Paulus,

2105 1923 2229 1963 cum
2257 1907 2506 1960 scribens
2527 1904 2594 1958 ad
2614 1900 2913 1957 Romanos:
2943 1898 3035 1954 Sic
3059 1916 3205 1970 ergo,
3240 1898 3498 1968 inquit,“
3523 1899 3575 1951 in
3589 1897 3671 1949 hoc

2106 2010 2334 2063 tempore
2364 1998 2599 2066 reliquid:
2643 1995 2927 2049 secundum
2957 1994 3266 2047 electionem
3324 1991 3504 2059 gratia:
3530 1989 3673 2042 salvis

2107 2091 2264 2161 facta
2320 2097 2462 2141 sunt.
2517 2085 2574 2140 Si
2602 2095 2776 2140 autem
2834 2086 3030 2157 gratia,
3057 2083 3172 2152 jam
3201 2096 3310 2135 non
3335 2095 3402 2135 ea:
3430 2079 3671 2146 operibus,

2109 2177 2309 2247 alioqui
2332 2177 2504 2246 gratia
2532 2175 2650 2246 jam
2681 2191 2784 2230 non
2829 2184 2903 2229 est
2929 2174 3128 2243 gratia.
3180 2170 3245 2226 Si
3275 2181 3454 2224 autem
3481 2184 3543 2221 ex
3570 2184 3672 2235 ape-

2110 2271 2276 2337 ribus,
2319 2270 2439 2339 jam
2492 2278 2711 2323 nonest
2762 2268 2997 2337 gratia:
3048 2266 3257 2337 alioqui
3304 2279 3435 2332 opus
3483 2278 3579 2315 non
3605 2269 3671 2314 est

2107 2362 2281 2431 opus'.
2312 2362 2379 2417 Et
2406 2376 2597 2415 rursus
2629 2360 2769 2414 idem
2806 2358 3098 2430 Apostolus
3148 2376 3163 2413 :
3197 2357 3391 2412 Gratia
3417 2354 3548 2409 enim
3573 2352 3670 2406 εαι.

2107 2457 2158 2509 vi
2192 2455 2323 2524 facti
2349 2454 2523 2509 estis'.
2567 2453 2629 2508 Et
2653 2453 2850 2507 iterum
2884 2470 2897 2507 :
2930 2453 3045 2504 Non
3074 2451 3227 2523 enim.
3250 2451 3381 2504 estis
3411 2447 3503 2501 sub
3554 2447 3669 2515 lege.

2107 2547 2199 2602 sed
2237 2546 2330 2601 sub
2366 2548 2542 2616 gratia
2569 2545 2610 2600 '.
2651 2544 2713 2599 Et
2749 2545 2885 2600 alias
2919 2562 2933 2599 :
2971 2543 3039 2598 In
3070 2544 3254 2614 gratia
3290 2543 3412 2602 hac,
3442 2554 3554 2609 qure
3581 2537 3670 2589 mi-

2110 2639 2372 2688 nistratur
2409 2650 2441 2687 a
2466 2633 2616 2688 nobis
2650 2635 2694 2689 '.
2724 2633 2789 2689 Et
2823 2649 3015 2688 rursus
3049 2653 3061 2687 :
3099 2631 3181 2686 Ea:
3216 2647 3323 2701 quo
3350 2631 3435 2683 die
3464 2627 3667 2682 audistis

2107 2736 2157 2780 et
2185 2727 2500 2795 cognovistis
2538 2720 2768 2797 gratiam
2801 2727 2852 2779 in
2889 2725 2986 2780 Dei
3015 2726 3237 2778 veritate
3267 2721 3332 2777 ’⁸.
3379 2721 3443 2775 Et
3473 2721 3669 2774 divinus

2110 2820 2533 2891 Chrysostomus
2591 2820 2889 2889 explanatis
2942 2819 3071 2872 illud
3133 2835 3148 2873 :
3216 2815 3305 2871 Ea:
3367 2813 3669 2887 plenitudine

2110 2912 2225 2981 ejus
2262 2928 2437 2966 omnes
2473 2914 2768 2982 accepimus
2800 2912 2838 2942 “
2868 2952 2882 2976 ,
2917 2921 2973 2966 et
3006 2929 3019 2965 :
3055 2909 3305 2964 Gratiam
3332 2927 3428 2980 pro
3466 2908 3664 2978 gratia:

2111 3005 2359 3072 Qualem,
2403 3006 2600 3075 inquit,
2642 3018 2741 3073 pro
2780 3003 2968 3072 quali?
3010 3003 3115 3057 Pro
3146 3013 3332 3057 vetere
3363 3014 3586 3060 novam;
3622 3005 3667 3049 rt

424 3099 494 3155 ad
538 3114 638 3153 nos
669 3099 983 3169 adventum,
1018 3115 1192 3168 usque
1218 3100 1282 3154 ad
1338 3115 1439 3154 nos
1489 3110 1903 3170 processerunt,
1953 3111 2006 3157 et
2033 3115 2076 3174 α
2113 3099 2165 3153 in
2201 3100 2331 3153 illud
2366 3115 2380 3151 :
2423 3097 2612 3152 Gratia
2647 3097 2782 3151 salvi
2822 3097 2954 3167 [acti
2988 3099 3114 3151 estis
3141 3112 3158 3150 :
3183 3091 3307 3149 Non
3338 3110 3403 3149 ex
3433 3092 3665 3163 operibus

427 3190 789 3247 nihilominus
820 3206 850 3246 a
885 3188 1046 3246 Patre
1071 3192 1464 3260 iuseparabiles
1500 3193 1881 3263 perstiterunt,
1914 3209 2005 3247 ex-

426 3297 555 3350 pers
585 3282 733 3335 enim
780 3282 951 3351 partis
997 3292 1106 3343 est,
1150 3290 1208 3336 ut
1256 3296 1285 3335 a
1319 3281 1593 3351 principio
1624 3282 1888 3347 diximus,
1922 3281 2006 3335 di-

426 3372 558 3425 vina
595 3381 813 3426 natura.
843 3371 900 3425 ln
929 3371 1123 3440 primis
1161 3380 1342 3426 autem
1374 3374 1590 3427 divinus
1622 3371 1915 3441 Apostolus
1948 3373 2003 3427 in

425 3460 666 3533 Epistula
693 3464 758 3517 ad
788 3463 971 3518 Titum
998 3464 1072 3517 ait
1094 3479 1109 3518 :
1134 3462 1397 3532 Apparuit
1415 3466 1591 3535 gratia
1624 3464 1794 3528 Dei",
1834 3467 2005 3535 gratia

425 3558 637 3613 scilicet
704 3558 983 3623 salutaris,
1043 3557 1302 3613 omnibus
1352 3557 1665 3613 hominibus
1713 3571 1834 3611 cum
1896 3572 2006 3626 quo

426 3650 776 3705 consentiunt
797 3651 885 3720 qui
918 3650 972 3704 in
992 3650 1222 3704 canticrs
1255 3650 1648 3705 ecclesiasticis
1662 3649 1872 3704 dicunt:
1895 3650 2007 3719 Ap-

426 3743 611 3811 paruit
642 3740 909 3805 Salvatur,
933 3741 1023 3810 qui
1049 3752 1134 3795 est
1157 3740 1327 3809 gratia
1349 3749 1403 3795 et
1427 3743 1649 3804 Veritas,
1689 3743 1742 3795 itt
1781 3738 2003 3795 Jordani

426 3830 664 3885 liuentis:
693 3839 749 3884 et
770 3831 941 3898 gratia
969 3830 1234 3885 habitavit
1261 3830 1316 3884 in
1345 3841 1416 3896 te,
1448 3844 1570 3899 quae
1596 3830 1687 3884 Dei
1722 3839 1896 3883 mater
1924 3845 2004 3897 es;

424 3933 483 3977 et
501 3922 762 3977 mundum
779 3921 1068 3993 splendore
1091 3922 1407 3978 illustravit.
1431 3920 1491 3975 Et
1509 3920 1728 3976 divinus
1747 3921 2004 3991 Ephrem,

427 4017 484 4072 in
510 4014 772 4072 Oratione
786 4015 854 4071 de
872 4014 1051 4083 salute
1076 4015 1305 4071 animae:
1327 4015 1579 4082 Quando,
1598 4015 2004 4086 iuquit,voluit,

426 4106 697 4177 benignus
734 4116 791 4162 et
819 4106 1137 4163 misericors
1167 4105 1314 4162 Deus
1335 4106 1566 4163 liberare
1594 4122 1695 4161 nos
1719 4105 1788 4161 ab
1814 4106 2008 4175 hujus-

426 4200 577 4257 niodi
611 4214 820 4265 errore,
853 4199 1092 4255 visitavit
1124 4215 1224 4255 nos
1253 4200 1434 4254 oriens
1459 4214 1524 4254 ex
1556 4200 1666 4254 altu
1688 4202 1729 4264 ’ς
1753 4214 1810 4254 ει
1839 4215 2008 4269 appa-

425 4292 538 4347 ruit
579 4289 673 4346 Dei
704 4294 878 4363 gratia
908 4293 1189 4358 salutaris,
1231 4293 1490 4361 deditque
1521 4308 1581 4348 se
1627 4292 1741 4361 ipse
1771 4293 1823 4345 in
1860 4307 2010 4345 cont-

425 4386 786 4443 mutationem
830 4390 931 4455 pro
967 4385 1149 4440 nobis.
1182 4384 1249 4439 Et
1287 4386 1508 4452 sapiens
1536 4384 1795 4455 Cyrillus:
1848 4384 2003 4450 Qum,

2115 3190 2373 3259 propriis,
2435 3189 2631 3257 inquit,
2670 3189 2763 3244 sed
2806 3190 2997 3260 gratis.
3057 3191 3123 3247 Et
3170 3201 3407 3257 magnus
3448 3185 3667 3240 Athana-

2112 3264 2415 3344 sius,|ibro
2454 3282 2614 3335 tertio
2658 3278 2863 3335 Contra
2894 3280 3122 3334 Arianos
3158 3294 3175 3335 :
3212 3277 3434 3333 Sciebat
3465 3274 3549 3330 ubi
3579 3270 3667 3326 La-

2113 3389 2277 3429 zarus
2333 3374 2574 3445 jacebat,
2637 3372 3004 3442 interrogabat
3060 3380 3267 3439 tamen,
3332 3379 3390 3424 ut
3435 3374 3662 3436 suscepta

2113 3474 2300 3521 nostra
2338 3463 2664 3537 ignorantia,
2710 3467 3001 3535 largiretur
3036 3463 3195 3519 nobis
3236 3472 3296 3518 ut
3334 3474 3665 3531 cognoscere-

2114 3559 2443 3632 musso'um
2472 3572 2659 3613 verum
2701 3556 2916 3640 Patrem
2949 3572 3133 3620 suum,
3160 3563 3217 3611 et
3256 3570 3421 3626 quem
3467 3559 3663 3624 promer

2113 3665 2213 3705 nos
2248 3637 2314 3705 ad
2363 3652 2594 3706 satutem
2635 3637 2881 3704 omnium
2937 3648 3105 3715 misit,
3138 3664 3250 3719 qua
3301 3649 3474 3720 major
3507 3644 3660 3718 gratia

2112 3756 2222 3797 non
2265 3751 2440 3809 potest
2473 3757 2612 3797 esse.
2647 3740 2728 3796 Ex
2761 3741 2958 3812 quibus
2988 3750 3159 3812 patet,
3182 3742 3331 3812 quod
3356 3740 3478 3796 lacti
3510 3734 3656 3809 parti-

2114 3835 2262 3906 cipes
2287 3848 2497 3889 natura:
2533 3832 2648 3899 Dei,
2677 3850 2783 3888 non
2818 3834 2974 3888 ιιιιάιέ
2994 3834 3179 3905 gratiae
3212 3849 3247 3889 a
3286 3835 3392 3890 Deo
3415 3832 3659 3888 manantis

2113 3937 2168 3982 et
2208 3943 2329 3998 qua:
2365 3941 2459 3996 per
2497 3940 2558 3980 se
2600 3939 2707 3980 non
2733 3925 2970 3991 exsistit,
3002 3924 3299 3996 participes
3322 3938 3539 3981 sumus;
3578 3916 3659 3974 sed

2115 4022 2291 4089 ipsius
2339 4019 2580 4089 Spiritus
2611 4033 2772 4087 supra
2822 4017 3209 4082 substantiam,
3253 4028 3309 4072 et
3352 4013 3561 4077 viviﬁci,
3604 4025 3658 4063 ac

2116 4129 2212 4184 per
2245 4127 2305 4168 se
2341 4111 2692 4176 exsistentis;
2734 4120 2787 4164 et
2828 4125 2924 4178 per
2965 4110 3108 4164 hunc
3149 4109 3329 4179 ipsum
3366 4123 3484 4161 curn
3523 4103 3660 4157 Patre

2114 4216 2171 4262 et
2209 4205 2348 4261 Filio
2386 4206 2656 4274 copulari,
2699 4204 2901 4259 divina:
2939 4213 3147 4257 naturae
3181 4212 3469 4260 consortes
3510 4200 3656 4255 ellici-

2116 4314 2273 4365 mur;
2313 4306 2367 4352 et
2400 4297 2500 4351 hac
2530 4297 2703 4365 gratia
2748 4296 3010 4358 ditamur,
3058 4297 3231 4364 gratia
3272 4296 3478 4352 scilicet
3518 4292 3657 4346 trioni

2117 4405 2503 4460 personarum,
2548 4405 2668 4459 quae
2707 4398 2791 4444 est
2824 4404 2918 4458 per
2954 4405 3014 4444 se
3040 4391 3233 4462 gratia.
3270 4389 3333 4444 Et
3372 4389 3509 4463 sicut
3553 4400 3657 4440 crr-

427 4476 628 4547 itIQUit,
661 4477 833 4547 gratia
864 4477 1118 4546 apparuit
1151 4476 1352 4532 nobis?
1383 4484 1476 4530 aut
1501 4474 1679 4545 qualis
1707 4474 1796 4530 Dei
1831 4478 2004 4545 gratia
2041 4473 2083 4528 ί)
2113 4483 2260 4537 ditur
2299 4495 2421 4536 esse
2470 4480 2786 4536 communis
2824 4479 3113 4534 nobiscum
3147 4495 3244 4550 per
3288 4495 3347 4535 se
3383 4477 3566 4549 gratia,
3587 4466 3656 4527 sic

412 4568 693 4630 salutaris
751 4568 1008 4623 omnibus
1049 4567 1367 4623 hominibus
1405 4568 1725 4638 apparuisse
1780 4565 2007 4620 dicitur?

426 4660 595 4729 Atqui
611 4660 961 4715 manifestum
980 4671 1063 4715 est
1087 4657 1232 4730 quod
1248 4658 1325 4714 ait
1353 4658 1539 4714 David:
1559 4658 1697 4712 Deus
1727 4657 2004 4723 Dominus,

425 4763 477 4808 et
509 4753 759 4822 apparuit
783 4752 979 4819 nobis’;
1011 4763 1068 4807 et
1097 4761 1157 4806 ut
1184 4752 1359 4822 ipsius
1390 4752 1561 4822 gloria
1598 4751 1757 4806 nobis
1793 4752 1860 4806 de
1888 4766 1999 4806 coe-

428 4846 482 4903 lo
514 4853 794 4915 appareat,
840 4853 1247 4914 exspectamus.
1294 4842 1355 4897 Et
1389 4858 1619 4914 magnus
1648 4840 2004 4907 Athanasius,

429 4938 483 4993 in
516 4938 747 5007 epistola
793 4938 861 4992 ad
895 4937 1284 5008 Serapionem,
1330 4922 1548 5003 Omtiia,
1586 4936 1781 5006 inquit,
1828 4935 2006 4990 l’attis

427 5040 557 5085 sinit
589 5028 710 5085 Filii
743 5046 759 5096 ;
807 5046 978 5100 quare
1014 5032 1370 5096 charismata,
1407 5045 1527 5100 qua:
1554 5046 1582 5083 a
1613 5028 1752 5083 Filio
1788 5028 1840 5083 in
1883 5027 2007 5098 Spi-

426 5128 534 5178 ritu
569 5123 790 5189 dantur,
821 5123 998 5178 Patris
1022 5125 1356 5179 charismata
1389 5135 1539 5179 sunt:
1572 5131 1626 5177 et
1657 5137 1782 5176 cum
1820 5121 1873 5176 in
1908 5137 2006 5175 no-

430 5216 513 5270 bis
549 5224 634 5271 est
672 5214 907 5283 Spiritus
938 5227 1188 5282 sanctus,
1211 5216 1263 5270 in
1283 5216 1484 5287 eoipso
1509 5216 1673 5271 etiam
1706 5223 1792 5271 est
1813 5213 2003 5281 Pater;

503 5467 542 5498 ⁸⁸
580 5463 689 5520 Tit.
779 5482 841 5529 ιι,
882 5465 963 5521 ll.

428 5538 483 5592 6.
560 5538 579 5569 ⁷
612 5537 812 5607 Ενιιεε.
843 5553 902 5604 ιι,
934 5538 988 5592 8.

1040 5465 1061 5495 ³
1130 5464 1330 5526 Luc.l,
1400 5460 1489 5517 73.

1590 5469 1611 5502 ⁸
1654 5462 1791 5517 Psal.
1816 5478 1979 5526 cxm,
2013 5461 2105 5518 27.
2181 5461 2201 5493 ⁸
2224 5460 2381 5515 Joan.
2413 5476 2523 5525 xiv,
2553 5461 2638 5516 25.

1067 5534 1089 5567 ⁸
1138 5534 1295 5592 Rom.
1328 5550 1401 5601 Vt,
1436 5536 1518 5588 14.
1592 5535 1612 5567 ⁸
1641 5532 1684 5588 ιι
1734 5538 1837 5588 (Lor
1886 5550 2005 5598 \ttt,
2039 5533 2126 5589 i9.

2105 4575 2271 4630 etiam
2308 4572 2585 4643 sigillatim
2621 4588 2962 4643 unaquaeque
2998 4588 3228 4642 persona
3263 4572 3441 4627 divina
3487 4584 3547 4622 ex
3574 4565 3657 4620 tri-

2106 4667 2210 4721 bus
2244 4667 2417 4737 gratia
2447 4663 2683 4730 dicitur;
2725 4673 2780 4719 et
2814 4663 3052 4718 maxime
3087 4677 3340 4719 summus
3379 4663 3512 4715 Deus
3545 4658 3650 4711 Sal-

2108 4767 2286 4822 vator,
2316 4765 2371 4812 et
2411 4755 2504 4826 qui
2539 4764 2623 4810 est
2664 4770 2831 4825 supra
2872 4755 3260 4821 Substantiam,
3295 4753 3519 4823 Spiritus
3547 4764 3655 4801 sau-

2113 4859 2255 4914 ctus,
2294 4859 2522 4917 uterque
2555 4847 2721 4903 simul
2757 4846 2930 4916 gratia
2959 4847 3245 4902 bimauans
3276 4848 3489 4901 dicitur.
3527 4838 3655 4892 Sit-ut

2112 4942 2278 5012 igitur
2319 4942 2435 4996 haec
2472 4942 2649 5012 gratia
2704 4940 2964 4995 dicuntur
3014 4939 3420 5010 principialiter,
3456 4942 3504 4987 rt
3534 4928 3651 4985 divi-

2114 5051 2149 5089 n
2172 5050 2229 5099 ε,
2260 5042 2310 5088 ει
2348 5032 2663 5099 cllicienter,
2696 5032 2776 5087 sic
2814 5032 3142 5102 homonyma
3178 5045 3339 5085 omne
3372 5028 3544 5082 datum
3570 5021 3651 5074 bo-

2116 5143 2270 5192 mnn,
2300 5128 2448 5196 quod
2490 5129 2559 5180 ab
2599 5125 2732 5195 ipsis
2772 5123 3023 5194 personis
3060 5122 3261 5177 divinis
3309 5119 3372 5174 ad
3413 5131 3504 5171 nos
3543 5123 3649 5181 pro-

2118 5217 2407 5283 liciscitur,
2450 5226 2708 5288 tanquam
2763 5214 3092 5273 beneﬁcium
3145 5213 3304 5270 nobis
3346 5218 3568 5267 creatum
3602 5209 3647 5253 et

2716 5461 2738 5491 ⁸
2766 5460 2782 5516 1
2809 5461 2935 5517 Cor.
2964 5479 3063 5529 xu,
3092 5463 3182 5520 11.
3259 5461 3450 5519 “Rom.
3482 5470 3550 5522 ιι,
3595 5449 3639 5515 ⁵,

2204 5539 2246 5564 ³³
2277 5535 2488 5588 Ουιυν-ε.
2527 5535 2620 5588 t6.
2702 5534 2740 5564 “
2775 5532 2934 5588 Joan.
2968 5551 3007 5597 t,
3043 5535 3133 5589 i6.

506 5745 582 5814 ta)
612 5741 666 5797 ld
702 5752 805 5809 est,
835 5742 973 5799 sicut
1006 5748 1167 5799 homo
1190 5753 1414 5800 sanctus
1444 5745 1719 5814 arquivoce
1750 5744 1951 5802 dicitur
1977 5745 2144 5812 Deus,
2178 5745 2258 5801 sic
2285 5744 2447 5800 etiam
2473 5743 2647 5813 gratia
2678 5759 2799 5815 qua:
2825 5757 2854 5797 a
2893 5740 3002 5800 Deo
3033 5742 3118 5800 tit.
