3784 6606
128 409 217 481 ε”ἵ

825 398 1068 462 DECAS
1104 399 1219 461 ἰ’ῙΙ
1288 398 1459 459 -ΒΕ
1498 397 1765 459 DlVlNA
1799 346 2479 462 PARTICIPA'l‘lONE.

3188 401 3297 465 878
3356 416 3357 421 ‘

129 519 481 599 providentiam;
518 512 718 582 reliqua
772 530 896 568 vero
952 515 1171 569 nomiua
1220 524 1399 584 partes
1434 514 1611 582 provi-
1644 522 1683 573 Α
1718 529 1934 570 causam
1968 532 2089 572 esse
2127 535 2140 572 :
2175 518 2305 587 quin
2339 522 2521 590 potius
2552 521 3042 592 qttotnodwunque
3099 539 3294 583 vocata

122 606 299 678 diuitiae,
346 619 395 663 ut
444 607 637 667 vitanti,
690 606 1036 675 sapientiam,
1092 610 1394 671 rationem;
1435 607 1616 660 omnia

124 713 235 765 ιιηξηι
277 719 377 773 (ιιιιιι
417 707 551 761 sunt,
600 710 818 766 propter
851 700 1145 753 bonitatem
1208 698 1297 752 Dei
1352 697 1615 766 producta

121 814 235 861 stnn,
266 806 311 850 nt
351 792 623 855 txsistant,
650 801 703 845 et
737 800 863 845 sunt
898 793 1059 855 bona,
1090 792 1142 846 id
1168 801 1271 856 est,
1308 792 1460 845 valde
1494 792 1619 862 pul-

120 895 238 947 thra.
289 902 380 941 non
435 895 608 937 tamen
669 884 853 938 omnia
916 884 1236 954 participant
1286 885 1487 949 vitam,
1538 882 1618 939 vel

115 982 423 1053 sapieumtn,
488 976 566 1027 vel
622 977 913 1030 rationem.
970 975 1353 1030 Generaliores
1408 976 1619 1029 scilicet

111 1071 419 1149 providentias
465 1077 635 1132 vorat,
673 1084 811 1137 quas
867 1070 919 1123 in
976 1069 1224 1139 pluribus
1279 1068 1619 1136 contempla-

109 1186 219 1230 lltlll‘,
250 1174 297 1219 ut
326 1165 420 1215 vita
456 1160 699 1227 pervadit
723 1162 775 1215 in
813 1162 1011 1230 stirpes
1031 1201 1045 1224 ,
1078 1170 1136 1214 ct
1166 1160 1473 1213 animantes
1504 1168 1618 1211 tum

108 1258 290 1315 rationis
326 1253 627 1323 partiaipes,
681 1265 798 1333 tum
842 1270 947 1307 non
984 1252 1273 1323 participes
1303 1270 1315 1306 :
1352 1251 1619 1319 sapientia

103 1368 221 1415 vero,
247 1361 293 1403 et
313 1347 442 1400 ratio
474 1345 793 1413 pauciorum
830 1354 993 1412 Sttttl;
1027 1345 1139 1399 luce
1170 1343 1316 1398 enim
1351 1344 1527 1397 solum
1564 1343 1618 1398 in

103 1446 271 1500 ratione
310 1442 579 1494 utentibus
638 1446 960 1493 cci-nuntur.
996 1436 1157 1507 idem
1210 1438 1392 1492 adhuc
1439 1438 1621 1506 capite

98 1533 297 1590 settnnlo
341 1532 403 1585 de
448 1531 645 1584 divinis
701 1546 734 1583 n
762 1529 1017 1584 :tninibns
1051 1530 1100 1582 in
1141 1528 1622 1598 explauationihus

99 1630 186 1683 suis
218 1627 263 1678 itt
310 1623 637 1693 Dionysium,
663 1636 945 1688 CXpOllellS
980 1622 1123 1689 quod
1153 1621 1232 1674 ait
1271 1620 1565 1690 Dionysius
1600 1637 1618 1675 :

95 1718 480 1779 Satnrientem,
529 1725 585 1767 et
636 1729 915 1782 nunquam
963 1711 1303 1766 deficientem
1352 1726 1616 1779 causam,

95 1821 222 1878 atque
242 1807 669 1861 distributionem
704 1804 995 1866 donorum,
1021 1820 1142 1873 quae
1167 1806 1370 1859 bonum
1398 1804 1617 1859 decent:

1726 617 1861 659 sunt
1887 608 1974 661 illa
2029 610 2201 680 magis
2242 613 2534 681 generalia,
2577 615 2692 668 sive
2741 625 3003 671 vocentur
3058 620 3293 687 primum

1726 699 2067 766 exsistentia,
2102 703 2214 758 sive
2263 719 2358 772 per
2403 721 2461 760 se
2511 707 2976 776 participationes,
3007 712 3123 764 sive
3155 713 3299 770 dona

1732 791 1844 855 Dei,
1894 793 2009 845 sive
2069 795 2445 862 providentiae,
2482 800 2596 852 sive
2643 804 3169 860 cummunicationes
3221 810 3303 860 di-

1728 881 1864 936 vinze
1910 883 2132 951 (dictum
2170 886 2313 945 enim
2359 901 2443 943 est
2493 888 2559 943 de
2616 891 2698 946 his
2729 908 2774 947 -a
2828 892 3298 967 Theologis),non

1728 976 2006 1043 negabunt
2059 991 2236 1045 neque
2284 978 2667 1036 diftitehuntur
2702 1000 2863 1055 opera
2900 1002 3022 1043 esse
3054 991 3173 1057 ejus
3203 995 3294 1060 qtti

1728 1065 2005 1119 omniain
2055 1069 2310 1124 omnibus
2367 1084 2626 1141 operatur
2680 1086 2738 1129 ut
2800 1078 2934 1144 vult,
2988 1081 3074 1135 Dei
3124 1083 3300 1140 Patris

1727 1158 1960 1223 scilicet,
1994 1161 2257 1227 producta
2298 1164 2379 1217 ad.
2405 1166 2765 1221 ministerium
2810 1182 2865 1224 et
2905 1174 3298 1231 sanctificatio-

1728 1264 1851 1303 nem
1913 1261 2291 1308 creaturarum
2350 1271 2445 1321 per
2499 1257 2666 1311 Deum
2704 1260 2923 1325 Filium,
2961 1273 3016 1317 et
3052 1266 3298 1320 divinant

1727 1340 1850 1407 ejus
1890 1340 2176 1409 Spiritum.
2210 1342 2520 1400 Divisiones
2561 1360 2742 1402 autem
2772 1353 3067 1415 gratiarum
3106 1358 3303 1428 liiony-

1729 1433 1867 1498 sius,
1895 1435 1986 1501 qui
2020 1433 2121 1488 has
2168 1450 2198 1488 a
2245 1452 2440 1506 magno
2486 1442 2731 1507 apostolo
2772 1444 2938 1497 Paulo
2982 1446 3191 1515 didicit,
3235 1454 3302 1507 ad

1729 1524 2063 1580 laudandum
2098 1528 2167 1581 ab
2192 1527 2401 1585 ell'eCtis
2429 1533 2825 1600 providentiam
2865 1551 2985 1605 quae
3021 1549 3105 1595 est
3153 1542 3307 1610 prin-

1728 1617 1935 1685 cipium
1959 1628 2021 1672 ut
2053 1619 2178 1674 boni
2220 1620 2530 1676 efficiamur
2549 1633 2603 1678 et
2638 1624 2979 1702 deiiieemur,
3009 1635 3303 1701 pertinere,

1732 1720 1917 1777 aperte
1947 1702 2236 1779 exposuit,
2277 1728 2483 1769 vocans
2521 1716 2748 1772 elfectus
2806 1720 2953 1788 ipsas
3011 1726 3309 1796 participa~
3372 1702 3375 1707 ⁵

1732 1801 1907 1854 tiones
1933 1801 2381 1871 participantium
2424 1808 2701 1875 expositas
2733 1811 2797 1863 ad
2834 1813 3306 1884 participationem

91 1874 262 1956 Dictum
298 1908 396 1961 est,
442 1896 642 1965 inquit,
690 1896 742 1949 in
776 1896 1052 1950 Psalmis:
1085 1896 1350 1961 Quoniam
1396 1896 1538 1964 apud
1575 1906 1623 1950 te

1740 1887 1999 1943 lonorum
2031 1889 2144 1957 Dei,
2173 1894 2373 1962 quibus
2421 1897 2764 1976 participatis
2794 1874 3229 1959 dicimur-divini
3257 1917 3312 1965 et

89 2002 148 2045 est
190 1990 293 2058 fons
344 1990 462 2042 vitae
487 1987 554 2043 ".
592 1988 655 2041 Et
702 1987 751 2040 in
796 1986 1029 2042 Jeretnia
1062 2004 1076 2043 :
1111 1985 1197 2041 Me
1237 1986 1627 2057 dereliquerqu

87 2084 246 2152 {otium
285 2097 431 2151 aquw
474 2082 605 2135 viva:
620 2079 683 2136 ⁸³.
724 2080 865 2135 Deus
900 2079 1064 2152 igitur
1098 2079 1301 2137 dicitur
1329 2079 1455 2134 fons
1483 2079 1630 2133 velut

87 2175 267 2243 quidam
298 2189 511 2242 parens,
542 2184 598 2227 et
626 2173 960 2242 principium
1006 2181 1172 2241 atque
1212 2186 1382 2226 causa
1435 2185 1628 2226 eorum

85 2268 289 2321 onuriutn
314 2282 433 2334 qme
462 2274 859 2336 apparuerunt,
891 2276 950 2321 et
974 2265 1316 2320 devenerunt
1342 2264 1408 2318 ad
1441 2278 1630 2319 essen.

84 2362 188 2415 tiam
217 2378 229 2413 :
258 2374 375 2428 qua:
411 2358 560 2413 enim
592 2360 817 2428 quidam
849 2373 1045 2415 vocare
1071 2363 1478 2415 consueverunt
1505 2354 1633 2410 uni-

83 2451 295 2514 t'ersalia,
329 2451 381 2505 id
409 2459 514 2515 est,
554 2465 776 2521 genera,
813 2449 896 2505 vel
948 2458 1083 2515 tata,
1139 2449 1222 2503 vel
1266 2448 1629 2514 continentia,

81 2552 236 2612 tttpote
304 2557 425 2608 quae
482 2542 924 2610 complectantur
981 2550 1167 2610 partes
1215 2538 1630 2595 emanationum

80 2636 193 2704 eine,
229 2635 411 2687 horum
450 2632 753 2702 Scriptura:
792 2641 996 2688 sancta:
1024 2632 1217 2687 dicunt
1253 2646 1376 2686 esse
1406 2646 1630 2687 causam

76 2738 117 2781 ct
161 2730 349 2781 fontem
391 2745 405 2779 :
458 2739 685 2796 propter
724 2726 1069 2780 ell‘ectionem
1143 2724 1312 2794 igitur
1364 2723 1631 2777 inexhau-

74 2831 188 2873 stam
215 2834 401 2872 eorum
436 2835 565 2888 quze
608 2834 702 2887 per
736 2819 999 2888 Spiritum
1028 2826 1275 2872 sanctum
1304 2816 1547 2878 exsistit,
1581 2826 1635 2871 et

71 2913 172 2978 quia
225 2912 459 2981 Spiritus
525 2923 752 2965 sanctus
801 2919 882 2964 est
919 2926 1086 2965 causa
1140 2910 1428 2973 omnium,
1471 2918 1532 2963 ut
1578 2909 1630 2962 in

69 3002 311 3072 Stpit'ttlia
365 3004 589 3057 dictum
624 3004 795 3066 est",
833 3012 1207 3057 consentance
1255 3002 1427 3071 ipsam
1456 3016 1553 3071 per
1578 3014 1636 3055 se

67 3110 255 3148 (‘ailsalll
312 3094 533 3148 fontem
592 3109 713 3149 esse
767 3095 951 3148 divine
1005 3093 1445 3164 philosophatur.
1500 3091 1632 3145 illud

1730 1978 1872 2034 beati
1916 1988 1970 2035 et
2004 1982 2280 2050 sapientes
2329 1993 2385 2039 et
2433 1996 2703 2055 potentes.
2740 1988 3018 2047 Retractat
3054 2010 3181 2050 vero
3212 2013 3309 2066 po-

1729 2081 1844 2127 ειμι
1900 2074 2037 2142 haec,
2091 2075 2400 2133 edisst'rens
2457 2080 2738 2147 quomodo
2797 2084 2911 2139 lucc
2958 2099 3018 2141 se
3074 2089 3311 2145 habeant

1729 2158 1925 2214 collata
1962 2176 2086 2217 cum
2137 2180 2207 2220 eo
2257 2168 2349 2235 qui
2387 2168 2618 2234 tribuit;
2651 2173 2794 2227 nulla
2837 2175 2981 2230 enim
3011 2178 3310 2235 similitudo

1732 2251 1972 2321 perfecta
2001 2264 2084 2309 est
2111 2271 2426 2339 causarum,
2463 2271 2518 2316 et
2552 2278 2743 2317 eorum
2779 2280 2899 2334 qua:
2931 2268 3127 2323 effecta
3158 2284 3309 2339 sunt,

1732 2343 1826 2399 sed
1862 2346 2045 2415 potius
2081 2328 2270 2405 ell'cct‘a
2296 2353 2514 2422 quidem
2548 2355 2749 2411 habent
2787 2328 3051 2430 imagines
3075 2373 3127 2418 et
3153 2328 3312 2419 simi;

1734 2434 1993 2493 litudines
2040 2452 2263 2509 quanta:
2310 2458 2434 2500 esse
2483 2458 2748 2514 possunt,
2782 2466 3072 2508 causarum
3119 2472 3134 2509 :
3182 2457 3315 2525 ipsa:

1735 2542 1865 2582 vero
1935 2545 2116 2593 causa:
2170 2534 2462 2590 abstractae
2523 2551 2652 2595 sunt
2685 2543 2754 2597 ab
2784 2544 3020 2609 effectis,
3062 2558 3119 2602 et
3147 2563 3314 2619 supra

1734 2619 1928 2677 locata:
1985 2626 2290 2683 secundum
2347 2630 2621 2685 rationem
2676 2637 2884 2703 proprii
2937 2638 3209 2708 principii.
3258 2643 3315 2699 lu

1737 2711 1841 2765 hoc
1896 2730 2026 2769 vero
2081 2717 2258 2786 ipsum
2341 2720 2669 2779 iueumlms
2713 2726 2934 2783 divinus
2996 2730 3313 2791 Maximus:

1735 2798 1923 2856 cll'ecta
1976 2818 2101 2860 esse
2150 2806 2291 2863 dixit
2346 2826 2467 2877 qua:
2512 2814 2777 2880 producta
2830 2828 2959 2871 sunt
3020 2820 3073 2873 in
3130 2838 3321 2877 rerum

1736 2902 1953 2961 natura,
1994 2896 2111 2952 sive
2157 2899 2210 2952 in
2268 2902 2430 2964 coelo,
2474 2904 2590 2957 sive
2638 2904 2690 2958 in
2748 2920 2887 2962 terra
2913 2952 2925 2975 ,
2955 2924 3153 2967 causas
3187 2930 3317 2968 vero

1737 3001 1860 3055 qua
1914 2990 2242 3056 producunt,
2272 2993 2321 3047 id
2353 3003 2458 3058 est,
2497 3006 2604 3050 tres
2652 3014 2913 3066 personas
2966 3005 3318 3059 sanctmv'l'ri.

1740 3077 1948 3133 nitatis.
2004 3078 2198 3148 Liquet
2255 3083 2421 3153 igitur
2471 3100 2673 3142 causas
2718 3102 2778 3144 et
2828 3093 3060 3150 effectus
3113 3099 3317 3153 nullam

70 3200 261 3249 autem,
293 3205 401 3241 non
436 3186 728 3241 exhauriri
782 3187 1139 3247 creationem,
1200 3185 1323 3239 inde
1368 3185 1625 3253 intellige,

1742 3167 1886 3223 inter
1917 3184 1977 3224 se
2017 3172 2429 3229 similitudinem
2497 3180 2718 3235 habere.
2776 3184 2839 3237 Et
2888 3186 3066 3241 adhuc
3102 3190 3320 3247 divinus

70 3282 139 3333 ubi
164 3280 233 3335 ait
282 3300 294 3335 :
352 3281 525 3333 Pater
569 3296 710 3333 meus
754 3295 915 3348 usque
958 3278 1111 3331 modo
1152 3286 1419 3345 operatur,
1463 3287 1511 3332 et
1542 3294 1635 3347 ego

68 3390 227 3440 operor
251 3374 316 3432 ³⁸,
348 3373 614 3426 similiter
671 3370 911 3439 Spiritus
967 3381 1188 3424 sanctus
1226 3385 1350 3424 cum
1384 3368 1546 3424 Patre
1581 3379 1637 3424 et

63 3464 178 3517 Filio
218 3465 335 3519 sine
390 3463 811 3517 intermissione
838 3475 1135 3530 cperatur;
1168 3462 1244 3515 ait
1269 3462 1416 3516 enim
1452 3462 1639 3531 Scrip-

66 3568 167 3609 tura
202 3576 213 3608 :
255 3557 489 3610 Entittes
550 3554 809 3625 Spiritum
845 3565 1016 3618 tuum,
1049 3565 1097 3609 et
1138 3554 1539 3609 creabantur".
1576 3555 1640 3608 Et

59 3666 231 3704 rursus
264 3630 509 3719 magnus
564 3649 853 3719 Dionysius
884 3648 1061 3716 capite
1097 3647 1386 3699 undecimo
1434 3646 1506 3698 De
1557 3644 1640 3698 di-

59 3744 172 3794 rinis
208 3744 569 3795 nuntiuibut’:
601 3740 714 3794 Non
748 3741 891 3793 enim
936 3741 1292 3793 substantiam
1345 3736 1638 3806 quamdam

54 3834 278 3887 divinam
330 3845 433 3887 aut
494 3834 798 3902 angelicam
840 3847 960 3886 esse
1002 3831 1242 3884 dicimus
1270 3830 1399 3883 illud
1435 3844 1530 3898 per
1582 3843 1640 3882 se

55 3940 179 3990 esse,
215 3942 450 3980 causam
508 3923 764 3979 essentne
796 3923 1075 3986 omnium;
1108 3922 1283 3976 solum
1320 3920 1464 3975 enim
1496 3919 1641 3989 quod

50 4026 121 4071 est
154 4034 319 4086 supra
356 4016 763 4079 substantiam,
807 4013 1136 4085 principium
1174 4022 1228 4067 et
1256 4013 1561 4067 substantia
1590 4022 1642 4065 et

54 4122 200 4159 rauca
234 4118 318 4161 est
351 4118 415 4161 ut
454 4109 572 4161 sint
610 4106 790 4161 omnia
819 4120 939 4175 quae
978 4112 1128 4169 sunt,
1153 4114 1205 4157 et
1244 4104 1424 4172 ipsum
1460 4119 1557 4172 per
1583 4119 1644 4159 se

45 4215 183 4265 esse;
244 4216 349 4254 nec
408 4201 586 4252 aliam
647 4180 1015 4259 divinitatem,
1049 4212 1172 4264 qua:
1222 4198 1390 4249 vitam
1447 4195 1643 4265 pariat,

48 4306 415 4361 pt‘.l‘lcrtltl:\tl|
476 4292 650 4343 vitam
714 4305 1047 4359 snpraquam
1101 4291 1342 4343 divntam
1400 4290 1642 4344 omnium

40 4396 384 4452 QIlLL‘Cllttquc
441 4384 662 4447 vivunt,
699 4392 754 4433 et
786 4382 960 4450 ipsius
1007 4397 1104 4450 per
1161 4398 1218 4435 se
1256 4370 1645 4435 vitze'causam

43 4476 317 4539 ponimus,
381 4492 525 4539 nec,
592 4483 647 4527 ut
698 4473 1009 4527 summatim
1060 4474 1260 4535 dicam,
1287 4472 1421 4527 alias
1451 4489 1647 4528 causas

1744 3261 2034 3345 Dionysius
2066 3266 2391 3322 incumbens
2422 3271 2764 3338 petissitnum
2804 3276 2856 3329 in
2898 3280 3010 3333 lnec
3042 3298 3055 3333 :
3094 3279 3316 3340 Eadem.

1739 3354 1936 3425 iuqttit,
1956 3367 2009 3411 et
2030 3358 2227 3412 similia
2251 3370 2304 3413 et
2327 3362 2615 3418 dissimilia
2653 3366 2761 3421 Deo
2786 3369 3087 3434 dicuntur;
3119 3374 3319 3433 similia

1739 3447 1958 3515 quidem
2012 3451 2311 3503 secundum
2369 3452 2751 3522 imitationem,
2782 3474 2902 3528 quas
2956 3476 3079 3516 esse
3140 3473 3318 3532 potest.

1739 3538 1855 3606 ejus
1907 3554 2066 3607 quem
2122 3543 2252 3595 nihil
2287 3553 2467 3611 potest
2496 3546 2693 3601 imitari
2730 3565 2746 3602 :
2791 3552 3079 3607 dissimilia
3150 3570 3317 3622 vero,

1741 3636 2011 3696 quatenus
2055 3630 2286 3689 effectus
2340 3634 2481 3689 infra
2540 3653 2761 3693 causam
2826 3652 2973 3709 sunt,
3005 3657 3056 3700 ot
3098 3648 3323 3702 infinitis

1743 3724 2037 3787 mensuris,
2071 3733 2123 3776 et
2173 3742 2295 3793 quae
2338 3729 2571 3784 conferri
2611 3749 2716 3787 non
2751 3747 3008 3805 possunt,
3033 3741 3101 3791 ah
3140 3757 3201 3794 t-a
3237 3742 3319 3793 di-

1743 3821 1908 3865 stant.
1954 3812 2206 3869 Eamdem
2240 3821 2614 3875 excellentiam
2646 3840 2809 3893 supra
2842 3829 3077 3884 effectus
3112 3834 3319 3897 posuit,

1746 3916 1799 3958 et
1850 3921 2015 3975 supra
2063 3925 2157 3976 per
2205 3926 2264 3964 se
2320 3915 2767 3983 participationes
2801 3936 2814 3973 :
2846 3919 3086 3986 Quanto,
3120 3924 3319 3991 inquit,

1745 4009 1996 4065 prmstant
2029 4014 2249 4066 saneta,
2302 4005 2379 4058 Vel
2431 4007 2634 4072 divina,
2678 4012 2758 4063 vel
2812 4013 3183 4079 dominantia,
3240 4022 3322 4069 Vel

1753 4090 1902 4159 regia
1940 4091 2002 4144 iis
2054 4109 2176 4161 qttie
2234 4112 2339 4149 non
2393 4109 2523 4152 sunt
2592 4100 2739 4166 talia,
2791 4114 2843 4157 et
2896 4121 3084 4160 rursus
3122 4122 3217 4176 per
3266 4127 3326 4162 eu

1748 4185 2190 4253 participationcs
2246 4189 2915 4258 pai'ticipatttibtts,,tanto
2956 4207 3039 4251 est
3069 4201 3330 4267 omnibus

1708 4280 1720 4291 ‘
1747 4273 2049 4342 Sublitnior,
2083 4278 2174 4346 qui
2198 4290 2280 4333 est
2311 4295 2473 4348 supra
2511 4285 2715 4349 omnia,
2736 4295 2789 4339 et
2822 4288 3065 4342 omnium
3098 4291 3322 4359 partici~

1748 4366 2019 4435 pantium,
2038 4380 2091 4422 et
2117 4370 2592 4440 partieipationnm
2612 4386 2804 4429 auctor
2832 4378 3322 4449 imparticipahilis.

1752 4457 1909 4523 Quod
1931 4460 2112 4528 ipsntu
2138 4463 2439 4530 explanatis
2457 4477 2682 4522 sanctus
2706 4468 2975 4525 Maximus
2994 4486 3009 4523 :
3025 4474 3324 4537 Quantum.

39 4566 400 4635 principatus,
460 4538 522 4619 (ιι
574 4576 846 4628 creantes,
875 4573 929 4617 ει
980 4563 1322 4633 ιηρμυειεηεε,
1360 4578 1494 4632 quas
1526 4562 1648 4633 qui-
1681 4538 1722 4594 θ
1755 4549 1934 4619 inquit
1958 4592 1973 4617 ,
2007 4554 2281 4607 antecellit
2310 4566 2505 4609 natura
2553 4574 2688 4628 pura
2721 4570 2773 4614 et
2807 4576 2971 4616 causa
2995 4564 3245 4633 qualitati
3277 4580 3339 4623 et

39 4662 153 4710 dam
194 4670 251 4711 et
286 4660 473 4722 deos,
505 4667 561 4711 ct
593 4657 878 4711 effectores
912 4671 1092 4709 rerum
1133 4671 1258 4709 esse
1286 4664 1486 4708 temere
1515 4654 1650 4708 ellu-

33 4753 273 4805 tirerunt
303 4767 320 4804 :
360 4766 523 4819 quos
562 4764 689 4801 vere
717 4758 771 4801 et
799 4747 1017 4816 proprie
1061 4745 1243 4800 dicere
1268 4761 1374 4798 nun
1401 4760 1522 4800 csse
1549 4760 1650 4799 nec

35 4838 154 4903 ipsi.
193 4855 299 4893 nec
319 4854 544 4892 eorum
596 4846 775 4906 patres
804 4848 859 4890 et
891 4836 1126 4904 majores
1152 4836 1450 4890 sciverunt.
1474 4833 1594 4889 llaec
1618 4852 1647 4889 a

34 4930 310 5001 theologis
362 4932 842 5002 propositasuut,
875 4938 933 4981 nt
960 4931 1201 4983 sciamus
1221 4928 1651 4983 demonstratum

30 5035 170 5085 esse,
229 5022 397 5090 quod
447 5030 652 5084 antea,
685 5020 861 5071 solum
921 5018 1132 5071 scilicet
1178 5017 1322 5086 quod
1372 5026 1455 5070 est
1492 5031 1656 5085 supra

28 5113 427 5167 substantiam
462 5152 481 5174 ,
542 5111 753 5163 beatam
814 5120 868 5161 et
923 5106 1358 5176 supraqttattiu)
1416 5107 1654 5160 divinant

29 5200 376 5257 Trinitatem
419 5204 675 5255 munitm
709 5216 931 5255 causam
968 5212 1087 5254 esse
1119 5210 1173 5252 et
1220 5215 1320 5252 ttcc
1350 5202 1527 5268 ipsum
1564 5213 1658 5268 per

26 5311 85 5349 se
138 5312 297 5362 εμδει,
349 5297 523 5365 qtmd
559 5306 643 5347 est
674 5294 951 5361 antiquius
995 5294 1223 5357 donum,
1252 5306 1416 5359 quam
1451 5300 1659 5344 Ctt‘lct'a’

26 5388 531 5455 pai-tieipationes
558 5400 678 5452 qu.e
718 5386 786 5438 ab
831 5385 946 5450 ipsa
974 5382 1240 5436 Triuitate
1274 5391 1515 5445 manant,
1555 5396 1656 5434 nec

25 5478 201 5547 ipsum
253 5495 371 5548 per
425 5494 499 5530 se
528 5488 712 5540 vitam,
740 5493 838 5529 nec
887 5477 1080 5528 horutn
1122 5475 1320 5528 similia
1363 5476 1526 5530 ullius
1576 5475 1649 5527 rei

97 5638 143 5666 ³⁸
187 5638 354 5693 Psal.
396 5654 584 5713 xxxv,
616 5638 699 5692 l0.
778 5637 822 5668 ³³
877 5637 1075 5692 Jcrem.
1109 5654 1167 5701 ιι,
1206 5639 1290 5696 15,

93 5784 178 5849 (ιι)
210 5781 603 5848 Supraqnant
626 5780 803 5832 divina
828 5777 1071 5831 Trinitas
1104 5780 1266 5829 dit-itu
1290 5778 1487 5849 usu-ut
1530 5778 1631 5829 diri
1654 5805 1665 5815 -

24 5847 113 5904 ιυέ
146 5847 314 5908 Delle
357 5847 547 5915 supra
582 5852 766 5913 Ut'ltttt,
794 5868 903 5901 §l\t‘,
941 5867 1097 5916 supra
1129 5867 1195 5917 (ιιι
1222 5866 1288 5899 im
1328 5847 1461 5901 licus
1520 5864 1644 5915 νγ-υ.

1366 5637 1409 5669 ³⁵
1455 5638 1580 5707 Sap.
1618 5654 1655 5698 t,
1694 5655 1789 5692 \‘It.

1755 4642 1952 4698 effecto
1996 4647 2120 4713 (hoc
2159 4648 2304 4701 enim
2351 4660 2433 4702 est
2485 4664 2607 4712 ens,
2656 4665 3031 4722 comparatum
3085 4673 3209 4712 cum
3264 4677 3336 4714 cu

1755 4736 1899 4803 quod
1934 4752 2037 4789 non
2080 4741 2295 4806 proprie
2310 4735 2448 4808 est).
2480 4751 2533 4793 et
2563 4757 2825 4810 quantum
2858 4748 3134 4802 antecellit
3166 4756 3304 4818 parti
3370 4760 3373 4769 '
3442 4806 3445 4809 .

1756 4827 1958 4895 cipanti
2003 4828 2053 4882 id
2079 4828 2225 4895 quod
2270 4831 2664 4899 participatur,
2697 4846 2904 4888 tantmn
2954 4838 3138 4894 differt
3167 4843 3334 4905 Deus,
3416 4830 3423 4892 ἰ

1763 4916 1854 4985 qui
1888 4915 2003 4971 lia-c
2036 4916 2256 4983 dicitur,
2290 4920 2358 4972 ah
2391 4919 2457 4972 iis
2498 4922 2591 4990 qni
2639 4926 2739 4977 ista
2774 4928 3123 4997 participant.
3168 4929 3343 5000 igitur

1763 5010 1906 5062 sicut
1955 5024 2135 5062 causa:
2192 5008 2474 5064 ellcctibus
2532 5014 2867 5067 antecellunt
2916 5016 3142 5073 inlinitis
3177 5036 3333 5074 meo-

1765 5104 1909 5157 suris
1939 5113 1989 5154 et
2018 5118 2138 5167 quae
2167 5104 2405 5155 conferri
2446 5120 2478 5157 n
2502 5122 2552 5157 in
2584 5098 2832 5173 possunt,
2861 5110 2940 5164 sic
2967 5126 3117 5165 smus
3144 5123 3337 5167 aut-tor

1768 5192 1931 5258 Dens,
1975 5194 2228 5262 idemque
2286 5198 2791 5265 itnpartieipablis,
2849 5201 3340 5270 partieipantihus,

1766 5298 1822 5341 et
1850 5289 1983 5355 ipsis
2016 5304 2109 5355 per
2140 5302 2199 5340 se
2232 5288 2747 5363 participationibus
2787 5293 3081 5363 antecellit.
3120 5295 3332 5351 Dictum

1765 5391 1848 5435 cst
1893 5389 2074 5434 autem
2116 5380 2182 5433 de
2226 5379 2306 5432 his
2346 5398 2371 5434 a
2408 5362 2679 5452 theologis
2724 5384 2777 5436 in
2810 5362 3000 5453 quinta
3042 5396 3096 5438 et
3142 5397 3345 5456 quarta
3380 5382 3383 5383 ⁷

1762 5475 1963 5527 (Ιρεειιιυ
2014 5473 2264 5526 initiarize
2293 5474 2652 5537 extrusitiunis
2678 5478 2988 5529 divinorum
3034 5484 3345 5542 numinum.

1868 5640 1914 5669 “
1970 5636 2211 5703 Juan.v,
2268 5639 2351 5691 l7.
2430 5638 2475 5669 “
2530 5637 2818 5698 l’sa|.cnt,
2852 5638 2939 5690 50.

1774 5791 1893 5842 pter
1926 5792 2019 5849 eos
2053 5780 2139 5839 qtti
2168 5778 2417 5828 dicuntur
2489 5777 2521 5829 tl
2551 5778 2583 5833 i,
2645 5779 2783 5830 sicut
2835 5776 3091 5842 Stl'iptntn
3133 5796 3212 5843 (ιδι
3257 5788 3358 5849 με.

1759 5863 1952 5903 Lxxxt:
1991 5846 2251 5919 ligarunt,
2289 5850 2372 5903 Uit
2403 5864 2543 5906 estis.
3303 5846 3353 5849 θ’
3390 5862 3391 5869 ‘
