3780 6548
776 242 786 267 κ

384 341 506 406 ὯΟἏ

1534 319 1869 386 ἸΟᾹΝΝΙΞ
1902 313 2475 380 ἘΥΡΑῐὶῐΞδῘΟΤιῈ

3507 318 3588 385 Μ

387 451 541 511 ctum
590 460 709 507 est:
747 450 887 503 Deus
916 447 1147 502 rltaritas
1177 442 1337 500 est“.
1388 441 1482 498 Sic
1530 442 1694 511 igitur
1741 455 1843 495 non
1879 450 1979 494 ἐει
2005 434 2053 494 Α
2081 433 2386 489 Moventem
2423 444 2553 487 vero
2576 426 2730 492 dicit,
2753 434 3007 497 tanquam
3042 422 3133 492 qui
3157 419 3362 501 singula
3400 441 3589 496 moveat,

401 545 738 605 mirandum,
795 543 840 596 si
895 540 1150 593 virtutem
1199 536 1330 591 dicit
1377 534 1466 589 bic
1518 533 1718 588 habere
1770 538 1972 586 aeterne

397 637 565 691 Deum
601 633 947 701 genitorem:
985 628 1036 683 id
1071 639 1175 694 est,
1216 624 1359 680 Dens
1399 639 1521 679 cum
1574 623 1801 677 haberet
1847 633 1968 675 eam

395 727 451 781 in
491 740 552 780 se
600 723 739 793 ipso.
776 720 1003 789 protulit
1036 731 1155 773 eam
1196 715 1365 780 foras,
1404 714 1457 769 id
1487 721 1592 779 est,
1636 714 1783 768 circa
1821 726 1971 766 crea-

401 828 570 872 turas.
642 814 907 869 Similiter
962 811 1104 866 illud-
1159 810 1276 866 Non
1340 817 1480 874 erat,
1568 808 1787 877 quando
1856 818 1972 858 non

396 916 517 965 erat
560 908 736 963 virtus
787 913 843 960 et
885 904 1118 968 bonitas,
1167 902 1422 971 adjuncto
1452 910 1696 967 tempore
1727 896 1974 952 redditur

398 998 744 1053 ctntsentiens
789 1011 995 1060 secum,
1053 1003 1261 1049 etcum
1306 992 1429 1047 aliis
1477 999 1601 1044 ante
1663 989 1844 1045 dictis.
1880 987 1977 1042 Ni-

399 1089 474 1147 hil
534 1088 703 1158 igitur
751 1102 938 1142 eorum
1002 1099 1122 1153 qua:
1190 1094 1344 1139 antea
1395 1083 1763 1136 demonstrata
1814 1091 1970 1146 sunt,

404 1184 601 1237 rationi
643 1180 981 1235 adversatur.
1032 1179 1174 1233 Deus
1208 1173 1410 1240 auiem,
1465 1174 1555 1243 qui
1597 1188 1815 1228 causam
1866 1187 1971 1226 non

408 1272 594 1333 habet.
655 1282 709 1328 et
757 1277 1001 1327 omnium
1060 1283 1221 1325 causa
1270 1277 1374 1332 est,
1431 1282 1495 1320 ex
1541 1264 1710 1319 nihilo
1764 1263 1971 1333 produ-

396 1363 475 1417 cit
504 1373 814 1418 creaturam
844 1381 857 1428 ;
890 1376 1066 1431 neque
1111 1360 1409 1430 quidquam
1446 1373 1637 1412 eorum
1668 1372 1791 1427 quae
1821 1365 1970 1419 sunt,

400 1452 666 1522 quidquid
711 1454 842 1509 illud
888 1454 983 1519 sit,
1030 1459 1360 1508 coacternnm
1409 1449 1458 1505 ei
1489 1458 1594 1515 est,
1639 1448 1754 1504 sive
1798 1464 1863 1502 ex
1907 1447 1973 1503 iis

401 1544 514 1599 sint
541 1560 662 1616 quin
692 1554 942 1615 tempore
965 1552 1142 1613 coepta
1171 1550 1321 1608 sunt,
1368 1541 1483 1597 sive
1509 1556 1613 1595 non
1641 1550 1815 1608 empta
1839 1548 1974 1594 tem-

392 1652 554 1705 pore,
585 1639 678 1693 sed
707 1652 824 1692 aevo
857 1637 1251 1704 comprehensa
1281 1677 1294 1700 ,
1330 1636 1448 1690 sive
1480 1647 1547 1689 ex
1584 1634 1651 1689 ils
1684 1647 1804 1701 qua:
1848 1639 1976 1686 sunt

397 1729 815 1799 participanda,
866 1729 983 1783 sive
1011 1742 1131 1797 qua?
1155 1727 1474 1797 participata
1502 1769 1515 1792 ,
1550 1733 1602 1781 et
1636 1725 1808 1781 solum
1854 1734 1911 1779 ut
1940 1739 1968 1777 a

396 1820 858 1889 participantibus
886 1820 1309 1889 participentur,
1341 1817 1586 1889 exposita
1615 1833 1630 1882 ;
1664 1816 1779 1872 sive
1810 1829 1872 1869 ex
1900 1815 1967 1871 iis

397 1910 511 1966 sint
536 1925 658 1979 quae.
697 1909 1088 1978 intelliguntur,
1137 1908 1252 1963 sive
1293 1920 1414 1977 qua:
1462 1907 1792 1977 intelllgttnt.
1829 1905 1969 1963 Deus

396 2003 547 2055 enim
588 2000 807 2055 inﬁnite
844 2000 899 2053 in
935 1999 1205 2053 inﬁnitum
1245 2011 1308 2052 es
1341 1997 1426 2052 his
1473 2007 1525 2051 et
1557 1996 1665 2051 illis
1687 2006 1971 2066 exemptus

394 2100 526 2146 est:
561 2091 818 2158 quoniam
868 2090 1017 2146 solus
1046 2089 1161 2159 ipse
1195 2099 1279 2144 est
1305 2088 1547 2142 omnium
1603 2104 1704 2143 una
1763 2104 1923 2144 causa
1952 2106 1967 2155 ;

390 2196 575 2251 neque
608 2184 775 2237 habet
804 2192 932 2237 ante
975 2196 1034 2237 se
1075 2182 1254 2250 majus
1298 2180 1526 2250 aliquid,
1560 2195 1738 2250 neque
1786 2194 1968 2236 secum

390 2274 628 2353 mquale,
661 2289 837 2344 neque
861 2280 982 2342 post
1010 2287 1072 2328 se
1098 2272 1300 2326 minus.

1018 2381 1246 2438 CAPUT
1283 2380 1348 2437 V.

398 2496 556 2565 Quod
586 2499 718 2553 nihil
744 2515 924 2553 eorum
950 2516 1066 2567 qua?
1087 2508 1230 2563 sunt,
1262 2515 1326 2552 ea:
1355 2514 1412 2552 se
1443 2499 1552 2566 ipso
1573 2500 1843 2565 pradicas.
1893 2509 1977 2553 est

469 2586 572 2622 non
605 2571 867 2623 divisum:
912 2569 1049 2622 Dens
1074 2577 1248 2622 autem
1286 2569 1570 2622 secundum
1604 2587 1760 2623 unam
1819 2587 1971 2624 suam

471 2650 782 2705 potestatem
810 2638 1210 2704 multiplicatus,
1238 2647 1285 2691 et
1312 2639 1367 2691 in
1397 2638 1572 2693 omnia
1602 2640 1865 2708 pradicas,
1895 2649 1971 2694 est

472 2725 574 2763 non
602 2711 828 2774 diuisus,
846 2718 895 2765 et
921 2725 954 2765 α
982 2726 1040 2763 se
1063 2724 1167 2763 non
1185 2710 1381 2763 exiens.
1766 2718 1775 2731 ’

472 2820 698 2891 “agnus
728 2821 1035 2894 Dionysius,
1065 2836 1185 2890 cap.
1218 2821 1271 2885 4,
1302 2821 1375 2876 De
1399 2821 1597 2877 divinis
1629 2824 1926 2878 nominibus
1953 2842 1969 2880 :

400 2912 743 2976 Audendum,
773 2915 967 2983 inquit,
1004 2915 1292 2969 estdicere
1319 2914 1420 2968 hoc
1450 2915 1970 2985 proveritate,qnod

401 2999 519 3073 ipse
547 3002 639 3071 qui
674 3011 758 3058 est
791 3003 1033 3058 omnium
1067 3014 1280 3067 auctor,
1321 3003 1547 3072 pulchro
1567 3015 1621 3059 et
1643 3007 1781 3059 bono
1822 3023 1973 3061 amo-

2077 538 2136 583 ut
2169 528 2361 597 cuique
2385 526 2656 588 cenvenit,
2691 533 2750 577 ut
2779 524 2844 577 ad
2872 537 2935 579 se
2971 523 3147 590 ipsum
3186 527 3471 586 convertat,
3513 541 3590 578 uo.

2076 632 2199 673 men
2230 627 2409 671 autem
2454 616 2710 672 lenocinii
2760 614 2862 670 etsi
2896 611 3038 680 apud
3086 608 3377 678 scriptores
3410 613 3596 680 gentiles

2062 724 2187 764 rem
2211 709 2486 778 signiﬁcat
2509 723 2611 762 non
2630 716 2873 761 sanetam
2902 711 3318 773 nequeeastam,
3346 697 3426 754 hic
3448 711 3594 760 tam-ti
3676 689 3680 693 ’

2054 801 2341 871 .signiilcat
2360 792 2803 854 conciliationem
2836 795 3215 850 intermediam
3241 788 3595 857 coniunctionis

2073 909 2196 948 cum
2218 893 2350 949 Deo.
2377 894 2440 947 Et
2466 888 2796 949 adliucidem
2821 889 3000 956 capite
3021 887 3089 942 88
3119 903 3133 940 :
3157 885 3335 940 Motus
3350 889 3602 946 amatorias

2074 987 2322 1058 boui~qui
2354 986 2406 1038 in
2467 984 2610 1041 bono
2667 985 2818 1054 prius
2845 979 3059 1037 exsistit
3089 976 3319 1041 simplex
3347 984 3397 1030 et
3442 978 3602 1031 immo-

2074 1079 2219 1142 bilis,
2250 1094 2314 1131 ex
2330 1067 2759 1144 bonu‘prodiens
2785 1073 2854 1129 ad
2878 1066 2930 1126 id
2961 1073 3137 1140 ipsum
3176 1069 3314 1122 redit
3342 1068 3440 1139 line
3460 1077 3505 1120 et
3530 1070 3604 1138 qui

2067 1167 2128 1223 in
2162 1170 2307 1222 bono
2324 1166 2821 1238 principioicarens,
2840 1164 2981 1233 quod
2996 1162 3212 1231 quidem
3230 1158 3479 1221 declarat,
3495 1161 3605 1214 desi-

2065 1260 2280 1315 derium
2318 1268 2559 1319 nostrum
2590 1271 2803 1328 semper
2827 1256 2894 1311 ad
2916 1255 3085 1309 Deum
3120 1249 3352 1315 moveri;
3381 1250 3606 1318 stipulatio

2075 1353 2218 1406 enim
2246 1330 2369 1406 cum
2398 1350 2504 1405 Βθο
2528 1364 2592 1403 ex
2634 1348 2927 1410 cbaritate,
2963 1359 3187 1399 omnem
3244 1341 3604 1411 copulatiouetn

2072 1438 2271 1507 vincit,
2292 1451 2344 1494 et
2377 1442 2443 1495 ab
2479 1441 2625 1494 omni
2658 1437 3047 1509 conjunctione
3100 1434 3382 1491 eximitur.
3434 1431 3607 1488 Rursus

2070 1529 2215 1585 item
2242 1533 2417 1600 capite
2448 1529 2515 1586 89
2541 1548 2555 1584 :
2577 1506 2835 1584 Amorem
2867 1542 2993 1582 eum
3020 1524 3277 1587 dicimus,
3320 1523 3441 1578 sive
3499 1523 3608 1575 divi-

2072 1639 2229 1686 num,
2272 1624 2386 1679 sive
2426 1621 2754 1692 angelicum,
2787 1620 2904 1676 sive
2951 1617 3317 1689 spiritualent,
3366 1614 3477 1671 sive
3518 1616 3612 1671 aui-

2069 1717 2292 1779 malem,
2336 1717 2454 1771 sive
2504 1715 2830 1777 naturalem,
2895 1710 3259 1778 intelligamus
3308 1706 3417 1762 vim
3460 1722 3614 1776 quam.

2073 1809 2197 1864 dam
2240 1810 2356 1863 sive
2391 1816 2716 1875 potestatem
2781 1804 3131 1883 copulantem
3179 1811 3233 1855 et
3293 1799 3615 1883 commiscen-

2069 1909 2204 1965 tem,
2230 1901 2512 1968 superiora
2545 1899 2763 1969 quidem
2801 1879 3109 1953 move-atem
3137 1897 3205 1949 ad
3237 1879 3610 1965 providentiam

2071 1986 2394 2048 itieriorum
2420 2035 2435 2059 ,
2461 2008 2525 2047 ea
2558 2006 2684 2046 vero
2708 2005 2828 2061 quae
2857 1998 2986 2044 sunt
3024 1987 3267 2057 ejusdem
3294 1985 3519 2047 ordinis,
3559 1987 3612 2056 ad

2071 2097 2315 2141 mutuam
2342 2083 2930 2153 communicationem,
2967 2088 3024 2136 et
3089 2078 3390 2135 novissime
3419 2092 3480 2132 ea
3520 2092 3614 2146 qua

2071 2188 2200 2234 sunt
2236 2177 2509 2233 inferioris
2542 2186 2847 2231 moventem
2884 2178 2951 2229 ad
2996 2171 3437 2228 converteudum
3464 2185 3516 2224 se
3558 2170 3614 2225 ad

2072 2270 2434 2342 prestantiora
2486 2252 2921 2339 et'praaposita.
2972 2267 3049 2355 ξε
3092 2278 3288 2337 rursus
3344 2261 3619 2331 Dionysius,

2072 2378 2194 2433 cap.
2238 2363 2271 2417 ti
2312 2360 2388 2415 De
2408 2361 2594 2415 diuinis
2644 2359 2944 2413 nominibus
2980 2352 3007 2413 τ’
3046 2356 3161 2411 Hoc
3207 2369 3375 2410 unum
3422 2352 3623 2422 bonum,

2072 2455 2272 2525 inquit,
2291 2463 2345 2508 et
2377 2453 2685 2523 pulchrum,
2718 2438 3072 2520 sittgulaiiter
3104 2456 3190 2502 est
3228 2447 3474 2502 ninnium
3502 2446 3618 2500 Inul-

2075 2556 2251 2600 torum
2284 2547 2621 2601 bonorumet
2650 2542 3001 2613 pulchrorum
3060 2554 3249 2595 causa.
3286 2539 3349 2594 Et
3375 2540 3425 2591 ia
3489 2539 3621 2607 quin-

2072 2647 2131 2691 to
2166 2639 2384 2708 capite:
2426 2626 2479 2691 in
2518 2653 2625 2691 uno
2658 2636 2803 2690 enim
2837 2633 3002 2694 Deus.
3030 2644 3252 2700 utstepe
3303 2632 3501 2689 dictum
3526 2640 3618 2696 est,

2070 2732 2254 2786 omnia
2293 2745 2413 2801 qua:
2442 2730 2732 2789 exsistunt,
2770 2724 3084 2795 ,prteltabet.
3116 2724 3317 2781 etfecit
3366 2732 3423 2777 ut
3473 2723 3621 2777 simsi-

2072 2832 2298 2887 stereut,
2321 2836 2557 2891 praesens
2575 2820 2849 2885 omnibus,
2870 2828 2924 2874 et
2941 2814 3259 2893 ubique-(2).
3275 2826 3325 2870 et
3351 2812 3620 2871 secundum

2074 2929 2263 2977 unum,
2287 2921 2340 2968 et
2362 2912 2658 2968 secundum
2685 2910 2830 2973 idem,
2851 2917 2942 2975 ;et
2972 2908 3274 2964 secundum
3312 2908 3476 2969 idem,
3525 2920 3627 2958 ou:-

2075 3020 2166 3069 ne,
2194 3020 2381 3057 tmmn.
2415 3001 2549 3091 litin
2581 3015 2703 3071 cap.
2747 3000 2803 3065 7,
2832 3002 2898 3056 de
2929 2999 3136 3055 eisdem
3166 2997 3369 3055 divinis
3419 2997 3624 3053 nomini-

396 3110 458 3150 re
480 3104 704 3163 propter
729 3080 1107 3150 excellentiam
1134 3108 1406 3149 summam
1433 3097 1712 3152 amatoria:
1756 3098 1968 3154 bonita—
1994 3104 2037 3162 ο
2072 3096 2210 3150 bus:
2246 3080 2457 3149 Etenim
2483 3093 2528 3148 si
2555 3092 2858 3149 secundum
2896 3107 3068 3146 unam
3092 3105 3314 3145 causam
3345 3088 3482 3143 Deus
3529 3104 3624 3141 Olit-

396 3187 469 3242 tis
500 3196 651 3242 extra
689 3201 747 3241 se
794 3200 890 3254 per
922 3184 1291 3254 providentias
1329 3188 1567 3257 omnium
1597 3205 1774 3244 rerum
1820 3190 1963 3247 exsi-

393 3279 509 3339 stit.
537 3293 590 3333 et
640 3278 885 3331 bonitate
919 3287 1083 3342 atque
1141 3277 1432 3333 dilectione
1461 3291 1511 3335 et
1569 3297 1752 3336 amore
1796 3282 1962 3338 veluti

392 3369 646 3424 delinitur
668 3369 746 3438 (1)
769 3378 821 3421 ct
843 3368 1145 3422 oblectatur
1165 3387 1179 3424 :
1201 3379 1253 3423 et
1275 3386 1394 3424 cum
1415 3375 1484 3425 sit
1504 3387 1662 3442 supra
1683 3352 1884 3436 omnia,
1911 3385 1965 3429 et

392 3475 458 3515 ett
489 3460 740 3514 onmibus
757 3466 1060 3526 exemptus,
1090 3460 1367 3514 ad'omnia
1414 3460 1717 3516 demittitur
1767 3479 1964 3518 secun-

390 3552 521 3607 dum
557 3562 875 3620 potestatem
909 3553 1509 3622 suprasubstantialem,
1559 3571 1664 3623 qua
1697 3567 1849 3611 extra
1880 3572 1961 3623 se,

392 3657 501 3696 non
537 3643 860 3709 rgrcdieudo
875 3643 1006 3695 exit.
1034 3641 1100 3696 Et
1119 3658 1305 3698 rursus
1330 3645 1468 3697 idem
1504 3646 1555 3699 in
1578 3646 1766 3700 eodem
1795 3647 1913 3701 loco
1944 3663 1963 3701 :

393 3733 491 3789 Vel
524 3736 648 3803 quia
691 3735 805 3803 ipse
834 3719 939 3788 sibi
1001 3735 1353 3800 lenocinatur,
1385 3747 1441 3791 et
1494 3752 1553 3792 se
1597 3749 1794 3804 movet,
1861 3741 1961 3797 hac

398 3825 541 3878 enim
569 3822 779 3877 ratione
803 3823 1056 3878 dilectum
1082 3833 1135 3878 et
1164 3824 1449 3878 amabilem
1487 3842 1608 3879 eum
1655 3841 1960 3885 vocantve-

396 3914 495 3970 luti
522 3915 804 3983 pulchrum
847 3924 901 3969 et
936 3918 1155 3983 bimum,
1185 3926 1239 3970 et
1295 3927 1551 3984 tanquam
1584 3920 1656 3974 sit
1713 3922 1957 3988 quaedam

393 4006 475 4060 sui
501 4022 591 4072 per
610 4018 670 4059 se
694 4005 868 4070 ipsum
895 4004 1208 4071 patefactio,
1235 4015 1288 4059 et
1332 4004 1468 4059 bona
1499 4009 1805 4081 progressio
1847 4010 1964 4065 exi-

393 4093 516 4147 mia:
553 4091 936 4160 ropulationis,
960 4103 1014 4146 et
1041 4094 1311 4147 amatoria
1354 4095 1540 4160 motio,
1568 4096 1815 4164 simplex,
1870 4116 1965 4169 per

393 4197 452 4236 se
475 4183 705 4244 mobilis,
739 4197 833 4250 per
856 4197 914 4235 se
946 4198 1136 4252 agens,
1169 4199 1287 4251 qute
1322 4186 1470 4253 prius
1512 4188 1722 4243 exstitit
1744 4190 1796 4242 in
1823 4191 1962 4244 bona

392 4275 459 4331 ad
493 4288 555 4327 ea
592 4288 711 4343 quae
728 4283 874 4337 sunt,
900 4282 1104 4337 manat.
1137 4283 1191 4330 et
1223 4292 1411 4332 rursus
1442 4281 1513 4332 ad
1552 4281 1745 4333 bonum
1777 4295 1960 4334 rever-

395 4367 544 4419 titur.
572 4364 636 4418 Et
688 4373 912 4419 sanctus
950 4365 1218 4420 Maximus
1247 4368 1296 4420 in
1336 4369 1582 4423 centuria
1618 4369 1673 4431 8,
1703 4385 1821 4440 cap.
1854 4370 1957 4426 87:

2071 3186 2234 3241 nibus
2298 3185 2537 3254 impertit
2595 3194 2653 3238 ut
2711 3183 2856 3247 sint,
2925 3181 3221 3239 secundum
3280 3182 3446 3250 ipsam
3500 3180 3622 3234 illam

2074 3292 2294 3333 causam
2349 3276 2675 3347 singularem
2735 3286 3023 3343 cognoscet
3075 3277 3279 3331 omnia.
3340 3274 3406 3328 Et
3432 3274 3622 3340 capJS,

2072 3372 2141 3424 de
2199 3370 2403 3427 els'lem
2451 3369 2650 3425 divinis
2710 3369 3020 3424 nominibus
3074 3385 3089 3422 :
3144 3366 3271 3422 Haec
3317 3368 3478 3436 igitur
3513 3375 3622 3422 sunt

2074 3459 2192 3517 Siue
2244 3461 2644 3516 intermissione
2690 3459 2935 3514 laudibus
2999 3457 3321 3513 eeleltranda
3382 3458 3431 3510 in
3458 3470 3621 3521 causa,

2075 3568 2196 3621 qua:
2225 3551 2765 3607 otnnibus'anteeeilit
2792 3569 2807 3616 ;
2831 3560 2882 3606 et
2901 3552 3205 3605 addendum
3231 3561 3312 3607 est
3334 3552 3500 3621 ipsam
3521 3565 3622 3603 esse

2075 3648 2415 3702 sanctitatem
2439 3636 2880 3716 exsuperantem,
2909 3653 2962 3700 et
3005 3645 3342 3700 dominatum
3410 3661 3472 3699 ac
3512 3660 3618 3712 rcg-

2079 3755 2205 3793 num
2238 3755 2535 3803 summum,
2570 3738 3031 3808 simplicissimum
3054 3738 3392 3792 divinitatem
3425 3756 3438 3792 :
3468 3737 3617 3804 siqui-

2077 3831 2195 3880 dem
2223 3845 2285 3881 ex
2311 3831 2445 3897 ipsa,
2490 3829 2542 3881 itt
2577 3844 2685 3882 uno
2712 3836 2765 3882 et
2797 3828 2964 3884 simul
3002 3836 3110 3881 tota
3169 3834 3294 3881 nota
3352 3834 3434 3883 est
3472 3827 3537 3898 (5)
3573 3836 3618 3881 et

2076 3916 2363 3974 distributa
2395 3920 2573 3975 onmis
2608 3920 2948 3990 impermista
2972 3920 3255 3989 diligentia
3285 3921 3461 3973 omnis
3492 3934 3614 3986 purae

2077 4011 2376 4077 munditiae,
2408 4012 2587 4067 omnis
2632 4028 2822 4067 eorum
2884 4027 3010 4078 qua:
3062 4011 3355 4071 exsistunt,
3410 4015 3530 4064 ontn
3571 4018 3614 4063 et

2076 4104 2421 4172 mmpositio.
2465 4102 2526 4157 Et
2558 4104 2611 4157 in
2631 4105 2804 4171 primo
2850 4105 3027 4172 capite
3069 4105 3136 4157 de
3182 4103 3389 4158 eisdem
3451 4104 3614 4158 divinis

2079 4195 2393 4251 mminibus
2431 4213 2444 4250 :
2483 4196 2639 4260 Unde
2666 4196 2719 4251 in
2755 4196 2900 4251 omni
2937 4195 3048 4250 fere
3072 4197 3399 4252 tractatione
3445 4199 3613 4254 theolo-

2072 4282 2188 4355 gica
2222 4285 2562 4341 divinitatem
2601 4287 2844 4343 videmus
2869 4303 3024 4341 saere
3060 4289 3333 4343 celebrari
3386 4300 3609 4358 tauquam

2077 4376 2362 4432 monadem
2392 4388 2449 4432 et
2474 4379 2734 4431 unitatem
2764 4388 2986 4446 prapter
3008 4378 3415 4448 simplicitatem
3442 4393 3489 4434 et
3518 4382 3612 4433 uni-

394 4455 659 4522 lntellige,
683 4454 879 4523 inquit.
939 4455 1107 4509 Deum
1133 4470 1254 4513 esse
1312 4459 1737 4524 lenocinantem,
1760 4471 1815 4516 et
1846 4477 1963 4516 mo-
1988 4440 2043 4503 Β
2072 4475 2237 4518 tatem
2279 4466 2732 4534 impartibilitatis
2763 4440 3092 4537 supraquam
3116 4440 3425 4534 itatnralis,
3454 4487 3514 4524 ex
3531 4485 3607 4537 qtta

394 4555 606 4599 ventem
638 4547 703 4600 ad
726 4548 1048 4601 amatoriam
1078 4548 1548 4615 coniunctionem,
1604 4552 1749 4606 illam
1815 4552 1958 4617 diro,

391 4652 645 4706 qua-cunt
675 4639 866 4707 spiritu
895 4648 975 4692 est
1002 4654 1017 4701 ;
1051 4639 1103 4691 id
1129 4650 1236 4704 est,
1259 4640 1423 4693 Deum
1465 4656 1588 4695 esse
1620 4653 1958 4713 sequestrem

391 4738 447 4781 et
479 4730 849 4784 confeetorcnt
878 4727 1044 4798 hujus
1084 4729 1503 4798 coniunctionis,
1534 4734 1968 4791 conciliatoretn-

390 4834 496 4889 que
525 4822 630 4884 sui,
665 4830 774 4875 uta
837 4822 1108 4876 creaturis
1142 4820 1257 4876 suis
1325 4831 1539 4876 ametur
1573 4831 1651 4877 et‘
1684 4825 1962 4897 diligatur.

460 4983 505 5039 ‘2
534 4981 551 5039 1
581 4980 737 5035 Joan.
774 4979 951 5043 tv,-8.

2069 4568 2337 4626 tanquam
2366 4573 2431 4613 ex
2453 4544 2747 4629 potestate»,
2772 4558 2968 4614 uniﬁca
3030 4576 3195 4613 unum
3241 4562 3499 4616 «dicimur
3523 4578 3538 4616 :
3564 4570 3611 4612 et

2067 4650 2420 4704 varietatibus
2452 4650 2798 4719 partibilibus
2828 4650 3013 4704 divine
3036 4652 3089 4703 in
3121 4667 3288 4704 unum
3349 4654 3606 4707 cuittiactis

2040 4740 2309 4797 .inuuum
2333 4741 2398 4793 ad
2460 4739 2551 4794 Dei
2598 4740 3005 4795 similitudinem
3040 4758 3453 4812 coagregamur,
3501 4742 3604 4798 etad

2063 4830 2158 4887 Dei
2191 4833 2556 4890 imitationem
2590 4832 2932 4902 copulamur.
2966 4834 3087 4900 Quo
3120 4837 3173 4889 in
3233 4836 3354 4891 loco
3383 4839 3457 4891 ait
3502 4851 3606 4891 san-

1859 5098 2136 5170 Scholia,

457 5253 534 5323 (l)
574 5250 891 5319 Exemplum
926 5246 1085 5323 liuius
1118 5246 1457 5323 deﬁnitionis
1500 5246 1752 5323 frequens
1788 5261 1870 5305 est
1903 5252 1956 5306 in

388 5317 545 5378 Cant.
602 5317 757 5374 cant.
809 5330 868 5374 ut
931 5320 1059 5371 illud
1114 5333 1235 5386 cap.
1270 5333 1305 5371 ιι
1349 5334 1368 5370 :
1421 5317 1495 5369 En
1537 5320 1765 5373 dilectus
1811 5336 1960 5377 meus

391 5395 626 5461 loqttilttr
653 5390 783 5444 mihi
824 5407 839 5443 ι
868 5389 1062 5461 Surge,
1093 5390 1439 5461 amica_mea,
1472 5392 1718 5461 columba
1751 5405 1889 5447 mea.

458 5456 534 5534 (Ξ)
573 5460 807 5514 Pt'tescns
834 5456 1074 5512 cautibus
1098 5470 1203 5534 ,_et
1235 5459 1443 5534 ubique.
1496 5458 1613 5513 Non
1662 5465 1958 5534 secundum

389 5530 629 5588 diversas
658 5544 849 5600 partes
871 5542 1020 5592 suas,
1052 5530 1145 5582 sed
1176 5533 1475 5584 secundum
1504 5545 1666 5583 mium
1693 5541 1747 5582 et
1778 5531 1917 5584 idem
1942 5546 1957 5594 ;

389 5615 445 5657 et
473 5596 766 5657 secundum
800 5596 936 5654 idem
969 5612 1131 5653 omne
1164 5614 1352 5662 unum,
1386 5611 1440 5652 et
1470 5602 1535 5652 ad
1562 5600 1742 5652 omnia
1774 5614 1959 5668 proce-

390 5676 542 5739 dens,
567 5683 649 5726 eSI
677 5668 817 5724 enim
850 5684 1031 5731 omne,
1058 5678 1325 5737 quatenus
1371 5671 1421 5722 in
1455 5669 1683 5736 simplici
1720 5671 1956 5724 essentia

392 5757 523 5809 una,
563 5741 742 5797 omnia
790 5740 1057 5797 txsismnt
1090 5749 1307 5806 Virtute,
1334 5746 1448 5795 sive
1495 5746 1779 5807 potestate,
1816 5740 1961 5796 sicut

2060 5255 2213 5331 effect
2225 5272 2285 5331 iis
2322 5257 2372 5312 in
2388 5272 2591 5331 causa.
2836 5330 2842 5331 ί
2904 5325 2909 5331 ⁴

2130 5326 2209 5399 (ὅ)
2246 5326 2307 5380 Et
2337 5328 2405 5382 ad
2427 5331 2613 5400 omnia
2647 5326 3240 5400 procedit‘eﬂicienter,
3277 5332 3332 5386 in
3369 5348 3489 5387 uno.
3518 5331 3607 5385 iloe

2067 5398 2152 5452 est
2185 5400 2324 5466 quod
2358 5400 2432 5452 ait
2463 5398 2619 5457 ΙΙυιιιι.
2648 5398 2704 5453 in
2728 5398 2930 5470 Evaug.
2963 5418 3082 5470 cap.
3114 5417 3175 5455 ιιι
3210 5398 3231 5457 ;⁷
3255 5404 3369 5457 Non
3396 5406 3529 5457 enim
3553 5402 3604 5453 ad

2070 5483 2377 5538 mensuram
2416 5470 2507 5521 dat
2545 5470 2685 5525 Deus
2719 5472 3009 5538 Spiritum,
3055 5472 3198 5526 sicut
3231 5476 3311 5526 sol
3347 5483 3506 5526 totum
3542 5474 3603 5523 iu.

2072 5551 2193 5611 tuen
2238 5537 2399 5611 simul
2431 5539 2651 5604 emittit,
2687 5537 2812 5595 licet
2843 5543 3259 5609 tton‘atqttaliter
3288 5545 3600 5611 recipiamus,

2069 5605 2250 5673 itaque
2281 5607 2334 5683 in
2358 5623 2484 5683 uno
2506 5612 2602 5670 ait,
2637 5612 2690 5663 id
2728 5620 2811 5665 est
2834 5648 2850 5676 ,
2883 5626 2991 5667 non
3030 5605 3270 5680 dividua,
3304 5625 3357 5667 et
3384 5605 3472 5683 per
3501 5625 3604 5682 par-

2064 5684 2165 5746 tes,
2200 5678 2293 5734 sed
2326 5677 2487 5732 simul
2524 5690 2721 5735 totum.
