3780 6584
174 414 270 508 905

776 400 1017 478 DECAS
1057 418 1213 479 VIII.
1258 442 1323 452 —
1348 398 1445 476 DE
1480 412 1926 478 INFINITATE
1956 399 2081 481 DEI
2121 398 2690 484 memnonis.

3247 421 3350 488 905

171 567 267 608 eius
290 543 525 601 Maximus
555 553 566 590 :
596 533 728 598 Quia
776 533 914 586 Deus
940 520 1074 586 cum
1112 534 1424 604 cogitasset,
1479 533 1669 585 volun-
1704 539 1747 594 Α
1779 534 2017 603 ipsarum
2055 550 2258 600 rerum,
2292 538 2382 590 sed
2419 539 2608 590 notitia
2637 537 2716 590 sui
2748 555 2760 590 :
2791 536 3058 608 siquidem
3091 547 3144 594 et
3183 547 3351 611 ange-

170 651 257 698 tate
294 626 739 708 produxitomnia,
775 639 881 678 non
920 636 1176 694 tanquant
1208 640 1361 679 mens
1421 623 1672 692 quaedam

167 738 208 788 in
235 732 499 783 voluntates
522 718 737 790 partita,
775 717 1160 787 multiplicatus
1195 726 1278 773 est
1305 733 1317 770 :
1348 717 1442 773 sed
1474 717 1674 785 potius,

166 824 327 892 inquit,
349 815 529 871 mansit
560 811 609 864 in
647 810 872 872 unitate.
906 819 963 864 et
1001 809 1056 865 in
1091 823 1155 864 ea
1198 825 1446 875 manens,
1469 809 1677 879 impar-

162 911 356 968 tbiliter
384 911 553 959 etnon
584 900 826 969 disperso
863 897 1119 967 produxit
1174 907 1227 951 et
1269 898 1512 966 producit
1563 911 1679 950 om-

161 1005 231 1056 nia
253 1001 296 1052 in
321 991 550 1051 creatura
583 989 790 1042 mundi.
824 990 888 1042 Et
918 1003 1106 1043 rursus
1135 989 1350 1043 divinus
1385 987 1678 1056 Dionysius

159 1103 200 1147 in
231 1091 440 1160 septimo
485 1084 658 1152 capite
709 1081 776 1136 de
835 1083 1038 1136 eisdem
1087 1081 1279 1135 divinis
1331 1080 1629 1135 nominibus
1658 1094 1678 1132 :

157 1186 286 1239 Ratio
315 1189 480 1234 autem
535 1175 674 1228 Deus
704 1173 758 1226 in
825 1173 998 1227 sacris
1059 1170 1359 1240 Scripturis
1417 1168 1675 1224 laudandi

153 1278 295 1346 gratia
326 1271 642 1330 nominatur,
673 1281 780 1319 non
823 1265 1000 1319 solum
1025 1266 1151 1334 quia
1200 1265 1425 1318 rationis
1449 1274 1501 1318 et
1530 1278 1681 1316 men-

156 1369 209 1420 tis
243 1375 289 1417 et
323 1361 592 1430 sapiean
611 1371 691 1412 est
721 1359 973 1427 largitor,
1012 1357 1106 1411 sed
1131 1357 1259 1424 quia
1316 1365 1512 1408 causas
1563 1369 1680 1408 om-

151 1459 274 1511 nium
309 1453 385 1523 (i)
421 1451 761 1505 unil'ortniter
788 1449 1131 1518 anticipavit.
1163 1445 1356 1501 Adhn‘c
1395 1447 1446 1498 itt
1494 1448 1682 1500 eodem

151 1548 333 1616 capite:
365 1545 538 1610 Quare
562 1543 742 1597 divina
775 1555 928 1596 mens
959 1541 1138 1596 omnia
1199 1538 1445 1593 continet
1492 1539 1678 1607 (ποειιί-

151 1641 270 1694 tione
290 1638 353 1693 ab
385 1636 634 1692 Omnibus
668 1646 916 1704 exempta
971 1635 1068 1704 (2),
1119 1632 1212 1702 qui
1275 1642 1547 1700 quatenus
1600 1641 1683 1684 est

147 1743 282 1786 causa
309 1729 706 1792 universorum,
742 1727 1021 1780 scientiam
1078 1725 1396 1798 Omnintnin
1450 1738 1508 1778 se
1566 1711 1682 1792 ipso

144 1819 428 1888 anticipavit
462 1837 474 1872 :
507 1819 600 1887 qui
631 1827 924 1886 antequam
966 1819 1180 1880 fierent,
1242 1817 1395 1872 novit
1457 1817 1680 1886 angelos

141 1925 184 1970 et
210 1911 445 1981 produxit
485 1909 731 1978 angelos,
768 1918 823 1962 et
883 1908 986 1962 alia
1048 1909 1228 1963 omnia
1301 1911 1464 1974 intus,
1511 1919 1563 1965 et
1616 1913 1682 1964 ab
1712 1876 1758 1939 Β

141 2009 256 2075 ipso,
286 2017 336 2057 ut
364 2005 436 2057 ita
467 2004 672 2066 dicam,
707 2003 970 2072 principio
997 2003 1143 2056 novit
1172 1992 1272 2072 (‘5),
1309 2013 1362 2057 et
1391 2005 1456 2056 ad
1503 2019 1688 2059 essen-

143 2099 250 2152 tiam
283 2097 503 2152 adduxit
531 2115 545 2160 ;
582 2105 753 2164 atque
798 2097 900 2150 hoc
933 2097 1168 2151 arbitror
1201 2098 1535 2166 Scriptu‘ram
1574 2107 1688 2150 tra-

138 2193 260 2251 dere,
281 2205 400 2242 cum
430 2188 507 2241 ait
538 2205 552 2241 :
589 2187 694 2253 Qui
729 2191 869 2241 novit
891 2190 1065 2242 omnia
1097 2200 1377 2257 antequam
1409 2188 1591 2257 ﬁerent
1620 2189 1685 2253 '°;

135 2295 222 2336 non
248 2282 387 2336 enim
429 2281 619 2334 divina
656 2295 808 2334 mens
839 2282 1093 2350 cognovit
1118 2297 1180 2336 ea
1222 2296 1343 2350 quae
1385 2291 1531 2345 sunt,
1561 2296 1689 2351 per-

134 2374 315 2440 cipiens
339 2372 706 2440 cognitionem
742 2385 932 2426 eorum
959 2386 1024 2425 ex
1056 2372 1122 2426 iis
1157 2385 1275 2441 qua:
1297 2381 1444 2439 sunt,
1503 2374 1592 2426 sed
1622 2384 1689 2426 ex

133 2467 309 2532 Seipso
341 2471 426 2540 et
476 2463 530 2518 in
595 2479 658 2520 se
712 2464 830 2534 ipso
875 2465 1172 2519 secundum
1223 2477 1461 2529 causam,
1513 2465 1692 2518 scien-

134 2563 244 2612 tiam
265 2559 509 2612 omninm
531 2556 969 2626 etcognitionem
1005 2566 1058 2610 et
1077 2556 1363 2611 essentiam
1395 2555 1690 2625 prtehabet,

129 2661 172 2703 et
205 2650 356 2704 simul
379 2650 725 2720 anticipavit,
757 2661 862 2703 non
892 2649 1253 2703 intendensad
1278 2649 1484 2719 singula
1517 2651 1693 2718 perci-

129 2740 299 2808 pienda
321 2743 626 2795 secundum
643 2753 832 2795 eorum
857 2739 1078 2804 formas,
1099 2742 1194 2797 sed
1216 2722 1507 2796 secundum
1525 2751 1690 2794 unum

123 2845 284 2885 causa:
306 2832 660 2899 complexum
682 2835 864 2886 omnia
890 2834 1070 2888 sciens
1099 2847 1152 2888 et
1184 2834 1468 2889 continens
1495 2851 1508 2888 :
1544 2837 1693 2889 sicut

127 2924 286 2976 iumen
307 2925 463 2994 (“in
495 2941 556 2979 se
582 2924 708 2994 ipso
734 2926 1032 2980 secundum
1083 2942 1300 2980 causam
1327 2929 1690 2996 cognitionem

124 3017 451 3068 tenebrarum
490 3015 840 3084 auticip‘avit,
871 3029 973 3069 non
1015 3001 1228 3070 aliunde
1257 3016 1508 3071 tenebras
1527 3033 1690 3087 quam

121 3119 178 3156 ex
207 3105 400 3158 lumine
433 3119 809 3176 cognoscens.
886 3107 1076 3159 Divina
1104 3108 1266 3177 igitur
1305 3109 1573 3176 sapientia
1634 3125 1692 3164 se

1777 626 1859 680 los
1887 627 2035 680 aiunt
2077 625 2374 696 Scriptura:
2403 643 2734 697 cognoscere
2753 645 2873 700 quae
2911 632 2963 684 in
2998 643 3138 685 terra
3199 643 3350 695 sunt,

1778 730 1886 771 non
1937 717 2027 770 illa
2083 719 2300 788 quidem
2367 735 2530 774 sensu
2574 736 2926 792 cognoscere,
2975 721 3076 777 sub
3130 739 3350 778 sensum

1778 807 1979 877 alioqui
2011 809 2282 877 cadentia,
2330 812 2424 867 sed
2452 815 2669 883 propria
2707 815 2904 870 mentis
2941 816 3370 870 similitudinem.

1779 900 1872 954 Dei
1896 903 2134 969 gerentis
2162 903 2364 959 virtute
2390 915 2445 959 et
2477 917 2689 960 natura.
2740 905 2867 961 Haec
2891 908 3202 962 edisserens
3229 924 3354 963 san-

1777 1001 1898 1044 ctus
1932 990 2223 1060 Maximus,
2258 993 2392 1057 Hoc,
2421 995 2623 1066 inquit.
2657 997 2976 1069 declaravit,
3019 1014 3140 1052 eum
3194 999 3352 1062 dixit,

1781 1097 1884 1136 nun
1907 1095 2238 1150 cognoscere
2275 1084 2444 1139 Deum
2477 1101 2598 1154 quae
2638 1095 2850 1139 suntex
2915 1088 2982 1140 iis
3042 1086 3176 1156 ipsis
3235 1103 3356 1154 qua:

1779 1180 1944 1224 sunt:
1973 1173 2031 1224 'et
2061 1187 2181 1224 cum
2219 1172 2380 1234 dixit,
2417 1187 2520 1226 non
2575 1174 2852 1227 intendere
2886 1175 2949 1227 ad
3012 1176 3356 1243 mmmquod-

1763 1257 1887 1332 ’ψιθ
1922 1265 2322 1333 percipiendum
2355 1266 2653 1320 secnndum
2674 1264 2904 1319 formam
2927 1265 3063 1335 ejus,
3096 1266 3352 1334 quoniam

1783 1362 2039 1422 tanquam
2073 1357 2267 1410 horum
2287 1368 2476 1410 auctor
2495 1357 2856 1425 cognitionem
2885 1371 3106 1409 suorum
3127 1371 3351 1422 operum

1782 1448 2134 1516 anticipatam
2167 1450 2357 1513 habet,
2394 1449 2572 1504 sciens
2597 1453 2871 1519 quentod‘o
2901 1449 3038 1517 ipsa,
3068 1453 3118 1501 et
3150 1447 3202 1501 itt
3233 1447 3358 1516 qui-

1783 1541 1885 1594 bus
1955 1540 2019 1594 ad
2047 1551 2226 1594 ortum
2253 1557 2314 1595 ac
2334 1543 2742 1611 generationem
2765 1544 3056 1597 adduceret
3083 1561 3103 1596 ς
3127 1556 3356 1610 quorum

1783 1633 2120 1699 depravatio,
2147 1645 2200 1687 et
2226 1634 2482 1698 defectio,
2505 1636 2556 1688 id
2581 1644 2684 1697 est,
2707 1633 2991 1688 frustratio
3023 1643 3075 1688 et
3129 1632 3360 1687 inﬁrmi-

1786 1736 1868 1779 tas
1921 1725 2121 1778 malum
2179 1725 2494 1787 introducit.
2553 1729 2681 1780 dum
2731 1727 3020 1782 deficiente
3073 1725 3216 1795 quod
3274 1732 3360 1780 est

1785 1819 2080 1873 secnmlum
2119 1829 2396 1886 naturam,
2428 1818 2658 1875 eliicilnr
2678 1820 2819 1890 quod
2853 1831 2934 1873 est
2976 1827 3171 1886 praeter
3202 1827 3355 1870 natu-

1790 1925 1925 1964 ram.
1959 1908 2222 1978 Superius
2245 1911 2390 1964 enim
2425 1912 2672 1965 adhibuit
2723 1912 3028 1978 exemplum
3093 1910 3353 1976 luminis;

1792 1997 1949 2070 hujus
2002 2003 2146 2055 enim
2197 2002 2504 2069 privatione
2563 2003 2941 2058 subexsistunt
3000 2004 3256 2067 tenebrtc,
3309 2013 3362 2055 et

1791 2106 2010 2144 causam
2044 2093 2242 2145 habent
2306 2093 2609 2151 absentiam
2657 2101 2864 2148 natnrm
2913 2094 3151 2158 luminis,
3201 2094 3360 2148 sicuti

1773 2183 2011 2254 .hahitus
2046 2185 2253 2254 priores
2278 2193 2404 2238 sunt
2420 2187 2833 2255 privationibns,
2860 2196 2911 2241 et
2938 2197 2993 2241 ut
3021 2187 3128 2240 ‘dici
3161 2196 3362 2256 potest,

1792 2293 1972 2331 causa:
2022 2288 2150 2333 sunt
2207 2279 2601 2349 privationnm.
2670 2280 2779 2333 lloc
2827 2281 2987 2344 igitur
3029 2281 3149 2334 loco
3209 2290 3360 2346 pater

1795 2365 2083 2443 Dionysius
2118 2370 2184 2426 de
2216 2371 2283 2424 iis
2301 2387 2422 2440 quae
2449 2367 2592 2426 Dens
2621 2372 2892 2439 produxit,
2945 2379 3000 2425 et
3052 2371 3119 2425 de
3174 2370 3360 2438 Cujus-

1793 2480 1898 2535 que
1937 2479 2123 2518 eorum
2143 2475 2334 2520 natura
2357 2464 2617 2533 loquitur,
2645 2479 2765 2532 qua:
2787 2465 3004 2534 quidem
3040 2464 3180 2519 dixit
3211 2466 3365 2535 prius

1793 2554 2070 2608 exstitisse
2142 2553 2198 2607 in
2251 2554 2362 2607 Deo
2407 2555 2708 2607 secundum
2771 2555 3251 2623 praecognitionem
3311 2566 3368 2608 ct

1795 2644 2298 2721 praedeliuitioncm.
2365 2644 2630 2698 Praeterea
2712 2645 2855 2708 vide,
2913 2646 3188 2713 quomodo
3239 2648 3368 2698 dicit

1796 2737 1962 2790 Deum
1987 2737 2168 2791 omnia
2195 2751 2519 2806 Cognoscere
2538 2750 2641 2790 non
2669 2751 2733 2791 ex
2768 2737 3077 2809 cognitione
3097 2741 3361 2804 omnium,

1789 2828 1886 2883 sed
1909 2843 1973 2881 ex
1999 2829 2305 2896 cognitione
2336 2829 2442 2892 sui,
2476 2826 2614 2881 sicut
2639 2828 2816 2882 lumen
2880 2831 3155 2898 cognOSt'il
3216 2839 3367 2892 tene:

1797 2921 1920 2974 bras
1942 2920 2346 2988 alioqui,.nihil
2404 2921 2748 2975 tenebrarum
2791 2923 2841 2976 in
2883 2937 2941 2977 se
3005 2923 3230 2978 habens.
3289 2928 3366 2977 Ac

1795 3027 1986 3066 rursus
2011 3014 2150 3067 idem
2185 3014 2237 3065 in
2265 3014 2508 3068 centuria
2538 3029 2595 3068 nt
2628 3014 2693 3066 de
2717 3014 3008 3079 charitato,
3042 3017 3222 3083 capite
3243 3016 3307 3069 ει
3345 3035 3358 3070 :

1793 3103 2084 3172 Cognoscit
2109 3103 2248 3156 Deus
2275 3119 2336 3158 se
2365 3104 2499 3172 ipse,
2525 3106 2802 3172 cognoscit
2833 3105 2961 3158 item
2995 3122 3022 3157 a
3048 3121 3107 3159 se
3139 3106 3365 3173 effecta;

119 3198 275 3264 ipsam
323 3213 705 3272 cognoscens,
767 3200 1045 3269 cognoscit
1119 3201 1341 3264 omnia;
1408 3201 1686 3254 materiam
1717 3219 1760 3278 ο
1798 3203 2131 3262 cognoscunt
2159 3194 2323 3246 etiam
2355 3195 2887 3262 sanctaepmestates
2935 3199 3123 3263 Deum,
3158 3215 3364 3268 cogno-

120 3289 356 3342 habentia
391 3291 517 3344 sine
549 3289 807 3354 materia,
839 3289 1106 3355 partibilia
1166 3290 1586 3357 impartibiliter,
1633 3299 1692 3344 et

118 3382 268 3434 multa
292 3381 662 3450 singulariter
691 3395 721 3434 e
779 3395 836 3434 se
869 3381 988 3450 ipso
1023 3395 1150 3446 uno,
1181 3393 1370 3436 cuncta
1414 3394 1469 3437 et
1489 3398 1688 3451 cogno-

1793 3287 2130 3340 scuntctiam
2158 3300 2276 3355 quae
2297 3303 2325 3340 a
2353 3285 2460 3340 Deo
2480 3286 2670 3341 eﬂ'ecta
2695 3298 2823 3342 sunt
2852 3307 2865 3340 :
2899 3305 3001 3342 non
3025 3301 3203 3345 tamen
3223 3295 3366 3347 sicut

1793 3380 1935 3433 Deus
1951 3381 2226 3449 cognoscit
2243 3396 2300 3433 se
2322 3381 2454 3449 ipse,
2480 3390 2534 3435 et
2554 3394 2671 3449 qua:
2694 3397 2718 3432 a
2745 3397 2801 3436 se
2821 3383 2958 3436 facta
2979 3394 3124 3449 sunt,
3144 3386 3224 3439 s'c
3241 3399 3372 3439 san-

113 3484 276 3535 ‘scens,
304 3481 359 3525 et
385 3473 729 3542 producens.
749 3461 961 3527 Etenim
985 3475 1027 3526 si
1049 3472 1190 3528 Deus
1208 3476 1505 3530 secundum
1530 3493 1691 3531 unam

108 3574 313 3614 causam
343 3563 621 3617 omnibus
651 3578 772 3633 qua:
799 3573 948 3634 sunt,
967 3564 1208 3632 impertit
1233 3579 1374 3629 esse,
1398 3568 1691 3621 secundum

109 3655 347 3707 eamdem
380 3670 621 3708 causam
655 3656 986 3724 singularem
1015 3667 1312 3726 cognoscet
1345 3659 1552 3715 omnia.
1574 3673 1694 3728 qua:

105 3759 154 3801 ct
185 3763 249 3802 ex
287 3748 411 3816 ipso
472 3758 638 3810 sunt,
669 3757 724 3802 et
757 3750 808 3802 in
863 3749 981 3817 ipso
1039 3750 1191 3819 prius
1227 3750 1580 3815 exstiterunt,
1641 3762 1695 3805 et

109 3853 205 3894 n0u
235 3857 301 3894 ex
339 3841 410 3896 iis
444 3858 579 3911 qua:
603 3851 754 3904 sunt,
779 3843 1023 3910 ipsorum
1067 3841 1434 3911 cognitionem
1476 3851 1692 3896 sumet:

103 3933 224 4000 quin
253 3935 444 4003 potius
471 3935 619 4004 ipsis
648 3935 876 4004 singulis
903 3927 1273 4003 cognitionem
1317 3935 1581 4005 ipsorum,
1639 3944 1696 3989 et

104 4025 217 4079 aliis
246 4027 413 4092 aliam
446 4027 830 4096 cognitionem
865 4029 1195 4097 supp‘editat.
1222 4027 1336 4082 Non
1367 4029 1531 4100 igitur
1557 4029 1696 4083 Deus

99 4118 255 4172 aliam
283 4120 369 4172 sui
393 4120 780 4188 cognitionem
814 4119 997 4183 habet,
1020 4118 1178 4172 aliam
1213 4134 1361 4186 vero,
1421 4135 1694 4190 qua_om-

101 4213 182 4262 nia
205 4213 308 4265 alia
345 4216 736 4266 communiter
764 4213 1174 4282 comprehendit
1203 4229 1216 4277 ;
1245 4213 1358 4281 ipsa
1392 4214 1535 4266 enim
1565 4229 1694 4267 cau-

97 4319 152 4358 sa
181 4306 438 4360 omnium
463 4323 598 4360 cum
631 4321 690 4360 se
713 4308 822 4374 ipsa
851 4314 1158 4375 cognoscat,
1187 4314 1528 4374 nequaquam
1581 4321 1699 4375 qua:
1761 4367 1772 4378 ε
1800 4305 1966 4357 Deum
1997 4308 2432 4370 Cognoscitvtmn
2471 4304 2583 4372 ipsa
2618 4305 2959 4369 exsistentia,
2987 4313 3099 4359 tum
3159 4307 3385 4376 insuper.

98 4404 160 4452 ab
188 4401 307 4470 ipsa
348 4411 622 4462 manant,
655 4407 708 4454 et
737 4415 967 4468 quorum
995 4399 1415 4462 causaexsistit,
1476 4399 1696 4466 ignora-
1802 4396 2075 4450 habilitate
2150 4396 2423 4461 bonitatis,
2499 4395 2743 4464 inquam,
2826 4406 2881 4448 et
2957 4400 3233 4464 sapientia:
3331 4409 3387 4455 et

93 4493 188 4548 bit.
209 4495 304 4550 Sic
324 4494 513 4564 igitur
559 4492 703 4548 Deus
731 4510 852 4562 qua:
873 4492 1306 4562 suntcognoscit
1336 4507 1440 4546 non
1495 4493 1692 4548 notitia
1727 4507 1772 4563 ι)
1801 4499 1994 4544 uratter
2043 4490 2414 4545 exsistentiam
2480 4491 2790 4558 perustuam
2842 4490 3036 4559 gratia.
3100 4489 3190 4546 Sic
3220 4492 3382 4564 igitur

1791 3483 1892 3527 cla:
1921 3481 2213 3540 potestates
2238 3484 2572 3543 cognoscunt
2603 3474 2788 3540 Deum,
2814 3486 2868 3528 et
2890 3491 3011 3544 qua:
3029 3475 3224 3544 abipso
3240 3478 3371 3532 εσθ-

1793 3579 1877 3624 cta
1903 3582 2048 3624 sunt.
2065 3569 2131 3624 Et
2153 3571 2328 3640 capite
2344 3570 2437 3624 εἰς
2457 3569 2596 3624 Deus
2625 3586 2683 3624 se
2706 3571 2818 3638 ipse
2840 3575 3111 3639 cognoscit
3129 3586 3191 3626 ex
3216 3573 3374 3626 beata

1795 3662 2101 3716 substantia
2119 3675 2214 3717 sua
2245 3680 2259 3716 :
2286 3675 2406 3731 qua:
2435 3677 2562 3716 vero
2584 3664 2725 3717 idem
2745 3663 2941 3730 etfacit,
3000 3668 3276 3740 cognoscit
3302 3681 3374 3722 ex

1795 3754 2056 3818 sapientia
2071 3767 2188 3816 sua,
2216 3768 2306 3819 per
2323 3769 2508 3823 quam,
2533 3764 2585 3808 et
2615 3755 2666 3807 in
2694 3770 2799 3820 qua
2832 3766 3023 3810 cuncta
3049 3757 3198 3812 fecit.
3231 3759 3376 3814 Sano

1796 3855 1894 3899 ctaa
1913 3847 2354 3915 Verolpotestates
2375 3846 2788 3915 participatione
2821 3859 3160 3918 cognoscunt
3182 3849 3376 3910 Deum.

1796 3939 1888 4007 qui
1947 3951 2030 3993 est
2085 3950 2249 4007 supra
2297 3939 2787 4006 participationem,
2825 3957 2945 4006 qua:
2998 3956 3126 3996 vero
3153 3943 3238 3996 abi
3281 3959 3378 4012 pso

1799 4032 1938 4085 facta
1972 4038 2114 4091 sunt,
2139 4041 2467 4098 cognoscunt
2493 4031 2790 4100 colligendo
2815 4032 2866 4084 in
2888 4033 3019 4100 ipsis
3043 4034 3379 4102 contempla-

1801 4122 1999 4178 tiones.
2033 4123 2226 4176 Adhuc
2251 4137 2372 4190 cap.
2399 4121 2468 4175 24
2501 4140 2515 4176 :
2553 4120 2868 4177 Substanlia
2905 4123 3128 4178 rationis
3189 4113 3380 4192 parti;

1798 4229 1946 4281 ceps,
1996 4224 2049 4267 et
2078 4216 2377 4267 substantia
2414 4213 2736 4282 intelligens,
2772 4213 2864 4266 Dei
2895 4216 3082 4272 ,sancti
3111 4218 3381 4285 particeps

193 4670 242 4703 ⁸⁸
273 4672 430 4730 Dan.
458 4689 591 4738 xm,
611 4671 703 4726 42.
1209 4759 1211 4762 ⁴
1309 4721 1320 4731 .

2955 4743 2971 4772 Ι

1606 4783 1876 4850 Schoha.

157 4949 239 5014 (ll
284 4946 526 5002 Causas
561 4945 794 4999 omnium
829 4939 1166 5012 nniformiter
1195 4939 1559 5014 participavit,
1580 4940 1717 5004 Quia

97 5012 200 5072 non
230 5023 466 5072 recedit
532 5034 563 5068 a
619 5032 713 5067 sua
765 5015 1147 5082 simplicitate;
1184 5028 1281 5066 nec
1333 5013 1493 5065 ullam
1548 5012 1600 5064 in
1650 5025 1715 5063 eo

85 5089 585 5156 compositionem
619 5084 843 5138 faciunt.

1826 4939 1987 4996 modo
2024 4941 2166 4994 Dens.
2197 4949 2489 5006 cognoscat
2535 4950 2831 5006 creaturas,
2866 4955 2984 5010 quae
3027 4941 3097 4994 ita
3132 4940 3390 4998 deficiunt

1825 5026 1854 5064 a
1896 5011 2022 5072 Deo,
2058 5011 2197 5080 sicut
2230 5012 2463 5063 tenebras
2496 5024 2524 5062 a
2555 5010 2775 5070 lumine,
2829 5013 2871 5064 si
2912 5027 3172 5080 ponamus
3205 5013 3387 5067 lumen

1826 5083 1927 5134 hoc
1957 5079 2214 5132 sensibile
2241 5095 2362 5133 esse
2395 5089 2572 5132 monte
2623 5079 2940 5144 praeditum,
2989 5081 3032 5135 si
3063 5082 3180 5148 quis
3215 5093 3386 5149 roget,

1825 5168 1892 5204 an
1925 5158 2216 5217 cognoscat
2252 5150 2501 5221 tenebras
2521 5190 2536 5210 ,
2568 5151 2711 5204 dicet
2741 5167 3064 5217 cognoscere
3098 5159 3386 5221 antequam

1826 5222 1933 5274 sint
1973 5221 2236 5279 tenebrae;
2270 5220 2603 5287 experientia
2637 5221 2780 5273 enim
2822 5239 2928 5274 non
2980 5231 3156 5288 potest
3188 5220 3392 5286 (τοκηο-

1826 5306 1999 5350 scere,
2028 5291 2149 5354 quia
2181 5289 2224 5342 si
2255 5289 2432 5342 lumen
2464 5301 2568 5345 est.
2595 5306 2700 5341 non
2733 5301 2859 5342 sunt
2892 5293 3160 5353 tenebras;
3195 5306 3393 5358 cogno‘

1826 5363 1930 5414 scit
1951 5362 2180 5427 igiturut
2201 5361 2528 5419 lnmen,qnia
2549 5363 2816 5428 scit,quod
2837 5362 2878 5413 si
2903 5358 3175 5412 auferatur
3191 5361 3390 5422 lumen,

1828 5446 1986 5483 nemo
2030 5429 2250 5483 videbit.
2286 5429 2374 5482 Sic
2412 5429 2552 5482 Deus
2583 5431 2634 5483 in
2682 5446 2740 5481 se
2774 5443 2830 5481 ut
2865 5446 3027 5482 causis
3067 5431 3226 5482 habet
3274 5447 3390 5481 om-

1829 5502 1975 5552 niurn
2019 5499 2401 5565 cognitionem,
2428 5517 2587 5568 quant
2625 5515 2726 5551 non
2765 5515 2857 5566 per
2881 5502 3271 5563 experientiam
3300 5516 3393 5551 ac—

1829 5569 2073 5635 quisivit,
2127 5568 2326 5634 alioqui
2367 5580 2514 5622 esset
2563 5570 2703 5622 Deus
2745 5570 3008 5635 posterior
3062 5570 3394 5636 cognitione,

1830 5651 1923 5690 aut
1977 5639 2157 5703 aliquo
2207 5650 2448 5704 tempore
2507 5656 2608 5690 non
2669 5640 3057 5706 cognovisset:
3097 5641 3194 5690 hoc
3231 5644 3393 5690 etiam

1830 5709 2073 5775 exentplo
2099 5710 2343 5770 docetur,
2369 5710 2635 5772 quomodo
2668 5725 2770 5760 una
2796 5719 2847 5760 el.
2883 5709 3068 5760 eiulatu
3095 5710 3397 5778 cognitione

165 5151 244 5228 (ἶ)
269 5158 625 5227 Cognitionis
647 5157 710 5206 ab
746 5154 981 5206 omnibus
1007 5161 1246 5220 exempla
1266 5167 1285 5205 :
1315 5151 1436 5228 quia
1455 5159 1536 5203 est
1556 5163 1713 5218 Sllprzl

87 5223 495 5296 cognitionem
558 5227 860 5299 intellectus
882 5266 894 5288 ,
929 5235 983 5277 et
1011 5240 1169 5299 supra
1205 5223 1564 5289 cognitionem
1590 5237 1714 5299 scn-

86 5294 202 5359 sus,
266 5310 580 5368 quatenus
607 5311 721 5368 pot:
750 5296 918 5368 ip‘sam
965 5294 1190 5360 primam
1222 5307 1438 5346 causam
1472 5294 1716 5343 omninnt

89 5363 650 5436 omniaUnguem-it.
693 5365 750 5419 S.
781 5363 977 5436 Thom.

161 5442 246 5504 (5)
287 5429 596 5504 Αι)’⁷’ἱι)ει›,
627 5445 681 5487 ut
727 5438 801 5487 ita
847 5434 1040 5493 dicam,
1082 5431 1357 5501 principio.
1401 5429 1534 5494 Quia
1581 5429 1718 5504 Dens

86 5503 246 5562 cat-ut
293 5503 628 5575 princ-ipio,
662 5507 862 5558 idcirco
895 5507 1130 5558 correxit
1183 5504 1322 5575 quod
1358 5505 1592 5562 dtxerat,
1637 5503 1718 5550 itt-

85 5572 338 5644 qniens':
381 5577 462 5631 Ut
503 5591 580 5628 tta
613 5579 810 5628 dacmu.
838 5575 911 5626 lix
937 5576 1236 5626 artet‘nilate
1273 5572 1428 5637 igitur
1460 5580 1714 5648 tanquam

82 5642 294 5703 auctor
352 5650 631 5700 muniunt
682 5647 865 5698 habuit
917 5660 1134 5695 suorum
1187 5659 1409 5708 operum
1447 5642 1718 5704 cognitio-

85 5738 242 5784 nem,
279 5730 343 5772 et.
386 5734 516 5772 non
553 5731 616 5767 ex
651 5717 910 5784 operibus
955 5715 1064 5766 Sllia
1095 5728 1212 5765 eain
1261 5710 1446 5765 didicit
1495 5721 1548 5762 et
1600 5725 1720 5778 per

81 5778 263 5856 per”;
689 5778 702 5784 ’
791 5851 808 5856 Α
1366 5849 1378 5856 μ
1836 5781 2112 5856 cognoscit
2150 5778 2292 5830 Dens
2324 5793 2400 5856 se,
2437 5791 2484 5829 ct
2533 5780 2738 5856 omnia,
2788 5783 2923 5832 sicut
2974 5779 3152 5832 lumen
3199 5793 3397 5848 cogno-

155 5849 242 5929 ζτό)
291 5859 475 5914 Sicut
545 5854 737 5908 lumen.
791 5851 1043 5918 Exemplo
1094 5852 1310 5908 luminis
1351 5849 1540 5918 docet,
1590 5864 1726 5918 .qtto—
1833 5849 2030 5923 scendo
2060 5863 2114 5910 se
2150 5849 2422 5917 cognoscit
2462 5850 2728 5904 tenebras.

379 5959 683 6016 l‘ATnoL.
725 5953 837 6012 litt.
905 5951 1082 6011 CLII.
2560 6021 2568 6029 ,
2735 5997 2753 6009 ,
3004 5942 3084 6001 29
