3860 6590
206 377 291 465 909

809 363 1047 449 πως
1088 387 1249 448 vm.
1279 410 1349 424 σ-
1385 384 1485 446 DE
1527 352 1973 444 INFINITATE
2012 382 2139 442 DEI
2180 382 2261 450 IN
2304 348 2765 441 CREATURiS.

2612 170 2631 195 χ

3301 357 3406 430 lno

203 496 298 563 erat
326 513 567 569 nusquam
595 505 673 553 est
700 517 711 563 ;
751 494 897 553 fecit.
926 499 1017 551 sed
1043 498 1239 565 ubique
1268 486 1394 565 quia
1426 504 1562 557 erat,
1588 502 1707 563 post
1739 499 1780 551 Α
1812 491 2028 559 quidem
2067 478 2265 558 agitur,
2304 490 2426 559 quia
2461 486 2659 555 praghet
2706 484 2753 536 ei
2816 478 3062 534 ﬁduciam
3116 472 3240 567 erga
3286 472 3425 532 eiun-

202 604 314 655 erat,
348 590 479 651 fecit,
511 590 610 642 non
647 589 710 639 de
742 584 987 646 auctore,
1026 588 1116 638 sed
1149 586 1215 636 de
1252 581 1541 642 creaturis,
1578 590 1630 633 et
1661 587 1718 631 ut

201 688 313 741 sciat
331 681 581 750 quomodo
608 690 760 742 erat;
789 688 843 732 et
871 676 1143 746 quomodo
1170 675 1296 730 iecit
1326 690 1426 745 ego
1457 674 1596 735 dico,
1623 685 1720 725 vos

201 780 481 827 numerate:
522 766 586 821 In
634 768 891 834 principio
934 769 1051 820 erat
1095 764 1347 827 Verbum,
1390 772 1437 815 et
1501 759 1721 813 Verbum

197 875 288 921 erat
317 864 444 933 apud
475 863 652 925 Deum,
685 871 732 914 et
763 861 902 914 Deus
925 862 1040 912 'erat
1074 857 1341 919 Verbum;
1375 858 1470 908 ltoc
1514 860 1627 907 erat
1668 853 1723 906 iit

195 958 415 1025 principio
445 954 579 1022 apud
622 953 809 1007 Deum.
835 951 974 1007 Ecce
1005 960 1199 1018 quarto
1232 947 1499 1009 meminit,
1532 956 1586 999 et
1631 959 1723 998 ne-

195 1065 279 1118 que
305 1047 452 1102 sentel
484 1046 639 1109 dixit,
672 1042 898 1097 Factum
929 1051 1022 1095 est.
1055 1040 1192 1108 Quid
1228 1040 1394 1109 igitur
1426 1026 1546 1107 pust
1573 1036 1726 1090 haec?

196 1142 354 1195 Omnia
391 1155 478 1207 per
506 1141 671 1205 ipsum
713 1138 858 1205 facta
889 1146 1033 1201 sunt;
1076 1134 1181 1187 non
1216 1126 1351 1187 dixit
1402 1130 1509 1193 hic,
1571 1128 1725 1195 Erat,

194 1236 295 1304 quia
318 1234 378 1286 de
406 1231 671 1285 creaturis
696 1238 817 1284 erat
845 1243 1048 1282 sermo.
1095 1226 1283 1280 Omnia
1311 1241 1402 1293 per
1428 1222 1600 1286 ipsum
1639 1228 1723 1291 ta-

194 1337 259 1378 rta
278 1332 414 1386 sunt;
441 1338 541 1376 non
574 1321 735 1385 dixit,
772 1320 963 1383 Erant,
1014 1320 1107 1374 sed
1161 1317 1332 1370 Facta
1374 1326 1497 1368 sunt
1549 1315 1726 1367 omnia
1765 1392 1777 1406 ἢ

191 1433 265 1485 per
292 1416 448 1483 ipsum
480 1430 499 1467 :
529 1425 577 1466 et
625 1414 735 1466 siue
781 1414 891 1479 ipso
940 1412 1139 1479 factum
1185 1418 1261 1463 est
1295 1408 1426 1461 nihil
1460 1404 1601 1476 quod
1640 1405 1729 1475 fa-

191 1518 304 1561 ctum
326 1516 430 1571 est;
466 1520 653 1559 rursus
675 1502 901 1557 Factum
926 1509 1043 1556 est:
1073 1502 1163 1556 tibi
1185 1501 1260 1556 tle
1290 1500 1417 1564 Deo,
1453 1508 1600 1559 erat.
1637 1497 1726 1550 ubi

190 1603 241 1654 de
261 1600 507 1654 creaturis
540 1595 769 1650 Factum
798 1607 897 1649 est.
930 1596 988 1649 In
1020 1594 1284 1663 principio
1302 1591 1559 1647 Verbum.
1593 1588 1729 1643 llinc

190 1694 320 1747 etiam
364 1692 499 1745 Deus
551 1688 713 1743 Pater
758 1688 1055 1743 Secundum
1107 1686 1274 1739 Vetus
1319 1683 1727 1738 Testamentum

190 1781 438 1855 pateﬁebat
467 1797 481 1846 ;
516 1796 640 1835 cum
673 1782 817 1835 enim
865 1780 1002 1834 dixit
1032 1778 1078 1832 ei
1114 1776 1325 1847 Moyses
1360 1795 1371 1829 :
1406 1774 1464 1829 Si
1496 1774 1726 1827 dixerint

1831 583 1923 651 qui
1963 592 2137 649 potest
2186 581 2367 648 largiri
2408 593 2527 649 quin
2566 576 2689 643 justi
2729 576 2949 641 petiuit;
2994 570 3061 624 ab
3108 563 3172 624 eo
3229 580 3409 622 autem

1833 677 1922 744 qui
1948 675 2247 729 orationem
2270 690 2298 726 a
2317 671 2464 740 justo
2496 674 2648 739 petit,
2668 669 2849 738 agitur
2873 682 2996 721 cum
3025 675 3149 719 eum
3176 679 3202 716 a
3231 664 3411 733 priore

1833 767 2071 835 nequitia
2106 765 2365 829 abducit,
2403 776 2455 817 et
2496 765 2561 817 ad
2595 765 2849 815 virtutem
2897 758 3241 813 adfectionem
3294 756 3413 822 ejus

1836 858 2114 911 transfert.
2153 855 2377 925 Magnus
2432 854 2741 925 Dionysius,
2783 865 2904 919 cap.
2940 851 2974 904 6
3026 848 3416 902 Ec‘cte‘siastira:

1838 950 2168 1005 Hieran/tia:
2214 966 2231 1003 :
2276 946 2626 1004 “enuntiatio
2660 960 2767 999 non
2818 942 2992 997 solum
3041 942 3162 994 vitae
3200 940 3369 993 divise
3399 977 3414 1000 ,

1835 1046 1928 1096 sed
1967 1045 2132 1096 etiam
2185 1039 2597 1108 cogitationum,
2634 1037 2686 1088 in
2720 1034 2987 1087 mandatis
3042 1030 3157 1097 Dei,
3210 1045 3331 1099 quin
3364 1030 3419 1083 iit

1835 1149 2000 1187 unum
2058 1133 2389 1196 conciliant,
2430 1129 2690 1185 .scienter
2750 1137 2903 1185 acta,
2956 1124 3414 1178 absolutissimam

1842 1228 2232 1281 monachorum
2274 1226 2529 1278 virtutem
2555 1233 2608 1277 et
2644 1220 2987 1287 disciplinam
3024 1217 3304 1275 declarat;
3336 1223 3420 1269 est

1841 1319 2009 1381 enim,
2046 1329 2103 1371 ut
2135 1318 2269 1377 dixi,
2298 1332 2403 1370 non
2439 1312 2598 1369 medii
2626 1313 2835 1367 ordinis
2874 1311 2949 1381 (i)
2979 1324 3162 1364 eorum
3198 1309 3287 1376 qui
3314 1307 3418 1360 ini-

1843 1409 1961 1465 tiati
1998 1422 2126 1467 sunt
2161 1411 2430 1479 baptismo
2460 1450 2473 1474 ,
2506 1410 2599 1464 sed
2632 1407 2881 1461 celsioris
2915 1405 3163 1457 tuitnibns
3211 1403 3422 1459 ordini-

1841 1503 1979 1565 bus;
2010 1504 2364 1571 quamobrem
2401 1500 2566 1567 multa
2604 1518 2666 1557 ex
2701 1502 2765 1555 iis
2804 1498 2923 1569 qua:
2955 1514 2984 1552 a
3020 1499 3191 1553 u-edio
3235 1497 3426 1550 ordine

1840 1596 1961 1650 Sine
1988 1594 2411 1663 reprehensione
2444 1595 2599 1658 ﬁunt,
2633 1592 2914 1648 monachis
2951 1573 3175 1656 unis,.et
3219 1606 3246 1643 a
3291 1591 3429 1643 divi-

1841 1686 1998 1740 sione
2033 1685 2226 1739 alienis
2263 1686 2489 1739 omnino
2520 1684 2809 1738 interdicta
2844 1692 2989 1736 sunt.
3022 1681 3087 1734 Et
3118 1682 3170 1734 in
3199 1680 3424 1749 epistol.

1838 1776 1905 1830 ad
1938 1775 2294 1831 Colossetises
2328 1776 2525 1830 Paulus
2560 1778 2631 1829 ait
2666 1794 2680 1828 :
2721 1758 2970 1828 became;
3023 1791 3230 1828 omnem
3261 1773 3430 1828 homi-

188 1876 290 1929 mibi
316 1874 410 1943 lilii
437 1872 656 1927 Israel:
678 1872 808 1938 Quis
836 1872 911 1925 est
959 1871 1049 1939 qui
1097 1879 1147 1921 te
1188 1870 1333 1921 misit
1369 1871 1437 1920 ad
1465 1883 1580 1928 nos,
1612 1867 1738 1935 quid
1774 1865 1814 1922 Β
1845 1869 1957 1922 item
1986 1870 2041 1921 in
2067 1871 2210 1921 omni
2243 1868 2526 1935 sapientia,
2561 1881 2613 1920 ut
2641 1868 2981 1922 ethib‘eamus
3027 1885 3228 1923 omnem
3257 1870 3431 1923 homi-

195 1967 477 2036 ‘mpoudebo
504 1965 621 2019 eis?
664 1966 729 2020 Et
760 1965 891 2018 dixit
938 1965 1075 2016 Deus
1102 1978 1113 2013 :
1151 1960 1257 2030 Ego
1284 1957 1420 2022 sum,
1468 1961 1555 2027 qui
1583 1962 1693 2011 sum
1720 1974 1738 2023 ;

185 2062 345 2128 quiest
365 2060 502 2113 misit
531 2076 614 2114 me
642 2061 711 2111 ad
751 2056 838 2111 bas
869 2052 955 2120 ";
985 2048 1167 2111 Pater.
1196 2048 1287 2121 qui
1322 2064 1403 2109 est
1431 2070 1443 2117 ;
1479 2051 1645 2106 Filius
1685 2054 1737 2105 in

188 2152 421 2222 principio
450 2155 605 2217 erat.
632 2149 690 2221 Si
732 2148 855 2218 quis
885 2145 1172 2201 contendit
1202 2146 1387 2200 dicens
1410 2184 1424 2207 ,
1459 2159 1562 2198 non
1600 2145 1739 2196 idem

186 2241 267 2297 dici
302 2244 349 2296 in
398 2242 562 2296 Patre
597 2249 651 2294 et
685 2238 855 2304 Filio;
889 2238 940 2291 in
969 2230 1128 2291 Patre
1162 2237 1330 2299 enim,
1363 2234 1474 2306 Ego
1502 2251 1616 2288 sum
1650 2236 1741 2304 qui

185 2350 308 2398 sum;
335 2333 383 2385 in
415 2330 558 2386 Filio
587 2340 790 2393 autem,
827 2329 891 2383 In
924 2329 1183 2398 principio
1206 2337 1321 2381 erat
1353 2344 1371 2381 :
1409 2342 1511 2380 non
1539 2337 1622 2380 est
1645 2342 1739 2379 au-

184 2432 272 2477 tem
298 2422 449 2487 idem,
476 2432 585 2487 est,
621 2433 675 2477 et
702 2431 836 2482 erat,
875 2423 1191 2475 demonstro
1224 2419 1640 2489 appellationem
1686 2419 1739 2470 in

185 2498 546 2581 Filio;audiat
599 2516 992 2585 Evangelistam
1038 2514 1307 2568 dicentem
1360 2530 1374 2566 :
1435 2512 1741 2581 Uuigenitus

187 2607 351 2672 Filius,
382 2612 471 2679 qui
493 2621 579 2664 est
617 2610 669 2662 in
699 2610 818 2664 sinu
851 2608 1028 2683 Patris
1054 2608 1139 2673 ";
1183 2592 1309 2662 ecce
1339 2618 1499 2661 unam
1548 2618 1731 2659 vocem

185 2702 323 2754 habes
366 2702 717 2772 evangelista:
766 2702 822 2756 in
862 2700 990 2770 estj;
1042 2710 1096 2754 et
1146 2701 1341 2753 iterum
1396 2696 1739 2767 Apostolus:

184 2784 393 2859 Quorum
425 2804 607 2863 patres
630 2833 647 2858 ,
680 2808 745 2847 ea:
777 2794 964 2863 quibus
1016 2791 1257 2846 Christus
1309 2793 1593 2863 secundum
1628 2806 1745 2843 car-

184 2900 297 2944 nem,
320 2886 402 2952 qui
442 2895 519 2938 est
554 2900 718 2951 supra
749 2884 929 2936 omnia
968 2881 1106 2948 Deus
1133 2882 1434 2936 benedirtus
1458 2882 1525 2934 “.
1551 2879 1742 2934 Vidisti

182 2979 424 3041 quomodo
457 2988 508 3030 te
546 2977 723 3030 munit
748 2974 1005 3040 Joannes,
1028 2975 1119 3043 qui
1152 2977 1204 3028 in
1227 2975 1335 3027 Deo
1367 2974 1566 3042 posuit,
1588 2972 1743 3035 Erat;

181 3068 287 3119 etin
324 3068 621 3129 creaturis,
662 3064 833 3120 Facta
866 3074 1008 3120 sunt.
1045 3064 1157 3119 Nec
1192 3066 1335 3120 enim
1373 3066 1536 3119 Deum
1565 3067 1738 3131 tlecet,

180 3155 373 3211 Factum
408 3169 509 3223 est,
548 3173 727 3226 neque
756 3167 1057 3219 creaturas,
1094 3156 1247 3210 Erat.
1287 3186 1354 3198 -—
1390 3157 1452 3211 lu
1484 3152 1742 3226 principio

1844 1975 1958 2011 nem
1985 1960 2269 2028 perfectum
2302 1962 2354 2012 in
2396 1959 2604 2014 Christo
2631 1959 2781 2024 Iesu;
2807 1960 2858 2013 in
2894 1975 2995 2028 quo
3030 1969 3078 2014 et
3114 1960 3295 2013 laboro
3322 1976 3432 2013 rer-

1842 2055 2003 2103 taudo
2050 2053 2336 2105 secundum
2381 2052 2739 2133 Operationem
2784 2052 2926 2120 ejus,
2975 2068 3131 2115 quam
3184 2063 3429 2120 operatur

1844 2144 1896 2196 in
1927 2159 2007 2197 me
2034 2144 2087 2196 in
2116 2145 2308 2198 virtute
2335 2143 2403 2198 “.
2447 2143 2524 2197 Ex
2564 2145 2647 2196 hi‘s
2695 2144 2805 2212 jam
2863 2145 3065 2213 liquet,
3099 2147 3241 2213 quod
3287 2143 3430 2197 Deus

1844 2236 2139 2290 secundum
2176 2238 2355 2298 suam,
2393 2252 2513 2305 qua:
2553 2250 2654 2288 una
2692 2242 2795 2300 eat,
2828 2251 3073 2299 causam,
3109 2236 3289 2289 omnia
3318 2235 3431 2289 επὶ-

1843 2330 1988 2382 citur
2032 2342 2135 2381 non
2188 2328 2443 2383 recedens
2489 2346 2515 2379 a
2569 2344 2659 2392 se;
2691 2329 3121 2383 demonstratum
3158 2328 3301 2394 enim
3346 2340 3429 2383 est

1846 2435 1950 2474 non
1986 2419 2265 2491 migrando
2287 2420 2455 2484 eitire,
2485 2430 2538 2474 et
2567 2420 2756 2473 eodem
2789 2424 3006 2488 reverti,
3033 2437 3137 2477 non
3169 2439 3196 2476 a
3222 2440 3280 2479 se
3309 2426 3423 2481 dis-

1854 2510 2084 2567 tractum
2132 2513 2182 2566 in
2248 2515 2589 2583 producenda
2641 2519 2932 2578 creatura,
2983 2517 3076 2570 sed
3129 2520 3431 2572 secundum

1844 2620 2069 2661 causam
2101 2620 2261 2659 unam
2302 2606 2658 2676 singularem,
2695 2618 2812 2676 quae
2838 2617 2921 2661 est
2958 2609 3093 2677 ipse,
3116 2610 3295 2664 omnia
3334 2611 3430 2665 lit:

1844 2706 1897 2754 et
1932 2700 2064 2753 nihil
2098 2699 2243 2767 quod
2284 2699 2353 2754 ab
2397 2701 2515 2767 ipso
2544 2698 2600 2752 lit
2640 2704 2692 2753 et
2742 2701 2940 2769 agitur,
2974 2711 3055 2755 est
3104 2705 3221 2756 sine
3271 2718 3429 2757 crea-

1849 2792 2011 2850 tione.
2046 2791 2235 2847 Dicere
2272 2793 2417 2847 enim
2466 2804 2575 2847 non
2607 2788 2731 2845 esse
2770 2803 3016 2846 creatmn
3047 2795 3191 2863 quod
3231 2795 3435 2864 agitur,

1845 2883 2071 2950 perinde
2100 2882 2258 2951 plane
2295 2891 2381 2938 est
2412 2894 2470 2937 ut
2502 2878 2545 2936 si
2579 2876 2824 2938 dicamus
2852 2895 3155 2939 creaturam
3187 2901 3292 2940 non
3317 2902 3438 2942 esse

1845 2983 2151 3029 creaturam
2176 2991 2190 3040 ;
2218 2977 2359 3045 quod
2385 2977 2528 3029 enim
2558 2972 2756 3045 agitur,
2782 2976 2921 3029 idem
2957 2988 3035 3030 est
3060 2994 3179 3031 cum
3205 2994 3271 3033 eo
3295 2986 3435 3048 quod

1846 3061 1924 3127 fit,
1962 3065 2084 3133 quia
2122 3068 2263 3133 quod
2294 3065 2469 3135 agitur
2495 3066 2572 3131 lit,
2602 3080 2654 3120 et
2686 3066 2824 3136 quod
2853 3066 2910 3121 lit
2941 3066 3152 3135 agitur;
3179 3070 3221 3123 si
3255 3078 3434 3123 autem

1847 3158 1989 3221 quod
2028 3158 2084 3209 lit
2112 3171 2216 3209 non
2256 3168 2337 3210 est
2369 3157 2486 3211 sine
2515 3158 2813 3218 creatione.
2850 3167 2905 3211 et
2935 3161 3077 3228 quod
3106 3160 3288 3228 agitur
3317 3178 3425 3217 non

180 3260 269 3300 emt
304 3248 567 3314 Verbum;
592 3258 640 3302 et
680 3246 905 3302 Verbum
932 3257 1047 3302 erat
1089 3248 1230 3316 apud
1271 3247 1475 3313 Deum;
1511 3258 1560 3302 et
1606 3249 1741 3302 Deus
1767 3233 1813 3295 C
1847 3247 1970 3299 sine
2004 3244 2306 3299 creatione.
2338 3245 2523 3311 Quare
2573 3248 2665 3315 qui
2711 3248 2843 3301 dicit
2877 3250 3019 3317 quod
3050 3250 3260 3317 agitur,
3301 3268 3437 3320 quo-

178 3345 272 3390 rrat
306 3337 574 3402 Verbum;
602 3337 698 3390 hoc
721 3348 832 3391 erat
861 3339 914 3391 in
945 3338 1201 3405 principio
1223 3342 1362 3405 api’tl
1403 3337 1604 3403 Deum;
1638 3355 1746 3391 oru-

181 3430 253 3481 nia
284 3446 370 3496 per
394 3431 571 3497 ipsum
607 3429 751 3497 facta
780 3437 923 3491 sunt,
954 3439 999 3480 et
1028 3430 1139 3480 sine
1169 3428 1282 3495 ipso
1318 3428 1518 3497 factum
1543 3438 1619 3481 est
1655 3422 1739 3480 ui-

179 3520 259 3583 hil,
285 3523 417 3588 quod
465 3521 673 3585 factum
707 3528 805 3571 est.
853 3517 1081 3584 Quando
1110 3517 1330 3571 Factum
1371 3531 1470 3581 est,
1506 3522 1742 3585 ponitur,

179 3613 232 3660 ad
262 3619 541 3665 creaturas
569 3611 875 3673 descendit;
911 3610 1129 3679 quando
1167 3609 1323 3675 Erat,
1358 3610 1422 3663 ad
1458 3621 1741 3665 auctorem

178 3702 434 3769 ascendit;
474 3710 531 3756 ‘et
568 3713 761 3755 rursus
805 3699 928 3754 Vita
972 3710 1113 3766 erat,
1164 3717 1352 3755 rursiis
1401 3702 1640 3755 ascendit
1677 3702 1743 3754 ad

175 3794 459 3848 etlecmrem
491 3811 519 3873 ;⁸
548 3795 749 3848 scalam
780 3794 941 3849 hodie
971 3793 1125 3848 aﬂ‘ert
1158 3794 1341 3848 multis
1372 3792 1640 3863 mysteriis
1669 3807 1749 3846 re-

175 3883 382 3940 l-rtatn:
415 3888 645 3956 quando
675 3886 918 3940 ascendit
947 3886 1011 3939 ad
1052 3886 1240 3949 Deum,
1274 3884 1431 3947 Erat,
1465 3885 1747 3952 praedicat;

176 3979 370 4041 quando
399 3976 694 4032 descendit
722 3977 785 4029 ad
821 3986 1100 4031 creaturas
1130 3975 1615 4041 assumit,l"actum
1649 3985 1749 4038 est;

175 4073 368 4136 quando
398 4064 652 4123 as‘cendit
685 4072 749 4123 ad
780 4070 965 4133 Deum,
997 4050 1213 4139 deponit
1245 4070 1394 4135 illud,
1432 4068 1600 4122 Facta
1628 4076 1751 4122 sunt

176 4172 219 4212 et
247 4160 471 4215 Factum
500 4174 601 4225 est,
640 4174 693 4215 et
733 4164 895 4216 sumit
934 4162 1087 4216 Erat.
1128 4163 1359 4217 Sanctus
1390 4162 1662 4217 Maximus
1689 4164 1742 4216 iit

177 4256 397 4306 centuria
434 4263 619 4317 sexta,
647 4269 769 4322 cap.
795 4252 865 4305 84
890 4269 903 4305 :
932 4252 1157 4305 Mu’ltum
1182 4254 1314 4308 ualet
1342 4255 1512 4308 oratio
1526 4255 1741 4323 justi",

176 4360 282 4411 qua:
310 4348 496 4415 agitur
535 4350 651 4424 sive
681 4361 709 4399 a
738 4348 904 4413 justo,
940 4348 1032 4414 qui
1086 4361 1206 4401 eam
1240 4349 1454 4402 adhibet
1478 4387 1492 4411 ,
1529 4348 1640 4402 sive
1675 4351 1744 4403 ah

1854 3338 2226 3412 modocunqu‘e
2274 3339 2488 3407 ligatur,
2526 3354 2631 3392 non
2666 3349 2906 3393 creatum
2932 3354 3072 3401 esse,
3101 3357 3164 3394 eo
3199 3344 3345 3397 venit
3369 3335 3436 3396 ut

1852 3430 1995 3484 tlirat
2033 3431 2176 3498 quod
2210 3442 2454 3483 creatum
2475 3440 2556 3485 est
2586 3442 2831 3484 creatum
2868 3448 2970 3484 non
3007 3446 3147 3493 esse,
3171 3434 3431 3502 autquod

1852 3531 1935 3573 est
1970 3536 2073 3574 non
2102 3530 2258 3586 esse;
2291 3530 2717 3597 etqutecunque
2765 3521 2875 3574 alia
2905 3536 2966 3575 et
3002 3524 3436 3578 contradictione

1853 3618 2176 3683 Sequuntur.

2441 3728 2670 3786 CAPUT
2724 3729 2837 3784 ΥΠ.

1854 3838 2004 3913 Quod
2034 3841 2207 3895 uul'us
2259 3859 2502 3897 numerus
2550 3845 2796 3903 duorum,
2840 3854 2933 3897 aut
2979 3846 3258 3899 multitudo
3311 3859 3429 3913 post

1924 3918 2195 3984 numerum
2221 3915 2464 3977 duorum,
2506 3925 2597 3967 aut
2628 3916 2776 3966 aliud
2805 3917 2928 3984 quid
2964 3922 3241 3969 secuutluw
3283 3934 3432 3984 Supe-

1926 3982 2036 4062 rius
2075 3992 2125 4034 et
2162 3984 2386 4050 inferius
2423 3988 2727 4052 procedens,
2758 3982 3023 4053 inﬁnitum
3052 4000 3097 4039 et
3132 3989 3245 4041 siue
3279 3982 3429 4056 priu-

1926 4060 2062 4119 rtpio
2089 4069 2198 4105 esse
2220 4064 2405 4120 potest.
2842 4060 2849 4069 ‘
3420 4078 3421 4083 η

1926 4165 2153 4235 Magnus
2195 4166 2508 4237 Dionysius,
2544 4171 2715 4235 capite
2740 4169 2772 4221 ιι
2805 4169 2877 4221 De
2907 4172 3094 4224 divinis
3128 4174 3426 4226 nominibus

1854 4257 1928 4309 ait
1960 4274 1973 4309 :
2003 4259 2190 4309 Umuis
2225 4273 2485 4313 numerus
2519 4261 2749 4312 duorum
2796 4276 2901 4313 non
2943 4274 3025 4313 est
3055 4260 3377 4329 principium
3408 4276 3423 4324 ;

1854 4352 2031 4404 unitas
2061 4361 2236 4405 autem
2265 4353 2368 4405 erit
2404 4342 2725 4420 principium
2755 4356 2994 4407 omnium
3030 4355 3276 4408 duorum.
3311 4358 3428 4421 Qtto

177 4431 287 4496 alio,
314 4436 408 4502 qui
445 4450 572 4489 eam
623 4449 651 4487 a
695 4435 847 4504 justo
900 4436 1144 4490 adhiberi
1203 4437 1456 4505 postulat.
1509 4437 1553 4490 A
1599 4439 1746 4509 justo
1784 4459 1826 4511 ι)
1853 4445 1904 4495 itt
1937 4444 2054 4496 loco
2088 4452 2309 4497 Sanctus
2339 4442 2607 4498 Maximus
2644 4463 2657 4497 :
2698 4444 2750 4497 lu
2790 4446 3051 4512 numeris,
3087 4448 3279 4515 inquit,
3323 4450 3429 4502 dno

235 4614 279 4647 υ
302 4616 476 4672 Exod.
508 4631 589 4675 ιη,
636 4614 725 4669 14.
798 4614 846 4645 ⁸⁸
873 4613 1033 4669 Joan.
1065 4631 1104 4679 t,
1142 4613 1225 4668 18.
1301 4616 1347 4649 ⁸⁸
1372 4614 1532 4672 Rom.
1575 4633 1650 4683 Ix,
1684 4618 1735 4672 5.

1812 4620 1860 4652 ιι
1909 4617 2025 4675 Jac.
2063 4622 2205 4688 v,t6.

2285 4624 2330 4655 “
2363 4625 2567 4679 Coloss.
2602 4640 2638 4689 ι,
2686 4624 2775 4688 28,
2804 4625 2898 4679 29.

1684 4738 1962 4801 Schoha.

239 4841 310 4912 (i)
361 4838 491 4893 Non
549 4836 702 4890 medii
743 4834 992 4912 ordinis._
1029 4835 1256 4890 Medium
1311 4836 1556 4912 ordinem
1585 4910 1591 4912 _
1617 4841 1745 4912 dicit

176 4906 419 4977 lairorntu
451 4951 466 4969 ,
526 4911 616 4975 qui
670 4917 793 4957 sunt
850 4906 1119 4977 baptismo
1159 4916 1363 4957 tantum
1404 4906 1637 4966 initiati;
1689 4908 1741 4962 lii

177 4975 305 5034 enim
340 4987 469 5033 sunt
500 4977 659 5029 medii
695 4977 832 5027 inter
862 4975 1302 5035 catechumenos,
1325 4977 1414 5042 qui
1447 4992 1744 5044 purgantur

175 5054 234 5103 ad
282 5050 630 5112 baptismum,
666 5058 719 5098 et
759 5050 897 5097 inter
927 5046 1412 5109 t-Otnmunicantes,
1443 5048 1533 5113 qui
1584 5054 1743 5115 perit-

175 5130 402 5175 Cutnlur.
436 5118 574 5171 Sunt
619 5127 797 5169 autem
836 5116 1108 5176 monachi,
1144 5127 1414 5182 qttatenus
1450 5119 1697 5170 monachi
1726 5159 1741 5183 ,

178 5207 273 5242 non
304 5190 467 5255 hujus
498 5187 657 5239 medii
695 5187 901 5237 ordinis
929 5186 1187 5239 laictirum
1214 5204 1226 5248 ;
1272 5185 1560 5253 perfectior
1591 5192 1736 5241 enim

176 5272 249 5313 est
272 5275 465 5311 eorum
498 5265 694 5317 status,
721 5270 881 5323 quam
915 5255 1194 5310 laicorum.
1231 5257 1283 5307 Id
1314 5259 1454 5320 quod
1494 5257 1640 5310 locus
1665 5262 1744 5311 eis

179 5330 229 5381 in
258 5328 498 5381 Ecclesia
532 5330 859 5395 aSsiguatus,
898 5338 1150 5393 tanquam
1199 5327 1249 5376 in
1287 5330 1533 5392 sytu‘hoto
1572 5330 1741 5393 signi-

177 5402 329 5461 ticat;
358 5408 446 5451 est
493 5411 638 5451 enim
691 5413 857 5465 prope
901 5396 1119 5465 januas,
1151 5397 1359 5465 tettipir
1392 5395 1742 5463 propinquum-

174 5470 366 5538 popqu
402 5478 521 5535 post
568 5483 658 5519 eos
693 5463 803 5538 qui
843 5476 972 5518 sunt
995 5464 1212 5538 ordinis
1238 5463 1628 5538 ecclesiastici,
1684 5481 1741 5521 ut

179 5533 455 5607 Dionysius
497 5538 548 5588 iu
600 5533 821 5605 cpistola
875 5538 938 5587 ai
993 5533 1364 5601 Deutopltilutn
1414 5548 1735 5593 monachum

173 5611 390 5677 scripsit
433 5624 447 5659 :
485 5607 741 5660 Ordinem
799 5622 924 5658 vero
982 5607 1370 5677 monachorum
1417 5607 1547 5677 dicit
1599 5608 1734 5662 idem

177 5672 463 5747 Dionysius
506 5694 628 5732 esse
672 5677 952 5730 celsior-cm
987 5675 1239 5728 omnibus
1273 5672 1577 5737 ordinibus,
1626 5696 1731 5735 non

175 5746 389 5814 quidem
436 5748 720 5802 conferens
758 5763 880 5799 eum
931 5762 1052 5799 cuin
1093 5746 1378 5805 diaconis,
1428 5748 1518 5812 qui
1574 5750 1727 5813 primi

175 5829 439 5887 purgant;
496 5835 668 5887 neque
712 5834 831 5871 cum
882 5815 1225 5884 presbyteris,
1275 5816 1362 5881 qui
1404 5823 1622 5870 secundi
1676 5833 1729 5874 et

1859 4841 2019 4922 medii
2053 4840 2395 4922 illuminant;
2442 4853 2494 4922 et
2549 4845 2718 4922 inulto
2755 4843 3094 4922 minuscum
3157 4850 3426 4922 epist-epis

1855 4911 1947 4977 qui
1977 4911 2119 4963 tertii
2172 4919 2224 4962 et
2277 4914 2471 4965 sutnmi
2511 4915 2830 4981 perﬁciunt;
2863 4918 2955 4967 sed
2992 4932 3109 4967 cum
3146 4911 3428 4976 ordinibus

1853 4994 2037 5032 eorum
2068 4981 2159 5047 qui
2196 4980 2722 5054 adhuepurgantur,
2754 4999 2817 5035 ex
2850 4984 3046 5052 quibus
3091 4990 3249 5054 primi
3300 5006 3428 5046 stitit

1852 5054 2252 5124 catechumeni,
2299 5052 2390 5119 qui
2437 5064 2736 5124 purgantur
2763 5054 2828 5105 ad
2861 5052 3180 5118 baptismum
3213 5073 3309 5124 per
3334 5081 3429 5114 ea-

1855 5121 2145 5196 techesiui;
2182 5124 2404 5174 Secundi
2427 5126 2536 5196 qui
2564 5137 2687 5175 sunt
2720 5123 2770 5175 in
2804 5136 3044 5191 peCrato,
3069 5127 3157 5194 qui
3192 5121 3426 5196 purgan-

1852 5198 1937 5241 tur
1967 5206 2060 5257 per
2090 5191 2391 5243 doetrtnam
2424 5190 2715 5257 Scriptura:
2747 5190 2970 5255 sancite,
3009 5208 3063 5245 ttt
3087 5190 3350 5252 'teredaiit
3394 5220 3424 5256 a

1850 5268 2067 5338 peccato
2088 5277 2101 5323 ;
2126 5331 2131 5338 1
2158 5262 2300 5313 tertii
2331 5272 2456 5339 sunt
2514 5263 2863 5343 vitet-gumetii
2888 5303 2913 5343 ι,
2959 5265 3061 5343 Δ(ιιιὶ
3125 5281 3412 5335 purgantur.

1847 5331 2183 5391 exorcismis,
2209 5332 2527 5383 utresistaut
2555 5334 2767 5384 l'ortttct'
2794 5331 3026 5391 diahold.
3048 5345 3103 5385 et
3124 5331 3424 5397 terroribus

1846 5400 2002 5464 ejus;
2040 5401 2216 5467 quarti
2268 5411 2390 5453 suul
2420 5418 2506 5468 qui
2535 5414 2659 5454 sunt
2694 5406 2742 5475 tu
2793 5409 3133 5469 pmttttt'lttla,
3167 5424 3256 5471 qut
3296 5425 3425 5475 pur-

1846 5482 2060 5536 gantur,
2091 5482 2144 5520 ttt
2177 5486 2281 5521 non
2312 5485 2653 5523 revertantur
2682 5473 2745 5523 ad
2780 5485 3095 5540 peccatum;
3127 5475 3208 5525 his
3248 5473 3426 5529 orum-

1847 5546 1946 5591 lius
1996 5540 2279 5592 ordinibus
2330 5541 2617 5606 perfectior
2680 5554 2759 5594 est
2807 5546 2938 5593 ordo
2992 5547 3375 5599 monachorum

1845 5610 1969 5675 quia
2000 5620 2056 5660 ut
2085 5598 2342 5663 monachi
2368 5623 2513 5674 sunt,
2551 5616 2758 5663 ratione
2810 5612 3035 5663 instituti
3086 5598 3371 5670 nxonasttei

1846 5670 2040 5733 mortui
2077 5694 2206 5733 sunt
2237 5685 2452 5745 ttntndo,
2492 5670 2546 5734 et
2594 5697 2811 5734 tarnem
2846 5697 2997 5743 suam
3034 5699 3154 5737 runt
3186 5688 3340 5742 \‘ittts
3373 5670 3430 5751 υἱ

1840 5752 2295 5820 concupiscentiis
2323 5756 2729 5805 etuttliacrunt.
