3780 6538
434 392 494 474 9i
512 409 532 473 ι

1623 372 1942 456 ιῡλΝΝις
1978 367 2548 454 CYPARISSIOTJE

3527 337 3616 449 “iii.

433 522 847 586 multitudinem,
879 533 994 590 quae
1020 520 1071 574 in
1104 515 1345 573 numeris
1375 510 1698 570 divisionem
1725 511 1908 572 habet,
1939 509 2004 562 ad
2037 513 2081 570 Α
2111 504 2358 576 cogitari,
2403 502 2494 557 sed
2532 498 2709 571 potius
2757 503 2997 566 potestas
3045 463 3292 564 quaedam
3325 510 3499 564 expers
3525 516 3619 566 pay.

434 620 592 674 ﬁnem
627 617 850 675 ducunt,
884 613 1058 684 posita
1093 609 1310 680 quidem
1345 608 1551 662 unitate
1592 605 1862 676 principio
1891 617 2008 657 om-

435 713 518 768 nis
549 711 794 773 numeri;
826 706 1037 764 duobus
1074 716 1203 758 vero
1251 701 1444 772 positis
1484 698 1752 770 principio
1798 693 2010 750 numeri

436 804 604 876 paris.
638 803 695 858 Si
748 801 913 870 igitur
946 797 1271 868 principium
1323 793 1594 863 signiﬁcat
1639 789 1781 861 quod
1827 796 1910 844 est
1957 787 2009 840 in

442 886 770 966 unoquoque
795 905 994 961 genere
1021 886 1509 958 simplicissimum,
1531 884 1799 952 quomodo
1825 893 2015 934 nume-

443 1004 539 1043 rus
589 987 815 1040 duorum
863 986 968 1037 erit
1012 977 1335 1050 principium
1370 972 1658 1031 omnium?
1706 970 1824 1025 Non
1868 968 2012 1022 enim

426 1092 706 1135 numerus
733 1077 961 1131 duorum
989 1067 1567 1142 priticipiutn'sitnplex
1602 1073 1704 1130 εει,
1738 1063 1832 1116 sed
1867 1063 2017 1115 com-

425 1172 706 1243 positum,
751 1166 1077 1238 principium
1125 1162 1288 1233 igitur
1338 1174 1404 1221 es
1454 1143 1846 1224 compositione
1890 1165 2019 1205 con-

424 1275 618 1328 stans,
651 1275 756 1316 non
787 1270 868 1314 est
899 1255 1154 1326 simplex,
1180 1267 1234 1309 et
1259 1248 1530 1322 quomodo
1556 1244 1836 1300 vocabitur
1871 1241 2021 1312 priri-

445 1356 682 1427 cipium?
711 1353 866 1424 ξΑιιιε
910 1348 1234 1420 principium
1283 1345 1429 1399 enim
1474 1338 1865 1410 compositum,
1919 1332 2022 1388 erit

420 1449 662 1522 proprie
693 1440 1268 1522 pri.ncipium_unitas,
1295 1451 1360 1492 ex
1389 1449 1517 1505 qua,
1551 1430 1850 1488 unitatibus
1878 1438 2025 1480 com-

447 1514 662 1610 positis,
695 1514 942 1613 couiecta
975 1517 1106 1588 sunt
1151 1529 1288 1594 duo;
1320 1527 1560 1595 undique
1606 1522 1768 1594 igitur
1798 1514 2024 1572 manife-

444 1645 591 1690 Stnm
622 1639 703 1686 est
739 1643 842 1683 non
871 1641 992 1682 esse
1018 1622 1344 1693 principium
1378 1630 1660 1672 numerum
1689 1615 1935 1667 duorum.
1961 1606 2027 1660 Et

449 1738 638 1782 rursus
667 1723 809 1778 idem
846 1721 896 1774 in
939 1712 1059 1772 aliis
1087 1731 1104 1771 :
1133 1715 1249 1770 Non
1279 1721 1492 1784 potest,
1531 1707 1734 1776 inquit,
1769 1712 2028 1758 numerus

453 1820 680 1874 duorum
711 1831 831 1872 esse
863 1813 1140 1876 inﬁnitus;
1175 1816 1411 1880 unitates
1440 1804 1582 1860 enim
1634 1801 1754 1870 ejus
1800 1798 1940 1850 inter
1969 1807 2028 1851 se

435 1928 549 1984 -ρει-
578 1908 968 1980 appositionem
996 1902 1327 1973 compositae,
1362 1913 1423 1952 se
1452 1907 1642 1950 mutuo
1689 1890 1982 1946 terminaut
2006 1901 2022 1950 ;

431 2008 598 2074 'qnod
629 2003 672 2057 si
705 2012 963 2055 numerus
993 1998 1221 2050 duorum
1253 2008 1356 2045 non
1391 1997 1570 2074 po‘test
1607 1999 1727 2039 esse
1756 1980 2024 2043 inﬁnitus,

431 2106 512 2151 ἰιι
545 2098 972 2152 demonstratum
1015 2094 1121 2152 est,
1181 2098 1355 2154 neque
1395 2063 1658 2152 principio
1688 2067 1894 2131 scilicet
1935 2081 2027 2125 ca-

452 2204 571 2245 rere
607 2194 808 2257 potest,
836 2182 960 2253 quia
983 2179 1164 2235 omnis
1199 2175 1408 2230 numeri
1437 2173 1668 2227 duorum
1701 2165 2026 2236 principium

433 2293 538 2339 est
562 2280 785 2343 unitas;
816 2273 964 2346 quod
997 2273 1040 2327 si
1073 2287 1180 2326 non
1207 2276 1356 2322 caret
1389 2261 1675 2334 principio,
1724 2260 1884 2328 igitur
1932 2269 2031 2309 nec

458 2384 546 2434 est
573 2370 868 2428 immobilis
900 2366 1173 2438 (movetur
1204 2362 1348 2416 enim
1379 2370 1608 2412 numero
1633 2368 1696 2407 ex
1732 2349 2031 2404 unitatibus

443 2462 755 2520 secundum
792 2453 1224 2524 conjunctiouem
1257 2444 1620 2515 composito);
1655 2439 1802 2510 quod
1850 2446 2030 2492 autem

461 2565 732 2617 movetur,
770 2565 875 2607 non
919 2556 1004 2603 est
1032 2544 1378 2617 principium,
1407 2540 1500 2594 sed
1535 2551 1600 2591 es
1638 2533 1903 2605 principio
1930 2529 2033 2584 sci-

446 2651 588 2704 licet
614 2645 906 2703 moventis.
934 2640 1048 2695 sola
1070 2647 1248 2692 autem
1275 2634 1454 2688 unitas
1488 2630 1706 2700 pr0prie
1730 2634 1813 2682 est
1845 2627 2036 2678 immo-

454 2743 615 2798 "hiiis.
647 2740 712 2794 Et
741 2750 932 2792 rursus
961 2734 1102 2787 idem
1131 2747 1144 2784 :
1170 2727 1367 2789 Omne,
1406 2723 1602 2794 inquit,
1633 2719 1776 2792 quod
1808 2718 1861 2773 in
1897 2715 2036 2772 mul-
2060 2716 2074 2728 ’

454 2832 698 2887 titudine
728 2825 1086 2898 quantitatem
1121 2818 1303 2883 habet,
1336 2829 1439 2870 non
1468 2818 1646 2882 potest
1689 2821 1810 2863 esse
1853 2803 2038 2859 inﬁni—

462 2935 606 2988 ‘tum,
641 2893 816 2988 neque
850 2914 966 2970 sine
994 2908 1259 2982 principio
1294 2906 1346 2960 id
1368 2945 1384 2972 ,
1415 2917 1536 2960 cum
1568 2913 1674 2971 quo
1705 2897 1935 2952 alterum
1967 2893 2042 2950 sic

480 2982 602 3069 ιιιιιι⁷
621 2982 908 3081 cogitatur.
947 3005 1013 3058 Et
1045 3016 1230 3057 rursus
1266 3000 1446 3054 idem:
1480 2991 1669 3058 Nemo,
1709 2987 1907 3057 inquit,
1951 2982 2044 3054 qui

473 3109 603 3173 duo,
631 3114 726 3161 aut
759 3101 924 3158 multa
955 3099 1077 3154 sine
1115 3093 1382 3168 principio
1413 3104 1535 3144 esse
1566 3086 1719 3148 dicit,
1749 3083 1836 3153 pie
1863 3079 2046 3133 vivere

476 3166 693 3271 poterit.
717 3194 862 3249 idem
890 3166 1210 3246 iu'centuria
1238 3183 1392 3238 tertia
1411 3182 1477 3235 de
1497 3179 1597 3233 cha
1609 3176 1790 3239 ritate,
1807 3185 1929 3241 cap.
1951 3166 2045 3220 Ἧι

415 3321 426 3334 κ
472 3264 615 3348 Deus
648 3289 901 3358 quidem,
933 3281 1108 3351 inquit
1131 3317 1145 3343 ,
1189 3278 1280 3346 qui
1317 3284 1400 3330 est
1431 3275 1544 3343 ipsa
1570 3286 1663 3341 per
1686 3264 2046 3329 se.cxsisten-

475 3387 572 3450 tia,
602 3383 720 3450 ipsa
757 3394 849 3448 per
883 3391 942 3431 se
975 3374 1189 3430 bonitas
1218 3381 1272 3424 et
1299 3364 1584 3436 sapientia,
1617 3362 1748 3426 imo,
1779 3368 1838 3412 nt
1867 3355 2046 3409 verius

474 3478 674 3537 dicam,
711 3486 872 3539 supra
911 3467 1092 3524 omnia
1135 3464 1270 3526 haec,
1304 3458 1437 3514 nihil
1467 3456 1680 3526 penitus
1719 3453 2046 3504 habet'con-

479 3569 710 3622 trari'um
751 3573 1052 3617 :‘creaturte
1087 3571 1216 3608 vero
1237 3592 1252 3618 ,
1279 3567 1398 3621 qua:
1427 3561 1615 3602 omnes
1641 3542 1854 3613 quidem
1883 3535 2050 3608 parti-

479 3658 748 3728 eipatioue
771 3664 823 3707 et
853 3651 1024 3721 gratia
1055 3646 1345 3705 exsistunt,
1377 3638 1493 3693 alia:
1516 3648 1644 3689 vero
1676 3631 1882 3685 ratione
1913 3634 2051 3704 prae-

481 3719 609 3806 dita:
643 3756 790 3809 sunt,
833 3719 886 3799 et
935 3741 1416 3809 iiitclligentes,.ct
1448 3729 1512 3783 ad
1551 3721 1865 3794 capiendam
1897 3719 2053 3773 bonis

483 3853 654 3897 tatem
691 3850 744 3893 ct
775 3835 1094 3904 sapientiam
1145 3840 1282 3894 apt-se
1309 3864 1325 3893 ,
1371 3819 1700 3878 contrarium
1734 3815 1956 3877 habent,
2001 3810 2052 3863 iu

485 3935 592 3989 illis
642 3930 860 4001 quidem
896 3926 1177 3986 exsistere,
1211 3929 1265 3974 et
1315 3932 1421 3970 non
1478 3922 1744 3966 exatstcre
1782 3901 2054 3962 contraria

486 4035 614 4082 sunt
647 3993 750 4077 z-iu
789 4021 872 4072 his
899 4032 1025 4069 vero
1071 4009 1339 4066 habilita-ti
1389 4001 1646 4060 bonitatis
1688 4008 1742 4052 ct
1776 3993 2058 4066 sapientiae

488 4116 763 4178 contraria
816 4121 945 4169 sunt
997 4107 1186 4162 vitium
1227 4111 1279 4158 et
1332 4097 1667 4170 ignorantia,
1700 4101 1754 4148 et
1797 4090 2061 4146 exsistere

487 4215 704 4285 quidem
736 4219 968 4277 semper,
995 4209 1088 4257 aut
1110 4215 1214 4252 non
1251 4196 1534 4256 exsistere,
1563 4190 1676 4245 haec
1703 4189 1755 4239 lu
1790 4189 2063 4254 potestate

489 4274 608 4379 ejus
642 4312 769 4360 sunt
803 4274 894 4370 qui
925 4312 990 4352 ea
1016 4293 1194 4350 cll'ecit
1219 4307 1235 4356 ;
1263 4285 1591 4359 participare
1623 4289 1802 4334 autem
1853 4274 2066 4330 bonita-

491 4367 602 4456 tem
627 4406 682 4452 et
711 4367 1161 4463 sapientiam,aut
1194 4399 1296 4437 non
1329 4376 1676 4449 participare,
1711 4367 2068 4446 invvoluntate

492 4506 678 4550 eorum
712 4459 795 4543 esi
827 4485 918 4554 qui
951 4477 1242 4551 participes
1275 4470 1500 4527 rationis
1529 4473 1675 4522 sunt.
1713 4463 1879 4530 Greg.
1907 4459 2066 4530 Nyss.

499 4585 635 4642 libro
665 4551 1063 4647 primo—Contra
1096 4563 1440 4625 Eunomium,
1471 4571 1593 4626 cap.
1618 4553 1684 4608 19
1711 4571 1724 4607 :
1757 4551 1873 4606 Non
1901 4551 2082 4606 termiv

499 4641 685 4729 natum
722 4671 862 4724 idem
888 4676 992 4730 cst,
1019 4661 1162 4730 quod
1196 4655 1494 4713 inﬁnitum,
1522 4647 1732 4701 inﬁnito
1755 4654 1934 4698 autem
1965 4641 2084 4710 plus

497 4775 594 4819 aut
630 4764 809 4816 minus
828 4757 1065 4824 cogitare
1087 4760 1344 4806 extremae
1365 4740 1648 4797 dementia:
1671 4745 1784 4802 est;
1812 4733 2081 4804 quomodo

501 4858 644 4914 enim
682 4853 816 4908 ratio
847 4845 1044 4903 inﬁniti
1077 4839 1281 4899 servari
1313 4842 1502 4906 queat.
1536 4831 1579 4885 si
1626 4829 1747 4900 plus
1777 4838 1870 4882 aut
1901 4829 2082 4880 minus

505 4954 557 5005 iu
609 4950 727 5018 ipso
754 4935 1154 5000 decernuntur?
1191 4948 1253 4986 ex
1301 4919 1657 4997 dispositione
1693 4921 1838 4977 enim
1891 4920 2076 4972 [inium

507 5012 772 5104 inter-sc;
805 5037 943 5106 quod
977 5034 1099 5102 plus
1131 5034 1234 5090 est,
1267 5015 1733 5090 dijudicamus,__in
1762 5012 1956 5080 quibus
1984 5024 2078 5061 au-

511 5146 616 5191 tem
651 5149 752 5186 non
785 5139 870 5181 est
905 5127 1045 5185 ﬁnis,
1077 5115 1345 5189 quomodo
1376 5120 1552 5182 potest
1578 5109 1700 5178 quis
1727 5105 1964 5172 cogitare
1989 5116 2080 5152 sti-

511 5219 814 5296 prtﬂueus?
865 5216 1008 5292 Idem
1061 5212 1110 5262 iu
1152 5208 1337 5260 eodem
1371 5221 1384 5257 :
1418 5199 1550 5265 Quis
1598 5193 1790 5256 nescit,
1822 5188 1964 5258 quod
1998 5204 2082 5238 sc-

511 5316 746 5372 cundum
786 5297 1058 5379 propiiam
1093 5302 1352 5353 t‘utiuttcttt
1385 5290 1704 5358 simplicitas
1734 5301 1838 5338 non
1886 5280 2083 5346 recipit

510 5411 566 5464 in
604 5417 790 5462 sancta
821 5399 1086 5452 'l‘rinitaie
1125 5391 1244 5459 plus
1293 5397 1382 5438 aut.
1432 5379 1644 5435 minus?
1677 5378 1728 5429 in
1781 5389 1885 5444 qua
1937 5371 2079 5423 cuitu

514 5516 622 5554 non
656 5505 831 5566 potest
854 5493 1037 5544 tnistto
1063 5486 1327 5555 quaepiam
1357 5477 1678 5548 qualitatum
1705 5481 1757 5524 et
1789 5465 2076 5523 concursio

2121 600 2254 654 tium
2302 607 2354 650 et
2395 591 2804 676 compositiOuis
2834 589 3159 660 cogitatione
3187 590 3624 658 comprehenditur,

2114 690 2384 762 quomodo
2401 687 2596 755 aliquis
2619 694 2672 738 et
2692 686 2746 738 in
2776 682 3048 750 aliquibus
3073 680 3190 734 aliis
3221 679 3628 740 diﬂereutiamse-

2119 783 2350 841 cundum
2395 779 2516 848 plus
2546 787 2601 830 et
2637 777 2815 830 minus
2847 773 3139 840 intelligere
3174 772 3398 840 pmer‘iti
3439 772 3633 832 Omnino

2123 881 2480 937 necesse.e5t,
2510 879 2568 924 ut
2592 869 2682 939 qui
2717 869 2830 922 haec
2858 866 3059 919 variata
3101 878 3223 920 esse
3251 862 3508 932 diiudicat,
3531 884 3634 936 qua—

2124 965 2305 1020 litates
2344 963 2605 1033 quasdam
2641 961 2692 1014 iu
2733 957 3039 1027 subjectum
3066 956 3306 1010 incidere
3329 957 3525 1023 cogitet.
3552 958 3636 1012 Aut

2122 1058 2270 1112 enim
2301 1056 2503 1125 cogitat
2527 1050 2742 1108 diﬁ‘erre
2777 1051 2891 1104 hzcc
2940 1050 3234 1104 secundum
3279 1048 3632 1115 ampliationci‘n

2125 1159 2179 1204 et
2205 1147 2641 1207 diminutionem,
2681 1151 2735 1197 et
2782 1143 2851 1194 ob
2884 1140 3023 1194 hanc
3049 1153 3267 1194 causam
3307 1138 3638 1206 cogitationem

2127 1236 2521 1306 magnitudinis
2557 1230 2853 1285 introducit
2881 1231 2931 1281 in
2964 1242 3030 1282 eo
3077 1226 3220 1295 quod
3257 1225 3503 1294 quaeritur
3531 1242 3546 1279 :
3574 1235 3643 1278 aut
3684 1274 3689 1279 .

2127 1333 2424 1385 secundum
2455 1327 2830 1398 bonitateinoet
2859 1320 3151 1390 potentiam
3179 1327 3236 1372 et
3265 1318 3574 1385 sapientiam,
3599 1330 3640 1372 et

2129 1422 2172 1475 si
2204 1420 2331 1491 quid
2365 1419 2506 1472 aliud
2537 1417 2678 1468 circa
2719 1412 2886 1466 Deum
2920 1413 3007 1481 pie
3042 1408 3381 1478 intelligitur,
3404 1417 3453 1460 ιιι
3485 1408 3642 1460 redun-

2131 1515 2244 1580 det,
2280 1511 2362 1564 vel
2393 1511 2691 1569 decrescat,
2733 1503 2942 1559 eﬁicere
2979 1501 3200 1557 molitur
3237 1515 3252 1553 :
3287 1507 3442 1566 atque
3487 1498 3550 1551 ita
3581 1515 3647 1552 ra.
3699 1479 3702 1483 ’

2136 1605 2337 1658 tionem
2369 1597 2779 1671 compositionis
2810 1611 2918 1650 non
2954 1591 3193 1662 eﬁ‘ugiet.
3246 1590 3463 1660 Magnus
3488 1588 3647 1659 Diony-

2132 1695 2272 1757 sius,
2307 1691 2481 1759 capite
2512 1689 2700 1758 quinto
2737 1688 2808 1740 De
2831 1686 3020 1740 divinis
3054 1682 3352 1737 nominibus
3372 1719 3387 1742 ,
3418 1694 3511 1734 non
3539 1681 3650 1735 aliud

2138 1787 2267 1841 dicit
2294 1799 2414 1839 esse
2445 1784 2668 1842 bonum,
2701 1789 2752 1833 et
2775 1778 2919 1831 aliud
2951 1776 3094 1846 quod
3128 1783 3235 1835 est,
3271 1783 3327 1826 et
3345 1771 3479 1824 aliud
3507 1772 3650 1835 vitam,

2057 1870 2097 1928 Β
2128 1876 2210 1930 ιἐι
2240 1871 2595 1942 sapientiam;
2627 1865 2803 1940 neque
2843 1865 3139 1922 introducit
3186 1863 3384 1916 multas
3410 1874 3594 1925 causas,
3617 1874 3654 1916 et

2128 1967 2464 2030 divinitates,
2501 1963 2638 2018 alius
2666 1961 2772 2015 alia
2803 1960 3195 2027 producentes,
3217 1955 3514 2022 superiores
3535 1963 3579 2008 et
3597 1955 3654 2006 in-

2128 2061 2376 2116 feriores.
2400 2055 2476 2110 Ex
2507 2056 2591 2110 his
2622 2053 2825 2124 pateﬁt,
2857 2050 3000 2121 quod
3033 2049 3174 2104 sicut
3208 2046 3340 2100 nihil
3367 2044 3500 2114 quod
3522 2045 3657 2112 agitur

2129 2161 2221 2208 aut
2259 2158 2571 2222 generatur,
2605 2153 2689 2199 est
2722 2159 2829 2198 non
2862 2151 3128 2204 creatum,
3156 2139 3238 2194 sic
3262 2142 3439 2193 omnia
3468 2137 3576 2199 duo,
3599 2135 3659 2190 vel

2130 2244 2387 2312 deinceps
2428 2238 2736 2302 multitudo,
2765 2234 2851 2289 vel
2883 2233 3027 2287 aliud
3056 2231 3186 2302 quid
3214 2230 3504 2290 secundum
3538 2244 3660 2296 snpe-

2134 2338 2252 2394 rius
2280 2345 2334 2390 et
2369 2332 2598 2388 inferius
2629 2327 2980 2398 progrediens
3004 2365 3017 2391 ,
3057 2335 3109 2379 et
3136 2334 3194 2379 ut
3221 2321 3390 2377 semel
3423 2321 3660 2384 dicam,ita

2134 2427 2512 2487 constitutum,
2555 2431 2611 2476 ut
2642 2420 2842 2488 aliquid
2879 2419 2926 2473 ei
2957 2417 3027 2472 sit
3058 2413 3416 2478 contrarium,
3446 2411 3662 2466 inﬁnitum

2135 2536 2281 2586 esse,
2313 2527 2364 2572 et
2388 2513 2654 2586 principio
2677 2525 2864 2566 carere
2899 2524 3004 2564 non
3039 2517 3220 2578 potest
3249 2523 3266 2572 ;
3316 2504 3370 2560 in
3401 2503 3527 2558 idem
3553 2505 3662 2556 enim

2138 2610 2332 2666 recidit
2365 2609 2481 2661 sine
2506 2602 2776 2675 principio
2807 2614 2950 2664 esse,
2979 2608 3036 2654 et
3067 2611 3186 2654 esse
3217 2610 3328 2651 non
3367 2602 3608 2657 creatum;
3631 2595 3664 2645 si

2137 2713 2318 2760 autem
2371 2699 2490 2756 sine
2539 2697 2812 2768 principio
2866 2701 2982 2759 est,
3027 2691 3188 2762 plane
3234 2687 3398 2742 etiam
3448 2685 3665 2740 inﬁnitum

2139 2805 2266 2866 eam

2705 2900 2934 2958 CAPUT
2973 2886 3112 2955 Vll’l.

2156 3045 2310 3114 Quod
2351 3046 2416 3098 sit
2443 3043 2600 3097 etiam
2629 3039 2824 3107 species
2853 3027 3364 3114 circumscriptionis
3411 3037 3457 3082 et
3484 3027 3669 3090 termini,

2220 3115 2605 3180 comprehensio
2644 3100 2799 3177 atque
2823 3107 2973 3180 visio,
3006 3103 3172 3180 Deus‘
3205 3109 3386 3178 autem
3435 3111 3528 3150 uno
3554 3100 3673 3147 modo

2226 3168 2467 3239 omnibus
2491 3190 2570 3236 est
2595 3168 3083 3242 incircumscriptus
3103 3169 3205 3242 (α),
3237 3179 3292 3242 et
3312 3168 3672 3242 inaspectabilis,

2233 3236 2509 3322 sigillatim
2557 3265 2674 3304 vero
2709 3236 3051 3313 nobis'angeli
3099 3236 3146 3295 et
3200 3241 3397 3294 anima:
3439 3245 3548 3290 sunt
3585 3236 3675 3286 ina-

2231 3325 2570 3393 spectabiles.

2225 3435 2520 3507 Gregorius
2547 3429 2851 3498 Theologus
2901 3427 3041 3480 libro
3111 3421 3359 3478 secundo
3385 3422 3477 3473 'de
3515 3417 3675 3472 theoloc

2158 3533 2242 3600 gia
2280 3546 2294 3583 :
2324 3531 2388 3584 Et
2442 3525 2705 3587 nondum,
2738 3521 2931 3591 inquit,
2961 3519 3082 3573 dico
3109 3517 3327 3570 ﬁnitum
3357 3515 3562 3568 omnino
3588 3523 3675 3564 esse

2160 3626 2354 3687 Dum,
2385 3622 2429 3677 si
2462 3627 2641 3674 mente
2671 3611 3054 3684 comprehendi
3079 3619 3280 3679 potest,
3312 3623 3416 3660 una
3443 3607 3674 3670 euimspea

2160 3717 2274 3773 cies
2302 3707 2821 3778 circumscriptionis
2869 3715 2953 3760 est
2984 3704 3098 3776 ipsa
3122 3701 3548 3772 comprehensio.
3571 3697 3674 3750 Idem

2164 3807 2215 3861 in
2254 3804 2445 3860 eodem
2479 3817 2492 3853 :
2530 3802 2666 3866 Quid
2716 3795 2930 3850 tandem
2993 3795 3134 3850 Deus
3202 3794 3279 3848 sit
3335 3790 3606 3848 substantia
3640 3797 3676 3836 tl

2167 3910 2383 3959 natura,
2417 3908 2574 3949 nemo
2603 3890 2879 3945 hominum
2911 3902 3145 3956 unquam
3181 3885 3410 3953 reperit,
3436 3897 3588 3950 neque
3617 3893 3676 3931 re-

2166 3989 2345 4060 perire
2373 3990 2554 4054 queat.
2587 3981 2651 4035 Et
2683 3995 2874 4034 rursus
2898 3979 3096 4032 ibidem
3137 3993 3151 4028 :
3189 3975 3473 4035 Salomon,
3502 3972 3676 4038 _inquit,

2169 4082 2263 4149 qui
2299 4079 2403 4132 fuit
2438 4074 2736 4146 sapientior
2767 4071 2979 4126 cunctis
3009 4067 3324 4124 hominibus
3347 4065 3436 4135 qui
3465 4076 3574 4118 aute
3591 4075 3677 4115 eun

2167 4185 2223 4229 et
2257 4183 2378 4242 post
2399 4184 2521 4246 eum
2546 4166 2804 4222 fuerunt:
2837 4164 2922 4218 cui
2943 4161 3047 4217 l'uit
3079 4161 3313 4215 latitudo
3335 4158 3512 4212 cordis
3535 4157 3679 4209 donum

2176 4258 2296 4324 Dei,
2353 4265 2406 4312 et
2446 4254 2721 4308 aﬁluentia
2755 4247 3234 4320 contemplationis
3279 4246 3543 4318 copiosior
3568 4254 3682 4296 areu:

2175 4350 2602 4417 maris;'~quauto
2633 4345 2750 4416 plus
2778 4350 3051 4399 scrutatur
3067 4341 3419 4410 profundum,
3461 4343 3681 4388 tantums-

2177 4440 2260 4508 g-is
2285 4446 2518 4493 aestuat:
2554 4443 2608 4490 et
2631 4437 2790 4487 liuetn
2815 4430 3100 4500 quemdam
3135 4427 3266 4482 facit
3298 4425 3563 4495 sapientiae
3582 4423 3685 4474 inte-

2116 4553 2158 4609 ι)
2185 4536 2303 4588 nire
2334 4542 2595 4601 quantum
2629 4526 2891 4598 eﬁ‘ugera-t
2918 4525 2989 4578 ".
3035 4523 3233 4576 Paulus
3297 4533 3476 4575 autem
3519 4527 3686 4572 conatur

2188 4626 2405 4693 quidem
2435 4622 2646 4689 assequi
2679 4633 2783 4672 non
2829 4617 2953 4672 dico
2990 4628 3238 4669 naturam
3300 4611 3398 4666 Dei
3433 4611 3547 4681 (hoc
3587 4607 3684 4660 enim

2183 4714 2434 4776 Omnibus
2466 4712 2638 4766 modis
2671 4710 2783 4764 ﬁeri
2805 4723 2906 4763 non
2940 4705 3161 4777 potest),
3197 4702 3504 4773 sedjudicia
3533 4709 3683 4753 tantuui

2186 4807 2277 4862 Dei
2303 4824 2317 4873 ;
2342 4807 2464 4874 quia
2494 4817 2624 4857 vero
2655 4815 2762 4856 non
2799 4807 2973 4869 potest
3003 4797 3240 4866 reperire
3273 4796 3501 4855 exitum,
3538 4797 3681 4844 ιιεςιιιςι

2181 4899 2408 4971 gradum
2441 4908 2700 4950 ascensus
2734 4893 2913 4954 sistat,
2938 4905 3038 4944 nec
3093 4888 3186 4944 ubi
3221 4888 3434 4942 desinat
3468 4883 3686 4940 curiositas

2188 4992 2382 5044 mentis
2414 5005 2428 5042 :
2458 4989 2585 5041 dum
2617 4998 2835 5053 semper
2865 4981 3070 5050 aliquid
3099 4980 3429 5048 subapparet
3459 4977 3565 5045 ejus
3591 4979 3685 5042 quod

2187 5079 2508 5148 relinquitur
2565 5077 2767 5146 (o-retn
2801 5074 3013 5135 miram,
3044 5083 3101 5125 ut
3136 5072 3262 5124 mihi
3319 5068 3559 5122 similiter
3608 5079 3687 5116 etc“

2191 5174 2350 5238 uiat),
2381 5181 2602 5236 stupore
2631 5165 2932 5219 orationem
2963 5160 3388 5223 circumscribit;
3421 5169 3474 5210 et
3497 5154 3686 5209 divinitas

2192 5265 2304 5326 Dci,
2334 5270 2494 5329 atque
2515 5256 2834 5325 profundum
2861 5256 2996 5308 hanc
3015 5268 3126 5306 rem
3161 5261 3331 5314 vocat,
3365 5253 3686 5310 c0.ilHelttrq.-c

2187 5357 2387 5426 judicia
2428 5353 2520 5404 Dei
2567 5349 2950 5418 comprehendi
3008 5361 3116 5399 non
3148 5361 3304 5414 posse
3335 5345 3404 5406 ‘8;
3431 5341 3688 5394 cadendi-rc

2191 5413 2351 5518 atque
2390 5446 2553 5524 David
2589 5413 2838 5514 loquens,
2879 5441 2974 5511 qui
3013 5413 3157 5494 nunc
3185 5439 3406 5508 quidem
3427 5413 3601 5505 judicia
3629 5429 3688 5480 lict

586 5687 626 5716 ⁵⁷
663 5681 726 5739 ιιι
759 5679 889 5746 ειυς.
915 5691 989 5740 iv,
1019 5671 1079 5724 ’51
1117 5670 1310 5734 ;Prov.
1355 5679 1450 5724 xii,
1483 5675 1591 5713 sec.
1621 5651 1804 5715 LXX;
1857 5647 2059 5702 Eccles.
2121 5659 2215 5699 xu.
2279 5639 2323 5670 "
2361 5637 2496 5693 Rom
2551 5637 2641 5703 tt,l
2673 5645 2824 5702 seqq.

592 5868 666 5940 (ιι)
699 5863 833 5928 Quia
871 5873 976 5911 uno
1008 5856 1165 5910 melo
1199 5857 1278 5903 est
1306 5847 1547 5902 inﬁnitus
1581 5837 1852 5894 omnibus.
