3780 6558
151 464 237 525 913
464 501 471 505 -
719 453 959 514 DECAS
996 454 1158 519 VIII.
1184 481 1264 535 δ-·
1293 456 1390 515 DE
1432 450 1871 515 INFINITATE
1910 454 2038 513 DEl
2076 453 2656 551 INQBEATURIS.

2614 360 2639 377 \

3225 450 3337 512 9li'

142 576 513 643 mdahyssum
554 568 799 633 multam,
846 571 1004 640 cujus
1075 572 1300 627 fundum
1360 586 1637 633 mensura,
1672 574 1714 629 Α
1747 570 2015 635 hulatnus,
2044 571 2185 624 sicut
2210 570 2598 641 Apostolusait
2629 570 2695 623 ".
2726 567 2784 624 Si
2818 569 2903 623 cui
2936 569 3100 639 igitur
3141 584 3327 623 eorum

138 681 211 723 aut
232 680 369 721 sensu
400 675 495 715 non
522 659 646 716 licet
680 663 1162 730 comprehendere;
1196 664 1487 734 aliquando
1512 677 1639 719 vero

136 761 242 815 dicit
274 751 618 809 admirabilem
662 752 860 806 iactam
905 770 1026 809 esse
1052 755 1418 825 cognitionem
1462 771 1526 808 ex
1579 770 1637 809 se

134 856 243 917 ipso,
268 857 387 900 etes
439 844 514 895 sui
553 842 873 900 lormatione
920 847 989 899 ”.
1047 846 1113 900 Et
1167 847 1341 901 adhuc
1386 847 1526 901 idem
1586 848 1638 899 in

132 939 290 992 rudem
351 933 477 986 libro
527 949 541 986 :
593 933 728 997 Quia
784 936 983 1004 expetit
1041 938 1258 1003 quidem
1319 939 1495 992 omnis
1543 953 1641 990 ua-

131 1043 227 1085 ntra
267 1026 469 1091 primam
490 1038 732 1090 causam;
761 1026 1223 1092 comprehendere
1256 1042 1383 1081 vero
1416 1042 1519 1081 non
1551 1044 1643 1094 ρος

130 1132 211 1175 test
235 1127 431 1184 prapter
459 1129 672 1180 causas,
701 1132 834 1186 quas
860 1118 995 1183 dixi;
1053 1118 1303 1173 laborans
1346 1119 1639 1184 desiderio,

127 1224 169 1267 et
196 1210 334 1263 veluti
361 1209 538 1271 anxia,
572 1217 626 1262 et
658 1210 916 1263 damnum
956 1226 1060 1265 non
1097 1221 1289 1280 potens
1340 1211 1507 1275 ferre,
1556 1226 1641 1265 se-

124 1304 317 1357 cundam
350 1300 739 1367 navigationem
764 1302 1013 1370 suscipit,
1048 1313 1105 1356 ut
1133 1304 1407 1358 intueatur
1436 1305 1643 1359 scilicet

125 1400 167 1451 iu
187 1411 237 1447 ea
273 1408 381 1460 qua:
404 1402 720 1455 cernuntur,
741 1402 794 1446 et
825 1394 1025 1462 aliquid
1048 1408 1114 1449 ex
1141 1394 1220 1447 eis
1255 1395 1418 1448 iaciat
1449 1396 1641 1462 Deum,

122 1488 235 1538 male
258 1489 425 1537 docta.
454 1483 593 1547 Quid
624 1484 766 1538 enim
821 1486 963 1551 quod
996 1489 1095 1538 suh
1145 1497 1418 1553 aspectum
1476 1490 1642 1551 cadit,

122 1594 172 1629 eo
195 1576 273 1643 qui
306 1573 515 1640 aspicit,
563 1574 724 1627 altius
773 1585 827 1628 et
869 1577 977 1630 Deo
1020 1576 1249 1632 similius
1282 1588 1387 1639 est,
1447 1591 1506 1633 ut
1549 1580 1639 1635 hic

120 1666 253 1725 colat,
309 1662 430 1715 illud
456 1662 703 1719 colatur?
743 1665 975 1721 Sanctus
1000 1668 1293 1735 Gregorius
1348 1669 1642 1740 Nysscnus,

120 1760 160 1812 in
187 1757 288 1810 Vita
321 1754 520 1823 Moysis
564 1775 577 1810 :
610 1755 732 1811 Non
761 1760 953 1826 poteris
1005 1761 1179 1815 videre
1203 1760 1591 1829 faciem'meam
1624 1778 1647 1818 :

116 1868 197 1905 non
218 1849 337 1903 enim
369 1848 561 1903 videbit
589 1852 741 1903 homo
773 1853 963 1919 faciem
984 1869 1170 1917 meam,
1204 1864 1250 1908 et
1274 1856 1405 1908 vivet
1439 1856 1507 1909 ‘°.
1533 1858 1645 1910 Hoc

116 1948 387 1992 autemnon
408 1937 537 1991 dicit
559 1937 863 2007 Scriptura,
889 1941 1039 2009 quasi
1070 1940 1209 1995 Deus
1231 1942 1479 1997 sitcausa
1506 1960 1647 1997 mor-

118 2030 173 2080 tis
199 2026 477 2097 (quomodo
507 2030 651 2083 enim
690 2030 851 2084 facies
878 2030 1000 2085 vitae
1027 2031 1139 2085 fieri
1174 2049 1411 2103 unquam
1474 2044 1648 2103 potest

112 2134 243 2172 causa
267 2119 449 2173 mortis
477 2120 562 2174 eis
592 2122 679 2189 qui
716 2118 1283 2193 appropinquaverunt
1304 2126 1375 2193 i),
1399 2127 1492 2180 sed
1523 2126 1646 2195 quia

113 2208 226 2262 Deus
251 2218 324 2263 est
360 2219 553 2264 natura
585 2212 712 2265 vitae
761 2222 974 2279 auctor,
1016 2215 1293 2283 pr0prium
1346 2225 1526 2269 autem
1570 2216 1647 2270 si-

110 2315 241 2367 gnum
269 2300 459 2355 divina:
514 2310 722 2357 natura:
775 2313 857 2358 est
895 2318 1017 2359 esse
1056 2305 1256 2359 celsius
1296 2310 1437 2360 omni
1468 2307 1643 2375 signa.

110 2392 190 2455 Qui
208 2392 357 2461 igitur
382 2393 588 2461 aliquid
617 2408 805 2448 eorum
854 2411 975 2465 qua:
1021 2396 1445 2466 cognoscuntur,
1481 2398 1645 2453 Dcunt

106 2498 204 2538 esse
232 2484 548 2548 arbitratur,
588 2497 842 2556 tanquam
874 2490 941 2543 ab
965 2504 1029 2543 eo
1050 2490 1141 2558 qui
1177 2506 1306 2545 vere
1363 2500 1469 2558 est,
1504 2494 1647 2548 male

111 2572 320 2629 deﬂexus
353 2576 418 2629 ad
460 2578 515 2631 id
560 2579 702 2647 quod
751 2581 1238 2648 comprehensione
1258 2581 1394 2637 ficta:
1439 2585 1646 2652 cogita-

106 2665 242 2720 tionis
266 2681 383 2721 esse
405 2668 780 2732 existimatur,
818 2672 983 2726 vitam
1017 2689 1121 2727 non
1154 2674 1335 2729 habet.
1366 2676 1465 2742 Qui
1502 2678 1643 2732 enim

103 2754 370 2835 est‘auctor
385 2772 583 2813 eorum
606 2776 725 2829 qtae
750 2771 898 2825 sunt,
930 2764 976 2817 is
1002 2774 1085 2819 est
1114 2780 1235 2819 vera
1258 2767 1363 2819 vita
1392 2784 1407 2830 ;
1435 2767 1521 2822 hic
1551 2783 1645 2821 auo

98 2850 188 2899 tem
219 2848 461 2914 cognosci
491 2865 601 2904 non
615 2860 790 2919 potest
816 2854 917 2923 (a).
946 2855 1081 2920 Quia
1109 2856 1643 2926 igiturcognitionem

98 2934 239 2987 vincit
269 2947 455 2991 natura
485 2938 734 2996 effectrix
760 2942 903 3006 vitae,
929 2958 1089 2999 omne
1106 2947 1248 3013 quod
1284 2946 1644 3014 comprehen-

94 3028 236 3093 ditur,
269 3047 373 3085 non
407 3042 495 3088 est
541 3034 671 3100 vita;
702 3036 842 3103 quod
876 3045 1053 3091 autem
1093 3053 1198 3092 non
1242 3046 1327 3092 est
1359 3038 1488 3102 vita,
1538 3055 1642 3094 non

95 3119 236 3175 habet
264 3131 549 3189 naturam,
581 3135 638 3179 ut
665 3125 932 3182 etIiciatnr
957 3128 1203 3183 eti‘ectrix
1232 3132 1377 3183 vitae.
1432 3129 1524 3185 Sic
1550 3145 1647 3185 ex-

1743 662 1831 727 qui
1872 671 2075 719 certant
2103 663 2205 733 (d),
2239 663 2322 717 vel
2355 662 2558 727 lumen,
2592 662 2673 715 vel
2712 662 2881 730 ﬁgura
2922 660 3210 731 qumpiam,
3238 661 3322 713 vel

1752 752 1956 821 aliquid
1986 757 2051 807 ad
2080 754 2490 811 similitudinem
2534 754 2672 824 ignis
2700 763 2979 823 appareat,
3012 768 3077 806 ue
3112 753 3318 820 ample-

1744 856 1955 901 ctamur
1989 846 2295 915 ltnjusmodi
2325 850 2523 911 visum,
2553 856 2634 901 est
2670 847 2815 907 enim
2853 846 3064 899 fallacia
3108 844 3317 898 initniri

1744 935 2052 999 manifesta,
2073 952 2191 1004 quze
2213 938 2427 1005 quidem
2463 952 2549 990 res
2567 937 2764 997 multos
2790 936 2998 999 fefellit,
3049 938 3139 1005 qui
3167 951 3326 1004 prop-

1746 1036 1826 1080 ter
1848 1029 2203 1096 ignorantiam
2229 1044 2256 1081 a
2278 1030 2359 1082 via
2385 1028 2624 1082 veritatis
2645 1028 2777 1080 male
2798 1026 3156 1080 deﬂexcrunt.
3192 1028 3327 1079 lica-

1746 1128 1829 1171 tus
1863 1117 2285 1188 Chrysostomus
2335 1119 2411 1179 in.
2444 1120 2690 1172 oratione
2739 1118 2802 1173 de.
2832 1118 3278 1187 incomprehenSn
3311 1135 3324 1171 :

1757 1208 1908 1272 Quod
1942 1209 1994 1261 in
2018 1205 2124 1262 Duo
2160 1219 2241 1262 est
2278 1209 2813 1275 incomprelt‘eustttn,
2850 1224 2953 1265 non
2985 1210 3061 1261 sic
3098 1226 3194 1261 nos
3218 1210 3325 1259 sci-

1745 1315 1885 1362 mus,
1917 1301 2055 1354 sicut
2083 1300 2183 1353 ilhc
2216 1309 2532 1370 potestates,
2584 1313 2701 1368 qua:
2741 1308 2889 1358 tanta
2922 1300 3089 1365 magis
3125 1301 3325 1362 sciunt,

1744 1401 1946 1459 quanto
1974 1391 2292 1446 mundiores
2318 1402 2370 1443 et
2409 1391 2783 1460 sapientiores
2814 1400 2866 1444 et
2896 1392 3329 1459 perspicacinrrs
3384 1392 3385 1395 “

1745 1497 1907 1552 quam
1939 1483 2176 1535 humana
2222 1491 2419 1536 natura
2454 1489 2583 1535 sunt
2615 1500 2628 1536 :
2664 1468 2911 1553 accre’uo‘
2935 1482 3077 1535 enim
3112 1481 3327 1549 sapien-

1747 1574 1834 1628 tiae
1870 1574 2229 1628 accretionem
2264 1574 2580 1629 reverentize
2603 1586 2756 1629 creat
2786 1576 2889 1641 (e);
2924 1574 3069 1627 sicut
3106 1575 3156 1625 id
3186 1573 3327 1640 qttod

1744 1679 1809 1718 ex
1856 1664 2027 1719 radiis
2057 1664 2189 1718 solis
2221 1646 2326 1717 non
2361 1674 2537 1732 potest
2602 1676 2852 1733 aspectus
2890 1664 3054 1729 terre,
3110 1680 3215 1716 non
3250 1662 3331 1716 sic

1746 1756 1923 1810 cernit
1938 1769 2137 1821 caecus,
2175 1756 2315 1809 sicut
2351 1756 2445 1825 qui
2479 1756 2627 1810 videt
2664 1770 2677 1808 :
2720 1756 2786 1809 ad
2817 1756 3065 1810 eumdem
3098 1755 3316 1808 modqu

1749 1847 1892 1913 quod
1920 1854 2003 1899 est
2034 1845 2087 1898 in
2135 1845 2245 1899 Deo
2272 1846 2806 1914 ittcoutpreheusum,
2836 1862 2944 1899 non
2989 1846 3067 1899 sic
3099 1860 3216 1905 nos,
3270 1853 3331 1903 ut

1752 1936 1849 1999 illi,
1890 1936 2268 2006 cognoscimus
2297 1953 2313 2003 ;
2346 1948 2608 2007 quantum
2640 1938 2782 1991 enim
2811 1937 3200 1992 interestintvr
3227 1952 3329 1991 ca:-

1748 2041 1869 2081 cttm
1900 2037 1953 2081 et
1978 2027 2272 2090 videntem,
2304 2036 2512 2082 tantum
2549 2028 3051 2083 interestiuternos
3084 2039 3139 2081 ct
3168 2027 3308 2080 illos.

1749 2115 1815 2170 Et
1845 2131 2034 2172 rursus
2056 2116 2195 2171 idem
2229 2117 2280 2171 itt
2311 2118 2512 2172 eisdem
2556 2135 2570 2170 :
2609 2118 2690 2175 liii
2722 2118 2887 2187 igitur
2946 2118 3123 2185 angeli
3162 2132 3325 2183 aspe-

1748 2220 1866 2261 ctus
1920 2217 2148 2277 tegunt,
2186 2208 2240 2262 hi
2271 2222 2401 2262 vero
2446 2209 2649 2278 alioqui
2687 2209 2934 2265 homines
2985 2209 3326 2262 contendunt

1749 2298 2029 2352 intendere
2065 2298 2254 2353 oculus
2295 2300 2636 2369 impudenter
2685 2300 2745 2353 in
2813 2300 3036 2369 gloriam
3088 2299 3321 2367 inexpli-

1748 2391 1999 2444 cabilem.
2033 2390 2168 2456 Quis
2190 2406 2285 2446 eos
2319 2407 2426 2447 non
2449 2391 2685 2447 deﬂeat?
2706 2391 2828 2461 quis
2855 2407 2960 2445 non
2987 2392 3160 2460 lugeat
3187 2393 3326 2453 hanc

1757 2484 2089 2545 vecordiam,
2149 2492 2200 2537 et
2255 2493 2561 2537 extremam
2596 2483 2983 2537 dementiam?
3018 2484 3079 2536 Et
3126 2483 3326 2537 iterum

1750 2575 2057 2638 idem,cum
2085 2574 2333 2642 explanat
2374 2575 2502 2629 illud
2538 2589 2555 2629 :
2615 2573 2856 2629 Vidimus
2904 2575 3147 2644 gloriam,
3186 2574 3322 2639 eius,

1755 2666 1981 2737 gloriam
2014 2667 2171 2735 quasi
2211 2665 2485 2735 Unigeniti
2536 2681 2569 2719 α
2605 2664 2765 2720 Patre
2795 2666 2882 2720 "z
2926 2666 3065 2726 Non,
3128 2666 3322 2731 inquit.

1747 2756 2089 2820 vidissemus,
2116 2757 2217 2811 nisi
2250 2771 2345 2825 per
2371 2770 2569 2825 corpus
2605 2756 2761 2811 nobis
2787 2767 3088 2820 assuetum,
3127 2766 3178 2808 et
3220 2770 3321 2808 no-

1746 2847 1951 2903 biscum
1975 2848 2144 2905 altum
2187 2848 2344 2903 nobis
2373 2849 2736 2917 apparuisset.
2770 2848 2833 2902 Et
2866 2848 3067 2912 adhuc,
3134 2848 3183 2901 in
3222 2847 3323 2907 hn-

1744 2939 1891 2994 milia
1910 2940 1979 2994 15
2011 2940 2063 2993 in
2101 2939 2360 2994 Joannem
2389 2956 2405 2997 :
2429 2940 2490 2995 Si
2515 2942 2677 2997 Deum
2696 2956 2846 2994 nemo
2864 2940 2991 2994 vidit
3008 2938 3320 3009 unquam“,

1745 3029 1873 3097 quid
1940 3029 2128 3098 igitur,
2192 3029 2388 3097 inquit,
2454 3030 2906 3099 reSpondebimus
2965 3031 3324 3100 grantliloquo

1745 3123 1919 3188 lsaias,
1951 3140 2072 3179 cum
2104 3125 2217 3179 ait:
2258 3124 2378 3178 Vidi
2411 3125 2576 3181 Deum
2607 3128 2869 3181 sedentem
2896 3142 3052 3193 super
3074 3125 3321 3181 thronum

89 3210 240 3278 pietur
266 3213 432 3285 Moysi
469 3194 800 3273 desiderium
836 3234 931 3288 per
961 3222 1012 3274 id
1042 3224 1187 3289 quod
1230 3222 1380 3287 fecit,
1424 3231 1481 3277 ttt
1525 3239 1638 3278 ma-
1666 3230 1712 3294 α
1745 3216 2026 3282 excelsum,
2059 3225 2107 3271 et
2130 3219 2185 3271 in
2215 3218 2435 3272 sublime
2467 3218 2665 3272 elatum
2699 3218 2861 3272 "?'et
2891 3217 3109 3283 Joanni,
3136 3219 3225 3287 qui
3261 3218 3309 3273 ei

91 3312 224 3357 neret
246 3306 523 3374 cupiditas
542 3308 884 3379 inexplebilis
910 3311 1009 3381 (ιι).
1028 3311 1172 3366 Idem
1196 3313 1247 3367 in
1271 3314 1645 3383 explanatione

87 3390 210 3447 illius
243 3394 621 3462 beatitudinis,
657 3399 805 3454 Beati
843 3402 1239 3471 mundoeorde,
1267 3406 1514 3467 quoniam
1542 3406 1645 3475 ipsi

88 3480 234 3537 Deum
257 3487 510 3542 videbunt
541 3489 584 3520 “
611 3505 645 3553 _:
699 3490 798 3556 Qui
837 3507 932 3546 cor
958 3508 1137 3557 suum,
1176 3495 1376 3563 inquit,
1403 3497 1469 3549 ab
1499 3496 1642 3550 omni

80 3571 346 3632 alibctione
373 3579 593 3634 turbida
637 3584 971 3649 emundavit,
1006 3585 1056 3638 in
1097 3587 1308 3654 propria
1342 3587 1647 3656 pulchritu-

81 3665 519 3738 dineitnag'netn
572 3671 1001 3728 divintenatttra:
1057 3678 1329 3747 persp'cit.
1396 3678 1643 3733 Mensura

78 3755 206 3807 enim
243 3760 661 3827 perspicientia:
694 3761 809 3826 Dei,
840 3780 957 3829 qua:
992 3780 1018 3816 a
1058 3776 1105 3817 te
1135 3767 1252 3836 capi
1284 3760 1480 3834 potest,
1519 3769 1569 3819 in
1594 3778 1645 3821 te

76 3857 167 3900 est.
206 3848 380 3917 igitur
412 3852 512 3920 qui
562 3868 621 3907 se
649 3853 765 3921 ipse
814 3855 978 3919 videt,
1009 3856 1063 3909 in
1096 3871 1153 3909 se
1184 3858 1323 3925 quod
1352 3859 1643 3924 desiderat,

72 3937 227 4003 videt,
266 3949 439 4008 atque
466 3941 543 3994 ita
578 3943 808 3998 mundus
840 3946 1002 3999 corde
1029 3945 1257 4001 eiiicitur
1280 3947 1490 4010 beatus,
1524 3965 1645 4003 cum

72 4026 278 4084 intuens
332 4031 391 4085 in
446 4047 601 4087 suam
630 4036 971 4102 munditiem,
1010 4038 1060 4092 in
1100 4039 1334 4109 imagine
1377 4055 1472 4095 sua
1504 4043 1649 4097 videt

69 4122 362 4189 exemplar.
396 4124 631 4179 Divinus
664 4124 967 4182 Diadochus
1018 4127 1119 4199 (c),
1172 4138 1226 4184 et
1275 4132 1474 4184 silentii
1532 4148 1647 4184 nta-

66 4212 245 4278 gister:
271 4213 478 4281 Nemo,
505 4215 700 4284 inquit,
726 4232 848 4272 cum
874 4233 1093 4272 sensum
1122 4221 1314 4275 tuentis
1337 4222 1502 4283 audit,
1526 4238 1652 4290 spe--

65 4311 138 4354 ret
160 4303 341 4359 videre
357 4306 540 4360 oculis
556 4306 777 4375 gloriam
801 4309 1102 4371 Dei,sentiri
1124 4312 1262 4363 enim
1284 4325 1398 4364 eam
1417 4311 1650 4367 dicimus

62 4404 214 4463 gustu
251 4403 529 4465 quodam,
552 4400 640 4468 qui
672 4402 913 4468 expromi
943 4418 1045 4457 non
1072 4414 1269 4472 potest,
1297 4404 1490 4458 divinae
1516 4420 1648 4460 con-

59 4485 366 4549 solationis,
407 4503 539 4543 cum
571 4491 690 4558 quis
714 4493 945 4544 animam
978 4493 1305 4561 purgaverit,
1338 4508 1440 4546 non
1465 4505 1644 4548 autem

1748 3305 2117 3359 testimonium
2165 3308 2386 3376 praebet,
2416 3322 2534 3359 cum
2572 3307 2648 3360 ait
2677 3323 2693 3361 :
2745 3306 2871 3360 Htec
2898 3309 3055 3372 dixit,
3090 3308 3304 3379 quando

1745 3396 1876 3449 vidit
1898 3396 2130 3465 yloriam
2177 3398 2292 3465 ejus
2333 3398 2421 3451 “‘t
2473 3398 2610 3465 Quid
2669 3398 2986 3454 Ezechieli?
3047 3401 3314 3467 siquidem

1746 3486 1861 3554 ipse
1892 3489 2053 3542 etiam
2105 3488 2236 3543 vidit
2267 3504 2387 3543 eum
2418 3491 2695 3545 sedentem
2738 3504 2903 3560 super
2924 3492 3216 3546 Cheruhim
3249 3494 3317 3545 ".

1747 3580 1882 3645 Quid
1916 3582 2293 3636 Danieli'i-cum
2319 3582 2393 3636 ait
2427 3600 2440 3636 :
2478 3583 2742 3653 Antiquus
2776 3585 2981 3637 dierum
3013 3584 3223 3638 sedebat
3251 3585 3317 3639 “.

1746 3672 1885 3738 Quid
1910 3674 2073 3743 Moysi
2099 3674 2121 3727 τ
2153 3674 2243 3742 qui
2267 3675 2395 3727 dixit
2431 3691 2446 3729 :
2484 3675 2712 3729 Ostende
2743 3676 2872 3729 mihi
2895 3676 3121 3746 gloriam
3153 3687 3319 3740 tuam,

1750 3774 1802 3816 ut
1846 3765 2121 3831 manifeste
2156 3764 2357 3818 videam
2416 3774 2465 3818 te
2521 3766 2588 3818 ".
2627 3764 2795 3820 Jacoh
2827 3777 3007 3820 autem
3047 3766 3171 3819 hinc
3220 3782 3321 3820 ιιοο

1747 3869 1870 3908 men
1904 3856 2109 3923 accepit
2140 3858 2552 3925 cognominatus
2596 3858 2780 3920 Israel,
2849 3859 2900 3909 id
2937 3866 3043 3919 est,
3073 3874 3217 3909 mens
3248 3860 3323 3911 vi-

1746 3946 1873 3998 dens
1909 3944 2071 3999 Deum
2113 3948 2180 4001 ⁷⁸.
2233 3946 2370 4013 Quid
2428 3949 2590 4017 igitur
2657 3950 2732 4001 ait
2777 3946 3023 4001 Joannes
3078 3965 3091 4001 :
3154 3947 3321 4001 Deum

1748 4054 1896 4095 nemo
1923 4039 2050 4092 vidit
2080 4040 2347 4109 unquam?
2374 4039 2563 4107 Liquet
2583 4042 2765 4094 omnia
2786 4042 2876 4094 illa
2903 4041 2973 4094 ad
2994 4020 3323 4095 condescen-

1750 4132 1956 4185 sionetn
1997 4132 2356 4199 pet-tinuiSse;
2390 4140 2515 4201 quia
2549 4134 2692 4187 enim
2729 4133 2967 4187 i'uturutn
2997 4144 3112 4187 erat
3148 4144 3203 4186 ut
3229 4131 3320 4185 Fi-

1750 4224 1856 4279 lius
1882 4226 1969 4278 Dei
2004 4227 2053 4278 itt
2071 4238 2192 4278 vera
2214 4238 2378 4281 carne
2408 4236 2712 4293 appareret,
2747 4224 3147 4281 assuefaciebat
3168 4238 3262 4277 eos
3287 4241 3314 4276 τι

1750 4314 2012 4383 principio
2032 4314 2171 4368 Deus
2198 4314 2249 4367 in
2274 4314 2440 4382 gloria
2468 4315 2556 4368 Dei
2586 4315 2836 4377 videnda,
2861 4325 3118 4384 quantum
3148 4316 3213 4366 ah
3240 4314 3320 4366 eis

1750 4406 1917 4461 vitleri
1948 4414 2176 4473 puterat.
2206 4403 2344 4470 Quid
2375 4405 2519 4459 enim
2550 4405 2619 4458 sit
2678 4404 2817 4459 Deus
2852 4421 2953 4459 non
2986 4405 3157 4458 solum
3196 4421 3319 4471 pro-

1752 4499 1948 4565 phette,
1983 4497 2075 4549 sed
2120 4511 2219 4550 nec
2273 4495 2466 4565 angeli,
2513 4512 2611 4550 nec
2656 4496 2963 4565 archangeli
3020 4496 3315 4552 viderunt:

56 4586 319 4640 apparere
348 4578 400 4631 ei
427 4578 632 4648 aliquid
654 4595 843 4634 eorum
865 4594 982 4649 quae
1003 4581 1103 4635 sub
1124 4592 1398 4650 aspectum
1420 4585 1641 4651 cadunt,
1678 4587 1722 4643 D
1752 4588 1900 4641 solus
1932 4584 2099 4639 Filius
2142 4595 2193 4639 et
2231 4585 2469 4654 Spiritus
2510 4594 2729 4638 sanctus
2760 4600 2880 4639 eum
2911 4586 3117 4639 vident.
3152 4585 3333 4650 Quo;

57 4665 331 4734 siquidem
371 4685 528 4725 nunc
565 4687 661 4741 per
690 4673 870 4738 tidem,
902 4682 957 4727 et
986 4687 1089 4725 non
1124 4688 1217 4742 per
1262 4674 1497 4742 speciem
1527 4692 1638 4733 ant-

118 4828 161 4860 "
201 4826 353 4882 Psal.
398 4846 571 4888 xxxv,
623 4845 879 4891 cxxxvnt.

52 4897 90 4928 “
132 4898 263 4951 illiti.
304 4899 403 4954 18.
510 4902 552 4932 ⁸⁵
586 4902 683 4954 lsa.
718 4916 795 4965 ιιι,
852 4901 901 4954 1.

1005 4905 1048 4935 ⁸⁸
1099 4904 1253 4959 Joatt.
1294 4921 1391 4966 xu,
1422 4907 1509 4959 M.

48 4966 89 4996 ⁵⁸
129 4965 273 5025 Gen.
315 4986 505 5031 χχχιι,
537 4970 625 5023 '28.

957 4833 1000 4864 ‘°
1051 4834 1218 4888 Exod.
1255 4851 1444 4897 sunt,
1499 4836 1588 4889 20.
1663 4834 1703 4867 ⁶¹
1762 4837 1952 4890 Matth.
2005 4854 2058 4901 γ,
2106 4838 2159 4892 8.

1005 4905 1048 4935 ⁸⁸
1099 4904 1253 4959 Joatt.
1294 4921 1391 4961 xu.
1422 4907 1509 4959 41.
1588 4907 1631 4938 ⁸⁷
1660 4907 1847 4961 Ezech.
1890 4924 1942 4961 Χ.
2001 4909 2049 4960 1.
2128 4910 2159 4937 δ’

1754 4678 1919 4733 modo
1947 4677 2091 4731 enim
2139 4676 2316 4732 omnis
2348 4686 2539 4731 natura
2581 4687 2763 4733 creata
2801 4676 2981 4732 videre
3010 4678 3205 4747 potet-it
3239 4677 3316 4748 (1,)

2237 4840 2353 4894 "ll
2403 4839 2530 4894 Cor.
2595 4856 2647 4906 ν,
2716 4843 2763 4894 7.
2844 4842 2888 4872 ⁸⁸
2918 4842 3077 4895 Joan.
3129 4858 3167 4901 ι,
3231 4841 3316 4896 14.

2128 4910 2171 4938 ⁸³
2225 4909 2358 4964 Dan.
2415 4926 2509 4973 vtt,
2556 4912 2639 4965 15.
2720 4910 2963 4967 ".Exod.
3004 4925 3197 4977 xxxttt,
3228 4910 3314 4965 18.

1552 5090 1824 5151 Schoha.

114 5210 191 5275 (i)
259 5208 435 5262 Nulla
499 5218 689 5261 natura
745 5217 924 5263 creata
986 5210 1169 5263 videre
1210 5209 1374 5263 Deum
1420 5210 1635 5278 poterit,

42 5282 170 5341 quid
212 5284 295 5334 sit
335 5296 355 5343 ;
431 5294 528 5332 nec
569 5279 710 5333 enim
762 5280 897 5331 hcati
950 5280 1032 5333 sic
1070 5278 1234 5331 Deum
1268 5281 1547 5341 videbunt,
1581 5291 1638 5334 ut

42 5353 169 5416 quid
206 5352 311 5415 sit,
344 5349 597 5403 videant.
637 5347 710 5402 De
744 5349 1047 5417 hujusmod‘t
1091 5349 1302 5404 visione
1337 5359 1391 5404 et
1445 5350 1631 5419 cogni-

108 5492 189 5569 (in)
218 5493 511 5569 Cognosci
547 5508 653 5569 non
681 5505 876 5569 potest,
910 5494 1036 5564 quid
1066 5496 1135 5551 sit
1156 5496 1361 5551 scilicet
1389 5512 1402 5549 :
1435 5499 1502 5551 de
1534 5494 1633 5548 hac

39 5567 184 5633 enim
229 5564 562 5630 cognitione
591 5564 843 5633 loquitur.

111 5632 192 5695 (ὁ)
222 5634 445 5703 Doctus
480 5634 621 5703 cnim
647 5650 909 5703 responso
934 5635 1047 5699 Dei,
1082 5636 1275 5691 desivit
1326 5635 1631 5694 desiderare

38 5704 235 5777 titlch
264 5701 470 5777 Deum
505 5704 555 5777 ιιι
612 5701 882 5777 1ιξιοξγ1ιιι,
904 5717 963 5761 et
996 5706 1247 5761 incensus
1280 5716 1362 5762 est
1392 5707 1631 5777 inexple-

39 5773 683 5826 1111ιΙυείιμ-ινξιιι’ΜιειιιΙί
722 5775 772 5825 in
805 5775 993 5829 altera.

112 5846 183 5905 (τ)
219 5842 279 5895 lzt
318 5842 505 5899 ltbcllo
543 5844 615 5898 De
639 5846 904 5900 suirituuli
935 5844 1264 5911 uerfet'tiortc.

1753 5216 1894 5287 tione
1929 5216 2019 5270 Dei
2050 5217 2349 5281 loquuntur
2381 5211 2591 5287 semper
2618 5219 2841 5287 Patres,
2880 5236 3000 5276 cum
3047 5235 3164 5275 eam
3213 5223 3313 5278 tol-

1746 5284 1861 5339 lunt
1890 5296 1944 5341 et
1967 5297 2180 5357 negant.

1784 5496 1892 5577 ⁸(ιι)
1928 5495 2210 5553 Certamen
2240 5497 2391 5561 dicit,
2431 5513 2538 5568 quo
2565 5508 2837 5553 certamus
2883 5512 3003 5553 cum
3046 5498 3161 5570 lege
3189 5515 3313 5555 car-

1743 5582 1882 5706 mié)
1914 5636 2292 5692 Reverentiam
2338 5637 2619 5692 enittr’Dco
2648 5636 2868 5708 adhibet
2912 5638 3001 5708 qui
3044 5637 3146 5692 scit
3186 5654 3305 5694 eum

1738 5723 1841 5781 non
1878 5722 2036 5775 posse
2058 5708 2480 5781 comprehendi;
2508 5718 2556 5759 et
2576 5706 2667 5781 qui
2706 5708 2877 5778 magis
2908 5706 3007 5765 hoc
3038 5709 3158 5776 scit,
3193 5726 3309 5764 ma-

1728 5776 1898 5845 jorem
1929 5777 2286 5839 reverentiam
2330 5778 2568 5831 adhibet.
