3860 6580
204 466 280 529 .917

760 424 1021 521 nscas
1060 454 1216 518 VIII.
1250 479 1318 495 -η
1357 453 1455 515 DE
1486 452 1708 514 INFIN'

1826 452 1930 511 ,ΤΕ
1971 451 2097 512 DEI
2137 451 2213 511 IN
2245 445 2700 509 CREATURIS.

3285 432 3392 505 918

204 544 439 636 niaxiinns,
470 569 751 629 secundum
774 572 1053 627 notionem
1081 544 1478 624 causze'omnia
1501 566 1569 622 de
1596 564 1706 619 Deo
1737 569 1785 632 Α
1807 564 1899 633 jus
1929 578 2118 627 causa;
2148 571 2200 617 et
2238 562 2361 617 linis
2391 560 2657 622 omnium,
2714 564 2878 625 atque
2911 553 3154 609 infinitas
3210 550 3389 604 omnis

198 664 424 737 ρηιςιιῑιιειιί
449 663 534 725 ait,
566 662 617 715 ld
641 668 747 722 est,
778 660 958 713 omnia
996 658 1046 713 in
1076 658 1198 729 ipso
1237 657 1464 727 intelligi
1488 673 1503 711 :
1530 670 1703 725 κατη-

197 742 620 829 Ῠορεῐσθαίέιιίιιι,
654 751 707 805 id
741 758 845 814 est,
879 750 1186 821 praadicari,
1231 750 1357 814 h‘bc,
1388 749 1581 819 inquit,
1613 761 1704 802 se-

194 836 379 904 eundum
408 842 737 915 philosophos
784 842 1047 906 declarat,
1083 842 1200 906 ipse
1230 850 1412 897 autem
1446 834 1587 897 nihil
1618 846 1702 894 est

196 950 351 996 eorum
382 948 590 1002 quorum
655 946 821 991 causa
882 940 1005 999 est;
1054 932 1179 1004 quia
1227 942 1311 989 est
1342 947 1504 1001 supra
1560 945 1702 993 esse,

191 1042 322 1109 quare
350 1023 640 1093 negationes
673 1024 891 1094 quidem
916 1024 1018 1087 hoc
1040 1023 1343 1087 declarant,
1376 1033 1434 1078 ut
1459 1041 1563 1077 non
1602 1027 1700 1079 ha-

191 1122 291 1174 heus
308 1118 533 1179 formam.
560 1117 675 1181 sive
694 1117 812 1173 sine
839 1118 1033 1179 forma,
1058 1116 1177 1173 sine
1202 1117 1628 1186 pulchritudine,
1650 1127 1704 1172 et

189 1210 497 1279 siinilia,illnd
511 1224 635 1267 vero
650 1223 769 1264 esse
797 1208 1181 1279 omnistigurae
1206 1219 1259 1264 et
1281 1210 1462 1265 omnis
1478 1210 1700 1282 speciei,

188 1302 383 1355 declarat
411 1302 574 1371 ipsum
619 1317 740 1356 esse
774 1288 996 1357 ca‘usam
1030 1300 1209 1356 omnis
1244 1300 1467 1370 speciei,
1500 1309 1555 1357 et
1584 1317 1699 1355 om-

188 1391 253 1445 nis
281 1390 459 1459 liguraz,
490 1390 741 1445 similiter
790 1392 1000 1461 reliqua
1041 1392 1312 1461 ejusmodi
1345 1392 1701 1463 intelligenda

186 1496 297 1541 sunt.
327 1484 455 1538 Idem
504 1496 729 1539 sanctus
764 1484 1033 1540 Maximus
1064 1487 1116 1539 in
1148 1486 1335 1541 eodem
1372 1487 1514 1549 loco,
1567 1502 1704 1541 con-

186 1590 247 1630 ιη
275 1578 383 1631 illud
434 1592 551 1635 esse
598 1578 779 1641 omnis
835 1578 1039 1646 ﬁgurae,
1090 1579 1351 1649 opposuit
1403 1595 1525 1634 esse
1586 1580 1704 1635 sine

186 1672 335 1732 lanna,
359 1672 473 1738 quia
500 1685 679 1740 supra
710 1671 1119 1741 incorporeum,
1145 1681 1199 1726 et
1247 1688 1409 1743 supra
1459 1674 1703 1729 vacatio-

183 1778 273 1816 nem
310 1754 557 1817 malai-ite:
614 1778 721 1818 non
760 1754 1030 1823 formatus
1056 1765 1123 1819 ad
1157 1764 1457 1835 quidquam
1509 1782 1705 1823 eorum

182 1867 269 1918 ψη
290 1860 418 1915 sunt,
455 1862 640 1907 contra
702 1853 829 1907 illud
886 1869 1016 1909 vero
1066 1870 1189 1911 esse
1251 1857 1431 1911 Omnis
1477 1857 1701 1925 speciei,

1809 655 2094 709 intinitatis
2121 662 2177 709 et
2213 652 2616 709 terminatiouis
2649 648 2978 709 excellenter
3002 646 3142 701 sicut
3171 643 3390 710 opposi-

1810 757 1986 803 torum
2018 747 2119 817 (2).
2164 746 2227 801 Et
2273 746 2439 809 idem,
2470 726 2520 800 in
2556 742 2795 800 secundo
2833 740 3031 804 capite,
3088 739 3153 791 de
3187 735 3391 792 eisdem

1806 841 2006 896 divinis
2032 838 2391 894 nominibus:
2454 836 2782 909 Copulatum
2827 834 3047 902 quidem
3111 842 3167 884 et
3233 845 3387 882 com~

1807 948 1972 987 mune
2003 931 2057 986 in
2093 930 2365 984 Triuitate
2421 944 2527 982 ttuo
2560 928 2801 981 omnium
2836 924 3129 994 principio,
3164 932 3217 974 et
3252 920 3388 974 sub-

1807 1025 2200 1088 stantiasupra
2244 1021 2633 1083 substantiam,
2666 1019 2923 1072 divinitas
2983 1032 3142 1087 supra
3201 1014 3393 1068 divini-

1808 1125 2018 1179 tatem;
2081 1112 2297 1167 bonitas
2358 1126 2522 1179 supra
2560 1111 2856 1166 bonitatem
2903 1108 3005 1177 (α).
3040 1108 3180 1161 idem
3230 1118 3395 1173 supra

1805 1206 2013 1268 omnia,
2045 1203 2235 1259 eadem
2279 1202 2331 1255 in
2378 1210 2487 1255 t0ta
2538 1202 2868 1270 proprietate
2927 1199 3003 1265 (5)
3065 1214 3187 1266 qua?
3228 1210 3396 1261 supra

1804 1293 1989 1348 omnia
2018 1301 2103 1347 est
2140 1309 2153 1345 :
2181 1293 2362 1346 unitas
2395 1293 2475 1361 (4)
2517 1306 2681 1361 supra
2714 1291 2973 1344 unitatem
3000 1289 3396 1356 prittc‘pialetn;

1807 1384 2095 1439 ineﬂabilis
2150 1383 2249 1455 (5),
2292 1383 2585 1436 multarum
2613 1397 2831 1441 vocum;
2893 1380 3159 1446 ignoratio
3199 1378 3274 1447 (6)
3336 1394 3401 1431 ex

1805 1478 1953 1531 omni
1981 1477 2318 1531 intellectilis
2344 1476 2445 1545 (7);
2487 1475 2732 1530 omnium
2765 1474 2967 1541 positio
3011 1473 3111 1542 (8),
3156 1472 3401 1526 omnium

1806 1572 2030 1627 ablatio.
2072 1570 2137 1624 Et
2159 1586 2351 1626 rursus
2377 1571 2540 1632 idem,
2576 1568 2751 1636 capite
2787 1568 2842 1631 7,
2874 1570 2939 1620 de
2965 1566 3168 1621 eisdem
3202 1565 3403 1618 divinis

1808 1664 2152 1719 nominibus:
2182 1664 2449 1729 Quocirca
2480 1662 2625 1715 Dens
2653 1661 2705 1714 in
2739 1660 2994 1713 omnibus
3022 1657 3396 1726 cognoscitur,

1806 1765 1862 1811 et
1905 1757 2203 1826 separatim
2236 1760 2301 1811 ab
2336 1755 2629 1820 omnibus;
2657 1761 2711 1809 et
2739 1769 2834 1821 per
2865 1752 3229 1822 cognitionem
3264 1750 3405 1804 Deus

1816 1852 2188 1923 cognoscitur,
2217 1867 2279 1906 ac
2314 1867 2411 1923 per
2440 1852 2835 1921 ignorationem
2861 1868 2875 1913 ;
2903 1861 2955 1911 et
2984 1859 3064 1903 est
3091 1844 3153 1902 de
3194 1863 3259 1902 eo
3312 1863 3409 1902 co-

180 1943 383 2009 npposuit
418 1958 532 1997 esse
577 1943 697 1998 sine
730 1944 1172 2014 pulchritudine;
1240 1948 1359 2004 sine
1409 1948 1710 2019 pulchritu-
1744 1914 1795 1979 ἢ
1827 1944 2020 2011 gnitio,
2050 1942 2558 2019 ratio._etscientia,
2584 1953 2636 1999 et
2669 1953 2863 2007 tactus,
2898 1953 2952 1998 et
2972 1957 3182 2006 sensus,
3210 1953 3267 1994 et
3294 1941 3408 2009 opi-

178 2033 272 2085 dine
297 2034 429 2096 dicit,
463 2035 585 2102 quia
622 2036 688 2091 ab
741 2038 857 2104 ipso
892 2039 1033 2095 facta
1058 2052 1140 2096 est
1172 2043 1554 2111 pulchritudo;
1591 2042 1716 2112 ipse.

178 2138 274 2179 vero
300 2135 373 2179 est
400 2143 559 2195 supra
624 2130 1126 2200 pulchritudinem;
1185 2137 1544 2207 auctoritates
1574 2148 1708 2189 vero

177 2215 416 2282 Si'riptura‘.
446 2231 571 2274 sunt
613 2236 625 2272 :
668 2221 910 2278 Vidimus
940 2242 1079 2291 eum,
1115 2237 1163 2281 et
1195 2245 1297 2281 non
1330 2229 1552 2284 habebat
1585 2245 1702 2297 spe-

177 2313 275 2364 ciem
305 2314 390 2381 (l),
423 2332 584 2387 neque
608 2318 1057 2387 pulchritudinem
1091 2324 1159 2378 ⁷⁸.
1196 2322 1339 2378 Idem
1372 2329 1423 2379 in
1461 2326 1705 2380 centuria

177 2416 203 2457 ιι
243 2402 302 2457 De
353 2406 605 2463 clmritatc
637 2448 653 2475 ,
704 2411 882 2479 capite
935 2412 1056 2468 29:
1103 2413 1275 2479 Sicut,
1330 2415 1527 2484 inquit,
1592 2432 1708 2470 ma-

177 2493 258 2547 lum
307 2496 531 2564 privatio.
589 2500 719 2557 boni
794 2511 919 2570 est,
983 2513 1037 2558 et
1084 2505 1391 2573 ignorantia
1469 2507 1706 2575 privatio

177 2586 470 2652 cognitionis,
510 2591 589 2645 sic
620 2593 766 2662 quod
819 2609 925 2648 non
977 2604 1063 2651 est
1118 2596 1362 2665 privatio
1393 2597 1512 2666 ejus
1563 2598 1705 2666 quod

176 2685 269 2741 est;
317 2695 409 2733 non
444 2691 627 2737 autem
667 2682 786 2754 ejus
827 2686 968 2754 quod
1003 2688 1219 2755 proprie
1259 2697 1339 2749 est
1375 2690 1505 2756 (non
1558 2689 1702 2744 enim

176 2766 303 2825 habet
317 2773 688 2842 contrarium),
718 2776 812 2829 sed
841 2775 961 2845 ejus
987 2777 1129 2845 quod
1156 2785 1237 2832 est
1275 2776 1699 2847 participatione

175 2856 265 2922 9ills
291 2861 418 2929 quod
446 2864 670 2934 proprie
693 2874 799 2929 est,
824 2880 887 2920 ac
935 2867 1265 2936 privationes
1302 2866 1521 2937 quidem
1578 2867 1702 2923 illo-

173 2962 265 3013 rum
312 2950 544 3019 priorum
608 2954 833 3010 liberam
862 2956 1191 3013 voluntatem
1224 2972 1410 3013 eorum
1440 2960 1533 3029 qui
1577 2959 1701 3015 facti

174 3047 646 3110 mansequnntur;
702 3047 935 3114 privatio
976 3062 1103 3103 vero
1146 3049 1309 3119 hujus
1367 3050 1593 3106 secundi
1646 3052 1701 3106 in

173 3125 405 3187 voluntate
425 3133 541 3203 ejus
579 3136 675 3204 qui
704 3136 847 3201 fecit,
866 3148 971 3207 est;
1001 3140 1091 3209 qui
1120 3154 1336 3210 semper
1362 3148 1584 3211 propter
1608 3142 1704 3197 bo-

173 3217 356 3276 nitatem
386 3239 536 3280 suam
599 3228 718 3284 vult
775 3244 894 3285 esse
928 3245 991 3286 ea
1026 3247 1146 3297 quin
1181 3242 1329 3299 sunt,
1389 3242 1446 3288 et
1485 3234 1554 3287 ab
1583 3234 1704 3302 ipso

173 3317 572 3387 semperjuvari.
631 3322 695 3376 Et
745 3337 936 3378 rursus
1001 3324 1293 3396 Dionysius
1332 3325 1385 3379 in
1447 3324 1703 3381 eisdem:

173 3402 383 3461 Omnium
412 3410 572 3481 igitur
597 3413 949 3483 principium,
968 3426 1023 3471 et
1044 3416 1184 3479 linis,
1213 3416 1409 3485 quiest
1437 3425 1563 3470 ante
1590 3431 1707 3472 om—

172 3495 257 3563 nia.
295 3503 608 3571 principium
626 3505 839 3583 quidem
870 3514 927 3571 ut
950 3522 1153 3575 causa;
1192 3506 1313 3575 linis
1362 3522 1491 3569 vero
1519 3516 1574 3562 ut
1605 3522 1711 3563 cu-

228 3704 265 3740 "
290 3711 388 3766 lsa.
418 3727 531 3777 LIII,
590 3713 648 3766 Ξ.

1830 2037 1939 2101 nio,
1964 2046 2017 2092 et
2045 2036 2322 2106 cogitatio,
2346 2045 2399 2090 et
2428 2051 2645 2102 nomen,
2678 2047 2730 2091 et
2762 2036 2863 2089 alia
2892 2035 3071 2092 omnia
3098 2050 3112 2097 ;
3146 2042 3199 2084 et
3226 2046 3405 2098 neque

1828 2127 2169 2198 intelligitur,
2197 2143 2373 2199 neque
2400 2128 2619 2191 dicitur,
2670 2142 2847 2197 neque
2878 2126 3192 2181 nominatur
3214 2164 3228 2189 ,
3303 2138 3403 2181 nec

1825 2231 1909 2277 est
1942 2222 2147 2293 aliquid
2174 2238 2359 2277 eorum
2396 2238 2515 2293 qua:
2558 2231 2718 2287 sunt,
2759 2238 2856 2277 nec
2893 2221 2944 2275 in
2998 2221 3179 2287 aliquo
3210 2233 3397 2272 eorum

1825 2328 1944 2383 qua:
1968 2324 2116 2379 sunt,
2140 2314 2526 2385 cognoscitur;
2559 2324 2613 2371 et
2644 2316 2695 2369 itt
2721 2312 2974 2369 omnibus
2997 2313 3176 2367 omnia
3213 2320 3321 2375 est,
3352 2318 3407 2365 et

1824 2409 1961 2463 nihil
1988 2408 2040 2463 in
2066 2408 2193 2475 ullo;
2221 2418 2275 2463 et
2300 2422 2362 2462 ex
2387 2407 2639 2464 omnibus
2659 2408 2726 2463 ab
2755 2407 3005 2465 omnibus
3033 2405 3400 2472 cognoscitur,

1824 2512 1880 2558 et
1934 2518 1963 2556 a
2035 2502 2185 2557 nullo
2217 2518 2282 2557 ex
2346 2500 2454 2556 ulla
2522 2515 2601 2556 re.
2668 2500 2726 2553 Et
2792 2498 2987 2553 iterum
3027 2538 3041 2561 ,
3104 2496 3156 2548 in
3214 2496 3396 2562 capite

1823 2596 2001 2665 primo
2030 2612 2045 2648 :
2080 2592 2171 2650 Sic
2200 2593 2387 2663 igitur,
2430 2592 2630 2661 inquit,
2675 2604 2857 2646 causa:
2880 2589 3150 2649 omnium,
3199 2596 3409 2654 etqan

1823 2701 1983 2756 supra
2037 2685 2219 2742 omnia
2289 2696 2414 2749 est,
2475 2683 2762 2741 conveniet
2832 2697 2938 2749 non
3008 2679 3302 2743 nominari,
3354 2688 3408 2732 et

1822 2779 2067 2834 omnium
2112 2794 2293 2835 rerum
2328 2778 2646 2834 nominibus
2704 2774 2995 2831 nominari.
3032 2773 3107 2827 Ex
3163 2773 3247 2825 his
3284 2770 3402 2826 etii-

1821 2869 1965 2923 citur
2017 2869 2389 2934 manifestum,
2433 2867 2578 2937 quod
2627 2866 2759 2921 nihil
2784 2881 2974 2920 eorum
3000 2878 3119 2933 quae
3142 2871 3295 2925 sunt,
3320 2861 3404 2930 ip-

1820 2976 1942 3018 sum
1980 2961 2118 3014 idem
2148 2960 2346 3015 dicitur
2374 2959 2699 3025 substantia,
2728 2966 2782 3012 et
2806 2971 2967 3026 supra
2994 2957 3353 3012 substantiam
3388 2970 3402 3007 :

1818 3051 2070 3129 similiter
2102 3050 2155 3106 itt
2185 3050 2327 3116 aliis,
2358 3064 2533 3118 neque
2552 3049 2685 3115 vita,
2711 3057 2763 3104 et
2794 3063 2956 3118 supra
2984 3048 3146 3101 vitam
3179 3063 3195 3113 ;
3232 3057 3409 3115 neque

1820 3139 2157 3205 intellectus,
2189 3151 2371 3196 etnon
2406 3140 2793 3209 intelligentia;
2822 3154 2995 3209 neque
3024 3138 3188 3202 ratio,
3213 3144 3267 3190 et
3309 3151 3402 3189 ra-

1821 3233 1983 3288 tionis
2008 3231 2245 3299 vacatio,
2298 3245 2397 3286 nec
2448 3230 2685 3301 idipsum
2723 3229 3129 3300 participantur,
3198 3233 3253 3281 et
3297 3242 3403 3279 non

1814 3323 2198 3394 participatum
2226 3340 2241 3389 ;
2267 3336 2445 3394 neque
2478 3324 2834 3388 nominatum,
2868 3330 2922 3377 et
2946 3335 3141 3376 carens
3157 3318 3411 3389 nomine,

1780 3432 1789 3449 '
1818 3428 1871 3474 et
1903 3418 2007 3474 alia
2033 3432 2094 3473 ex
2136 3418 2204 3473 iis
2236 3434 2355 3489 quae
2377 3417 2551 3487 primo
2578 3426 2703 3472 sunt
2736 3416 2838 3487 (9),
2879 3431 2945 3470 ne
2999 3414 3213 3485 singula
3268 3428 3404 3468 enu-

1830 3527 2032 3571 merem
2075 3529 2090 3570 :
2116 3511 2357 3585 cognitio
2384 3520 2436 3567 et
2469 3509 2737 3587 ignoratio
2763 3526 2793 3583 ς¹
2815 3509 3017 3574 lumen,
3044 3515 3099 3563 et
3122 3504 3357 3562 tenebra
3386 3517 3401 3556 :

1622 3850 1902 3915 Scholia.

232 3957 295 4026 (l)
324 3954 431 4012 line
459 3956 524 4011 de
545 3955 767 4011 Christo
797 3956 1091 4014 secundum
1113 3957 1507 4013 humanitatem
1527 3974 1553 4012 a
1572 3956 1703 4012 Pro-

175 4025 306 4098 pheta
321 4027 518 4098 dictum
536 4034 649 4092 est,
667 4028 808 4095 quod
824 4029 993 4097 magis
1010 4029 1185 4083 adhuc
1203 4028 1438 4083 declarat
1456 4029 1598 4098 quod
1620 4043 1706 4098 se-

172 4097 364 4166 quitur:
396 4096 500 4152 Sed
538 4100 721 4165 potius
743 4096 950 4165 species
979 4099 1095 4166 ejus
1131 4096 1487 4164 inhonorata,
1510 4108 1565 4153 et
1604 4096 1704 4152 de-

176 4164 330 4231 ficiens
350 4169 461 4235 plus
475 4164 642 4230 quam
659 4168 710 4222 in
727 4164 975 4223 omnibus
998 4164 1122 4224 ﬁliis
1140 4169 1416 4222 hominum
1440 4208 1451 4222 .
1469 4170 1545 4224 sic
1559 4169 1701 4223 enim

175 4242 237 4285 est
265 4237 388 4302 apud
414 4237 576 4292 LXX.
615 4236 959 4293 Deﬁeientem
990 4240 1123 4292 dixit
1174 4248 1395 4305 propter
1452 4241 1707 4292 mutatio-

175 4317 276 4377 nem
296 4308 483 4363 coloris
505 4308 773 4363 naturalis
797 4309 852 4362 in
875 4308 1133 4377 pallorem
1158 4322 1226 4362 ex
1248 4324 1464 4364 recessu
1481 4308 1702 4376 caloris,

251 4376 419 4431 intitna
447 4378 717 4453 sanguine
739 4393 807 4453 se
833 4371 1289 4453 contrahentemt
1316 4379 1602 4453 superﬁcie
1624 4371 1707 4433 rel-

176 4445 510 4513 l'rigeratamt
556 4448 821 4505 Leontius
874 4447 1165 4515 Byzantius
1219 4445 1427 4503 notavit
1471 4449 1716 4504 scribens

174 4516 871 4592 coptrafatp'iaptooouﬂrac,
892 4518 980 4586 qni
998 4532 1215 4592 carnem
1234 4518 1717 4592 Christicorrnptt-

176 4580 309 4657 bilem
339 4580 504 4641 fuisse
523 4580 535 4589 ’
563 4580 865 4657 negabant,
886 4580 949 4640 a'c
974 4588 1201 4657 proinde
1232 4604 1337 4645 non
1364 4589 1540 4657 luisse
1569 4580 1628 4640 in
1651 4604 1717 4643 eo

176 4650 722 4734 passionesnaturales
773 4650 1394 4734 tradebant._Sed__ni_hi_l
1444 4658 1712 4734 prohibet,

174 4725 279 4800 quin
302 4725 364 4780 de
381 4728 601 4800 Christo
634 4741 853 4800 quoque
894 4727 1545 4800 secundutndivinitatem
1566 4729 1720 4782 intel-

175 4788 342 4868 ligatur
356 4812 471 4851 esse
489 4799 611 4852 sine
631 4788 810 4867 specie
826 4806 879 4852 et
899 4796 1419 4868 pulchritudine,qni
1433 4807 1550 4852 erat
1566 4812 1719 4852 crea-

176 4871 243 4912 lor
268 4866 698 4933 pulchritudinis,
728 4882 791 4921 ac
822 4868 1044 4935 proinde
1074 4882 1177 4921 non
1203 4866 1445 4937 pulcher,
1481 4869 1709 4938 quia_su-

176 4944 399 5007 linguam
416 4938 685 5006 pulcher,
702 4938 847 5006 quod
872 4947 954 5007 est
984 4951 1106 4992 esse
1122 4938 1241 4993 sine
1292 4940 1493 5007 specie.

238 5001 302 5074 (2)
323 5001 736 5074 Opposiioruntf
765 5007 841 5071 Ab
863 5006 1030 5075 ipsius
1060 5001 1337 5075 latinitate
1359 5007 1715 5076 proﬁciscitur

175 5076 324 5126 omnis
350 5078 609 5142 iutiuitas,
634 5088 694 5130 et
735 5079 1040 5131 terminatio
1066 5086 1323 5147 tanquam
1352 5094 1381 5131 a
1433 5094 1596 5133 causa
1623 5093 1717 5131 ex-

176 5157 510 5219 superantemt
526 5148 881 5219 superlata,et
900 5147 1570 5219 eli'ectrieeoppositorum,
1590 5151 1713 5215 quia

177 5216 218 5261 in
244 5228 295 5265 se
313 5216 467 5269 habet
491 5218 675 5275 omnia
701 5223 839 5271 unde
858 5220 1041 5270 omnia
1066 5233 1185 5287 quae
1206 5219 1275 5272 de
1300 5218 1408 5272 Deo
1428 5222 1719 5287 prtedican-

177 5288 767 5347 lur,possuntdeeodem
793 5288 997 5357 negari,
1021 5290 1268 5356 quianon
1301 5289 1733 5355 convenitmtei,_

177 5358 595 5431 utinveniuntnr
616 5357 676 5431 in
705 5361 864 5410 rebus
892 5359 1110 5431 creatis,
1138 5371 1190 5412 et
1212 5369 1269 5411 ut
1288 5358 1655 5431 intelliguntur
1694 5375 1722 5410 a

176 5427 331 5499 nobis,
362 5435 421 5499 et
460 5427 867 5495 signiﬁcantur;
912 5428 1191 5483 nndehcet
1212 5432 1281 5483 sit
1319 5429 1641 5497 principium
1668 5437 1720 5481 et

179 5495 303 5567 nnis,
335 5495 687 5550 sicutdtctum
722 5507 825 5561 est,
878 5506 1056 5551 tamen
1107 5515 1278 5568 neque
1320 5495 1723 5567 habet'princi-

177 5573 324 5634 ριυιιι,
342 5579 517 5634 neque
538 5568 717 5632 tinem,
742 5583 773 5619 II
797 5583 915 5634 que
940 5568 1195 5633 medium,
1214 5574 1351 5621 sicut
1383 5570 1434 5622 in
1462 5571 1725 5623 creaturis

178 5630 526 5700 intelligimus,
561 5647 613 5691 et
635 5630 761 5689 licet
783 5630 852 5691 sit
871 5652 1107 5704 prseseus
1124 5630 1398 5704 omnibus,
1431 5637 1723 5708 etttbiqtle,

178 5713 418 5826 nusguct‘n
453 5716 629 5761 tamen
659 5716 760 5773 est,
794 5722 891 5761 nec
918 5710 967 5761 in
994 5709 1100 5760 ullo
1146 5721 1228 5764 est
1276 5710 1418 5763 sicut
1457 5720 1723 5773 creatura,

178 5786 229 5823 ιιι
297 5809 308 5820 .
398 5791 527 5826 1011).

177 5786 229 5823 τι
256 5786 308 5823 δ.
337 5786 502 5828 ΙΙΙΟΙΠ
515 5814 527 5827 ο

1875 3958 1953 4025 (3)
1988 3956 2053 4013 In
2097 3967 2208 4014 tota
2246 3962 2588 4028 proprietate.
2623 3959 3014 4029 Proprietatem
3087 3958 3181 4011 Dei
3248 3957 3402 4027 dicit,

1811 4037 1871 4082 ut
1902 4029 2221 4095 bonitatem,
2250 4039 2301 4085 et
2327 4031 2672 4099 sapientiam,
2705 4040 2759 4085 et
2788 4029 2987 4083 similia
3007 4043 3170 4099 supra
3193 4029 3405 4083 bonita-

1809 4109 1925 4169 tem
1946 4110 2285 4169 ttrcatarn,et
2322 4101 2664 4169 sapientiam,
2696 4112 2804 4155 etc.

1881 4168 1956 4239 (ι)
1982 4167 2193 4227 Uni'as.
2221 4170 2354 4236 Quia
2388 4167 2555 4223 unum
2608 4169 2771 4224 habet
2802 4168 3093 4239 rationem
3128 4168 3401 4237 principii,

1809 4246 1862 4311 et
1892 4237 1994 4311 non
2030 4239 2211 4305 divisi,
2248 4255 2310 4311 ac
2329 4239 2610 4311 simplicis,
2642 4238 2911 4311 siguilicat
2978 4237 3261 4307 Dionysius
3321 4239 3405 4291 in-

1810 4308 2091 4363 dividuum
2132 4324 2195 4364 ac
2220 4310 2446 4375 simplex
2477 4310 2676 4364 divinae
2704 4308 2945 4373 natura,
2985 4322 3149 4375 supra
3181 4323 3399 4363 onmem

1822 4379 2082 4461 unitatem
2116 4394 2183 4433 ac
2203 4380 2609 4449 simplicitatem
2641 4387 2696 4434 et
2723 4393 2847 4435 esse
2880 4379 3212 4448 principium
3237 4394 3402 4445 supra

1860 4463 2181 4511 rtnctptttm,

1820 4464 2181 4571 pnncrptnm.

1891 4518 1968 4588 (5)
2039 4519 2324 4587 ne/fabilis.
2353 4519 2487 4586 Quia
2522 4534 2626 4575 non
2664 4517 2973 4583 nominatur
3018 4533 3045 4572 a
3095 4518 3402 4574 substantia

1822 4603 1919 4660 sua
1947 4591 2246 4660 multarum
2271 4604 2484 4654 vocum,
2518 4592 2642 4660 quia
2673 4604 2701 4642 a
2735 4589 3110 4659 providentiis,
3144 4599 3193 4641 et
3226 4592 3405 4643 variis

1823 4658 2099 4713 beneﬁciis
2138 4659 2287 4717 varie
2308 4658 2640 4725 nominatur,
2667 4658 2745 4715 ιιι
2782 4660 2975 4723 bonus,
3038 4660 3236 4724 justus,
3294 4670 3404 4714 etc.

1917 4729 1970 4800 (ξ)
1999 4727 2292 4800 ignoratio.
2314 4730 2452 4795 Quia
2511 4732 2641 4800 quid
2690 4743 2791 4795 est,
2824 4746 2854 4782 a
2886 4731 3030 4800 milio
3064 4731 3402 4800 intelligitur.

1920 4796 1972 4865 7)
2006 4796 2090 4851 Ex
2123 4801 2265 4853 omni
2292 4796 2631 4854 intellectilis.
2658 4800 2790 4866 Quia
2819 4799 2962 4867 quod
2991 4809 3095 4862 est,
3144 4815 3208 4852 ex
3231 4796 3410 4854 (inuti-

1749 4839 1793 4895 Β
1826 4839 1925 4920 bu‘s
1955 4839 2224 4923 creaturis
2282 4871 2407 4923 licet
2436 4839 2737 4937 intellige‘i‘e
2766 4839 2849 4923 ettl
2882 4869 3029 4922 omni
3052 4840 3403 4934 ititellectdis,

1814 4936 2001 5000 Graece
2021 4949 2128 5004 est,
2170 4940 2490 5008 mwo'n'tov,
2521 4936 2753 5009 pro’quo
2817 4940 3084 5007 interpres
3145 4938 3407 5007 Dionysii,

1815 5023 1978 5076 quem
2044 5009 2102 5062 S.
2138 5009 2377 5069 Thomas
2407 5010 2613 5076 habuit,
2643 5018 2699 5064 et
2728 5018 2949 5075 secutus
2971 5020 3077 5074 est,
3119 5010 3259 5063 male
3278 5010 3411 5078 legit

1817 5079 2171 5148 πανανόητον.

1894 5147 1970 5216 (8)
2000 5147 2221 5203 Pasitio.
2250 5147 2502 5203 Omnium
2528 5149 2743 5216 positio,
2770 5160 2823 5203 et
2852 5149 3074 5215 ablatio,
3115 5151 3236 5219 quia
3297 5149 3412 5218 ipse

1837 5220 2019 5272 omnia
2050 5220 2099 5270 in
2121 5234 2300 5272 rerum
2338 5228 2527 5273 natura
2558 5219 2704 5284 facit,
2761 5230 2817 5274 et
2848 5221 3045 5273 aufert.

1897 5288 1973 5359 (9)
2005 5289 2135 5353 Qui}:
2158 5291 2327 5357 primo
2357 5300 2499 5343 ιιιηι.
2539 5290 2592 5343 Id
2623 5301 2725 5354 est,
2783 5306 2905 5359 qua:
2967 5297 3093 5343 sunt
3145 5288 3410 5358 principia

1827 5358 2077 5423 aliorum,
2115 5370 2171 5413 ut
2200 5360 2643 5427 participationcs
2672 5358 2996 5429 simpliciter
3030 5370 3160 5413 sunt
3198 5359 3407 5425 princi-

1821 5431 1908 5499 pia
1968 5429 2430 5496 participantittm,
2493 5440 2549 5485 ut
2606 5432 2709 5484 vita
2768 5431 3014 5485 absolute
3069 5430 3411 5483 considerata

1824 5508 1909 5553 est
1940 5500 2268 5567 principium
2304 5501 2535 5553 fortnale
2563 5499 2861 5553 viventium
2926 5518 2939 5565 ;
2989 5501 3252 5568 sapientia
3316 5514 3411 5551 sa-

1825 5570 2108 5637 pientium,
2142 5580 2196 5624 et
2224 5569 2475 5624 similiter
2508 5570 2560 5622 in
2595 5570 2715 5623 aliis
2748 5578 2836 5633 ;et
2858 5571 2936 5622 ha:
2970 5570 3413 5637 participatinnes

1798 5645 1951 5693 'sunt
1980 5639 2201 5693 etractus
2233 5638 2349 5704 Dei,
2375 5650 2429 5694 et
2458 5641 2576 5693 ideo
2605 5640 2720 5692 ista:
2755 5639 3205 5708 participationes
3220 5648 3271 5692 et
3293 5654 3415 5706 qua:

1827 5719 2135 5776 suntsnpra
2170 5711 2330 5778 ipsas,
2365 5726 2475 5763 non.
2497 5719 2724 5777 possunt
2779 5710 3068 5763 convenire
3122 5723 3413 5771 creatur-zu,

1829 5789 1885 5831 ut
1927 5780 2208 5847 sapientia,
2244 5791 2294 5834 ct
2328 5793 2493 5848 supra
2523 5780 2860 5848 sapientiam,
2893 5794 3011 5847 qua:
3074 5780 3414 5847 negationem

242 5911 310 5983 (α)
342 5914 485 5971 idem
545 5936 702 5991 supra
733 5922 911 5977 omnia
953 5922 1139 5977 cadem
1174 5932 1375 5979 creata.
1408 5923 1537 5978 Vide
1582 5923 1939 5992 proprietates
1967 5922 2227 6001 ejusdem,
2266 5929 2311 5977 cl
2336 5922 2534 5976 diversi
2564 5936 2681 5992 cap.
2712 5918 2742 5974 9
2784 5919 2861 5976 De
2896 5922 3060 5976 divin.
3094 5921 3409 5975 nominibus.
