3780 6550
106 462 183 524 ρει

700 450 936 511 DECAS
964 454 1117 512 VIII.
1162 479 1229 487 —
1264 452 1358 511 DE
1401 451 1849 513 INFINI‘I’A'I‘E
1884 456 2007 515 DEI
2055 457 2136 516 IN
2172 456 2629 521 CRE.\TURIS.

3209 456 3315 521 922

104 582 222 635 runt,
248 567 372 636 quod
417 579 545 618 unus
573 563 713 617 Deus
736 575 815 617 est
833 563 1012 629 Pater,
1044 576 1094 618 et
1116 564 1302 630 Filitm,
1322 575 1371 618 et
1391 565 1626 633 Spiritus
1654 569 1704 621 Δ
1733 573 1823 618 aut
1852 567 2011 620 aliam
2045 570 2338 636 quamlibet
2365 579 2684 637 potestatem
2705 590 2719 637 ;
2743 580 2795 623 at
2816 572 2858 625 si
2890 572 3012 640 quis
3044 573 3209 627 Deum
3232 577 3314 629 di-

102 671 280 715 anulus
302 678 314 722 ;
340 658 564 709 siautem
596 671 729 706 nttus
756 654 897 710 Deus
925 667 1028 721 est,
1052 673 1113 709 ex
1143 674 1250 726 quo
1284 659 1487 722 omnia,
1520 674 1618 710 nec

98 755 216 808 estin
235 764 290 803 eo
304 748 588 811 sinistrum,
611 761 706 799 nec
722 747 863 801 aliud
880 749 1237 814 imminutum,
1265 764 1439 817 neque
1464 751 1619 818 qqid-

100 842 413 913 q‘tamgradus
430 836 1076 906 inferioris,pneterquam
1092 855 1209 907 qttre
1225 841 1290 892 ab
1308 842 1421 909 ipso
1438 852 1617 893 creata

99 942 199 989 sunt
217 952 227 986 :
244 946 350 999 quae
366 940 533 983 autem
556 939 682 982 sunt
705 938 825 994 post
848 928 1059 985 Patrem
1087 942 1136 985 et
1159 931 1348 985 Filium
1369 944 1419 985 et
1449 931 1621 1000 Spiri-

99 1036 187 1078 tum
207 1034 447 1083 sanctum,
474 1030 664 1074 cuncta
699 1031 822 1076 sunt
860 1022 1079 1089 pulchre
1096 1035 1298 1087 creata,
1316 1034 1362 1075 et
1385 1025 1535 1092 large
1552 1024 1620 1079 ab

101 1118 188 1183 ipso
218 1121 327 1167 sunt
356 1121 466 1177 post
500 1109 633 1164 bene
661 1112 898 1179 proiecta
928 1116 1307 1167 etconstituta.
1330 1116 1539 1170 Rursus
1574 1132 1621 1168 l-.

99 1207 192 1259 dem
207 1212 373 1255 contra
404 1201 648 1255 hzeresitn
670 1201 1053 1257 Marcosiorum
1076 1201 1216 1258 :‘ios
1238 1204 1405 1269 enim,
1426 1205 1619 1271 inquit,

97 1298 317 1351 credimus
332 1295 558 1362 penitus,
579 1296 718 1349 sicut
738 1298 935 1349 veritas
963 1296 1221 1361 ostendit,
1246 1307 1294 1350 et
1322 1296 1621 1363 probabilis

100 1386 451 1456 ratiosuggerit,
471 1401 531 1439 ac
549 1402 670 1441 cum
694 1386 871 1456 regula
893 1388 1109 1454 pietatis
1125 1397 1411 1451 consonat,
1426 1396 1618 1441 etcum

98 1481 185 1547 b-ge
203 1487 250 1531 et
279 1475 562 1543 prophetis,
586 1485 635 1529 et
672 1490 792 1529 cum
835 1478 965 1545 ipsis
1013 1476 1081 1531 ab
1124 1477 1332 1546 origine
1391 1480 1625 1544 patriar-t-

100 1568 375 1639 tlijsordiue
406 1560 733 1629 consecutis,
775 1577 829 1617 et
867 1582 988 1619 cum
1030 1567 1143 1637 ipsa
1188 1566 1487 1621 Salvatoris
1528 1570 1627 1622 do-

100 1656 261 1725 rlrina,
283 1670 329 1713 et
351 1659 717 1726 apostolorum
758 1659 848 1727 qui
881 1673 982 1712 nos
1012 1668 1196 1725 aperte
1222 1661 1420 1713 docent
1453 1659 1624 1713 conii-

100 1755 172 1806 teri
194 1767 338 1805 unum
357 1749 570 1803 Patrem
590 1752 961 1803 univt-rso'rum
979 1748 1306 1803 dominatum
1329 1758 1621 1814 tenentem,

97 1858 132 1897 et
166 1844 417 1897 Dominum
444 1840 626 1921 Iesum
652 1840 945 1904 Christum,
983 1852 1029 1895 et
1064 1843 1181 1912 ejus
1210 1847 1471 1903 Lsanctum
1499 1842 1624 1911 Spi-

100 1942 243 2000 rilttnt,
278 1951 426 1988 unam
458 1948 704 1990 sanetam
730 1933 1055 1989 Trinitatem
1088 1950 1190 1987 non
1227 1945 1486 1999 ert-ataui,
1513 1951 1629 1987 om-

98 2030 220 2087 nibus
248 2042 305 2079 ex
334 2016 498 2080 nihilo
540 2036 657 2095 post
694 2027 903 2080 Patrem
932 2036 985 2079 et
1013 2023 1202 2078 FlliUIII
1244 2038 1297 2080 et
1360 2027 1619 2095 Spiritum

96 2130 298 2175 sanetum
330 2118 505 2171 factis.
548 2119 734 2184 Quare
796 2118 848 2170 itt
911 2118 978 2171 iis
1026 2132 1145 2183 quae
1197 2119 1341 2172 clare
1392 2120 1627 2173 confessi

98 2221 211 2274 Sunt,
235 2220 284 2265 et
312 2211 658 2265 crediderunt
684 2224 871 2263 omnes
901 2210 1073 2263 sancti
1100 2210 1209 2276 iam
1242 2210 1396 2276 dicti,
1425 2220 1476 2263 et
1500 2226 1626 2276 pro-

98 2306 251 2373 pheta,
272 2310 323 2355 et
345 2300 706 2371 evangelistze,
742 2314 901 2371 atque
946 2302 1196 2371 apostoli,
1273 2318 1378 2357 non
1429 2304 1623 2371 poterit

98 2410 288 2463 unquant
326 2394 425 2447 ulla
456 2394 626 2449 fallax
660 2397 916 2466 cogitatio
956 2406 1144 2453 contra
1160 2398 1367 2453 radium
1385 2396 1627 2449 veritatis

97 2489 310 2543 resistere
335 2502 396 2540 ac
427 2484 773 2557 repugnare.
798 2488 862 2542 Et
891 2498 1110 2543 sanctus
1144 2505 1208 2543 ac
1240 2489 1457 2541 divinus
1483 2487 1620 2539 ϐετ-

98 2593 249 2632 manus
276 2578 324 2631 itt
351 2579 695 2646 expositione
728 2579 846 2631 ﬁdei
872 2580 946 2632 ait
970 2597 985 2632 :
1008 2578 1110 2633 Sed
1136 2582 1410 2634 veneratio
1432 2588 1622 2633 nostra

96 2672 305 2726 etcultus
328 2672 494 2725 solam
530 2686 633 2725 non
666 2682 928 2735 creatam,
954 2682 1008 2726 et
1064 2674 1117 2725 in
1192 2674 1461 2726 infinitum
1529 2686 1627 2740 po-

106 2774 270 2819 tentem
291 2778 447 2832 supra
466 2779 499 2831 q
514 2778 636 2818 uam
662 2762 1029 2831 principialem
1062 2783 1075 2828 ;
1103 2775 1153 2818 et
1173 2779 1333 2832 supra
1351 2779 1510 2833 quant
1533 2765 1631 2817 bo-

97 2874 211 2921 nam,
242 2859 353 2911 vita:
376 2856 701 2925 principem,
726 2864 780 2909 et
808 2871 967 2923 supra
989 2858 1345 2909 substantiam
1383 2865 1626 2910 Sanctam

96 2950 391 3014 Trinitatem,
420 2964 589 3002 unam
613 2948 943 3002 divinitatem
1004 2959 1057 3001 et
1092 2957 1408 3014 potestatem
1470 2948 1630 3002 corde

95 3059 174 3099 non
195 3041 456 3095 dubitante
490 3050 557 3093 et
587 3056 679 3092 ore
708 3039 995 3093 conﬁtetur
1019 3059 1031 3101 ;
1052 3039 1175 3093 ltuic
1194 3041 1335 3092 enim
1371 3040 1471 3092 soli
1514 3040 1630 3093 cnl-

96 3147 181 3186 tum
201 3134 423 3187 tribucre
475 3142 716 3201 oportet.
781 3133 870 3185 Et‘
907 3142 1122 3187 sanctus
1171 3131 1446 3201 Cyrillus:
1502 3132 1630 3186 Sive

1729 668 1837 723 cat,
1877 662 2153 727 abrogarit
2187 662 2400 716 divinas
2456 678 2638 727 voces,
2668 680 2787 731 qum
2816 664 2977 717 clare'
3010 666 3244 720 clamant
3295 682 3309 719 :

1732 749 1841 816 Ego
1879 750 2015 804 Deus
2044 754 2263 819 primus,
2288 766 2337 807 et
2367 772 2457 823 ego
2485 766 2601 822 post
2632 757 2762 818 haec,
2788 767 2837 811 et
2862 766 3051 823 prater
3073 776 3152 811 me
3202 776 3305 812 non

1720 852 1795 894 est
1828 842 1964 895 Deus
1990 845 2181 899 ".ISin
2214 862 2340 900 vero
2364 864 2466 901 non
2496 849 2645 901 dicat
2670 848 2876 914 Deum,’
2908 850 3053 903 dicet
3103 853 3316 905 scilicet

1721 936 1957 1002 angelos,
1990 938 2071 987 vel
2104 948 2416 1003 potestates,
2444 951 2497 992 at
2530 942 2606 994 sic
2624 942 2786 994 etiant
2843 942 3173 1008 impruhahit
3231 942 3316 996 di-

1720 1026 1873 1078 vinas
1905 1029 2231 1095 Seripturas,
2264 1047 2382 1100 qure
2415 1032 2600 1086 dicunt
2622 1048 2648 1083 a
2684 1033 2789 1085 Deo
2821 1033 2987 1089 factas
3008 1051 3127 1090 esse
3165 1037 3261 1090 ltus
3296 1052 3312 1090 :

1720 1116 1960 1172 Laudate
1986 1138 2124 1183 eum,
2153 1138 2328 1174 omnes
2357 1124 2526 1191 angeli
2542 1123 2689 1190 ejus;
2728 1123 2941 1176 laudate
2971 1142 3083 1177 cum
3136 1142 3313 1179 euntes

1720 1218 1998 1272 potestates
2017 1209 2129 1275 ejus
2158 1209 2224 1262 ⁸ο.
2254 1209 2326 1261 Et
2366 1213 2446 1265 his
2475 1224 2722 1277 apertum
2784 1216 2859 1276 lit,
2882 1215 3023 1280 quod
3049 1214 3191 1267 inter
3213 1230 3310 1267 na-

1724 1313 1897 1356 turam
1946 1300 2035 1355 Dei
2086 1300 2137 1353 itt
2198 1301 2371 1354 tribus
2414 1302 2678 1367 personis,
2739 1311 2790 1354 et
2830 1302 2894 1354 ah
2917 1318 2981 1356 eo
3009 1312 3187 1356 creata
3232 1304 3314 1356 ni"

1724 1396 1794 1451 ltil
1824 1396 1967 1450 aliud
1998 1394 2291 1462 quidquam
2348 1393 2560 1460 penitus
2621 1394 2929 1462 reperitur;
2981 1396 3160 1447 omnia
3218 1411 3316 1448 au-

1723 1496 1828 1541 tem
1859 1498 1977 1555 post
1997 1485 2234 1539 divinam
2264 1495 2507 1537 naturam
2542 1493 2595 1537 et
2626 1486 2980 1539 substantiam
3001 1494 3125 1538 sunt
3148 1501 3315 1552 gene-

1723 1590 1838 1634 rata
1870 1590 1925 1633 et
1950 1588 2155 1644 creata,
2187 1578 2389 1632 idcirco
2421 1577 2551 1629 nihil
2603 1591 2791 1630 eorum
2840 1592 2961 1644 qua:
3023 1585 3171 1641 sunt,
3228 1586 3315 1631 est

1725 1690 1831 1729 non
1891 1668 2131 1728 creatum
2164 1682 2218 1727 et
2245 1670 2655 1737 infectumfnisi
2682 1670 2834 1725 solus
2876 1671 3015 1725 Deus
3056 1672 3168 1724 haec
3222 1686 3317 1724 su-

1724 1783 1818 1836 pra
1855 1764 2213 1821 substantiam
2245 1763 2502 1816 Trinitas.
2530 1762 2811 1816 Manifesta
2860 1763 3024 1815 etiam
3071 1770 3154 1815 est
3219 1762 3314 1815 tibi

1734 1859 1891 1926 hujus
1920 1858 2142 1911 decadis
2156 1857 2422 1924 expositio
2474 1856 2807 1909 materiaria.
2827 1853 3067 1906 Primum
3094 1853 3314 1921 qui-lem

1733 1950 1903 2020 ponit,
1937 1948 2068 2001 nihil
2096 1963 2281 2002 eorum
2311 1962 2429 2015 quae
2484 1955 2628 2011 sunt,
2661 1961 2780 2001 esse
2814 1946 2931 1999 sine
2983 1960 3165 2008 causa,
3219 1946 3315 1999 sed

1740 2042 1915 2096 solum
1957 2039 2121 2092 Deum
2159 2039 2286 2101 ;hic
2318 2039 2479 2103 igitur
2536 2038 2621 2105 qui
2681 2052 2899 2090 causam
2965 2052 3069 2089 non
3126 2036 3311 2100 habet,

1729 2149 1890 2187 causa
1924 2134 2160 2185 omnium
2191 2144 2297 2197 εει,
2330 2132 2419 2200 qui
2454 2147 2516 2185 ex
2546 2131 2717 2184 nihilo
2752 2140 3057 2184 creaturam
3113 2133 3312 2198 produ-

1730 2226 1802 2279 cit
1841 2224 2083 2287 ;idcirco
2118 2222 2249 2275 nihil
2284 2237 2472 2275 eorum
2508 2238 2626 2288 qua:
2655 2230 2801 2286 sunt,
2850 2231 2931 2275 est
2991 2231 3317 2273 conuentum

1729 2316 1958 2380 auctori,
1990 2315 2118 2383 quiti
2146 2314 2324 2380 potius
2361 2314 2442 2366 vel
2489 2330 2551 2366 ex
2583 2315 2849 2382 principio
2907 2315 3184 2379 temporis,
3239 2313 3320 2365 vel

1731 2423 1833 2460 non
1862 2423 1924 2461 ex
1942 2408 2208 2474 principio
2245 2406 2523 2473 temporis,
2556 2406 2647 2457 sed
2678 2420 2741 2457 ex
2778 2407 3039 2472 principio
3070 2406 3170 2470 awi
3199 2415 3275 2456 est
3305 2423 3317 2469 ;

1730 2499 1796 2550 ab
1820 2498 1899 2549 his
1916 2498 2059 2551 enim
2086 2498 2342 2564 operibus
2367 2512 2485 2564 qua:
2509 2505 2636 2548 sunt
2660 2511 2721 2547 cx
2746 2496 3010 2563 νῆιν-ἱρὴ)
3036 2496 3320 2561 temporis,

1730 2588 2019 2656 requiescit
2042 2598 2094 2641 et
2121 2568 2415 2640 Sabbatum
2458 2588 2567 2656 agit
2600 2585 2738 2640 Deus
2771 2607 2783 2650 ;
2818 2589 2882 2638 ab
2905 2586 3154 2654 operibus
3200 2600 3325 2637 vero

1729 2693 1845 2745 qum
1872 2693 1934 2730 ex
1959 2678 2224 2744 principio
2250 2677 2347 2728 :evi
2384 2685 2530 2741 sunt,
2585 2692 2690 2729 neu
2727 2676 3042 2743 requie-cit,
3079 2685 3131 2728 ct
3189 2674 3327 2728 Sab-

1728 2771 1909 2823 butum
1943 2772 2085 2836 agit;
2120 2778 2170 2821 et
2197 2768 2338 2836 quod
2366 2765 2505 2819 Deus
2541 2767 2813 2819 individue
2862 2783 2922 2818 ex
2947 2781 3003 2819 se
3030 2770 3148 2831 ipso
3173 2780 3330 2833 egi-ce

1734 2862 1910 2925 dicas,
1944 2876 2045 2911 una
2094 2868 2360 2926 potestate
2388 2859 2567 2910 omnia
2594 2858 2867 2925 producit,
2904 2857 2957 2908 in
2998 2858 3140 2908 nullo
3181 2872 3321 2923 quo-

1730 2955 1869 3022 piam
1904 2954 2258 3022 propti-rha‘c
2290 2952 2512 3016 divisus,
2565 2967 2737 3019 neque
2793 2951 2914 3017 quia
2986 2950 3331 3019 producendo

1729 3045 1930 3109 Omnia,
1959 3046 2137 3097 omnia
2174 3046 2249 3109 fit,
2276 3044 2500 3107 idcirco]
2528 3042 2728 3110 aliquid
2771 3056 2953 3094 eorum
3014 3056 3131 3106 quae
3154 3040 3219 3093 ah
3252 3040 3337 3108 ip-

1734 3151 1796 3192 so
1822 3139 1955 3191 ﬁunt
1999 3146 2092 3190 aut
2127 3147 2381 3206 aguntur,
2409 3144 2492 3188 est
2528 3150 2631 3186 non
2662 3143 2900 3185 creatum
2937 3150 2952 3185 :
2990 3148 3161 3200 neque
3204 3147 3331 3199 pos-

95 3226 208 3292 quis,
235 3225 418 3294 inquit,
445 3224 697 3293 angelos,
722 3225 834 3276 sive
886 3223 1088 3290 aliquid
1140 3225 1477 3290 snpet'iorum
1543 3238 1635 3277 or-

1788 3242 1865 3284 tut
1892 3232 2067 3294 aliqua
2096 3232 2222 3293 duo,
2260 3236 2351 3281 aut
2382 3227 2669 3279 multitudo
2698 3234 2816 3292 post
2846 3224 2971 3288 duo,
3036 3234 3127 3275 aut
3182 3224 3329 3276 aliud

99 3319 266 3381 diuum,
304 3327 355 3370 et
387 3318 575 3371 omnia
601 3316 914 3368 intermedia
939 3316 1353 3383 praetergressus
1394 3315 1460 3369 ad
1496 3316 1642 3383 ipsos

100 3410 390 3476 Seraphinos
413 3417 521 3474 eat,
544 3418 597 3461 et
616 3423 899 3477 supremas
918 3406 1119 3475 glorias
1137 3408 1500 3477 aggrediatur,
1546 3423 1643 3460 na-

100 3513 240 3556 turam
284 3518 386 3556 non
434 3502 802 3566 transcendet,
862 3502 943 3554 vel
972 3500 1114 3555 enim
1151 3501 1351 3572 aliquid
1384 3515 1638 3569 superne,

102 3595 181 3646 hoc
206 3603 298 3658 est,
329 3610 390 3647 ex
418 3593 583 3647 Patre
615 3594 894 3656 luminum,
920 3602 973 3645 et
1032 3593 1234 3647 idcirco
1288 3592 1429 3645 Deus
1488 3610 1502 3645 :
1556 3593 1639 3646 vel

101 3683 211 3735 infra
232 3684 425 3752 aliquid
447 3684 788 3753 intelligitur,
822 3692 876 3735 et
899 3683 1131 3747 inferne,
1166 3683 1265 3737 hoc
1295 3690 1377 3735 est
1421 3692 1637 3735 creatu-

101 3790 164 3838 ra,
185 3786 233 3828 et
256 3791 316 3829 ex
345 3785 597 3831 creatura
631 3794 643 3838 ;
683 3774 1027 3842 interjectum
1060 3789 1188 3828 vero
1213 3773 1343 3827 ttihil
1398 3773 1646 3826 funditus

101 3876 184 3919 εει.
209 3869 263 3919 Et
291 3869 479 3920 iterum
508 3868 653 3921 idem
690 3884 701 3920 :
739 3868 887 3932 Quod
916 3868 1058 3921 enim
1088 3876 1172 3920 est
1213 3867 1467 3934 opinione
1528 3866 1646 3918 illo-

102 3974 195 4011 rum
218 3974 379 4027 neque
405 3974 536 4025 pure
561 3955 721 4021 Deus,
754 3973 925 4026 neque
950 3966 1132 4024 aperte
1190 3964 1461 4019 creatura,
1483 3971 1641 4023 quem

103 4051 245 4103 locant
274 4052 408 4121 apud
433 4052 585 4120 ipsos
608 4052 824 4117 recipiet
847 4052 897 4104 in
927 4051 988 4104 iis
1009 4066 1128 4119 qua:
1180 4050 1330 4104 sunt?
1388 4048 1496 4119 Ego
1548 4063 1643 4101 tte-

101 4160 187 4212 que
212 4146 258 4197 in
280 4145 387 4199 sola
412 4144 743 4211 cogitatione
800 4144 1038 4210 recipere
1089 4143 1348 4207 dicerem,
1396 4143 1645 4210 quamvis

102 4238 267 4307 eligere
296 4241 465 4291 solum
510 4253 747 4305 possem.
782 4239 845 4290 Et
897 4235 1140 4291 Justinus
1196 4236 1548 4304 philoSophus
1602 4244 1657 4289 ct

104 4340 276 4400 utarlyr
306 4351 317 4385 :
348 4333 562 4386 Etenim
594 4332 636 4384 si
659 4332 785 4400 quid
812 4330 1076 4397 principib
1102 4339 1255 4381 extra
1290 4328 1471 4382 Deum,
1508 4338 1647 4394 erat,

102 4422 688 4477 outuiuonecessarium
727 4430 811 4474 est
854 4419 1101 4474 conﬁteri
1154 4420 1257 4474 hoc
1317 4426 1409 4471 aut
1458 4417 1650 4487 Deum,

161 4602 311 4656 "lsa.
342 4620 492 4669 XLtv,
526 4606 579 4659 6.
658 4602 702 4635 ⁸ο
724 4602 867 4661 Psal.
896 4618 1123 4667 exuuii,
1145 4602 1201 4659 2.

1750 3322 1876 3393 quid
1910 3322 2205 3375 secundum
2241 3320 2488 3386 superius
2511 3328 2563 3371 et
2598 3316 2823 3369 inferius
2853 3315 3201 3383 progrediens
3246 3329 3335 3367 es-

1748 3429 1805 3469 se
1827 3413 2121 3478 infinitum,
2153 3421 2206 3467 et
2225 3412 2340 3465 sine
2367 3411 2628 3479 principio
2656 3411 2781 3463 :sed
2803 3425 2965 3461 unum
2989 3408 3183 3470 solum,
3234 3409 3335 3460 hoc

1748 3517 1830 3563 cst
1858 3506 2020 3571 Deus,
2045 3504 2529 3573 incomprehensus
2558 3512 2658 3565 est,
2686 3513 2739 3553 et
2765 3500 3194 3568 iuaspectahilis,
3228 3509 3327 3551 eta

1748 3601 2041 3655 contrariis
2071 3600 2217 3652 solus
2251 3599 2365 3666 ipse
2390 3596 2735 3658 nominatur;
2760 3595 2852 3648 sed
2904 3594 3199 3647 secundum
3243 3608 3332 3646 es-

1746 3693 1977 3747 sentiam
2041 3706 2189 3744 snam
2222 3702 2437 3756 prorsus
2462 3695 2609 3740 caret
2642 3686 2879 3749 nomine,
2911 3685 3032 3751 quia
3053 3683 3199 3735 solus
3249 3691 3335 3736 est

1753 3798 1857 3837 non
1891 3792 2105 3835 creatus
2134 3788 2188 3833 et
2221 3780 2490 3846 ingenitus
2519 3797 2531 3841 ;
2557 3778 2738 3829 omnia
2759 3787 2938 3829 autem
2990 3786 3110 3843 post
3178 3787 3336 3829 natu-

1749 3891 1863 3931 ram
1903 3874 2136 3926 divinant
2172 3869 2677 3937 sttntcreata,qnia
2734 3870 2875 3921 inter
2918 3869 3094 3937 ipsum
3144 3867 3335 3929 Deum,

1748 3975 1803 4015 et
1838 3972 2122 4016 creaturas
2150 3975 2323 4027 neque
2352 3959 2645 4028 quidquam
2675 3968 2778 4021 cst,
2849 3972 3021 4025 neque
3063 3959 3338 4024 cogitatur

1748 4069 2002 4121 tanquam
2058 4052 2289 4106 essentia
2338 4050 2625 4119 quaepiam.
2689 4049 2975 4115 Diligenter
3015 4047 3178 4114 igitur
3224 4061 3339 4098 ina-

1762 4148 1897 4201 teria
1926 4144 2321 4213 bujusdecadis
2350 4160 2374 4191 a
2415 4141 2677 4207 theologis
2714 4141 2983 4207 exposita,
3023 4155 3143 4190 cum
3202 4138 3339 4190 alio-

1761 4240 1850 4310 qui
1891 4239 2062 4307 ipsius
2094 4236 2186 4291 Dei
2231 4235 2551 4289 infinitatem
2611 4234 2945 4302 cognoscere
3002 4246 3105 4284 non
3164 4230 3340 4300 possi—

1762 4346 1881 4386 tnus
1914 4332 2013 4401 (l).

1563 4722 1834 4783 Scholia.

162 4825 231 4895 (Ι)
268 4828 341 4881 Ad
371 4844 435 4883 ea
466 4830 663 4898 quaein
700 4831 799 4883 hoc
834 4839 1079 4883 extremo
1130 4829 1306 4894 capite
1359 4844 1424 4882 ex
1484 4830 1647 4881 variis
1690 4833 1732 4885 D
1764 4828 1806 4880 εἰ
1851 4835 2009 4879 natus
2057 4842 2176 4898 non,
2212 4814 2400 4881 fuisset
2439 4829 2598 4879 homo
2653 4827 2740 4879 ille
2776 4825 2991 4889 (Matth.
3028 4840 3171 4898 nvi,
3226 4823 3341 4898 2i).

108 4895 328 4952 l‘atrtbus
356 4902 424 4952 de
445 4895 685 4967 ingenito
705 4911 885 4953 notata
910 4910 1053 4963 sunt,
1078 4899 1292 4967 adjungi
1318 4910 1494 4965 potest
1515 4898 1658 4965 qttod

108 4980 296 5020 saueius
333 4970 759 5038 Cttrysostomus
789 4971 1026 5035 scripsit,
1053 4970 1323 5023 disserens
1349 4969 1414 5021 de
1459 4969 1661 5032 ingenio

112 5048 153 5086 to
175 5048 345 5089 contra
383 5041 676 5094 haereticos
704 5041 753 5091 in
780 5042 996 5092 bomilia
1032 5042 1083 5091 itt
1118 5041 1243 5090 illud
1280 5058 1291 5091 :
1344 5040 1397 5092 In
1462 5039 1661 5101 princi—

108 5106 181 5165 tio
201 5120 305 5177 erat
330 5107 565 5163 Verbum
598 5108 775 5171 (Juan.
823 5128 859 5173 ι,
898 5111 971 5173 1),
1008 5121 1062 5161 et
1088 5125 1103 5161 :
1133 5109 1366 5177 Spiritus
1388 5118 1662 5161 scrutatur

114 5175 350 5237 profunda
391 5180 485 5233 Dei
523 5180 563 5245 (Ι
592 5180 722 5233 (lor.
762 5197 822 5243 tt,
857 5183 980 5245 10):
1015 5180 1092 5233 Ne
1117 5175 1418 5243 esistitites,
1453 5179 1650 5246 inquit,

114 5248 360 5319 liceretice,
388 5266 642 5318 magnum
676 5251 803 5319 quid
842 5260 892 5302 te
926 5252 1163 5302 tribuere
1198 5250 1365 5314 l’atri,
1392 5265 1514 5302 eum
1568 5248 1652 5299 ili-

111 5316 177 5367 cis
204 5332 318 5371 esse
346 5316 647 5387 ingenitum
676 5316 843 5386 {quia
886 5320 1048 5373 multa
1068 5320 1172 5372 alia
1201 5334 1321 5387 quae
1353 5335 1455 5372 nou
1511 5331 1645 5372 sunt

113 5398 362 5452 generata,
397 5393 653 5443 dicuntur
689 5394 925 5455 ingenita
968 5410 980 5454 ;
1018 5390 1212 5442 dicitur
1242 5390 1408 5441 Adam
1438 5389 1650 5453 ingeni-

114 5466 205 5528 tus,
228 5456 345 5528 quia
382 5475 490 5513 non
523 5462 621 5512 fuit
644 5463 875 5528 genitus,
906 5462 997 5512 sed
1025 5459 1320 5522 formatus;
1348 5459 1549 5512 dicitur
1594 5473 1653 5511 e-

115 5526 225 5577 tiam
257 5526 728 5597 homoingcttitus,
756 5546 856 5583 non
893 5540 1199 5599 generatus,
1233 5545 1403 5595 neque
1448 5528 1654 5581 fortna-

114 5602 208 5660 tus,
232 5606 283 5649 ut
306 5614 424 5653 cum
462 5601 722 5657 Dominus
756 5598 981 5656 dixit’de
1007 5598 1145 5654 Juda
1181 5618 1194 5653 :
1228 5599 1432 5655 Bonum
1458 5609 1573 5653 erat
1603 5600 1651 5654 ei

1785 4898 1845 4950 Et
1876 4898 2148 4963 quomodo
2169 4897 2240 4950 illi
2264 4898 2455 4950 melius
2485 4908 2623 4957 erat,
2654 4898 2696 4947 si
2732 4909 2887 4949 natus
2913 4912 3015 4948 non
3051 4896 3265 4945 fuisset?
3296 4894 3344 4945 ei

1770 4970 1913 5018 enim
1949 4968 2039 5032 qui
2078 4982 2180 5018 non
2219 4978 2320 5029 «δεῖ,
2365 4967 2496 5019 nihil
2532 4967 2808 5029 conducit,
2850 4980 3023 5032 neque
3056 4974 3236 5015 nocet.
3275 4964 3341 5014 Et

1768 5036 2028 5090 Salomon
2066 5037 2280 5088 beatum
2314 5038 2565 5102 praedicat
2592 5038 2823 5103 eumqui
2859 5053 2961 5089 non
2997 5046 3077 5087 est
3104 5034 3342 5099 genitus,

1764 5111 1843 5159 sic
1882 5106 2028 5157 enim
2057 5107 2133 5158 ait
2163 5124 2175 5158 :
2208 5105 2408 5158 Beatus
2441 5107 2530 5169 qtti
2570 5119 2817 5158 mortuus
2848 5118 2952 5169 est,
2990 5108 3158 5165 magis
3180 5119 3342 5170 t||I:tIII

1761 5179 1969 5237 vivens,
2004 5188 2056 5227 et
2086 5192 2245 5242 supra
2271 5176 2406 5228 duos
2426 5180 2514 5246 qui
2542 5195 2643 5229 nun
2670 5188 2752 5228 est
2785 5172 3337 5246 genitu;.(l§ccle.__tv,

1757 5246 1811 5311 2)
1847 5265 1858 5299 :
1894 5246 1958 5298 Et
1990 5246 2035 5299 si
2064 5264 2167 5299 non
2199 5242 2527 5314 estlgenitits,
2558 5251 2829 5308 quomodo
2855 5258 2936 5297 est
2961 5246 3185 5297 hcattts?
3222 5242 3353 5293 Vide

1759 5319 1980 5369 nomina
2010 5328 2217 5368 natum:
2254 5317 2531 5384 ingenitae.
2558 5316 2700 5369 Dixit
2733 5318 3003 5368 hominem
3041 5329 3213 5379 neque
3258 5327 3353 5377 ge-

1759 5388 1957 5451 nitum,
1988 5401 2161 5455 neque
2188 5386 2474 5439 formatum
2509 5390 2727 5439 beatum
2756 5384 3141 5455 ;quatnobrem
3172 5384 3353 5447 appel—

1758 5457 1887 5509 latio
1923 5454 2145 5523 ingeniti
2178 5474 2283 5508 non
2325 5460 2716 5524 interpretatur
2775 5469 3022 5506 naturam
3085 5454 3350 5515 divntam,

1755 5544 1875 5590 nec,
1914 5538 1971 5577 ttt
2008 5536 2063 5578 tu
2096 5528 2195 5590 ais,
2230 5528 2585 5579 substantiam
2622 5526 2924 5589 signiﬁcat;
2957 5539 3059 5577 nec
3090 5524 3350 5575 honorent

1753 5599 1910 5651 atl'et't
1931 5596 2099 5651 Patri.
2127 5596 2394 5652 Hactenus
2429 5598 2868 5665 Chrysostomus.

1690 5806 1756 5819 -υ
