3780 6540
346 1995 355 2003 ’
441 2022 652 2060 arcana:
677 2006 959 2060 doctrinze.
989 2003 1092 2066 'l‘u,
1125 2019 1243 2072 quae
1279 2005 1329 2058 in
1360 2004 1696 2059 obscuritate
1721 2007 2026 2060 tenebrico-

434 408 539 474 923
701 401 711 408 ⁷
936 413 947 438 ί
1591 412 1829 473 IOANN
1839 414 1912 474 IS
1943 411 2502 474 CYPARISSIO'FE
2547 503 2554 509 θ
2957 431 2970 446 ν
3007 430 3043 473 .-"-
3135 401 3174 434 9"
3203 401 3254 432 ’ί
3529 412 3618 479 928

1196 671 1445 741 Ducas
1481 675 1726 737 NONA.
1765 712 1837 722 —
1875 678 1989 739 DE
2048 635 2434 742 (NF/Mm
2450 677 2556 736 TE
2587 674 2687 737 IN
2715 669 2910 734 mro.

1064 815 1295 870 CAPUT
1338 817 1380 872 l'.

437 913 590 980 Quod
630 912 685 965 in
718 909 849 969 Deo,
881 910 985 980 qui
1025 920 1098 962 est
1149 887 1312 975 supra
1367 909 1760 975 substantiam,
1799 928 1901 966 non
1933 923 2010 966 est

501 982 788 1050 quidquam
837 976 986 1050 aliud
1051 995 1152 1035 non
1200 991 1436 1031 creatum
1517 991 1713 1047 pra'tcr
1761 982 2012 1047 Patrem,

511 1045 730 1110 Filium,
764 1057 810 1101 et
844 1045 1096 1112 Spiritum
1132 1061 1368 1100 sanctum
1415 1045 1572 1103 unius
1617 1059 1665 1103 et
1715 1052 1878 1104 solius
1915 1045 2013 1104 na;

505 1133 638 1174 tunc
674 1135 774 1172 non
807 1125 1017 1180 creata,
1057 1133 1147 1168 nec
1178 1116 1323 1169 aliud
1355 1119 1642 1187 quidquam
1673 1131 1796 1174 ante
1819 1120 2015 1176 scutula

510 1201 697 1258 printer
736 1187 829 1240 ltus
869 1197 972 1240 tres
1008 1203 1255 1254 ptrsouas
1295 1189 1520 1243 divinas.

505 1277 728 1344 Magnus
763 1275 1070 1344 Dionysius,
1127 1279 1304 1343 capite
1336 1277 1510 1344 primo
1546 1277 1787 1347 Mysticae
1820 1280 2018 1334 theolo-

439 1371 539 1436 gia:
564 1387 580 1423 :
603 1369 844 1422 Trinitas
870 1381 1034 1446 sppra
1063 1368 1444 1432 substantiam,
1467 1379 1520 1424 et
1556 1386 1720 1439 supra
1751 1371 2015 1438 divinum,

436 1469 492 1514 et
527 1474 687 1528 supra
721 1459 943 1519 bonum,
976 1455 1193 1522 pietatis
1219 1457 1654 1535 Christianorum
1688 1472 1819 1527 erga
1851 1458 2016 1511 Deum

439 1565 640 1621 praeses
671 1559 720 1602 et
747 1557 950 1611 custos,
985 1547 1156 1616 dirige
1189 1562 1283 1600 nos
1318 1547 1383 1600 ad
1435 1548 1783 1618 mysticorum
1813 1563 2022 1603 sermo—

439 1653 566 1696 num
600 1640 689 1693 Dei
723 1653 1051 1717 supraquani
1088 1637 1328 1717 ignt‘tm
1359 1639 1459 1709 (l),
1493 1650 1546 1692 et
1573 1653 1899 1710 supraquatn
1933 1642 2018 1695 Iu-

437 1748 567 1788 cens
602 1731 702 1802 (ἢ),
741 1740 902 1798 atque
942 1744 1213 1784 summum
1249 1731 1562 1800 fastigium;
1596 1732 1688 1786 ubi
1725 1733 2020 1810 simplicia.

440 1835 494 1879 et
527 1826 768 1880 absoluta
809 1823 909 1892 (3),
941 1832 994 1876 et
1037 1825 1392 1883 immutabilia
1428 1825 1711 1894 theologia:
1758 1826 2019 1896 mysteria

441 1918 761 1985 aperiuntur
794 1915 846 1968 in
895 1916 1126 1984 caligine
1173 1930 1503 1984 supraquam
1537 1916 1753 1969 lucente
1803 1917 2006 1972 silentii

2041 828 2086 883 Α
2113 831 2167 877 et
2197 822 2331 876 nihil
2361 835 2520 890 supra
2567 835 2628 875 ea
2661 833 2781 889 quae
2819 827 2946 873 sunt
2970 857 2987 884 ,
3033 825 3086 872 et
3115 831 3280 887 supra.
3312 821 3626 888 substantiam

2112 928 2234 970 esse
2263 913 2524 982 rogitant,
2574 908 2704 981 quin
2757 911 2939 980 potius
2988 909 3324 965 arbitrantur
3355 929 3443 968 sua
3473 927 3627 990 cogni.

2118 1007 2264 1062 tione
2320 1021 2478 1060 nosse
2528 1020 2652 1060 cum
2707 1004 2800 1075 qui
2873 1006 3054 1074 posuit
3102 1007 3352 1062 tenebras
3399 1009 3628 1070 latibulum

2116 1112 2291 1154 suum.
2337 1095 2396 1152 Si
2430 1107 2610 1151 autem
2647 1111 2812 1164 supra
2841 1095 2942 1150 bos
2974 1105 3102 1149 sunt
3137 1096 3435 1152 divinorum
3475 1115 3632 1173 mysie.

2119 1184 2322 1238 riorum
2355 1183 2716 1252 cognitiones,
2749 1183 2886 1254 quid
2927 1184 3034 1238 dici
3066 1186 3266 1254 poterit
3311 1187 3375 1242 de
3418 1189 3524 1245 aliis
3551 1211 3630 1250 non

2119 1274 2364 1337 initiatis,
2394 1276 2488 1343 qui
2520 1289 2786 1331 summam
2817 1290 3036 1330 causam
3065 1279 3310 1333 omnium
3338 1295 3400 1334 ex
3423 1289 3632 1343 extremis

2123 1364 2197 1434 (ιν)
2228 1365 2280 1418 in
2310 1373 2498 1420 natura
2533 1381 2711 1420 rerum
2743 1366 3059 1431 designant,
3097 1367 3341 1438 nihilque
3381 1385 3488 1426 eam
3514 1388 3635 1432 ante-

2123 1456 2321 1511 cellere
2345 1456 2500 1509 aiunt
2535 1456 2718 1524 irl'tpiis
2749 1456 3098 1526 imaginibus,
3125 1473 3263 1527 quas
3309 1461 3406 1530 ipsi
3433 1464 3639 1530 lingunt?

2125 1547 2438 1615 Etmagnus
2472 1546 2803 1602 Athanasius
2835 1565 2850 1602 :
2883 1547 3009 1602 Sola
3049 1549 3192 1602 enim
3229 1560 3411 1604 sancta
3449 1551 3639 1613 Trinitas

2124 1638 2422 1692 divinitatis
2448 1654 2556 1692 non
2587 1650 2769 1694 creata
2811 1640 3086 1709 apparuit.
3114 1639 3179 1694 Et
3203 1639 3400 1695 beatus
3425 1642 3638 1702 Basilius:

2125 1729 2238 1786 Illic
2266 1729 2417 1784 stetit
2447 1730 2626 1795 beata,
2667 1739 2722 1784 et
2751 1745 2856 1786 non
2886 1737 3068 1785 creata
3111 1729 3371 1793 Trinitas.
3410 1733 3566 1800 Pater,
3602 1753 3640 1794 et

2128 1819 2314 1884 Filius,
2353 1830 2408 1873 et
2433 1819 2666 1888 Spiritus
2702 1829 2943 1875 sanctus.
2981 1821 3042 1875 Et
3067 1819 3364 1892 Gregorius
3385 1821 3641 1895 Nyssenus:

2127 1910 2270 1965 Nihil
2298 1913 2440 1966 aliud
2476 1922 2604 1966 ante
2640 1915 2832 1967 stecula
2865 1925 3063 1982 praeter
3095 1913 3337 1980 Patrem,
3380 1929 3432 1971 et
3459 1919 3643 1986 Filium,

2128 2013 2182 2057 et
2207 2003 2462 2070 Spiritum
2487 2015 2751 2058 sanctum.
2775 2003 2840 2056 Et
2867 2004 3084 2059 divinus
3103 2004 3498 2063 Damascenus:
3527 2010 3648 2069 Solus

443 2101 657 2156 sissima
695 2114 1022 2170 supraquam
1051 2098 1358 2153 clarissime
1385 2112 1709 2167 supraquam
1743 2098 2016 2166 splentles,
2130 2110 2236 2149 non
2277 2106 2514 2156 creatus,
2553 2095 2642 2164 qui
2679 2095 2731 2148 in
2767 2094 2951 2160 Patre,
2979 2106 3034 2150 et
3067 2096 3231 2163 Filio,
3261 2109 3316 2152 et
3345 2097 3532 2170 Spiritu
3553 2119 3646 2156 san-

442 2203 494 2248 et
525 2195 576 2248 in
610 2193 714 2247 illis
741 2191 1122 2261 splendoribus
1177 2205 1505 2258 supraquam
1552 2190 1811 2260 pulchris,
1856 2200 1910 2246 et
1943 2200 2019 2244 ta-
2053 2202 2092 2257 Β
2125 2195 2215 2240 cto
2248 2185 2466 2241 colitur.
2489 2184 2570 2239 Ex
2592 2185 2792 2254 quibus
2824 2187 2880 2240 llt
2913 2187 3292 2252 manifestum,
3319 2190 3454 2258 quod
3482 2192 3527 2244 in
3554 2191 3649 2259 Deo,

444 2297 611 2348 ctum,
643 2295 695 2338 et
727 2294 1004 2352 aspectum
1029 2284 1106 2354 (a)
1133 2299 1196 2337 ex
1227 2292 1337 2338 toto
1363 2282 1690 2353 fugientibus
1709 2290 1914 2334 mentes
1941 2283 2022 2352 (4)
2119 2283 2210 2350 qui
2262 2290 2339 2335 est
2381 2296 2541 2350 supra
2577 2281 2959 2348 substantiam,
2985 2297 3084 2336 nec
3119 2282 3270 2338 aliud
3295 2285 3565 2354 quidquam
3593 2302 3654 2345 est

443 2377 616 2431 oculis
666 2385 859 2446 captas
906 2390 1234 2444 supraquatn
1285 2374 1494 2441 imples.
1530 2373 1657 2428 Mihi
1702 2373 1862 2442 igitur
1906 2372 2026 2426 haec
2120 2382 2490 2426 nonoreatum
2514 2371 3211 2442 praeterTriuitatemJnec
3239 2376 3386 2430 aliud
3405 2379 3652 2449 quidquam

443 2480 717 2537 opteritur,
746 2478 799 2521 tu
850 2482 997 2531 vero,
1027 2466 1192 2520 chare
1245 2465 1549 2528 Timothee,
1598 2465 1651 2518 in
1703 2465 2017 2520 vehementi
2123 2472 2247 2518 ante
2286 2479 2460 2518 aevum
2496 2472 2692 2532 pra-ter
2738 2464 2977 2526 Patrem,
3007 2474 3055 2520 et
3102 2465 3329 2532 Filium,
3361 2477 3414 2522 et
3445 2468 3654 2536 Spiritum

448 2559 798 2628 mysticarum
837 2556 1348 2624 contemplationum
1386 2557 1774 2611 exercitatione
1813 2567 1868 2610 et
1898 2571 2025 2610 sen-
2121 2564 2388 2618 sanctum,
2416 2555 2739 2609 Trinitatem
2766 2571 2930 2625 supra
2954 2566 3223 2622 naturam,
3293 2569 3344 2612 et
3373 2559 3424 2612 in
3453 2574 3542 2628 qua
3562 2561 3658 2616 sim.

445 2654 561 2714 sus,
590 2661 641 2704 et
690 2665 821 2703 usus
863 2649 1065 2702 mentis
1103 2647 1367 2715 relinque,
1419 2656 1472 2701 et
1515 2646 1696 2700 omnia
1744 2660 1864 2716 quae
1921 2646 2023 2700 sub
2123 2645 2306 2713 plicia,
2355 2654 2409 2700 et
2467 2646 2756 2713 absoluta,
2821 2656 2983 2716 atque
3035 2649 3405 2704 immutabilia
3457 2653 3658 2720 mysteria

386 2735 390 2738 ’
445 2757 662 2796 sensum
690 2751 742 2796 et
772 2739 1184 2809 intelligentiam
1230 2739 1463 2800 cadunt,
1512 2747 1568 2792 et
1615 2738 1868 2792 universa
1902 2752 2023 2807 qua:
2126 2739 2407 2806 theologia:
2463 2741 2809 2811 deteguntur,
2847 2753 2901 2796 et
2946 2744 3048 2813 ipsi
3078 2744 3276 2798 occulti
3322 2761 3578 2800 sermones
3603 2748 3655 2802 si-

445 2844 594 2898 sunt,
623 2843 677 2885 et
727 2847 832 2887 non
869 2840 1000 2887 sunt
1032 2831 1108 2899 t5)
1144 2845 1158 2882 :
1191 2839 1245 2884 ct
1278 2831 1344 2885 ad
1387 2829 1809 2898 copulatiooem,
1844 2846 2022 2900 quau-
2126 2827 2275 2885 lentii
2303 2829 2625 2895 inell‘ahilis;
2657 2847 2825 2900 quare
2855 2832 2906 2886 si.
2930 2847 3049 2900 quae
3082 2841 3165 2887 est
3192 2837 3510 2890 natura’non
3544 2851 3662 2890 crea-

447 2933 559 2976 tum
589 2921 847 2992 consequi
877 2932 1052 2992 potes,
1083 2937 1206 2975 cum
1234 2935 1297 2974 eo
1330 2921 1420 2988 qui
1451 2935 1614 2988 supra
1648 2934 1865 2974 omnem
1892 2919 2027 2972 sub-
2131 2931 2182 2976 ta
2206 2962 2221 2986 ,
2259 2938 2322 2977 ea
2363 2934 2445 2978 est
2477 2922 2638 2978 Pater
2668 2935 2723 2980 et
2766 2925 2936 2979 Filius
2979 2935 3036 2980 et
3084 2926 3328 2992 Spiritus
3363 2938 3580 2981 sanctus.
3613 2927 3662 2983 Et

443 3016 698 3070 stantiam
735 3024 790 3070 et
823 3014 1188 3083 cOgnitionem
1230 3023 1347 3077 est,
1384 3014 1569 3083 ignote
1597 3012 1675 3083 (ϐ)
1711 3013 1976 3068 contende
2012 3033 2025 3070 :
2132 3027 2321 3066 ι-ιιτμιιε
2352 3029 2365 3064 :
2395 3011 2449 3065 Si
2496 3013 2624 3080 quid
2669 3022 2750 3067 est
2801 3011 2980 3076 Pater,
3031 3022 3084 3067 et
3121 3013 3318 3077 Filius,
3368 3023 3423 3066 et
3472 3013 3663 3082 Spiritus

448 3110 505 3161 et
534 3118 684 3160 extra
716 3116 765 3161 te
805 3107 1017 3175 positus
1048 3119 1197 3173 pure.
1248 3115 1301 3160 et
1332 3105 1399 3159 ab
1444 3105 1698 3160 omnibus
1737 3104 1946 3159 solutus
1975 3112 2030 3160 et
2130 3113 2371 3164 sanctus.
2407 3105 2522 3157 sola
2557 3117 2662 3156 non
2703 3113 2890 3157 creata
2919 3113 3107 3157 natura
3153 3113 3236 3158 est
3260 3147 3276 3168 ,
3328 3114 3382 3159 et
3427 3120 3534 3158 cm
3563 3106 3667 3160 dici-

444 3195 585 3250 llbcr
605 3196 669 3252 ad
708 3197 913 3251 radium
935 3198 1175 3251 divinum
1203 3195 1395 3252 divina:
1410 3196 2032 3262 obscuritatis,omnibus
2133 3209 2255 3248 ntus
2301 3211 2316 3248 :
2367 3192 2412 3249 Ο
2459 3203 2652 3247 natura
2693 3209 2798 3248 non
2832 3201 3016 3248 creata
3042 3234 3058 3256 ,
3091 3203 3290 3248 auctor
3323 3197 3575 3256 omnium,
3604 3199 3666 3250 rel

445 3289 664 3357 ablatis,
700 3298 758 3344 et
805 3289 874 3343 ab
913 3290 1164 3345 omnibus
1213 3289 1500 3360 expeditus
1547 3288 1860 3344 adduceris.
1899 3287 2031 3344 Vide
2135 3294 2332 3356 praeter
2369 3287 2608 3341 divinam
2659 3295 2910 3341 naturam
2970 3284 3105 3340 nihil
3155 3296 3238 3340 est
3288 3303 3397 3342 non
3431 3302 3667 3350 creatum,

447 3391 652 3446 autem,
689 3365 934 3437 utinemo
962 3383 1077 3437 hare
1109 3383 1292 3435 audiat
1325 3383 1485 3436 exiis
1524 3383 1614 3450 qui
1646 3399 1748 3436 non
1789 3394 1912 3437 sunt
1947 3383 2030 3435 in-
2138 3379 2407 3444 implicata
2437 3379 2670 3436 dicimus
2707 3377 2946 3443 Patrem,
2984 3388 3039 3432 et
3087 3377 3316 3442 Filium.
3363 3391 3414 3435 et
3453 3381 3668 3451 Spiritum

447 3475 677 3540 structi;
722 3475 822 3530 hos
851 3455 999 3543 dico,
1030 3473 1120 3545 qui
1154 3473 1314 3529 rebus
1353 3473 1589 3529 terrenis
1625 3472 2026 3538 adhaerescunt,
2059 3489 2106 3551 ο
2136 3480 2424 3538 sanctum;
2459 3479 2514 3526 et
2544 3485 2665 3525 cum
2699 3481 2889 3527 rursus
2937 3469 3168 3530 dicimus
3209 3485 3225 3525 τ
3272 3469 3436 3526 Pater
3467 3474 3669 3542 onmipo-

1913 3612 2189 3678 Scbolia.
2271 3649 2276 3653 ι

516 3768 592 3838 (l)
621 3765 952 3839 Suprnqimm
990 3769 1242 3838 ignotum.
1285 3767 1420 3834 Quia
1461 3766 1585 3834 quid
1621 3764 1691 3819 sit
1725 3764 1884 3829 Dt-nc,
1929 3763 2020 3832 qui
2125 3771 2305 3887 potest
2335 3762 2534 3831 caligo.
2563 3775 2736 3827 neque
2765 3777 2888 3830 quas
2914 3760 3141 3829 caligine
3164 3761 3384 3814 obtecta
3408 3762 3544 3828 sunt)
3569 3761 3669 3815 vidit

516 3849 744 3887 tsancta
777 3837 1036 3887 Trinitas-
1068 3853 1171 3887 non
1203 3837 1374 3887 solum
1419 3847 1501 3887 est
1531 3836 1805 3887 ignotum.
1837 3845 1894 3887 ut
1926 3849 2024 3887 nos
2170 3834 2350 3887 sultis.
2381 3844 2432 3884 et
2469 3832 2721 3887 cognovit
2754 3832 2805 3885 in
2860 3831 2980 3887 luce
3020 3832 3339 3886 clarissima:
3371 3832 3669 3884 revelatiouis

446 3849 533 3892 est
559 3831 744 3892 saucia
777 3831 1037 3903 Trinitas,
1068 3853 1171 3892 non
1203 3831 1374 3892 solum
1419 3831 1501 3892 est
1531 3836 1805 3907 ignotum,
1837 3845 1894 3889 ut
1926 3831 2024 3888 nos
2126 3831 2432 3907 Paulus,‘et
2469 3832 2721 3907 cognovit
2754 3832 2821 3907 i_n_
2860 3831 2980 3907 luce
3020 3832 3339 3907 clarissima:
3371 3832 3669 3907 revelatiouis

447 3909 750 3978 intelligere
785 3924 1071 3976 possumus
1102 3909 1154 3961 in
1181 3908 1448 3962 creaturis
1488 3907 1692 3976 aliquid
1721 3920 1841 3959 esse
1865 3907 2020 3976 igno-

450 3989 585 4039 tum,
621 3980 711 4030 sed
742 3988 822 4030 est
848 3992 1174 4046 supraqnam
1212 3978 1473 4040 ignotum.

521 4048 596 4116 (2)
637 4047 968 4114 Supraquam
1003 4045 1197 4102 lucens.
1227 4047 1359 4112 Quia
1394 4047 1630 4117 Cognitio
1658 4053 1740 4101 esi
1774 4045 2019 4113 quredam

449 4117 535 4170 lux
574 4119 789 4182 mentis,
818 4119 1084 4186 signiﬁcat
1119 4117 1420 4186 Dionysius.
1455 4134 1558 4171 non
1591 4133 1710 4172 esse
1743 4117 2017 4183 proprium

453 4187 543 4240 Dci
583 4188 662 4241 sic
697 4188 950 4253 cognosci
998 4187 1138 4255 quod
1175 4189 1265 4248 sit.
1299 4196 1351 4240 ct
1386 4189 1557 4240 bonus
1601 4189 1693 4249 sit,
1726 4196 1778 4239 et
1812 4186 2017 4253 reliqua

449 4258 717 4324 ejusmodi
756 4258 844 4309 Dei
883 4255 1118 4326 prppria,
1148 4258 1285 4311 sicut
1324 4273 1423 4311 nos
1452 4257 1822 4324 intelligimus,
1852 4266 1906 4308 et
1934 4273 2024 4308 co-

450 4328 757 4394 gunseimus
797 4329 848 4380 in
891 4328 1171 4392 creaturis,
1199 4342 1339 4390 esse,
1381 4336 1432 4380 et
1475 4329 1607 4380 tales
1633 4341 1786 4387 esse,
1813 4326 1906 4376 sed
1941 4335 2024 4379 est

450 4397 692 4464 cognitio
738 4397 854 4462 ejus
921 4398 1134 4464 propria
1184 4413 1342 4466 supra
1393 4413 1603 4449 omnem
1659 4395 2022 4466 cognitionem

450 4476 688 4520 creatam
763 4484 789 4519 a
821 4482 879 4521 se
929 4468 1074 4520 enim
1110 4465 1304 4528 solum,
1340 4475 1398 4520 ut
1423 4467 1574 4520 decet
1620 4467 1670 4519 iul
1710 4474 1814 4528 est,
1847 4465 2023 4533 perle-

450 4544 558 4603 ct",
597 4552 827 4600 cognosc
850 4545 939 4590 tur
973 4551 1114 4592 esse.
1829 4569 1832 4574 ~

526 4608 602 4672 (5)
633 4606 905 4674 Simptiria
941 4616 988 4662 et
1023 4606 1280 4661 absoluta.
1308 4605 1400 4660 Illa
1437 4605 1586 4662 dicit.
1622 4619 1739 4670 qme
1769 4604 1906 4658 node
1938 4619 2026 4658 se-

452 4679 559 4732 cuti
592 4685 740 4738 sunt,
773 4678 889 4730 sine
926 4679 1311 4743 integmmntis
1350 4674 1682 4745 symlmlicis,
1706 4685 1760 4728 et
1783 4675 1900 4728 sine
1930 4691 2023 4742 pa-

452 4747 672 4808 rabolis,
705 4761 766 4798 ac
795 4746 911 4800 sine
937 4747 1116 4801 verbis
1141 4787 1154 4808 ,
1187 4764 1306 4816 quae
1335 4744 1657 4816 explication
1681 4764 1692 4794 ξ
1743 4745 1980 4813 indigent
2007 4787 2022 4811 ,

454 4817 825 4884 intelliguntur
864 4827 919 4871 et
947 4814 1219 4876 videntur,
1265 4814 1374 4870 Deo
1412 4815 1685 4882 aperiente
1722 4816 2017 4884 mysteria:

2124 3905 2240 3958 sine
2286 3903 2406 3955 ullis
2443 3903 2719 3971 symbolis.
2766 3901 2898 3955 Illud
2949 3914 3126 3955 autem
3156 3901 3552 3954 observandum
3582 3914 3658 3961 εει,

2054 4025 2056 4027 .
2127 3990 2193 4027 ne
2245 3975 2365 4040 quis
2398 3974 2748 4037 interpretem
2776 3981 2981 4026 temere
3011 3972 3397 4036 reprehendat,
3424 3971 3554 4038 quod
3583 3987 3669 4023 vcr-

2127 4043 2287 4096 tiuuts
2321 4059 2335 4096 :
2368 4043 2695 4105 Aperiantur
2728 4041 2778 4095 iu
2814 4041 3084 4111 caligine),
3126 4042 3270 4093 male
3312 4041 3416 4107 legi
3451 4042 3500 4093 in
3523 4054 3666 4093 exem-

2130 4113 2369 4182 plaribus
2406 4111 2610 4167 Gnecis
2639 4113 2692 4166 in
2727 4111 2877 4166 Italia
2915 4123 2969 4166 et
3002 4115 3054 4165 in
3090 4111 3265 4166 Gallia
3303 4111 3557 4182 hactenus
3584 4111 3668 4182 cili:

2133 4179 2220 4248 iis,
2265 4182 2692 4249 ἐγκαλύπτεται,
2738 4182 2790 4236 id
2835 4191 2940 4239 est.
2987 4191 3263 4250 teguntur;
3323 4181 3509 4232 melius
3537 4179 3667 4250 teucri

2132 4253 2184 4306 in
2244 4248 2539 4318 exemplari
2591 4253 2983 4319 manuscripto,
3046 4248 3671 4320 quodCyparissiotaht-

2132 4325 2265 4386 bttit,
2303 4322 2722 4384 ὲκκαλύπτεται,
2753 4323 2804 4374 id
2844 4333 2944 4382 est.
2975 4325 3318 4387 deteguntur.

2203 4397 2280 4463 (4)
2327 4391 2525 4445 Meutes
2565 4392 2841 4460 angelicas
2885 4393 3055 4463 oculis
3100 4400 3287 4463 captas
3319 4389 3456 4442 dicit
3491 4405 3583 4463 ιιι-ξιτ
3611 4393 3670 4463 in:

2135 4459 2282 4517 [inita
2339 4459 2662 4515 excellentia
2714 4463 2881 4516 divini
2935 4461 3284 4529 Splendoris;
3326 4471 3456 4512 sunt
3515 4459 3669 4528 aliwpti

2137 4536 2322 4587 multis
2349 4533 2522 4587 oculis
2562 4533 2800 4601 praeditas
2827 4543 3046 4601 propter
3090 4530 3668 4601 multautcognitionem

2135 4605 2365 4672 proprim
2402 4598 2689 4654 facultatis.
2723 4598 2876 4656 Sicut
2908 4598 3051 4654 enim
3090 4598 3231 4652 Dens
3281 4600 3481 4672 dicitur
3527 4601 3670 4652 invisi-

2137 4669 2286 4738 bilis,
2317 4674 2394 4726 sic
2425 4673 2676 4726 dicuntur
2709 4672 2963 4740 angelica!
3000 4679 3205 4723 tuentes
3235 4669 3406 4740 oculis
3439 4679 3618 4738 capite.

2203 4737 2280 4815 (5)
2321 4741 2575 4815 Universa
2605 4757 2719 4810 qua:
2753 4737 2976 4815 sunt,et
3020 4754 3124 4815 non
3157 4748 3306 4815 sunt.
3345 4737 3398 4789 ιίι
3432 4737 3550 4801 est,
3585 4755 3670 4791 om-

2130 4808 2221 4868 nia
2261 4808 2592 4867 intellectilia
2619 4808 2682 4864 et
2730 4810 2986 4873 sensilia;
3025 4808 3136 4861 haec
3166 4808 3310 4860 enim
3344 4816 3554 4876 prepter
3578 4825 3670 4863 con-

453 4903 571 4951 qua!
611 4877 692 4939 sic
721 4898 932 4941 ostensa
976 4896 1030 4939 et
1090 4887 1323 4939 revelata
1350 4923 1366 4949 ,
1413 4877 1517 4938 non
1557 4877 1796 4953 possunt
1833 4896 2016 4954 postea
2051 4883 2096 4942 Ι)
2124 4885 2326 4938 tinuam
2369 4883 2722 4936 mutationem
2777 4881 3100 4936 dicebantur
3153 4890 3184 4930 a
3226 4877 3557 4947 pbilosotihis
3597 4897 3670 4932 non

454 4971 709 5011 sermone
758 4957 1002 5024 expromi
1029 4995 1044 5018 ,
1096 4957 1236 5010 sicut
1270 4955 1562 5024 Paulusne
1597 4955 1910 5024 huiusmodi
1937 4958 2021 5006 vi-

450 5029 607 5082 sione
649 5034 698 5076 ιιι
736 5022 1062 5080 revelatione
1095 5022 1488 5095 mysteriorum
1509 5026 1736 5092 simplici
1767 5022 2025 5095 etiabso-

454 5099 588 5159 luta,
623 5097 672 5148 ill
714 5109 817 5160 est,
850 5099 988 5149 nuda
1038 5107 1088 5149 et
1139 5094 1322 5163 aperta
1374 5097 1594 5150 remotis
1644 5094 1921 5163 symbolis,
1972 5106 2027 5149 et

456 5167 634 5220 verbis
681 5166 1040 5229 explicatione
1074 5167 1458 5231 indigentibus,
1511 5166 1562 5218 in
1609 5176 1761 5233 raptu
1798 5165 1889 5233 illo
1927 5180 2024 5219 suo

456 5238 713 5304 scripsit:
739 5237 869 5299 Quae
895 5254 998 5288 non
1027 5239 1170 5298 licet,
1197 5237 1390 5302 inquit,
1413 5237 1614 5290 homini
1638 5232 1782 5305 loqui
1809 5232 1890 5305 (11
1904 5233 2024 5289 Cor.

461 5324 558 5367 sit,
592 5307 683 5378 4);
722 5307 939 5378 adhuc
977 5309 1162 5378 _cnim__
1187 5309 1397 5359 videtur
1449 5305 1733 5376 Dionysius
1782 5306 2030 5378 retulisse

459 5380 602 5441 quml
630 5375 738 5431 hic
784 5376 942 5429 dixit.
977 5375 1028 5428 In
1065 5376 1293 5440 caligine
1327 5375 1650 5443 supraquam
1700 5378 1912 5430 lucente
1950 5375 2029 5429 si-

461 5447 607 5500 lentii
642 5461 852 5500 arcanae
873 5446 1154 5509 doctrime,
1181 5446 1462 5510 caliginem
1488 5446 1717 5508 vocavit,
1746 5461 1863 5507 titne
1892 5447 2025 5498 l’au.

462 5517 549 5569 lus
576 5516 888 5587 ᾶρῤητα,ιιι
917 5524 1021 5587 est,
1051 5530 1272 5579 arcana;
1306 5516 1430 5587 haec
1448 5515 1590 5587 enim
1620 5514 2031 5587 ob~curissima_,

462 5599 519 5640 et
561 5585 680 5654 qua:
713 5585 968 5654 explicari
1008 5601 1112 5640 non
1157 5595 1382 5656 possunt
1413 5585 1582 5655 (sicut
1631 5599 1804 5654 neque
1859 5585 2026 5640 videri

537 5746 613 5815 (a)
643 5744 902 5816 Tactum.
953 5758 1007 5801 et
1055 5755 1327 5814 aSpectum
1377 5747 1708 5803 intellectiles
1743 5748 1906 5812 dicit;
1941 5759 2024 5800 est

468 5819 612 5872 enim
641 5816 874 5884 cognitio
915 5821 1157 5887 quadam
1201 5819 1364 5872 tactio
1425 5831 1476 5874 ct
1530 5819 1661 5874 \‘isio
1698 5819 2016 5874 intellectus.

2126 4968 2271 5009 €888.

2199 5023 2278 5095 (6)
2313 5020 2521 5092 Ignota.
2545 5021 2843 5095 Signiﬁcat
2876 5035 2983 5074 non
3019 5033 3151 5095 esse
3182 5020 3396 5095 curiose
3431 5019 3671 5095 inquiren-

2131 5089 2280 5160 dttin,
2326 5089 2597 5160 quomodo
2623 5092 2713 5144 llat
2745 5090 3116 5161 ismgcognitio
3144 5093 3387 5161 mysticae
3433 5089 3674 5161 theologia

2132 5179 2228 5232 per
2259 5159 2651 5227 copulationetu
2687 5175 2810 5215 cuni
2839 5159 2970 5222 Deo,
3005 5159 3671 5232 relicta‘omnialiaroguio

2135 5228 2282 5286 tione
2315 5247 2530 5295 rerum;
2567 5232 2617 5283 id
2649 5238 2792 5300 quod
2821 5232 3016 5284 Paulus
3047 5231 3320 5298 apostolus
3355 5228 3666 5298 signiﬁcavit,

2135 5318 2258 5358 cum
2291 5303 2429 5356 dixit
2468 5302 2535 5356 de
2569 5302 2655 5355 illa
2691 5315 2784 5354 sua
2834 5316 2955 5353 cttm
2991 5300 3101 5352 Deo
3126 5301 3486 5367 copulatione,
3525 5301 3570 5351 in
3599 5313 3672 5364 qua

2139 5384 2394 5443 mysteria
2433 5372 2517 5425 illa
2554 5386 2749 5443 arcana
2780 5372 2911 5443 vidit
2956 5385 2970 5421 :
3011 5369 3136 5443 Sive
3165 5371 3542 5443 “incorpore,
3591 5371 3673 5443 sire

2139 5439 2292 5497 extra
2345 5459 2566 5511 corpus,
2600 5441 2805 5505 nescio,
2843 5439 2982 5494 Deus
3015 5441 3119 5494 scit
3154 5440 3355 5511 (ibid.).
3382 5439 3590 5511 Nescio,
3615 5439 3674 5511 iu-

2141 5515 2276 5580 quit,
2312 5513 2362 5566 id
2396 5507 2478 5566 cst
2500 5555 2512 5578 ,
2548 5529 2652 5566 non
2686 5516 2899 5564 curiose
2930 5507 3170 5579 inquiro,
3204 5511 3336 5565 Satis
3362 5509 3490 5562 tuihi
3520 5525 3591 5563 νει
3618 5507 3673 5557 ιι-

2140 5585 2286 5638 disse
2319 5592 2371 5637 et
2405 5585 2628 5662 audisse
2661 5597 2860 5635 arcana
2888 5581 2997 5646 illa,
3039 5591 3143 5635 etc.

2202 5746 2276 5816 (ὁ)
2315 5747 2566 5803 Extrema
2605 5748 2656 5802 in
2695 5746 2873 5804 rebus
2901 5758 3058 5802 iurat
3113 5749 3384 5804 materiam
3435 5744 3666 5798 inanima-

2132 5835 2262 5880 lalll.
