3872 6542
208 419 297 481 925
1015 426 1255 490 DECAS
1305 429 1404 490 IX-
1440 457 1509 467 -
1548 435 1645 493 DE
1682 435 2132 505 INFINITATE
2174 446 2255 506 IN
2288 444 2464 505 DEO.

3310 436 3429 504 9526‘

202 529 453 597 tens,i'ili,
487 540 540 585 et
566 515 797 602 Spiritus
826 545 1031 599 sancte,
1064 539 1329 606 explicate
1360 557 1518 596 unam
1547 555 1600 597 ct
1634 562 1733 598 non
1764 549 1809 607 Λ
1840 559 1923 604 cta
1963 553 2230 610 Trinitate
2261 573 2419 611 unam
2453 556 2783 610 divinitatem
2813 596 2827 615 ,
2858 563 2919 608 ct-
2948 570 3113 609 unum
3182 571 3430 625 regnum,

200 634 404 676 creatam
449 636 693 678 naturam
746 626 1093 695 incusamus;
1148 632 1280 686 nihil
1331 646 1737 692 commoventes

200 715 243 768 in
274 716 384 776 title,
412 732 527 784 qua:
579 727 722 772 tenet
769 722 1035 778 unitatem
1087 740 1207 785 esse
1255 726 1307 781 in
1345 727 1632 797 Triuilate,
1679 742 1734 786 et

196 806 474 875 Trinitatem
510 810 564 864 in
595 812 820 869 unitate.

777 949 1004 1006 CAPUT
1049 952 1114 1005 11.

194 1061 397 1137 Quodin
423 1059 665 1137 Deo,_qui
691 1072 951 1137 estrsupra
979 1066 1356 1137 substantiam,
1392 1086 1489 1122 non
1520 1085 1592 1121 est
1622 1074 1730 1127 alia

245 1126 471 1184 divinitas
510 1126 647 1194 eius,
685 1135 787 1185 nisi
838 1133 1017 1197 Pater,
1063 1147 1108 1188 et
1153 1126 1369 1203 Filius;
1400 1149 1449 1193 et
1502 1126 1729 1202 Spiritus

245 1210 457 1261 sanctus,
490 1218 597 1253 una
638 1214 684 1254 et
726 1204 835 1255 sola
880 1221 982 1256 non
1029 1218 1204 1259 creata
1238 1218 1467 1273 natura;
1502 1227 1593 1263 nec
1619 1212 1729 1264 alia

246 1280 481 1346 potestas,
514 1273 620 1324 sive
650 1274 838 1331 rirtus,
884 1284 932 1326 et
963 1279 1202 1344 Operatio
1236 1280 1289 1331 in
1329 1280 1473 1346 ipso,
1508 1282 1614 1335 nisi
1651 1282 1732 1338 Ita

246 1350 337 1392 tres
367 1339 553 1395 divinet
581 1357 843 1406 personis.
997 1339 1006 1344 ⁷
1295 1408 1326 1433 ἱ

246 1450 484 1506 Dominus
512 1454 565 1506 in
594 1455 883 1522 Evangelia
905 1458 980 1513 ait
1006 1476 1019 1512 :
1043 1460 1241 1515 Amodo
1263 1463 1504 1517 uidebitis
1529 1465 1574 1517 F
1577 1467 1729 1520 ilium

185 1544 377 1597 laminis
400 1546 662 1598 sedentem
687 1564 718 1600 a
743 1547 943 1603 dextris
970 1552 1181 1606 virtutis
1212 1554 1328 1616 Dei,
1367 1566 1413 1609 et
1443 1559 1725 1613 venientem

185 1638 229 1687 in
269 1636 475 1690 nubibus
506 1638 627 1692 ειτιί
660 1639 726 1694 ⁸¹.
757 1640 818 1693 Et
851 1658 1042 1698 rursus
1082 1661 1097 1698 ε
1142 1644 1205 1700 Si
1238 1661 1411 1701 autem
1452 1650 1507 1702 in
1537 1652 1730 1705 virtute

185 1724 259 1778 Dei
281 1726 423 1789 eiicio
452 1729 718 1786 dwmonia
744 1732 811 1786 ”.
850 1733 913 1786 Et
945 1736 1118 1790 adhuc
1152 1754 1164 1789 :
1206 1737 1306 1792 l‘os
1337 1751 1509 1795 autem
1552 1744 1729 1798 sedete

183 1817 225 1879 iu
258 1820 452 1873 civitate
482 1821 805 1880 Jerusalem.
837 1826 999 1882 donec
1031 1829 1331 1885 induamini
1374 1834 1613 1887 virtutem
1661 1852 1726 1889 ex

1846 656 1903 695 et
1936 661 2103 699 unttm
2138 648 2499 712 dominatmn,
2533 649 2843 702 anathema.
2887 646 3173 703 Confessio
3220 661 3426 704 sanctfe

1843 750 1897 794 et
1933 741 2283 795 chntenica:
2332 751 2498 796 sexta:
2527 726 2718 812 synodi
2754 757 2769 794 :
2812 742 2920 795 Nos
2950 756 3124 810 neque
3154 752 3264 796 tres
3297 741 3431 797 deos

1843 832 2064 893 scimus,
2098 848 2268 898 neque
2304 845 2444 888 tutos
2479 835 2675 889 multos
2724 836 2874 894 deos,
2930 835 3015 888 vel
3065 845 3304 899 naturas,
3342 837 3424 889 vel

1844 924 2200 989 substantias,
2237 927 2319 979 vel
2347 926 2659 981 divinitates
2709 926 2977 991 novimus,
3021 937 3121 978 aut
3153 929 3431 993 cognosci-

1848 1031 1999 1080 mus;
2035 1025 2121 1069 aut
2151 1016 2242 1084 qui
2273 1026 2684 1084 cognoscerent,
2716 1017 2968 1069 novimus
3002 1034 3015 1069 :
3055 1016 3159 1068 imo
3187 1030 3309 1068 eum
3334 1013 3429 1083 qui

1848 1106 2027 1171 habet,
2056 1107 2137 1158 vol
2171 1106 2354 1171 sentit,
2378 1106 2460 1159 vel
2489 1106 2787 1174 cognoscit,
2807 1105 3276 1160 anathematismis
3302 1106 3429 1159 sub-

1838 1196 2081 1265 jicimus.
2109 1196 2401 1268 Gregorius
2422 1195 2700 1263 Nyssenus
2724 1195 2776 1249 in
2806 1196 2943 1249 libro
2978 1196 3259 1262 inscripto,
3295 1196 3426 1260 Qua:

1839 1289 1909 1341 sit
1944 1287 2240 1341 Christiani
2272 1287 2574 1356 professio:
2608 1286 2708 1352 Qui
2742 1287 2909 1346 enim,
2944 1285 3267 1352 inquit,,eos
3291 1299 3424 1337 con-

1840 1381 2064 1436 demnat
2102 1381 2193 1449 qui
2238 1382 2423 1434 dicunt
2479 1396 2640 1432 uuam
2700 1378 3061 1438 divinitatem,
3118 1376 3427 1430 necessario

1841 1473 1921 1524 vel
1957 1472 2151 1524 multas
2180 1472 2403 1536 dicenti,
2429 1471 2508 1525 vel
2544 1471 2767 1534 nullam,
2792 1468 3123 1533 aSSt‘Illiltlt‘;
3151 1481 3255 1520 non
3283 1466 3425 1520 enim

1819 1554 2134 1632 'quidqus-u
2171 1562 2316 1615 aliud
2351 1569 2546 1631 pra'tcr
2577 1561 2691 1614 htcc
2757 1560 2895 1614 dicta
2937 1558 3159 1628 cogitari
3211 1566 3428 1626 pctest,

1843 1655 1971 1723 quin
2021 1654 2130 1707 imo
2166 1669 2342 1723 neque
2389 1653 2643 1725 doctrina
2682 1651 2981 1721 Scriptura
3018 1651 3221 1705 multas
3253 1650 3424 1715 dicit,

1842 1758 1960 1809 qutc
1987 1743 2183 1796 alicubi
2213 1743 2457 1797 meminit
2487 1742 2837 1813 singulariter
2858 1742 3177 1803 divinitatis,
3213 1748 3268 1792 ut
3302 1755 3424 1794 cum

1841 1834 1917 1888 ait
1954 1853 1967 1888 :
2005 1833 2068 1887 In
2106 1836 2216 1903 ipso
2248 1835 2448 1887 habitat
2480 1836 2651 1888 omnis
2679 1834 2948 1902 plenitudo
2983 1833 3278 1887 divinitatis
3311 1849 3428 1885 cor-

182 1909 346 1963 allo”.
371 1908 433 1964 Et
458 1913 676 1968 divinus
709 1918 1030 1981 Apostolus:
1055 1918 1293 1973 Christus
1320 1921 1413 1976 Dei
1439 1926 1728 1991 sapientia,
1766 1932 1803 1985 Β
1834 1927 2091 1993 poraliter
2130 1926 2202 1980 ⁸⁷.
2238 1926 2293 1978 Si
2323 1927 2486 1993 igitur
2511 1926 2804 1978 extendere
2849 1939 3135 1976 numerum
3168 1922 3425 1975 divinita-

177 2009 217 2054 ιι
248 1999 326 2053 Dei
356 2002 518 2058 rirtus
535 2004 601 2057 ⁸⁵.
624 2005 918 2073 Gregorius
941 2010 1212 2078 Nyssenns
1242 2030 1254 2062 :
1293 2014 1354 2065 ἸΙ
1388 2014 1636 2083 δύναμις,
1678 2017 1729 2069 id

178 2101 265 2157 est,
287 2094 471 2157 virtus,
511 2100 633 2151 sive
668 2109 930 2167 potestas,
972 2119 1100 2158 cum
1146 2107 1210 2158 ad
1260 2105 1423 2161 Deum
1475 2110 1727 2169 refertur,

179 2185 497 2251 singulariter
528 2187 788 2257 effertur;
824 2207 943 2246 cum
998 2210 1127 2247 vero
1175 2197 1238 2249 ad
1294 2208 1598 2262 creaturas,
1634 2216 1734 2253 nn-

177 2288 302 2328 tuero
347 2277 726 2339 multitudinis.
782 2282 1077 2353 Gregorius
1127 2285 1436 2359 Theologus
1484 2305 1497 2341 :
1550 2291 1730 2347 Unum

179 2367 279 2428 tria,
308 2378 358 2421 et
387 2374 483 2423 tria
515 2388 684 2427 unum
714 2415 727 2436 ,
765 2376 816 2429 in
848 2379 1044 2445 quibus
1078 2390 1160 2434 est
1192 2382 1478 2449 divinitas;
1519 2384 1731 2452 vei-p0-

176 2458 264 2511 tius
289 2460 474 2527 dicam,
499 2479 624 2531 qua:
653 2479 779 2521 Sunt
813 2470 1084 2526 divinitas.
1112 2473 1176 2527 Et
1214 2491 1401 2531 rursus
1429 2479 1567 2532 idem
1597 2496 1611 2533 :
1641 2481 1731 2534 Dei

177 2562 285 2601 vero
313 2566 430 2604 cum
479 2555 629 2619 dico,
683 2560 805 2614 dico
861 2562 1057 2625 Patris,
1104 2577 1156 2618 et
1210 2567 1352 2635 Filii,
1399 2579 1454 2623 et
1496 2571 1735 2640 Spiritus

175 2644 337 2711 sancti;
379 2663 555 2717 neque
584 2650 871 2707 divinitate
901 2656 1039 2710 ultra
1079 2658 1192 2711 lucc
1226 2660 1363 2726 fusa,
1390 2678 1456 2715 nc
1479 2665 1732 2734 populum

170 2736 368 2811 deorum
408 2741 841 2808 lntroducamns,
874 2762 977 2801 nec
1002 2749 1285 2808 divinitate
1310 2752 1449 2806 intra
1483 2756 1594 2810 haec
1624 2768 1737 2811 ter-

177 2828 379 2894 minata,
409 2850 476 2889 ne
512 2836 582 2891 de
632 2839 882 2907 angustia
938 2840 1241 2896 divinitatis
1294 2844 1634 2900 damnemur.
1670 2849 1735 2903 Et

176 2916 342 2975 iterum
375 2940 388 2976 :
426 2923 602 2981 Unius
634 2928 954 2996 divinitatis,
995 2946 1028 2985 ο
1078 2932 1200 2987 boni
1229 2973 1243 2997 ,
1289 2934 1607 2991 Trinitatem
1643 2940 1737 2995 ho-

176 3022 357 3070 norate.
404 3017 472 3072 Et
517 3035 711 3073 rursus
747 3039 761 3075 :
793 3022 939 3075 Satis
975 3034 1078 3087 est,
1134 3033 1358 3081 eatenus
1407 3043 1735 3095 cognoscere

177 3105 411 3163 unitatem
449 3112 499 3165 in
546 3112 839 3178 Trinitate,
873 3122 928 3167 et
962 3114 1287 3171 Trinitatem
1320 3120 1370 3172 in
1401 3120 1608 3175 unitate
1635 3121 1736 3175 mi-

176 3197 367 3251 rabilem
401 3201 451 3253 in
504 3218 677 3255 unum
754 3204 1153 3272 copulationem
1222 3217 1277 3261 et
1329 3207 1731 3261 distinctionem

176 3288 452 3344 habentem.
486 3291 549 3346 Et
587 3296 762 3350 adhuc
786 3297 923 3350 idem
956 3314 971 3350 :
1006 3297 1170 3352 Nobis
1200 3310 1377 3354 autem
1407 3315 1545 3353 unus
1570 3300 1727 3364 Deus,

176 3380 279 3444 ttuia
308 3392 357 3435 et
392 3400 495 3437 una
536 3386 816 3441 divinitas.
854 3388 918 3443 Et
954 3404 1182 3459 magnus
1212 3392 1544 3447 Athanasius
1578 3408 1595 3449 :
1626 3392 1732 3447 Ter

173 3480 367 3527 sanctus
396 3485 621 3542 propter
651 3485 762 3531 tres
785 3492 1070 3545 personas,
1104 3480 1270 3535 semel
1311 3482 1567 3534 Domiaus
1598 3496 1725 3550 pro-

173 3577 273 3627 ttcr
305 3584 460 3622 unam
496 3570 846 3626 divinitatem
874 3610 890 3635 .
946 3574 1080 3627 satis
1114 3574 1229 3627 hrec
1274 3586 1397 3633 sunt
1433 3575 1680 3629 ﬁdelibus
1713 3592 1726 3628 :

174 3660 420 3726 hucusque
447 3660 693 3729 cognitio
727 3660 778 3713 in
817 3661 1124 3716 hominibus
1151 3664 1417 3733 procedit,
1448 3665 1729 3731 hucusque

171 3749 432 3805 Cbernbini
478 3753 585 3805 alis
630 3767 689 3805 se
744 3753 964 3816 velant;
1011 3753 1100 3820 qui
1154 3763 1332 3806 autem
1379 3757 1610 3823 amplius
1646 3761 1727 3815 his

172 3846 371 3898 scrutari
407 3846 517 3897 vult
544 3886 557 3905 ,
598 3843 741 3898 audit
786 3846 1052 3899 dicentem
1085 3864 1098 3900 τ
1138 3846 1217 3900 Ne
1252 3848 1324 3901 sis
1363 3850 1585 3903 nimium
1636 3868 1725 3904 sn-

172 3918 314 4002 pieus,
346 3954 405 3991 ne
448 3936 776 4004 alumne/ias
810 3936 882 3993 ".
933 3939 997 3990 Et
1046 3954 1272 4009 magnus
1310 3939 1538 3995 Basilius
1581 3961 1594 3996 :
1628 3942 1727 3995 Ba-

172 4017 337 4095 ptisma
376 4044 623 4085 nostrum
655 4040 755 4094 est,
779 4031 1073 4093 secundum
1108 4025 1459 4087 traditionem
1489 4034 1723 4098 Domini,

174 4123 215 4173 in
260 4127 466 4179 nomine
510 4124 749 4186 Patris..,
784 4137 839 4180 et
888 4125 1029 4186 Filii.
1077 4138 1129 4181 et
1174 4110 1406 4194 Spiritus
1451 4133 1624 4185 sancti
1654 4132 1722 4195 ⁸⁸,

175 4216 293 4269 nulla
324 4228 597 4281 creatura,
636 4233 809 4287 neque
854 4234 1008 4273 servo
1038 4222 1105 4275 ad
1152 4222 1394 4276 ordinem
1445 4224 1633 4277 Patris-
1670 4237 1726 4279 et

174 4307 274 4362 Filii
306 4310 585 4379 adjuncto,
619 4322 804 4380 utpote
834 4313 1119 4367 divinitate
1149 4314 1202 4368 in
1234 4315 1406 4371 tribus
1434 4319 1720 4387 completa;

174 4401 292 4460 quod
316 4411 461 4456 extra
496 4404 613 4456 hace
644 4411 749 4468 est,
782 4403 834 4457 id
863 4419 1023 4459 omne
1045 4420 1362 4462 censervum
1402 4419 1506 4473 est,
1529 4424 1724 4479 qnam-

173 4491 240 4544 vis
267 4494 628 4564 magnitudine
667 4496 990 4564 dignitatum
1039 4498 1141 4551 alia
1178 4499 1300 4554 aliis
1328 4511 1623 4568 praestent,
1671 4513 1726 4556 et

1835 2026 1948 2071 tum
1985 2020 2035 2069 in
2071 2018 2493 2079 multiunlinem,
2535 2031 2725 2070 eorum
2764 2024 2972 2068 tantum
3007 2023 3088 2067 est
3118 2015 3209 2081 qui
3241 2028 3304 2066 es
3339 2024 3426 2066 er'

1837 2123 1959 2161 rore
1996 2108 2197 2160 multos
2226 2108 2353 2160 deos
2380 2106 2615 2172 ponendi
2644 2113 2927 2175 aegrotant,
2955 2118 3150 2171 negare
3170 2113 3346 2156 autem
3369 2104 3421 2154 in

1837 2200 2151 2254 universum
2189 2198 2550 2261 divinitatem,
2582 2212 2768 2251 eorum
2804 2197 2963 2249 fuerit
2990 2198 3077 2263 qui
3114 2197 3281 2250 Deum
3320 2195 3417 2247 tol-

1834 2285 1970 2353 lunt,
2003 2305 2123 2357 qua:
2157 2290 2294 2342 ratio
2323 2298 2401 2341 est
2439 2288 2731 2341 accusandi
2770 2301 2869 2339 nos
2905 2286 2991 2353 qui
3034 2300 3195 2339 unam
3229 2284 3415 2337 divini-

1839 2389 1999 2435 tatem
2035 2379 2397 2433 confitemur?
2426 2380 2488 2433 Et
2515 2378 2577 2433 S.
2610 2378 2951 2446 Sophronias
2986 2377 3427 2446 llierosolymita-

1839 2486 1939 2524 uns
1972 2487 1985 2524 :
2015 2470 2185 2533 Sicut,
2215 2471 2409 2539 inquit,
2442 2470 2759 2535 didicimus,
2787 2484 2950 2523 unum
2980 2467 3143 2521 Deum
3179 2482 3321 2531 esse,
3346 2467 3425 2520 sic

1839 2580 2000 2617 unam
2031 2565 2365 2617 divinitatem
2394 2563 2761 2649 conﬁtendam
2805 2577 2927 2616 esse
2971 2560 3299 2628 accepimus.
3353 2559 3422 2612 Et

1837 2654 2133 2725 Gregorius
2162 2655 2497 2724 Theologus,
2536 2655 2588 2707 in
2628 2654 2875 2709 oratione
2907 2652 2972 2706 de
3022 2650 3423 2706 constituendis

1838 2749 2105 2816 episcopis
2139 2763 2153 2799 :
2186 2746 2243 2800 Si
2275 2747 2534 2814 consequi
2584 2759 2823 2814 possem,
2872 2755 2933 2799 ut
2984 2744 3076 2798 hic
3124 2740 3419 2811 perfectam

1840 2841 2217 2895 universorum
2267 2840 2554 2894 scientiam
2599 2840 2854 2893 haberem
2884 2877 2899 2899 ,
2946 2836 3074 2903 quid
3124 2834 3256 2889 mihi
3302 2834 3427 2888 reli‘

1838 2947 2003 3000 quum
2053 2931 2239 2987 esset?
2288 2931 2416 2998 quid
2496 2929 2810 2998 sperarem?
2859 2926 3100 2998 Regnum
3163 2925 3423 2982 caelorum

1841 3027 2021 3093 plane,
2058 3026 2302 3080 dicturus
2331 3040 2413 3080 es.
2466 3025 2717 3078 Arbitror
2751 3031 2929 3077 autem
2960 3022 3096 3077 nihil
3122 3021 3267 3075 aliud
3300 3036 3424 3075 esse

1838 3119 1962 3183 hoc,
1991 3134 2154 3187 quam
2184 3117 2407 3185 adipisci
2436 3116 2585 3185 quod
2622 3116 2972 3184 purissimum
3004 3123 3059 3169 et
3087 3114 3421 3182 perfectissi-

1840 3224 1988 3262 mum
2016 3216 2119 3272 est,
2164 3207 2459 3275 perfectius
2486 3214 2667 3259 autem
2699 3220 2763 3259 ex
2813 3204 3071 3258 omnibus
3116 3219 3236 3272 quat
3270 3213 3420 3265 sunt,

1841 3300 2076 3367 cognitio
2104 3300 2193 3353 Dei
2220 3307 2323 3363 est,
2366 3299 2458 3353 sed
2484 3300 2625 3352 hanc
2646 3297 2866 3365 quidem
2892 3296 3089 3367 partim
3110 3307 3422 3362 teneamus,

1839 3393 2035 3464 partim
2073 3407 2202 3447 vero
2235 3405 2548 3460 pergamus,
2581 3398 2641 3444 ut
2670 3366 3214 3457 comprehendamus,
3248 3403 3423 3456 quan-

1837 3488 1930 3541 diu
1963 3501 2127 3555 super
2166 3494 2365 3538 terram
2400 3497 2622 3544 sumus;
2654 3481 2849 3550 partim
2878 3480 2929 3533 in
2960 3478 3196 3533 futurum
3228 3494 3411 3533 reser-

1836 3588 2131 3643 vemus,ut
2168 3578 2319 3632 illinc
2370 3576 2513 3630 hunc
2561 3575 2791 3628 fructum
2842 3573 3046 3627 laboris
3096 3571 3418 3635 habeamus,

1836 3672 2179 3740 Splendorem
2213 3668 2420 3725 scilicet
2452 3668 2618 3723 totius
2642 3675 2842 3721 sancta:
2862 3664 3164 3728 Trinitatis,
3192 3664 3423 3734 quicun-

1836 3781 1941 3834 que
1970 3772 2071 3829 est,
2099 3772 2154 3817 et
2181 3762 2378 3833 qualis,
2409 3776 2472 3814 ac
2499 3769 2758 3830 quantus,
2785 3760 2827 3813 si
2868 3758 2946 3813 fas
2973 3766 3057 3811 est
3086 3757 3283 3811 dicere.
3308 3756 3418 3809 Ad-

1838 3858 1943 3912 huc
1986 3858 2127 3911 idcm
2177 3858 2228 3910 in
2273 3856 2460 3911 eadem
2493 3855 2747 3908 oratione
2775 3867 2792 3905 :
2826 3849 2974 3906 Satis
3005 3848 3178 3904 ha'neo
3206 3848 3415 3911 audire,

1834 3952 1976 4021 quod
2010 3950 2203 4016 Filius,
2237 3960 2291 4005 et
2324 3948 2465 4020 quod
2492 3963 2555 4001 ex
2595 3948 2776 4009 Patre,
2819 3955 2874 3999 et
2904 3943 3046 4015 quod
3080 3944 3169 3996 hic
3195 3942 3415 4011 quidem

1834 4054 1917 4098 est
1952 4042 2132 4108 Pater,
2164 4045 2252 4097 hic
2286 4058 2414 4096 vero
2458 4040 2647 4104 Filius,
2679 4048 2734 4094 et
2779 4038 2910 4092 nihil
2959 4044 3154 4105 praeter
3188 4038 3290 4090 hoc
3319 4050 3416 4089 cu-

1836 4135 1980 4188 riose
2012 4133 2264 4202 inquiro;
2313 4147 2383 4185 ne
2417 4130 2545 4182 mihi
2578 4127 2798 4182 eveniat
2835 4124 2979 4196 quod
3015 4124 3262 4185 vocibus,
3295 4135 3416 4189 qua:

1834 4227 2062 4279 nimium
2103 4224 2282 4286 elatm,
2332 4236 2552 4290 prorsus
2584 4219 2877 4279 decidunt;
2912 4224 3005 4270 aut
3051 4213 3295 4282 aspectui
3335 4213 3416 4265 in-

1832 4327 1982 4373 tento
2017 4320 2069 4369 in
2107 4317 2314 4369 radium
2342 4315 2502 4379 solis;
2533 4328 2639 4381 quo
2669 4312 2811 4365 cnim
2839 4311 2977 4380 plus,
3006 4317 3060 4363 ct
3092 4306 3305 4361 acutius
3331 4306 3411 4357 vi-

1831 4414 1959 4464 dere
1988 4414 2112 4480 quis
2145 4409 2313 4477 cupit,
2349 4423 2415 4462 eo
2462 4407 2632 4475 iiiagis
2681 4420 2879 4460 sensus
2916 4410 3036 4471 ejus
3068 4400 3301 4455 luditur.
3339 4398 3413 4449 Ex

1830 4501 1916 4555 his
1950 4500 2156 4570 pateﬁt,
2191 4500 2334 4568 quod
2367 4498 2417 4550 iu
2451 4496 2579 4559 Deo,
2607 4496 2694 4564 qui
2728 4509 2889 4562 supra
2925 4491 3283 4547 substantiam
3306 4497 3413 4554 est,

173 4582 486 4639 antecellunt.
538 4586 605 4639 Et
650 4601 841 4641 rursus
887 4588 1026 4640 idem
1062 4605 1075 4640 :
1108 4589 1310 4644 Catena
1360 4592 1605 4659 quaedam
1633 4603 1719 4649 est
1751 4580 1798 4636 ο
1828 4609 1932 4647 non
1966 4598 2049 4647 est
2081 4591 2186 4645 alia
2220 4589 2477 4644 divinitas
2516 4589 2631 4658 ejus
2659 4629 2675 4653 ,
2713 4587 2816 4643 nisi
2872 4586 3052 4649 Pater,
3114 4583 3308 4648 Filius,
3358 4592 3414 4639 ct

172 4684 329 4726 sancta
359 4686 408 4729 et
443 4676 746 4737 veneranda
783 4677 1041 4742 Trinitas,
1071 4694 1233 4733 unam
1269 4690 1323 4736 et
1351 4683 1600 4750 eamdem
1632 4685 1713 4739 di-

173 4759 422 4817 vinitatem
458 4765 514 4817 iu
546 4780 649 4817 una
684 4773 739 4818 et
775 4777 1031 4837 perpetua
1064 4768 1235 4837 gloria
1269 4769 1466 4839 ubique
1490 4772 1724 4827 circum.

176 4850 346 4910 terens.
386 4857 573 4911 Adhuc
605 4858 746 4912 idem
785 4879 796 4913 :
830 4859 981 4913 Dicta
1018 4870 1144 4916 sunt
1175 4864 1310 4930 lucc,
1351 4874 1406 4918 et
1434 4863 1570 4920 bene
1596 4867 1724 4932 erit,

176 4953 223 4991 ιιι
248 4956 320 4997 est
350 4947 415 4999 iis
444 4949 536 5017 qui
570 4949 690 5002 sine
720 4946 1037 5005 curiositate
1067 4955 1294 5008 credunt
1320 4956 1373 5008 in
1406 4954 1571 5009 Deum
1600 4957 1730 5012 Ver-

174 5029 281 5086 bum
309 5046 355 5089 et
389 5037 674 5108 Spiritum,
700 5055 863 5094 unam
890 5042 1253 5097 substantiam
1283 5055 1335 5096 et
1366 5044 1729 5103 divinitatem:

176 5138 278 5188 quzc
304 5140 353 5179 et
385 5133 493 5184 sul-1
534 5143 617 5185 est
651 5139 956 5193 veneranda
978 5153 992 5201 ;
1018 5146 1071 5190 ct
1111 5137 1256 5191 nullo
1290 5139 1448 5193 modo
1478 5140 1733 5208 Subrepat

180 5219 460 5278 multitudo.
498 5223 566 5279 Et
607 5227 977 5295 disputatione
1014 5242 1202 5285 contra
1255 5230 1578 5286 Pbardonem
1610 5234 1730 5303 phi-

180 5305 453 5379 lnsophnm,
486 5332 605 5386 quae
643 5331 723 5372 est
757 5320 807 5371 in
841 5322 1010 5388 prima
1043 5328 1248 5393 synodo
1282 5342 1293 5377 :
1326 5322 1506 5390 Fides,
1534 5324 1730 5395 inquit,

182 5403 420 5459 catholica
470 5424 632 5463 unam
682 5413 851 5466 solam
893 5414 1231 5470 divinitatem
1286 5419 1455 5478 novit,
1492 5430 1547 5472 et
1593 5421 1733 5472 hanc

182 5492 311 5561 colit,
348 5496 543 5561 Patris,
574 5501 714 5563 Filii,
758 5514 805 5555 et
858 5505 1098 5574 Spiritus
1131 5511 1326 5573 sancti,
1361 5519 1555 5579 praeter
1589 5510 1728 5565 hanc

183 5598 270 5636 non
310 5591 640 5657 reputabitur
674 5594 865 5650 altera.
925 5597 1103 5651 Editio
1139 5612 1340 5655 Sancta:
1391 5613 1446 5657 et
1493 5619 1728 5659 (Bt'llttle‘

180 5674 301 5731 nica
323 5682 485 5737 tertia:
516 5687 711 5755 synodi
745 5706 758 5742 :
821 5688 875 5741 Si
904 5690 1022 5758 quis
1064 5708 1165 5744 non
1197 5694 1486 5750 conﬁtetur
1519 5697 1570 5750 in
1606 5713 1727 5751 san-

238 5795 275 5824 “
303 5796 478 5880 Matth.
511 5808 774 5880 xxvtatit.
852 5810 897 5842 “
934 5811 1120 5867 Matth.
1159 5831 1256 5880 xu,
1288 5814 1378 5872 28.

185 5878 351 5939 strui,
404 5874 481 5947 ll).
561 5878 603 5908 ⁸⁷
639 5878 843 5936 (Σοῐυδε.
903 5898 961 5948 ιι,
994 5887 1045 5937 9.

1459 5817 1502 5847 ⁸³
1538 5817 1667 5874 Luc.
1708 5834 1854 5884 xxnv,
1885 5819 1970 5874 49.

1831 4686 2067 4755 Spiritus
2099 4693 2345 4749 sanctus,
2385 4685 2494 4737 imo
2541 4683 2655 4752 ipsa
2691 4683 2794 4736 tria
2847 4688 2975 4735 sunt
3012 4679 3306 4743 divinitas;
3359 4687 3416 4731 et

1832 4796 1934 4834 uec
1968 4779 2110 4833 ultra
2151 4781 2275 4843 ista,
2314 4778 2458 4836 hare:
2496 4792 2596 4831 nec
2624 4776 2709 4830 his
2739 4776 2915 4829 tribus
2956 4773 3158 4830 aliquid
3197 4772 3408 4835 deﬁcit,

1833 4872 2033 4942 quippe
2076 4886 2199 4926 cum
2252 4870 2508 4925 divinitas
2544 4872 2595 4925 in
2655 4871 2741 4925 his
2795 4871 2966 4925 tribus
3012 4872 3278 4949 completa
3315 4870 3409 4931 sit,

1836 4963 1978 5030 quod
2009 4972 2189 5016 autem
2233 4969 2386 5017 extra
2428 4963 2542 5016 lucc
2577 4973 2680 5022 est,
2718 4979 2892 5031 neque
2916 4965 3077 5020 Pater
3106 4973 3209 5027 est,
3242 4976 3417 5029 neque

1838 5053 2027 5117 Filius,
2064 5068 2240 5122 neque
2274 5051 2510 5121 Spiritus
2540 5063 2763 5108 sanctus
2783 5093 2798 5117 ,
2828 5056 2922 5109 sed
2954 5070 3276 5123 conservum
3322 5068 3421 5105 no-

1841 5146 2045 5199 biscum
2080 5153 2163 5199 est
2194 5143 2671 5199 universum.Tota
2700 5145 2846 5198 cnim
2882 5158 3072 5200 natura
3104 5162 3205 5198 non
3232 5154 3413 5199 creata

1842 5239 1894 5291 in
1938 5238 2020 5291 his
2050 5238 2228 5290 tribus
2265 5237 2527 5303 cernitur,
2558 5248 2613 5292 et
2642 5238 2906 5307 completa
2938 5248 3042 5301 est,
3069 5246 3121 5291 ct
3151 5240 3289 5293 sicut
3313 5256 3413 5293 una

1845 5338 1930 5384 cst
1963 5345 2066 5383 non
2104 5336 2284 5382 creata
2324 5339 2515 5382 natura
2545 5328 2852 5388 Trinitatis.
2881 5331 2963 5385 sic
2989 5330 3152 5383 etiam
3189 5345 3294 5382 una
3332 5338 3417 5383 cst

1845 5422 2018 5491 ipsius
2067 5422 2345 5485 divinitas,
2382 5431 2436 5474 et
2480 5431 2740 5490 potestas,
2785 5428 2840 5475 et
2885 5420 3148 5489 Operatio,
3181 5430 3235 5473 ct
3276 5421 3416 5475 sicut

1839 5530 1940 5567 nun
1977 5524 2061 5569 est
2089 5513 2191 5566 alia
2221 5513 2402 5567 divina
2433 5524 2621 5566 natura
2654 5523 2848 5580 pra'ter
2873 5513 3193 5567 Trinitatem
3224 5530 3415 5582 supra-

1776 5646 1783 5651 .
1834 5620 1995 5676 quam
2038 5605 2269 5659 divinam
2300 5642 2315 5667 ,
2347 5604 2426 5659 sic
2458 5613 2677 5669 nonest
2708 5605 2810 5656 alia
2846 5615 3040 5674 prrcter
3070 5606 3238 5672 ipsam
3270 5605 3411 5658 diti-

3314 5697 3411 5752 scd

3132 5819 3177 5851 ⁸⁸
3206 5818 3396 5873 Matth.

1836 5702 1999 5763 nitas,
2036 5697 2118 5751 vel
2173 5703 2436 5764 potestas,
2485 5695 2598 5749 sive
2637 5696 2830 5760 virtus,
2863 5704 2918 5751 ct
2971 5697 3214 5765 operatio
3251 5715 3264 5749 :

2052 5817 2095 5847 “
2132 5815 2145 5869 l
2175 5816 2298 5870 Cor.
2330 5831 2369 5881 ι,
2393 5815 2481 5869 21.
2564 5815 2607 5846 ⁸⁸
2640 5815 2817 5871 Ectlc.
2854 5833 2945 5883 vn,
2970 5818 3053 5871 l7.
