3780 6540
471 425 501 484 9
514 421 577 478 ‘27

1624 375 1813 484 it).\N
1828 426 1952 483 NIS
1992 424 2558 485 CYPARISSIOTAS

3554 439 3631 500 928

471 535 612 594 qiqu
642 543 719 584 νει
763 545 974 592 natura.
1011 534 1114 588 hoc
1144 533 1416 598 Trinitas;
1447 539 1586 604 quod
1627 536 1906 600 divinitas,
1940 538 2041 591 hoc
2073 541 2115 596 Α
2147 538 2493 608 prehensum,
2525 546 2580 592 et
2609 536 2802 604 majus,
2840 550 3001 603 quam
3035 546 3093 590 ut
3116 540 3326 605 cogitari
3363 554 3516 612 queat,
3538 565 3634 616 quo.

472 630 731 687 putrslas,
762 633 814 674 et
844 625 1085 690 uprratin
1113 642 1127 690 ;
1169 641 1337 692 quare
1376 626 1518 692 quod
1552 635 1792 694 potestas
1825 637 1880 681 et
1912 641 2045 694 ope-

474 714 634 775 ratio,
683 715 782 766 hoc
825 723 1015 768 natura
1058 731 1218 782 supra
1263 717 1659 771 substantiam:
1696 727 1751 772 et
1782 719 1908 787 quia
1952 733 2048 772 na.

474 813 616 866 tura,
664 814 718 859 et
765 806 1088 870 substantia,
1122 813 1175 862 ‘et
1211 819 1473 876 potestas.
1505 821 1560 863 et
1589 812 1830 878 operatio
1864 811 2000 864 idem
2031 849 2047 872 ,

475 892 678 944 idcirco
718 908 856 946 unus
894 897 1053 947 nobis
1108 894 1246 951 Dens
1287 899 1398 964 ipsa
1436 901 1616 952 unitas
1651 900 1816 953 trium
1865 915 2051 968 perso-

473 998 692 1038 narum.
723 985 891 1038 Simul
924 997 1102 1040 tamen
1137 996 1192 1041 et
1227 991 1326 1042 hoc
1356 991 1560 1056 pateﬁt,
1595 1007 1808 1045 omnem
1844 991 2053 1046 theolo-

477 1074 622 1139 giam
659 1074 710 1126 in
766 1075 940 1130 tribus
987 1077 1186 1150 divinis
1235 1082 1484 1148 personis
1519 1081 1826 1136 conclusam
1877 1097 1996 1136 esse
2035 1098 2048 1134 :

476 1164 572 1231 qui
623 1175 800 1219 autem
837 1168 987 1234 plura
1022 1170 1106 1226 his
1153 1172 1364 1226 curiose
1414 1173 1674 1243 indagare
1727 1175 1858 1230 vult.
1894 1175 1963 1229 ab
1989 1189 2052 1230 ea

476 1271 594 1325 quae
629 1274 752 1312 vere
783 1261 979 1332 veritas
1007 1273 1108 1327 est,
1145 1266 1364 1320 excidit.

1090 1401 1318 1459 CAPUT
1365 1405 1455 1460 ΙΙΙ.

483 1510 641 1582 Quod
664 1512 717 1564 tu
751 1511 857 1566 Deo
887 1516 978 1581 qui
1004 1523 1079 1567 est
1115 1533 1272 1577 supra
1299 1520 1672 1582 substantiam,
1711 1539 1812 1576 mm
1841 1533 1916 1579 est
1943 1525 2055 1579 alia

552 1581 753 1661 unitas.
785 1593 839 1661 et
869 1585 976 1637 alia
1021 1585 1256 1661 Trinitas
1287 1603 1304 1661 ς
1335 1605 1426 1642 nec
1476 1604 1549 1644 est
1583 1594 1634 1646 iu
1662 1581 1903 1657 superna
1937 1593 2056 1648 Tris

531 1654 720 1703 "nitate
749 1654 1033 1720 quidquam
1067 1656 1326 1720 immutate
1352 1699 1365 1720 ,
1401 1669 1449 1711 et
1487 1662 1659 1722 maius
1685 1703 1699 1722 ,
1739 1654 1798 1715 ac
1831 1666 2002 1717 minus
2034 1682 2056 1720 :

552 1735 642 1802 nec
672 1722 820 1802 aliud
863 1727 988 1790 quid
1023 1727 1077 1777 in
1124 1742 1186 1778 ea
1218 1728 1454 1795 privam,
1484 1732 1771 1785 secundum
1819 1750 1875 1788 se
1922 1735 2048 1788 sult-

554 1801 762 1843 stanttw
789 1807 991 1860 expers,
1023 1803 1071 1848 et
1104 1812 1206 1852 non
1247 1815 1338 1866 per
1363 1816 1417 1852 se
1441 1802 1716 1856 exsistam.

555 1904 783 1974 Magnus
802 1907 1157 1973 Athanasius,
1192 1912 1248 1967 in
1281 1915 1618 1982 expositione
1654 1917 1775 1972 ﬁdei
1806 1918 1859 1972 in
1885 1919 2056 1987 prima

486 1996 692 2062 synodo
727 1996 802 2050 ait
837 2015 850 2050 :
885 1997 1161 2067 Principio
1195 2002 1307 2056 hate
1335 2013 1422 2058 est
1455 2004 1589 2058 ﬁdes
1615 2007 1922 2063 orthodoxa
1948 2047 1963 2071 ,
2001 2017 2059 2062 ut

487 2103 650 2140 unum
691 2089 859 2144 Deum
894 2092 947 2144 in
980 2092 1270 2158 Trittitate,
1297 2103 1352 2150 et
1377 2093 1703 2152 Trinitatem
1752 2099 1804 2152 in
1856 2100 2062 2156 unitate

489 2196 844 2250 veneremur;
899 2167 1075 2254 lioque
1118 2188 1515 2244 confundentes
1557 2206 1841 2260 personas,
1887 2209 2062 2263 neque

489 2273 850 2328 substantiam
893 2290 1237 2346 scparantes.
1275 2281 1332 2333 Et
1369 2282 1529 2350 paulo
1567 2291 1688 2352 post
1722 2301 1736 2339 :
1779 2283 2062 2338 lncreatus

493 2366 673 2428 Pater,
713 2366 985 2422 increatus
1015 2368 1204 2434 Filius,
1241 2371 1515 2427 increalus
1549 2374 1787 2444 Spiritus
1815 2386 2059 2442 sanctus;

491 2467 544 2508 et
577 2471 677 2509 non
713 2467 821 2512 tres
861 2459 1112 2522 increati,
1142 2463 1236 2516 sed
1278 2479 1421 2517 unus
1454 2465 1728 2520 increatus
1769 2482 1782 2518 :
1811 2468 2063 2536 omnipo-

495 2556 611 2604 tens
642 2549 824 2612 Pater,
855 2553 1198 2636 omnipotens
1232 2554 1422 2624 Filius,
1449 2558 1792 2624 omnipotens
1827 2557 2063 2626 Spiritus

488 2654 742 2706 sanctus;
776 2653 828 2697 et
865 2661 969 2699 non
1012 2656 1120 2701 tres
1152 2649 1568 2717 omnipotentes.
1601 2649 1860 2706 [Etcrnus
1880 2651 2062 2719 Pater,

490 2741 725 2785 mter-nus
758 2732 925 2787 Filius
949 2775 963 2798 ,
1009 2746 1246 2790 aeternus
1279 2739 1517 2807 Spiritus
1565 2750 1824 2806 sanctus;
1870 2751 1926 2795 et
1959 2752 2064 2796 non

493 2834 603 2877 trcs
637 2826 840 2879 aeterni.
875 2828 943 2881 Et
995 2845 1098 2882 non
1149 2830 1319 2884 multo
1359 2841 1478 2898 post
1511 2847 1524 2884 :
1553 2831 1630 2886 Et
1663 2833 1716 2887 in
1751 2834 1849 2887 hac
1883 2832 2067 2888 Trini-

492 2922 601 2966 tate
625 2916 807 2970 nullus
855 2918 1084 2984 primus,
1119 2927 1173 2973 et
1221 2921 1402 2976 nullus
1438 2923 1697 2989 ultimus;
1747 2940 1906 2979 nemo
1953 2940 2068 2979 ma-

491 3019 652 3071 gnus,
679 3015 734 3060 et
760 3023 919 3063 nemo
945 3023 1162 3075 parvus.
1195 3016 1288 3066 sed
1323 3013 1405 3067 has
1442 3021 1552 3067 tres
1582 3030 1827 3083 persome
1849 3026 2067 3072 aeternae

2150 631 2310 682 modo
2352 631 2438 684 hic
2468 630 2612 700 quod
2645 629 2913 692 excellat,
2958 630 3034 682 vel
3061 630 3382 700 intelligitur,
3407 638 3479 690 vel
3506 646 3638 696 trade-

2153 721 2272 787 turj;
2308 720 2577 788 quomodo
2603 735 2732 775 vero
2760 721 2902 790 quod
2937 720 3206 774 inﬁnitum
3235 732 3333 786 est,
3362 728 3514 780 metiri
3552 747 3641 799 pos-

2151 822 2340 860 sumus
2377 827 2390 862 :
2426 819 2482 862 ut
2511 811 2654 876 quod
2688 821 2774 865 est
2802 825 2988 864 eorum
3034 825 3151 879 quae
3187 814 3528 882 terminantur,
3551 833 3642 875 eve.

2152 905 2268 958 niat
2312 905 2602 971 divinitati,
2628 922 2789 976 quam
2815 908 3075 975 gradibus
3116 909 3460 974 superioribus
3510 925 3552 969 et
3585 918 3646 970 in-

2153 995 2443 1053 ferioribus
2484 999 2812 1052 metiamur?
2871 1001 2934 1054 Et
2985 1015 3173 1055 rursus
3213 1001 3347 1055 idem
3392 1020 3405 1055 :
3446 1004 3543 1060 Non
3585 1022 3648 1066 est

2149 1091 2388 1148 Trinitas
2440 1092 2818 1144 adnumeratio
2869 1092 3251 1160 intequalium,
3315 1093 3491 1163 alioqui
3551 1102 3647 1168 quid

2154 1185 2405 1253 prohibet
2436 1183 2564 1252 quin
2595 1185 2666 1236 sit
2699 1184 2813 1236 htec
2840 1184 3022 1244 decas,
3061 1194 3116 1235 et
3148 1184 3471 1245 hecatontas,
3498 1195 3543 1238 et
3568 1205 3649 1259 my.

2155 1274 2308 1328 tias?-
2335 1274 2398 1326 Et
2433 1288 2624 1328 rursus
2656 1291 2670 1326 :
2705 1272 2880 1327 Unam
2911 1272 3268 1336 divinitatem,
3291 1282 3341 1328 et
3365 1285 3648 1343 potestatem,

2155 1380 2275 1432 qua:
2322 1364 2376 1417 in
2428 1363 2606 1420 tribus
2654 1364 2946 1429 reperitur,
2981 1363 3158 1417 ettria
3209 1363 3551 1428 complectitur
3575 1370 3652 1421 dis.

2154 1465 2321 1521 crete,
2382 1469 2558 1524 neque
2587 1453 2841 1510 differens
2869 1455 3215 1518 substantiis,
3236 1455 3346 1508 sive
3371 1457 3568 1523 naturis,
3587 1476 3652 1518 nec

2155 1556 2316 1601 aucta
2375 1546 2818 1613 exsuperantiis,
2884 1554 2940 1600 et
2996 1545 3423 1608 remissionibus,
3475 1550 3654 1618 undique

2154 1638 2402 1708 aequatis,
2436 1638 2682 1705 undique
2705 1638 2916 1692 eadem.
2950 1635 3014 1690 Et
3045 1637 3242 1691 iterum
3284 1635 3415 1690 idem
3458 1637 3655 1707 inprima

2158 1730 2406 1784 oratione
2435 1731 2666 1795 depace
2693 1747 2706 1782 :
2744 1728 2965 1793 Unitas,
2996 1728 3194 1798 inquit,
3227 1743 3348 1798 qua:
3379 1730 3428 1781 in
3453 1727 3656 1786 Trinitate

2161 1823 2378 1883 colitur.
2409 1829 2464 1876 et
2494 1822 2738 1876 Trinitas
2765 1837 2884 1890 quae
2921 1822 2973 1876 in
3001 1821 3263 1877 unitatem
3287 1821 3538 1892 redigitur,
3562 1825 3658 1893 ejus-

2160 1909 2281 1964 dem
2318 1910 2522 1972 tltroui,
2563 1911 2803 1980 ejusdem
2834 1911 3040 1980 gloriae,
3069 1927 3174 1965 non
3204 1919 3405 1973 creata,
3433 1915 3660 1981 inaspecta-

2163 2003 2310 2070 bilis,
2349 2019 2458 2058 non
2495 2004 2698 2058 cadens
2723 2004 2824 2064 sub
2854 2013 3078 2068 tactum,
3113 2005 3663 2078 incomprehensa,q:ta

2159 2095 2274 2150 sola
2309 2096 2586 2165 cognoscit
2607 2110 2768 2165 quem
2799 2095 2939 2162 apud
2981 2109 3040 2148 se
3067 2095 3314 2149 ordinem
3350 2094 3556 2162 habeat,
3579 2115 3665 2164 qua

2161 2202 2378 2243 omnem
2404 2197 2716 2242 creaturam
2741 2196 2898 2240 extra
2927 2186 3058 2243 siuit
3081 2189 3280 2254 partim
3315 2187 3494 2256 primo,
3517 2192 3662 2255 partim

2162 2280 2406 2335 secundo
2430 2281 2552 2334 velo
2592 2279 2916 2349 diremptam
2945 2279 3158 2348 :primo
3191 2279 3406 2347 quidem
3432 2291 3668 2333 creaturam

2163 2372 2440 2428 ccelestem
2476 2381 2531 2425 et
2567 2371 2868 2439 angelicam
2897 2386 2926 2425 a
2954 2371 3243 2425 divinitate
3267 2371 3587 2436 diremptam,
3608 2388 3666 2426 se-

2165 2464 2342 2519 cundo
2373 2476 2503 2517 vero
2553 2473 2794 2516 nostram
2839 2476 2868 2516 a
2917 2469 3171 2516 creatura
3208 2460 3463 2529 angelica.
3498 2459 3667 2515 Sanctus

2164 2553 2460 2624 Gregorius
2487 2550 2780 2623 Nyssenus,
2817 2551 2954 2606 libro
2983 2553 3158 2620 primo
3175 2550 3379 2606 Contra
3401 2549 3670 2606 Eunomitm:

2165 2646 2319 2714 Quod
2349 2655 2552 2710 autem,
2579 2645 2779 2715 inquit,
2827 2660 2931 2698 non
2965 2645 3220 2716 congruit
3247 2660 3369 2699 cum
3394 2645 3603 2714 dogmate
3628 2646 3671 2697 ah

2167 2739 2300 2809 ipsis
2329 2738 2612 2801 fabricato,
2635 2737 2847 2806 opinari
2881 2736 3183 2805 simplicem
3214 2749 3337 2791 esse
3364 2736 3674 2804 substantiam,

2165 2847 2289 2902 quae
2314 2847 2477 2901 supra
2505 2831 2684 2884 omnia
2714 2838 2817 2895 est,
2850 2830 3102 2898 quamvis
3129 2829 3181 2884 id
3217 2830 3381 2884 verbo
3417 2829 3562 2895 gratis
3597 2829 3675 2882 ιιι·
3754 2823 3755 2826 “

2167 2925 2402 2991 giantur,
2459 2923 2805 2993 manifestum
2867 2920 2925 2974 lit
2976 2921 3138 2974 etiam
3171 2934 3366 2988 parum
3416 2921 3675 2974 advertenti.

2168 3015 2302 3082 Quis
2329 3015 2473 3070 enim
2504 3016 2715 3084 ignorat
2749 3012 2892 3084 quod
2917 3011 3222 3065 sccundd‘m
3273 3013 3525 3080 propriam
3559 3011 3679 3063 ratio-
3754 3047 3755 3082 ζ

494 3107 623 3153 sunt
648 3139 664 3163 ,
699 3110 754 3154 et
785 3105 1023 3168 a'qualrs
1065 3104 1118 3157 iu
1155 3106 1424 3160 omnibus.
1476 3107 1747 3162 Unitatem
1800 3108 1965 3176 igitur
2010 3109 2065 3162 in
2092 3113 2137 3174 α
2167 3124 2295 3163 nem
2322 3107 2638 3176 simplicitas
2667 3105 2722 3160 in
2775 3113 2965 3161 sancta
3008 3103 3288 3158 Trinitate
3321 3103 3434 3170 plus
3473 3111 3520 3156 et
3548 3101 3681 3156 minus
3754 3103 3755 3176 ἦ

494 3187 782 3251 Trinitate,
815 3199 868 3242 et
897 3189 1218 3248 Trinitatem
1245 3194 1298 3247 in
1329 3195 1535 3250 unitate
1575 3197 1753 3250 omnis
1791 3197 2060 3253 Christia-

465 3295 598 3333 ~nus
643 3281 821 3334 colat.
855 3282 919 3335 Et
972 3292 1190 3338 sanctus
1243 3285 1522 3350 Maximus,
1575 3289 1627 3342 in
1685 3290 2065 3358 explanatione

497 3373 678 3425 subtili
717 3375 1061 3441 precationis,
1089 3376 1249 3432 Pater
1277 3391 1450 3434 uoster
1475 3397 1491 3435 :
1513 3379 1653 3443 Non,
1685 3384 1877 3450 inquit.
1900 3384 2062 3436 aliam

496 3465 758 3520 unitatem
786 3507 797 3528 ,
832 3477 886 3522 et
913 3469 1071 3523 aliam
1105 3471 1425 3525 Trinitatem
1457 3489 1580 3528 esse
1626 3474 1910 3529 didicimus
1936 3476 2064 3544 (non

499 3559 639 3612 cnim
674 3560 874 3624 unitas,
911 3577 1027 3628 qua!
1059 3563 1282 3629 simplex
1315 3575 1370 3618 et
1405 3582 1508 3620 una
1538 3577 1729 3620 natura
1757 3575 1866 3630 est,
1900 3568 2066 3623 dissi-

503 3650 802 3705 militudine
847 3660 1054 3708 naturte
1089 3671 1117 3707 a
1153 3655 1422 3712 Trinitate
1473 3657 1697 3727 diﬁ'ert),
1752 3675 1853 3713 nec
1903 3660 2064 3712 aliam

497 3743 649 3811 juxta
697 3743 857 3796 aliam
908 3755 1036 3814 (non
1090 3745 1232 3799 enim
1284 3746 1602 3801 remissione
1652 3752 1936 3814 potestatis
1959 3752 2070 3806 dis-

502 3849 648 3890 creta
680 3847 759 3889 cst
788 3839 852 3891 ab
883 3840 1088 3894 unitate
1108 3839 1366 3905 Trinitas,
1394 3841 1474 3895 vel
1503 3857 1529 3893 a
1555 3840 1822 3899 Trinitate
1841 3843 2066 3912 unitas),

505 3941 676 3996 neque
710 3928 850 3981 sicut
877 3928 1077 3998 aliquid
1112 3945 1400 3985 commune
1424 3937 1476 3984 et
1501 3932 1769 3996 generale,
1813 3933 1953 4000 quod
1978 3948 2069 3987 co-

503 4021 763 4089 gitatioue
793 4023 964 4075 solum
997 4024 1230 4091 spectari
1262 4033 1457 4092 potest,
1491 4040 1518 4076 a
1548 4025 1794 4092 partibus
1831 4026 1946 4080 suis
1975 4040 2070 4079 va-

506 4115 700 4176 riatur.
753 4113 831 4168 sic
868 4130 894 4168 a
944 4114 1206 4170 Trinitate
1237 4118 1440 4170 variata
1479 4127 1562 4171 est
1598 4121 1801 4181 unitas,
1834 4132 1955 4187 qua:
1984 4128 2069 4173 est

505 4208 805 4262 substantia
840 4209 1051 4276 proprie
1081 4223 1173 4278 per
1201 4225 1258 4262 se
1282 4211 1569 4275 exsistens,
1599 4219 1652 4262 et
1676 4219 1918 4278 potestas
1944 4225 2072 4264 vere

509 4317 604 4364 per
628 4317 685 4355 se
708 4303 930 4362 valens;
969 4317 1064 4356 nec
1098 4312 1351 4370 tanquam
1385 4303 1486 4356 alia
1530 4318 1594 4356 ex
1624 4303 1726 4356 alia
1763 4303 1894 4371 (non
1923 4301 2068 4357 enim

509 4394 747 4450 Trinitas
774 4413 840 4451 ex
874 4398 1078 4450 unitate
1113 4397 1350 4458 exsistit,
1383 4411 1480 4450 nec
1512 4395 1692 4448 unitas
1717 4411 1782 4449 ex
1806 4394 2072 4449 Tt‘iuitate

512 4489 809 4543 secundum
852 4489 1285 4556 productionem,
1321 4488 1402 4542 vel
1430 4481 1946 4557 antegressionem),
1982 4488 2076 4542 sed

512 4583 752 4637 eamdem
787 4598 910 4635 vere
940 4586 1230 4649 unitatem,
1266 4592 1318 4636 et
1341 4581 1660 4635 Trinitatem
1697 4581 1801 4634 dici
1830 4581 2082 4634 dicimus:

513 4675 773 4728 unitatem
833 4678 1050 4743 quidem
1081 4673 1320 4730 ratione
1368 4674 1708 4737 substantia),
1758 4672 2084 4728 Trinitatem

474 4779 640 4819 .vero
692 4765 850 4818 modo
901 4766 1240 4829 exsistendi;
1299 4773 1467 4818 totam
1520 4765 1785 4818 unitatem
1837 4764 2086 4819 eamdem

513 4858 680 4924 ipsam
713 4872 816 4911 non
863 4858 1092 4910 divisam
1141 4857 1418 4924 personis;
1463 4866 1518 4911 et
1565 4865 1732 4911 totam
1769 4855 2092 4911 Trinitatem

509 4950 751 5003 eamdem
788 4949 960 5014 ipsam
993 4965 1095 5002 non
1135 4949 1410 5003 confusam
1458 4952 1667 5003 unitate
1718 4965 1732 5002 :
1778 4964 1845 5003 ne
1882 4947 2083 5002 divisio

515 5043 921 5096 multitudinem
953 5041 1178 5096 deorum
1227 5041 1561 5105 introducat,
1618 5057 1795 5110 neque
1845 5041 2096 5096 confusio

514 5137 606 5189 Dei
646 5137 1012 5203 negationem.
1041 5134 1337 5204 Gregorius
1369 5134 1676 5204 Theolngns
1705 5137 1758 5187 in
1795 5135 1952 5186 tertia
1980 5147 2098 5190 ora,

515 5231 664 5285 tione
702 5228 771 5282 de
821 5244 950 5296 pace
983 5246 995 5282 :
1025 5227 1142 5282 Non
1177 5244 1340 5281 unum
1383 5229 1603 5296 pietatis
1649 5226 1940 5279 terminum
1983 5225 2100 5278 exi-

517 5326 818 5388 Stimetnus,
853 5321 1100 5376 venerari
1129 5321 1372 5385 Patrem,
1403 5331 1458 5375 et
1489 5318 1685 5373 Filium
1707 5361 1721 5379 ,
1748 5327 1802 5371 et
1836 5317 2100 5384 Spiritum

516 5424 786 5478 sanctum,
822 5428 984 5466 unam
1035 5413 1088 5466 in
1141 5415 1314 5468 tribus
1356 5413 1603 5481 personis
1635 5410 1970 5464 divinitatem
2003 5458 2017 5482 ,
2049 5415 2104 5460 et

519 5515 869 5574 potestatem,
902 5504 1038 5559 nihil
1065 5521 1250 5574 supra,
1295 5521 1392 5558 nec
1432 5503 1572 5557 infra
1619 5501 1904 5566 colentes;
1962 5500 2098 5552 illud

515 5598 658 5650 enim
690 5598 802 5650 ﬁeri
856 5614 962 5652 non
1002 5608 1203 5666 potest,
1251 5599 1352 5651 hoc
1390 5604 1572 5650 autem
1622 5593 1846 5664 impium
1888 5600 1992 5646 cst.
2037 5591 2102 5644 Et

517 5689 698 5743 adhuc
727 5690 869 5744 idem
916 5709 928 5745 :
972 5691 1069 5746 Ubi
1106 5690 1250 5743 enim
1299 5697 1382 5742 cst
1427 5677 1862 5757 unumquodque
1899 5687 2104 5740 ittC‘JttI-

583 5844 626 5872 ’“‘
664 5849 816 5904 Jnan.
856 5866 908 5915 κ,
945 5849 1031 5902 30.

2167 3215 2275 3256 non
2310 3199 2544 3269 recipit?
2573 3197 2639 3252 Et
2671 3197 2847 3251 adhuc
2885 3196 3184 3263 Gregorius
3219 3194 3507 3265 Theologus
3531 3195 3572 3247 in
3596 3209 3682 3248 ora-

2168 3291 2312 3346 tione
2342 3289 2406 3343 de
2434 3288 2759 3359 baptismate
2787 3303 2800 3338 :
2830 3285 2964 3340 Volo
2997 3286 3214 3340 Patrem
3248 3285 3499 3354 majorem
3526 3285 3679 3346 dicere;
3754 3281 3755 3350 ξ

2167 3400 2232 3440 ει
2271 3399 2380 3452 quo
2417 3381 2683 3451 provenit,
2718 3389 2776 3433 ut
2799 3380 2889 3449 qui
2913 3389 3040 3434 sunt
3066 3378 3328 3447 :eqnales,
3354 3377 3567 3446 aequales
3591 3379 3712 3440 sinl,'
3754 3417 3755 3454 ξ

2168 3487 2222 3532 ει
2254 3478 2542 3541 exsistant;
2565 3475 2667 3528 hoc
2691 3473 2838 3527 enim
2881 3472 2951 3526 ab
2978 3472 3238 3524 omnibus
3277 3482 3573 3523 concessum
3595 3476 3680 3529 est;

2168 3577 2223 3622 et
2249 3573 2431 3620 metuo
2465 3579 2533 3618 ne
2578 3562 2903 3632 principium
2955 3559 3149 3613 faciam
3193 3559 3516 3627 principium
3559 3556 3680 3608 miuo-

2173 3674 2328 3723 rmn;
2363 3666 2415 3710 et
2451 3653 2778 3711 contumelia
2810 3653 3034 3705 afficiam
3074 3649 3434 3719 praeferendo;
3471 3664 3563 3702 non
3581 3649 3679 3699 enim

2169 3749 2240 3813 ei,
2281 3763 2344 3802 ex
2377 3761 2502 3816 quo.
2529 3744 2694 3816 gloria
2722 3753 2806 3798 est
2833 3741 3125 3797 submissio
3170 3755 3362 3793 eorum
3392 3738 3473 3804 qui
3504 3753 3560 3791 ex
3583 3738 3681 3803 ipso.

2173 3842 2237 3896 Et
2273 3855 2457 3893 rursus
2481 3837 2775 3906 Gregorius
2798 3833 3091 3904 Nyssenus,
3118 3833 3172 3885 in
3207 3832 3349 3885 libro
3375 3831 3444 3884 De
3465 3831 3684 3881 Abraham:

2172 3937 2232 3988 ln
2260 3946 2491 3999 utroque
2518 3931 2682 3999 igitur
2707 3928 2891 3982 verum
2917 3927 3047 3981 dicit
3073 3924 3387 3994 Scriptttra,
3414 3939 3522 3993 qua:
3541 3920 3684 3987 aequale

2171 4023 2482 4087 conﬁtetur,
2517 4032 2571 4076 et
2625 4014 2799 4087 tnajhs
2840 4033 2946 4074 non
2994 4027 3181 4086 negat.
3233 4015 3374 4070 Cum
3413 4014 3540 4068 enim
3580 4010 3683 4062 Scri-

2157 4128 2328 4187 ptura
2385 4114 2450 4170 ad
2484 4113 2876 4167 humanitatem
2924 4110 3191 4177 respicit,
3242 4107 3425 4177 tnajns
3469 4107 3687 4160 conﬁtetur

2172 4208 2315 4280 quod
2351 4221 2454 4260 non
2488 4205 2720 4266 videtur,
2754 4217 2916 4271 quam
2955 4201 3006 4254 id
3039 4200 3184 4267 quod
3221 4212 3324 4266 per
3353 4210 3550 4250 carnem
3588 4192 3688 4243 vidc-

2176 4314 2297 4368 tur;
2339 4301 2557 4368 quando
2590 4313 2719 4351 vero
2752 4305 2988 4349 mentem
3023 4291 3244 4345 deducit
3282 4288 3350 4343 ad
3382 4286 3689 4340 divinitatem

2181 4406 2338 4449 vacat
2383 4395 2495 4447 hzcc
2540 4388 2880 4459 comparatio
2915 4384 3138 4453 majoris
3168 4393 3222 4437 et
3272 4380 3513 4442 minoris,
3541 4387 3583 4429 et
3606 4375 3685 4426 rice

2187 4491 2380 4542 horum
2417 4484 2596 4538 unitas
2635 4480 2998 4550 praedicatur:
3037 4475 3146 4545 Ego
3181 4486 3224 4528 et
3263 4473 3430 4526 Pater
3460 4484 3598 4523 unum
3631 4479 3692 4518 stt-
3754 4481 3755 4554 Ξ

2187 4595 2304 4634 usus
2328 4575 2398 4644 3';
2432 4591 2550 4644 quae
2589 4574 2732 4628 enim
2763 4572 2970 4626 variata
2999 4577 3128 4624 sunt
3155 4566 3451 4621 secundum
3481 4557 3691 4626 inaequali-

2193 4678 2380 4731 tatem,
2412 4680 2576 4720 unum
2611 4679 2730 4719 esse
2752 4677 2860 4716 non
2890 4667 3136 4729 possunt.
3169 4657 3231 4710 Et
3265 4669 3493 4724 magnus
3518 4652 3692 4706 Atham-

2193 4761 2329 4824 sius,
2364 4760 2418 4813 in
2455 4759 2596 4812 libro
2625 4755 2702 4810 De
2730 4754 3098 4808 incarnatione
3129 4750 3330 4805 Christi
3359 4766 3378 4804 :
3407 4747 3503 4800 Ubi
3523 4785 3535 4809 ,
3561 4740 3690 4809 inquit,

2196 4854 2427 4921 dignitas
2462 4861 2544 4907 est
2569 4849 2811 4920 ejusdem
2847 4845 3095 4909 honoris,
3121 4841 3369 4911 ejusdem
3412 4851 3605 4910 quoque
3631 4832 3691 4886 ho.

2197 4945 2348 5000 noris
2377 4954 2461 4999 est
2491 4940 2793 5005 veneratio;
2825 4939 2876 4992 in
2903 4936 3166 5004 dignitate
3193 4932 3389 5003 aequali
3421 4946 3520 4985 non
3548 4936 3613 4980 est
3636 4937 3692 4990 pt-

2200 5049 2323 5102 gna,
2357 5029 2622 5098 inaequale
2653 5029 2880 5082 suscitat
2915 5039 3188 5096 pugnam;
3231 5022 3506 5093 aaqnalitas
3533 5019 3695 5110 honoret
3754 5095 3755 5110 χ

2203 5140 2408 5194 pacem.
2437 5121 2499 5175 Et
2529 5123 2669 5176 idem
2701 5135 2892 5175 rursus
2921 5139 2934 5174 :
2969 5117 3169 5172 Contra
3222 5113 3596 5186 Apollinarium
3663 5103 3695 5154 εί

2205 5226 2394 5270 natura
2443 5226 2550 5268 non
2579 5220 2663 5265 est
2693 5208 2856 5264 Pater
2883 5208 3054 5277 major
3104 5204 3264 5269 Filio,
3298 5217 3473 5273 neque
3498 5194 3696 5266 magnitu-

2205 5307 2328 5360 dine
2356 5302 2764 5376 (magnitudinis
2787 5300 2931 5354 enim
2958 5313 3152 5368 expers
3167 5301 3290 5365 est).
3313 5307 3485 5365 neque
3509 5297 3696 5354 tempore
3754 5315 3755 5320 π

2207 5403 2330 5472 quia
2370 5375 2490 5455 sine
2518 5407 2757 5464 tempore
2785 5403 2888 5458 est,
2926 5407 3098 5459 neque
3128 5390 3411 5459 qualitate,
3437 5385 3550 5455 quia
3580 5375 3696 5449 quali-

2207 5502 2318 5549 tate
2345 5499 2493 5547 caret
2526 5505 2540 5542 :
2574 5487 2720 5542 nulla
2759 5486 2922 5556 igitur
2950 5483 3054 5537 alia
3087 5495 3145 5536 re
3182 5480 3442 5550 majorem
3474 5491 3528 5532 se
3549 5473 3698 5526 Patrem

2210 5586 2363 5649 dicit,
2407 5582 2509 5636 nisi
2540 5588 2809 5648 quatenus
2835 5575 3022 5639 Filius,
3057 5582 3110 5628 ει
3155 5570 3367 5625 Patrem
3403 5581 3549 5623 suum
3582 5565 3698 5615 Itono-

2215 5693 2361 5734 rans.
2391 5675 2452 5728 Et
2486 5685 2708 5740 magnus
2737 5667 2986 5731 Basilius,
3014 5665 3150 5719 libro
3173 5671 3364 5734 quarto
3394 5671 3591 5714 suarum
3612 5651 3702 5704 Cu:-
