3872 6550
504 368 612 439 935
1380 466 1387 475 ι

1091 479 1329 538 CAPUT
1381 479 1443 533 ν.

500 616 652 683 Quod
695 617 746 669 in
804 614 1061 669 Trinitate
1105 616 1388 685 ingenitum
1438 631 1598 685 neque
1641 615 1938 668 substantia
1969 624 2066 676 est,

569 694 731 754 neque
766 686 1055 753 proprietas
1087 701 1323 754 persona!
1355 686 1447 738 Dei
1476 684 1690 744 Patris:
1722 701 1811 736 nec
1865 687 1917 737 in
1953 685 2071 751 ipsa

567 752 653 806 est
701 752 870 807 alitth
900 756 1213 822 principium
1240 752 1375 820 Tom
1410 754 1570 806 totius
1621 755 1933 816 divinitatis.
1969 754 2073 806 nisi

569 825 716 878 solus
758 823 918 877 Pater
951 838 969 876 :
1003 841 1092 877 nec
1141 824 1249 876 ulla
1278 825 1403 877 alia
1432 823 1716 882 naturalis.
1756 834 1806 876 et
1861 824 2075 893 propria

570 894 881 949 substantia'
904 903 1147 951 potestas.
1172 894 1278 946 sive
1308 896 1497 954 uirtus,
1518 904 1566 946 et
1599 894 1853 946 divinitas
1873 932 1887 953 ,
1919 904 2074 960 atque

569 963 800 1030 energia,
856 966 959 1013 sine
1000 963 1234 1028 Operatio
1271 976 1335 1015 ea:
1383 962 1588 1028 infinito
1626 963 1903 1016 acdivina
1956 963 2078 1017 sub-

568 1034 767 1084 stantia
814 1032 1099 1100 prodiens,
1155 1033 1257 1084 nisi
1309 1032 1449 1086 solus
1484 1031 1690 1098 Filias,
1740 1032 2078 1099 etrSpiritus

511 1145 517 1149 .
569 1113 806 1155 sanctus.

570 1208 798 1278 Magnus
832 1210 1086 1271 Basilius.
1121 1210 1172 1264 in
1202 1208 1445 1265 secundo
1471 1210 1672 1266 contra
1704 1211 2025 1266 Eunomium
2059 1228 2081 1266 :

500 1300 925 1366 lnterrogemus,
957 1302 1172 1369 inquit,
1208 1302 1552 1364 Eunomium,
1595 1314 1794 1373 quanta
1828 1314 2082 1361 mensttra

503 1387 801 1454 ingenitum
851 1410 877 1445 a
924 1393 1106 1460 genito
1135 1396 1427 1447 discretum
1469 1404 1574 1458 egi,
1606 1396 1868 1464 numquid
1914 1409 2082 1465 parva

507 1482 748 1551 quadam
798 1493 852 1537 et
908 1493 1077 1542 tanta,
1118 1493 1179 1537 ut
1208 1484 1420 1553 possint
1450 1486 1743 1553 aliquando
1766 1487 1820 1539 in
1849 1487 2084 1557 idipsnm

506 1572 648 1625 inter
678 1586 736 1626 se
766 1568 1078 1626 cohaerere?
1107 1589 1172 1626 an
1200 1574 1304 1628 hoc
1338 1574 1581 1628 funditus
1608 1573 1723 1628 ﬁeri
1754 1590 1860 1629 non
1888 1584 2086 1645 potest,

504 1672 562 1719 et
621 1665 791 1719 multo
848 1667 1052 1727 minus,
1089 1679 1250 1732 quam
1301 1654 1551 1721 eumdem
1605 1668 1764 1721 simul
1794 1668 1995 1732 vivere,
2032 1670 2090 1723 et

508 1765 775 1807 mortuum
823 1770 965 1817 esse,
997 1767 1050 1808 et
1078 1755 1327 1809 eumdem
1376 1755 1534 1809 simul
1591 1756 1643 1809 in
1703 1759 1893 1811 eadem
1936 1768 2090 1826 parte

509 1840 700 1900 Sanum
733 1859 873 1904 esse.
909 1856 962 1899 et
990 1852 1275 1916 aegrotare,
1306 1857 1362 1901 et
1393 1848 1618 1917 vigilare
1653 1848 1840 1913 simul,
1881 1860 1936 1904 et
1962 1848 2091 1903 tior-

513 1940 686 1991 mire?
717 1928 866 1992 Talia
898 1940 1043 1993 enim
1080 1951 1229 2001 sunt,
1262 1952 1620 2007 quaecumque
1671 1956 1883 1994 summa
1917 1956 2090 2011 Oppo-

510 2032 708 2087 sitioue
750 2032 850 2084 sibi
888 2033 1027 2084 inter
1054 2047 1112 2085 se
1145 2031 1391 2101 opposita
1417 2032 1564 2096 sunt,
1599 2038 1655 2084 ut
1686 2030 1916 2085 alterum
1968 2046 2092 2087 cum

511 2122 677 2183 adsit,
715 2132 935 2177 necesse
969 2122 1037 2173 sit
1071 2112 1296 2172 alterum
1336 2121 1549 2184 abesse,
1584 2135 1701 2186 quae
1733 2130 1923 2175 natura
1967 2135 2095 2182 sunt

512 2215 737 2267 omnino
771 2214 1148 2280 repugnantia,
1173 2222 1226 2267 et
1259 2212 1666 2283 incobaerentia.
1699 2212 1765 2271 Et
1805 2213 1856 2265 in
1903 2222 2097 2283 quarto

515 2305 655 2359 libro
729 2315 917 2365 contra
974 2305 1220 2358 eumdem
1278 2321 1292 2357 :
1354 2303 1682 2371 lngenitum,
1748 2303 1954 2372 inquit,
1994 2306 2095 2357 .vei

513 2398 818 2453 substamia
885 2408 1005 2455 est.
1071 2396 1155 2450 vel
1207 2396 1500 2459 accidens;
1556 2394 1690 2447 nihil
1747 2401 1893 2449 enim
1950 2395 2095 2450 aliud

515 2496 679 2540 restat
715 2494 912 2556 pra‘ter
944 2489 1097 2552 haec;
1134 2487 1222 2553 qui
1258 2487 1420 2555 igitur
1457 2486 1510 2539 in
1543 2496 1774 2555 utroque
1805 2484 2095 2540 absurdum

518 2580 915 2633 demonstravit
946 2580 1000 2633 in
1038 2579 1239 2647 iisquae
1262 2578 1517 2646 deinceps
1552 2588 1873 2645 sequuntur,
1904 2593 2096 2632 rursus

515 2668 571 2723 in
598 2669 840 2725 secundo
872 2669 1026 2734 dixit,
1057 2684 1280 2737 prorsus
1310 2669 1527 2722 reticeri
1558 2670 1609 2721 in
1644 2664 1914 2722 Tﬂnitate
1944 2671 2100 2737 inge-

514 2761 689 2815 nitum
718 2770 939 2831 propter
964 2760 1288 2815 Arianorum
1317 2760 1668 2827 imperitiam.
1695 2762 1827 2813 Cum
1852 2754 1936 2814 bis
1959 2775 2094 2814 con-

517 2861 719 2907 sonant
773 2867 892 2921 qua:
949 2843 1246 2921 Gmgorius
1293 2851 1570 2921 Nyssenus
1622 2850 2101 2919 dixit.Grcgorius

519 2941 848 3013 Theologus,
894 2943 1036 2997 libro
1075 2943 1249 3013 primo
1301 2942 1375 2995 De
1429 2940 1572 2996 Filio
1606 2956 1625 2996 :
1659 2942 1940 3008 Quomodo
1978 2945 2103 2998 sub-*-

521 3034 775 3088 stantiam
833 3033 926 3087 Dei
975 3032 1113 3086 dicis
1154 3045 1261 3084 non
1307 3030 1629 3099 positionem
1665 3029 1786 3095 eius
1820 3030 1962 3099 quod
1992 3039 2101 3093 est,

524 3124 618 3183 sed
661 3123 991 3179 ablationem
1045 3121 1161 3192 ejus
1195 3125 1338 3192 quod
1375 3136 1477 3172 non
1522 3116 1644 3173 est?
1679 3117 1915 3174 Verbum
1954 3119 2098 3173 enim
2132 3150 2177 3210 α

526 3215 765 3270 declarat
789 3229 893 3268 non
918 3229 1040 3269 esse
1063 3215 1109 3267 ei
1136 3214 1541 3280 generationem
1566 3227 1582 3275 ;
1614 3228 1723 3272 non
1750 3219 1930 3292 autem
1960 3211 2105 3278 quod

527 3305 821 3358 secundum
885 3312 1132 3356 naturam
1183 3314 1290 3365 est,
1338 3302 1698 3364 demonstrat,
1734 3318 1909 3371 neque
1960 3302 2105 3372 quod

524 3405 629 3460 est,
656 3410 759 3450 non
785 3397 989 3451 habens
1031 3393 1463 3460 generationem.
1495 3393 1625 3459 Quae
1659 3394 1821 3463 igitur
1852 3395 2107 3449 substan-

527 3488 601 3541 tia
648 3486 779 3540 Dei?
817 3486 1083 3541 Amentia;
1124 3495 1227 3539 tum
1262 3492 1349 3539 est
1399 3485 1503 3537 hoc
1535 3483 1737 3550 dicere,
1771 3482 1861 3554 qui
1891 3487 2106 3540 curiose

527 3578 689 3631 etiam
723 3575 954 3644 inquiris
980 3558 1409 3646 generatio.:em,
1448 3572 1604 3628 nobis
1658 3590 1790 3629 vero
1844 3588 2103 3643 magnum

527 3677 632 3745 est,
681 3667 726 3722 si
786 3667 1006 3736 quando
1062 3667 1279 3721 tandem
1336 3677 1390 3718 et
1434 3667 1489 3721 iu
1518 3678 1793 3737 posterum
1837 3669 2106 3724 discamus

530 3756 793 3812 dissoluta
851 3755 1083 3826 caligine
1125 3763 1181 3810 et
1222 3755 1618 3823 crassitudine,
1668 3760 1807 3812 sicut
1858 3758 2108 3828 promisit

530 3848 623 3917 qui
660 3847 878 3902 mentiri
909 3863 1011 3903 non
1063 3855 1264 3917 potest.
1306 3847 1422 3903 lloc
1461 3848 1627 3918 igitur
1680 3848 2011 3919 intelligatur
2034 3861 2109 3905 .ct

531 3947 781 4008 speretur
813 3941 881 3993 ab
930 3938 998 3994 iis
1028 3938 1119 4008 qui
1152 3939 1217 3992 ad
1252 3940 1353 3992 hoc
1377 3947 1537 3993 erunt
1572 3941 1781 4009 purgati
1815 3955 1954 3996 :nos
1977 3955 2107 3997 vero

535 4032 637 4086 hoc
658 4021 864 4100 parum
900 4030 1081 4085 dicere
1109 4031 1426 4095 audeamus,
1461 4034 1605 4100 quod
1634 4029 1681 4088 si
1716 4046 1904 4100 magna
1937 4030 2107 4102 gloria

534 4134 619 4179 est
651 4123 796 4180 Patri
821 4138 885 4177 ex
916 4122 1064 4176 nullo
1096 4123 1332 4192 prodire,
1368 4138 1471 4177 non
1501 4124 1679 4177 minor
1703 4135 1787 4179 est
1813 4122 1949 4180 Filio
1978 4140 2106 4194 pro-

472 4282 475 4285 ,
536 4213 703 4269 ﬁcisci
734 4228 800 4267 ex
838 4213 929 4268 tali
962 4211 1163 4278 Patre;
1189 4212 1417 4281 gloriam
1445 4213 1587 4267 enim
1616 4213 1734 4283 ejus
1756 4214 1845 4282 qui
1882 4228 2104 4271 causam

535 4319 644 4360 non
695 4305 882 4364 habet.
936 4303 1367 4373 participaverit,
1417 4303 1542 4370 quia
1595 4317 1663 4358 ex
1714 4317 1822 4357 non
1877 4302 2106 4358 habente

534 4410 757 4452 causam
807 4395 951 4449 inest
994 4395 1043 4448 ei
1096 4396 1208 4463 ipsa
1255 4408 1345 4448 res
1372 4393 1672 4448 nativitatis
1703 4400 1875 4459 tanta,
1904 4401 1961 4449 et
1996 4405 2105 4450 tam

1660 356 1990 431 IOANNIS
2033 354 2598 428 CYPARISSIU'TxE

2099 480 2140 534 Α
2171 477 2291 529 dem
2323 477 2465 530 idem
2494 489 2553 527 es
2581 486 2702 525 cum
2751 470 2844 523 illo
2894 466 3189 522 secundum
3236 461 3579 533 substantiam
3620 462 3715 533 tu)?

2888 281 3035 292 ,ηε-σο..

3618 332 3708 412 at

2170 567 2253 621 An
2283 566 2458 633 potius
2485 565 2674 632 liquet,
2698 560 2845 630 quod
2878 562 3129 611 manente
3146 553 3475 621 proprietate
3498 552 3715 612 immota.

2172 671 2477 723 quaeremus
2542 653 2904 711 substantiam
2964 647 3080 712 Dei,
3108 659 3231 714 qua
3285 642 3497 697 tandem
3540 653 3634 707 est,
3674 642 3712 697 si

2176 758 2354 802 tamen
2388 759 2713 816 quaeremus,
2750 741 2892 811 quod
2924 753 3054 792 vero
3078 751 3189 791 non
3224 735 3334 789 sint
3365 734 3503 786 idem
3534 730 3721 800 ingeni-

2175 850 2291 895 tum
2311 849 2367 894 et
2396 838 2556 903 Dens,
2579 820 2656 899 sic
2681 837 2877 889 disces.
2906 833 2966 887 Si
3011 832 3151 885 idem
3176 836 3338 884 esset.
3366 825 3652 894 oportebat,
3676 830 3725 876 ιιι

2186 932 2314 998 quis
2368 933 2509 983 Dens
2544 929 2851 993 aliquorum
2912 923 3054 978 Deus
3101 930 3219 983 est,
3258 917 3549 984 ingenitum
3579 918 3720 971 etiam

2179 1023 2484 1091 aliquorum
2537 1027 2684 1073 esset
2732 1014 3070 1085 ingenitum;
3107 1018 3202 1063 aut
3254 1009 3382 1076 quia
3439 1006 3623 1061 nullius
3658 1017 3728 1061 est

2182 1114 2505 1181 ingenitum,
2563 1124 2738 1178 neque
2799 1108 2964 1161 Deum
3024 1117 3146 1159 esse
3196 1101 3500 1169 aliquorum
3557 1097 3727 1151 Deum:

2183 1218 2302 1273 qua:
2330 1208 2471 1258 enim
2503 1204 2725 1255 omnino
2754 1208 2881 1254 sunt
2917 1198 3128 1256 uallem,
3161 1195 3354 1248 eodem
3398 1193 3559 1245 etiam

2184 1294 2515 1358 etl‘ernntnr;
2570 1291 2720 1360 atqui
2790 1303 2895 1342 non
2971 1297 3055 1341 est
3115 1286 3421 1351 aliquorum
3466 1281 3727 1351 ingenium

2189 1387 2443 1456 (quorum
2486 1383 2632 1437 enim
2675 1379 2843 1448 esti),
2874 1377 3017 1432 Deus
3068 1389 3202 1429 vero
3262 1374 3567 1441 aliquorum
3615 1371 3729 1425 Deus

2188 1486 2268 1531 est
2292 1515 2308 1539 ,
2345 1484 2427 1528 est
2471 1474 2615 1528 enim
2655 1472 2927 1533 omnium,
2952 1466 3233 1538 quomodo
3281 1464 3444 1533 igitur
3477 1462 3577 1516 erit
3614 1460 3727 1516 idem

2191 1568 2354 1633 Deus,
2388 1573 2442 1620 et
2474 1563 2816 1634 ingenitum?
2844 1560 2913 1616 Et
2947 1573 3162 1623 rursus,
3192 1556 3356 1623 Quia,
3390 1552 3728 1623 iuquitﬁ'nge.

2192 1663 2385 1724 nitum,
2417 1670 2470 1712 et
2505 1659 2745 1729 genitum
2777 1653 3063 1710 contraria
3093 1658 3221 1705 sunt
3248 1649 3392 1703 inter
3417 1662 3496 1710 se,
3531 1656 3583 1699 ut
3609 1643 3728 1698 babi-

2196 1762 2300 1816 tus,
2333 1764 2388 1805 et
2417 1749 2767 1817 privatioues,
2800 1759 3027 1801 necesse
3051 1752 3135 1799 est
3167 1752 3226 1795 ut
3258 1739 3565 1795 substantia:
3594 1739 3726 1791 intro-

2197 1844 2466 1898 ducantur
2514 1841 2658 1895 inter
2708 1853 2770 1893 se
2819 1834 3149 1899 contrariae,
3207 1833 3356 1901 quod
3407 1830 3607 1899 quidem
3644 1842 3764 1882 non.

2198 1920 2516 1986 conceditur
2548 1946 2562 1993 ;
2606 1940 2699 1983 aut
2739 1928 2864 1997 quia
2894 1942 3106 1984 rursus.
3131 1925 3345 1994 priores
3377 1930 3495 1976 sunt
3535 1920 3742 1988 habitos,

2199 2040 2358 2093 quam
2412 2022 2772 2092 privationes,
2817 2029 2871 2075 et
2912 2018 3132 2072 habitus
3164 2015 3364 2070 tollunt
3412 2012 3535 2081 ipsa:
3585 2010 3728 2078 priva-

2204 2115 2402 2177 tiones,
2454 2126 2563 2166 non
2625 2109 2797 2164 solum
2860 2107 3227 2175 antiquiorem
3296 2112 3418 2158 esse
3476 2098 3727 2153 substantia

2202 2207 2379 2260 Patris
2414 2203 2775 2259 substantiam
2821 2192 2989 2266 Filii,
3020 2198 3115 2253 sed
3173 2199 3425 2253 etiam'a
3481 2188 3728 2247 substantia

2202 2298 2383 2355 Patris
2442 2300 2554 2354 tolli
2609 2314 2830 2353 necesse
2866 2307 2974 2363 est,
3001 2303 3266 2366 quantum
3308 2308 3375 2347 ex
3411 2289 3617 2358 iisquae
3639 2300 3663 2338 a
3692 2292 3727 2337 te

2206 2393 2380 2461 posita
2445 2403 2610 2454 sunt,
2647 2392 2981 2446 concludere
3032 2390 3175 2444 licet.
3204 2389 3273 2441 Et
3316 2386 3508 2440 iterum
3540 2381 3660 2436 idem
3689 2379 3728 2433 is

2204 2485 2452 2538 oratione
2480 2485 2545 2537 de
2585 2483 2974 2537 constitutione
3009 2482 3392 2549 episcoporum
3421 2493 3437 2531 :
3470 2475 3588 2529 Sine
3619 2470 3731 2538 priur-

2206 2556 2367 2643 cipio,
2406 2576 2602 2643 inquit,
2651 2584 2768 2629 erat
2803 2575 2967 2627 Pater
2989 2613 3004 2636 ,
3042 2587 3148 2626 non
3184 2570 3345 2628 enim
3364 2567 3567 2619 aliunde
3599 2564 3729 2616 habet

2208 2666 2300 2720 bat
2346 2677 2404 2718 ιιι
2461 2675 2629 2729 esset,
2668 2680 2766 2719 nec
2795 2681 2824 2716 a
2855 2680 2915 2719 se
2946 2664 3085 2734 ipso,
3132 2656 3171 2714 F
3177 2662 3311 2716 ilius
3335 2674 3460 2712 vero
3485 2655 3725 2727 (siquidem

2210 2753 2426 2808 Patrem
2460 2753 2536 2823 (l)
2569 2762 2624 2807 ut
2676 2767 2897 2808 causam
2938 2752 3162 2821 accitus)
3218 2767 3324 2804 non
3361 2757 3443 2803 est
3474 2749 3578 2799 sine
3611 2746 3729 2811 prin-

2209 2847 2385 2917 cipio;
2419 2845 2742 2915 principiqu
2776 2844 2975 2915 quippe
2998 2832 3121 2898 Filii
3156 2845 3322 2899 Pater
3356 2849 3450 2923 ‘est
3489 2850 3541 2891 ut
3563 2850 3726 2901 causa;

2208 2938 2297 2991 sin
2332 2946 2512 2989 autem
2550 2936 2878 3005 principium
2923 2935 3197 3003 intelligas
3248 2944 3316 2990 ex
3351 2942 3609 2998 tempere,
3641 2930 3731 2981 sine

2208 3027 2481 3097 principio
2523 3030 2671 3092 'est;
2740 3041 2848 3079 non
2934 3027 3080 3080 enim
3137 3025 3331 3094 incipit
3388 3023 3484 3079 sub
3536 3027 3735 3087 tempore

2214 3118 2472 3173 Dominus
2521 3130 2845 3187 temporum.
2890 3119 2958 3173 Et
3014 3119 3188 3173 adhuc
3250 3118 3305 3173 in
3360 3117 3538 3170 eodem
3585 3113 3728 3166 libro:

2214 3210 2546 3266 Observetur
2594 3223 2771 3266 autem
2799 3254 2815 3276 ,
2857 3221 2916 3265 ut
2972 3228 3091 3265 mea
3146 3210 3416 3266 sententia
3464 3216 3573 3270 est.
3626 3214 3729 3258 unus

2217 3299 2382 3365 Dens,
2430 3302 2497 3354 ad
2547 3317 2710 3355 unam
2772 3316 2992 3356 causam
3047 3299 3184 3355 Filio
3237 3311 3293 3355 et
3338 3298 3533 3369 Spiritu
3581 3303 3728 3348 sancto

2215 3386 2418 3456 relatis,
2450 3404 2554 3445 non
2586 3392 2928 3459 compositis,
2961 3392 3045 3447 vel
3093 3390 3476 3463 agglutinatis,
3500 3398 3548 3442 et
3573 3400 3725 3441 secun-

2213 3480 2337 3533 dmu
2379 3495 2544 3534 unum
2579 3490 2635 3534 et
2663 3482 2950 3553 eumdem,
2989 3491 3045 3535 ut
3093 3481 3167 3545 ita
3224 3482 3421 3545 dicam.
3469 3483 3725 3534 motutn‘et

2216 3572 2574 3636 voluntatem,
2617 3582 2672 3627 et
2706 3589 2868 3631 uuam
2920 3570 2973 3628 et
3023 3573 3278 3628 eamdem
3318 3573 3659 3627 substantiam.
3681 3568 3727 3620 Et

2213 3678 2403 3717 rursus
2434 3663 2484 3716 in
2518 3664 2701 3718 eodem
2733 3681 2748 3718 :
2781 3663 3101 3728 Pravorum,
3140 3664 3338 3732 inquit,
3366 3671 3418 3732 et
3443 3662 3721 3732 indignorum

2213 3770 2369 3813 esset
2396 3759 2719 3828 principium
2758 3759 2940 3821 Pater,
2974 3759 3018 3812 si
3048 3774 3154 3812 non
3175 3768 3328 3813 esset
3359 3773 3510 3814 causa
3544 3765 3593 3809 ιιι
3619 3752 3720 3808 divi-

2212 3847 2353 3901 nitas
2380 3856 2525 3903 esset
2572 3848 2628 3902 in
2658 3847 2797 3911 Filio
2826 3859 2882 3902 et
2912 3847 3118 3918 Spiritu
3160 3860 3372 3904 sancto.
3413 3848 3612 3915 Magnus
3633 3843 3722 3897 Dio-

2214 3938 2424 4009 nysius,
2458 3939 2509 3992 in
2550 3939 2786 3994 secundo
2821 3939 2892 3993 De
2926 3939 3115 3994 divinis
3168 3939 3498 3994 nominibus:
3530 3934 3609 3990 Est
3650 3944 3719 3984 ιιιὲ

2216 4039 2346 4093 tem,
2399 4032 2595 4098 inquit,
2647 4031 2929 4087 distinctio
2957 4031 3011 4085 in
3055 4031 3280 4097 divinis,
3311 4045 3426 4098 cpite
3453 4037 3567 4083 sunt
3600 4035 3715 4092 Supra
3806 4028 3833 4098 ’ξ

2214 4123 2596 4187 substantiam,
2641 4136 2746 4175 non
2797 4121 2885 4174 illa
2929 4121 3104 4176 solum
3143 4136 3308 4190 quam
3354 4119 3480 4181 diti.
3514 4115 3716 4186 quodse-
3832 4120 3833 4190 ι

2214 4215 2448 4268 cundum
2495 4214 2660 4282 ipsam
2688 4213 3087 4282 copulationem
3129 4225 3477 4282 personarum
3505 4209 3553 4263 in
3573 4219 3713 4260 unum.

2212 4304 2332 4359 sine
2363 4304 2615 4360 mistione
2638 4314 2694 4358 et
2723 4302 3041 4360 confusione
3067 4314 3401 4374 unaquaeque
3433 4316 3494 4357 ex
3520 4292 3713 4369 permit

2222 4411 2343 4465 quae
2399 4405 2524 4451 sunt
2579 4396 2879 4466 ὲναρχικαὶ,
2928 4395 2979 4450 id
3019 4405 3121 4462 est,
3153 4410 3317 4450 unum
3360 4403 3412 4448 et
3456 4389 3716 4462 principium

534 4487 841 4542 veneranda
889 4487 957 4542 iis
993 4486 1085 4557 qui
1135 4502 1240 4540 non
1282 4487 1481 4541 habent
1512 4493 1746 4540 mentem
1783 4499 2106 4555 magnopere
2133 4488 2473 4558 Domnium,
2513 4488 2774 4543 collocata
2824 4495 2908 4541 est
2959 4486 3012 4540 in
3052 4487 3180 4552 alia,
3219 4484 3315 4540 sed
3359 4483 3492 4552 quod
3537 4480 3610 4532 illa
3632 4486 3718 4541 qua

536 4579 690 4635 humi
708 4590 1003 4647 repentem,
1031 4589 1086 4633 et
1116 4578 1347 4632 terrenis
1367 4578 1527 4631 rebus
1547 4574 1882 4629 immersam.
1902 4575 2007 4631 Sed
2041 4577 2108 4641 si,

2200 4587 2341 4653 sunt
2365 4576 2716 4634 fecunditatis
2750 4577 2869 4643 Dei,
2890 4592 2995 4633 non
3028 4583 3337 4634 commeant
3359 4585 3494 4629 retro
3512 4569 3714 4625 vicissim.

539 4672 738 4740 inquit,
765 4671 904 4725 idem
938 4669 1246 4726 substantia
1281 4678 1363 4724 est
1398 4665 1565 4721 Filius
1598 4681 1718 4720 cum
1747 4665 1929 4729 l’atre.
1966 4668 2117 4737 inge-
2211 4669 2358 4726 solus
2391 4668 2568 4722 antein
2601 4667 2725 4723 fons
2761 4668 3060 4724 divinitatis
3096 4666 3256 4723 Pater
3296 4676 3397 4732 est,
3426 4664 3494 4718 ita
3525 4670 3573 4714 ut
3599 4656 3716 4712 Patet

543 4760 688 4816 nitus
741 4775 871 4813 vero
921 4770 1001 4813 est
1061 4758 1243 4821 Pater,
1275 4757 1384 4809 erit
1442 4754 1606 4822 igitur
1665 4753 1767 4806 hoe
1819 4762 1873 4808 et
1920 4752 2112 4807 Filius.

539 4844 726 4916 Recte,
756 4852 799 4904 si
838 4852 1131 4920 ingenitum
1159 4858 1302 4903 esset
1332 4845 1634 4921 substantia
1672 4843 1801 4910 Dei;
1826 4845 1906 4898 sin
1935 4858 2114 4900 autem

538 4940 845 4995 tliﬂ‘ert-ntia
893 4951 977 4994 est
1016 4941 1162 4993 circa
1216 4937 1612 4999 substantiam,
1648 4935 1777 5003 quid
1834 4936 1936 4989 hoc
1980 4934 2118 4991 dicis

541 5045 793 5102 tanquam
850 5032 1050 5099 aliquid
1085 5028 1301 5083 valeat?
1334 5029 1414 5080 Au
1452 5037 1503 5079 tu
1532 5027 1694 5081 etiam
1729 5042 1786 5080 es
1809 5026 1966 5080 Pater
2007 5024 2112 5079 Pa-

540 5127 660 5192 tris,
691 5138 758 5178 ne
793 5122 919 5192 quid
949 5123 1091 5176 desit
1134 5121 1275 5191 quod
1309 5119 1475 5173 Pater
1510 5117 1728 5181 habent,
1763 5117 2108 5193 quandoqui-

2212 4774 2319 4812 non
2367 4759 2440 4813 sit
2488 4757 2677 4823 Filius,
2708 4772 2884 4826 neque
2932 4756 3101 4813 Filius
3131 4757 3316 4824 Pater,
3339 4740 3550 4810 ssi-vatis
3586 4747 3654 4819 pie
3676 4744 3711 4797 il

2216 4848 2433 4920 hymnis
2459 4859 2511 4904 et
2543 4850 2795 4903 laudibus
2834 4848 3035 4904 divinis
3064 4848 3129 4903 iis
3166 4863 3287 4917 qua:
3310 4848 3497 4913 cuique
3529 4847 3711 4910 personae

2216 4940 2414 4995 divinae
2471 4941 2688 5012 proprie
2735 4943 3090 4996 conveniunt.
3154 4938 3372 5007 Magnus
3420 4928 3708 4988 Athanasius,

2221 5029 2367 5084 libro
2418 5032 2595 5101 primo
2653 5040 2843 5085 contra
2893 5030 3116 5091 Ariau‘os
3158 5044 3178 5084 :
3220 5028 3277 5082 Si
3323 5040 3424 5080 non
3467 5030 3541 5077 est
3571 5015 3710 5073 Filius.

2217 5121 2418 5192 ί¹¹⁴ιυῖ¹ο
2447 5122 2719 5193 Quomodo
2745 5124 2910 5192 igitur
2952 5116 3119 5177 De’um
3151 5121 3328 5176 dicitis
3356 5108 3647 5175 creatorem?
3668 5103 3707 5156 Si

2001 5256 2279 5322 Schoha.

611 5394 747 5463 (l)Si
777 5388 1235 5463 quidetn‘Patrem
1267 5398 1333 5463 ut
1358 5400 1574 5463 causam
1610 5381 2102 5463 accipis(Filiisei.

538 5454 710 5535 licet},
743 5454 843 5517 non
867 5461 1085 5535 estsine
1104 5457 1371 5535 principio
1392 5455 1587 5525 (Filius
1617 5454 1869 5535 sellium),
1898 5455 2100 5535 princi-

545 5525 1260 5604 piuu'n-quqtpe‘Eiltii’aler
1288 5525 1375 5580 est
1407 5537 1462 5604 ut
1501 5539 1681 5577 causa.
1723 5525 2093 5604 Notatttmest

544 5594 700 5674 paulo
716 5594 874 5672 supra
900 5622 925 5653 ιι
956 5600 1014 5654 S.
1038 5600 1264 5661 Thuma,
1290 5599 1506 5650 nomine
1538 5609 1712 5648 caiisa:
1736 5594 1903 5648 solam
1926 5596 2090 5664 origi-

546 5769 559 5773 ’
612 5768 687 5830 (υἷι
718 5763 1090 5820 Substuntiam
1127 5761 1280 5828 dicit,
1314 5761 1365 5815 id
1400 5770 1482 5816 est
1516 5770 1787 5815 naturam.

2211 5402 2332 5442 nem
2361 5405 2713 5458 personarum
2737 5402 2958 5447 sanctos
2988 5391 3177 5445 Patres
3196 5385 3484 5462 signiﬁcare
3504 5373 3701 5462 voiliiﬁf

2197 5449 2521 5530 i_t_:tqué_t:ttnt
2550 5464 2622 5517 ait
2642 5462 2936 5530 Gregorius
2953 5461 3177 5527 Naziau,
3203 5449 3699 5530 :Prittctpiuntﬁtltlilff

2202 5513 2321 5600 [filii
2366 5513 2673 5600 'Pateirfe‘st‘
2696 5513 2701 5514 ί
3040 5513 3278 5600 perinde
3319 5536 3395 5581 est
3414 5513 3482 5576 ἰιι
3518 5513 3697 5572 dicere“

2202 5594 2533 5670 Principium
2558 5599 2680 5658 Filii
2715 5613 2799 5659 est
2839 5594 3076 5658 Paterui
3102 5601 3272 5670 origo.
