  <div class='ocr_page' id='page_1' title='image "/cluster/home/n/w/nwhite01/storage/ocr_20150623/152/hvd.32044019208404/480.png"; bbox 0 0 3872 6564; ppageno 0'>
   <div class='ocr_carea' id='block_1_1' title="bbox 70 2236 796 2305">
    <p class='ocr_par' dir='ltr' id='par_1_1' title="bbox 70 2236 796 2305">
     <span class='ocr_line' id='line_1_1' title="bbox 70 2236 796 2305; baseline 0.003 -18"><span class='ocrx_word' id='word_1_1' title='bbox 70 2247 76 2253; x_wconf 80' lang='lat'><strong>‘</strong></span> <span class='ocrx_word' id='word_1_2' title='bbox 155 2236 212 2290; x_wconf 76' lang='lat' dir='ltr'><strong>De</strong></span> <span class='ocrx_word' id='word_1_3' title='bbox 269 2236 465 2305; x_wconf 80' lang='lat' dir='ltr'><strong>Spiritu</strong></span> <span class='ocrx_word' id='word_1_4' title='bbox 522 2247 709 2291; x_wconf 74' lang='lat' dir='ltr'><strong>sancto</strong></span> <span class='ocrx_word' id='word_1_5' title='bbox 776 2250 796 2289; x_wconf 81' lang='lat'><strong>.‘</strong></span> 
     </span>
    </p>
   </div>
   <div class='ocr_carea' id='block_1_2' title="bbox 1562 199 1589 220">
    <p class='ocr_par' dir='ltr' id='par_1_2' title="bbox 1562 199 1589 220">
     <span class='ocr_line' id='line_1_2' title="bbox 1562 199 1589 220; baseline 0 0"><span class='ocrx_word' id='word_1_6' title='bbox 1562 199 1589 220; x_wconf 58' lang='grc' dir='ltr'>υ</span> 
     </span>
    </p>
   </div>
   <div class='ocr_carea' id='block_1_3' title="bbox 158 393 241 462">
    <p class='ocr_par' dir='ltr' id='par_1_3' title="bbox 158 393 241 462">
     <span class='ocr_line' id='line_1_3' title="bbox 158 393 241 462; baseline -0.06 0"><span class='ocrx_word' id='word_1_7' title='bbox 158 393 241 462; x_wconf 73' lang='grc' dir='ltr'>9ι7</span> 
     </span>
    </p>
   </div>
   <div class='ocr_carea' id='block_1_4' title="bbox 1046 379 2477 448">
    <p class='ocr_par' dir='ltr' id='par_1_4' title="bbox 1046 379 2477 448">
     <span class='ocr_line' id='line_1_4' title="bbox 1046 379 2477 448; baseline -0.006 0"><span class='ocrx_word' id='word_1_8' title='bbox 1046 388 1280 448; x_wconf 81' lang='lat' dir='ltr'><strong>DECAS</strong></span> <span class='ocrx_word' id='word_1_9' title='bbox 1319 388 1419 447; x_wconf 79' lang='lat' dir='ltr'><strong>1X.</strong></span> <span class='ocrx_word' id='word_1_10' title='bbox 1450 411 1519 421; x_wconf 81' lang='grc'><strong>-</strong></span> <span class='ocrx_word' id='word_1_11' title='bbox 1554 386 1651 445; x_wconf 90' lang='lat' dir='ltr'><strong>DE</strong></span> <span class='ocrx_word' id='word_1_12' title='bbox 1687 380 2135 443; x_wconf 66' lang='lat' dir='ltr'><strong>INFINITATE</strong></span> <span class='ocrx_word' id='word_1_13' title='bbox 2184 382 2260 442; x_wconf 80' lang='grc' dir='ltr'>ΙΝ</span> <span class='ocrx_word' id='word_1_14' title='bbox 2314 379 2477 442; x_wconf 86' lang='lat' dir='ltr'><strong>DEO.</strong></span> 
     </span>
    </p>
   </div>
   <div class='ocr_carea' id='block_1_5' title="bbox 3265 370 3375 438">
    <p class='ocr_par' dir='ltr' id='par_1_5' title="bbox 3265 370 3375 438">
     <span class='ocr_line' id='line_1_5' title="bbox 3265 370 3375 438; baseline -0.009 0"><span class='ocrx_word' id='word_1_15' title='bbox 3265 370 3375 438; x_wconf 79' lang='lat'><strong>938</strong></span> 
     </span>
    </p>
   </div>
   <div class='ocr_carea' id='block_1_6' title="bbox 157 484 3373 569">
    <p class='ocr_par' dir='ltr' id='par_1_6' title="bbox 157 484 3373 569">
     <span class='ocr_line' id='line_1_6' title="bbox 157 484 3373 569; baseline -0.006 -11"><span class='ocrx_word' id='word_1_16' title='bbox 157 508 273 560; x_wconf 85' lang='lat' dir='ltr'><strong>enim</strong></span> <span class='ocrx_word' id='word_1_17' title='bbox 322 514 409 569; x_wconf 84' lang='lat' dir='ltr'><strong>per</strong></span> <span class='ocrx_word' id='word_1_18' title='bbox 451 495 703 558; x_wconf 76' lang='lat' dir='ltr'><strong>Verbum,</strong></span> <span class='ocrx_word' id='word_1_19' title='bbox 745 502 798 547; x_wconf 89' lang='lat' dir='ltr'><strong>et</strong></span> <span class='ocrx_word' id='word_1_20' title='bbox 848 493 899 546; x_wconf 88' lang='lat' dir='ltr'><strong>in</strong></span> <span class='ocrx_word' id='word_1_21' title='bbox 966 492 1241 564; x_wconf 72' lang='lat' dir='ltr'><strong>Sapientia</strong></span> <span class='ocrx_word' id='word_1_22' title='bbox 1292 494 1472 549; x_wconf 83' lang='lat' dir='ltr'><strong>omnia</strong></span> <span class='ocrx_word' id='word_1_23' title='bbox 1542 493 1682 546; x_wconf 82' lang='lat' dir='ltr'><strong>facta</strong></span> <span class='ocrx_word' id='word_1_24' title='bbox 1717 497 1755 552; x_wconf 75' lang='grc' dir='ltr'><strong>Α</strong></span> <span class='ocrx_word' id='word_1_25' title='bbox 1786 492 2078 555; x_wconf 76' lang='lat' dir='ltr'><strong>exsistcns,</strong></span> <span class='ocrx_word' id='word_1_26' title='bbox 2117 489 2335 560; x_wconf 85' lang='lat' dir='ltr'><strong>apponit</strong></span> <span class='ocrx_word' id='word_1_27' title='bbox 2361 493 2626 543; x_wconf 74' lang='lat' dir='ltr'><strong>creatura:</strong></span> <span class='ocrx_word' id='word_1_28' title='bbox 2658 484 3045 555; x_wconf 59' lang='lat' dir='ltr'><strong>perfectionem</strong></span> <span class='ocrx_word' id='word_1_29' title='bbox 3076 498 3169 557; x_wconf 85' lang='lat' dir='ltr'><strong>per</strong></span> <span class='ocrx_word' id='word_1_30' title='bbox 3198 486 3373 557; x_wconf 52' lang='lat' dir='ltr'><strong>ipsius</strong></span> 
     </span>
    </p>
   </div>
   <div class='ocr_carea' id='block_1_7' title="bbox 157 584 1683 653">
    <p class='ocr_par' dir='ltr' id='par_1_7' title="bbox 157 584 1683 653">
     <span class='ocr_line' id='line_1_7' title="bbox 157 584 1683 653; baseline -0.006 -9"><span class='ocrx_word' id='word_1_31' title='bbox 157 596 347 650; x_wconf 85' lang='lat' dir='ltr'><strong>sunt,et</strong></span> <span class='ocrx_word' id='word_1_32' title='bbox 389 586 502 639; x_wconf 85' lang='lat' dir='ltr'><strong>sine</strong></span> <span class='ocrx_word' id='word_1_33' title='bbox 553 585 657 637; x_wconf 90' lang='lat' dir='ltr'><strong>hoc</strong></span> <span class='ocrx_word' id='word_1_34' title='bbox 715 584 849 637; x_wconf 86' lang='lat' dir='ltr'><strong>nihil</strong></span> <span class='ocrx_word' id='word_1_35' title='bbox 921 584 1037 637; x_wconf 76' lang='lat' dir='ltr'><strong>ﬁeri</strong></span> <span class='ocrx_word' id='word_1_36' title='bbox 1086 594 1286 653; x_wconf 80' lang='lat' dir='ltr'><strong>potest,</strong></span> <span class='ocrx_word' id='word_1_37' title='bbox 1346 600 1450 639; x_wconf 87' lang='lat' dir='ltr'><strong>non</strong></span> <span class='ocrx_word' id='word_1_38' title='bbox 1520 584 1683 637; x_wconf 86' lang='lat' dir='ltr'><strong>habet</strong></span> 
     </span>
    </p>
   </div>
   <div class='ocr_carea' id='block_1_8' title="bbox 158 676 1681 745">
    <p class='ocr_par' dir='ltr' id='par_1_8' title="bbox 158 676 1681 745">
     <span class='ocr_line' id='line_1_8' title="bbox 158 676 1681 745; baseline -0.003 -11"><span class='ocrx_word' id='word_1_39' title='bbox 158 681 288 734; x_wconf 78' lang='lat' dir='ltr'><strong>Pater</strong></span> <span class='ocrx_word' id='word_1_40' title='bbox 330 678 572 745; x_wconf 80' lang='lat' dir='ltr'><strong>Opinione</strong></span> <span class='ocrx_word' id='word_1_41' title='bbox 603 686 810 738; x_wconf 81' lang='lat' dir='ltr'><strong>vestra,</strong></span> <span class='ocrx_word' id='word_1_42' title='bbox 846 676 897 729; x_wconf 91' lang='lat' dir='ltr'><strong>in</strong></span> <span class='ocrx_word' id='word_1_43' title='bbox 919 690 1029 744; x_wconf 91' lang='lat' dir='ltr'><strong>quo</strong></span> <span class='ocrx_word' id='word_1_44' title='bbox 1063 685 1117 730; x_wconf 90' lang='lat' dir='ltr'><strong>et</strong></span> <span class='ocrx_word' id='word_1_45' title='bbox 1163 691 1257 745; x_wconf 88' lang='lat' dir='ltr'><strong>per</strong></span> <span class='ocrx_word' id='word_1_46' title='bbox 1308 692 1467 744; x_wconf 88' lang='lat' dir='ltr'><strong>quem</strong></span> <span class='ocrx_word' id='word_1_47' title='bbox 1500 676 1681 730; x_wconf 89' lang='lat' dir='ltr'><strong>omnia</strong></span> 
     </span>
    </p>
   </div>
   <div class='ocr_carea' id='block_1_9' title="bbox 156 768 1681 828">
    <p class='ocr_par' dir='ltr' id='par_1_9' title="bbox 156 768 1681 828">
     <span class='ocr_line' id='line_1_9' title="bbox 156 768 1681 828; baseline -0.005 -3"><span class='ocrx_word' id='word_1_48' title='bbox 156 774 279 828; x_wconf 73' lang='lat' dir='ltr'><strong>facit.</strong></span> <span class='ocrx_word' id='word_1_49' title='bbox 310 770 359 824; x_wconf 88' lang='lat' dir='ltr'><strong>Si</strong></span> <span class='ocrx_word' id='word_1_50' title='bbox 408 771 520 823; x_wconf 70' lang='lat' dir='ltr'><strong>haec</strong></span> <span class='ocrx_word' id='word_1_51' title='bbox 568 770 751 822; x_wconf 87' lang='lat' dir='ltr'><strong>divina</strong></span> <span class='ocrx_word' id='word_1_52' title='bbox 809 769 1117 824; x_wconf 77' lang='lat' dir='ltr'><strong>suliSIatitia</strong></span> <span class='ocrx_word' id='word_1_53' title='bbox 1164 786 1271 822; x_wconf 92' lang='lat' dir='ltr'><strong>non</strong></span> <span class='ocrx_word' id='word_1_54' title='bbox 1308 778 1392 823; x_wconf 86' lang='lat' dir='ltr'><strong>est</strong></span> <span class='ocrx_word' id='word_1_55' title='bbox 1430 768 1681 827; x_wconf 75' lang='lat' dir='ltr'><strong>fecunda,</strong></span> 
     </span>
    </p>
   </div>
   <div class='ocr_carea' id='block_1_10' title="bbox 154 861 1682 931">
    <p class='ocr_par' dir='ltr' id='par_1_10' title="bbox 154 861 1682 931">
     <span class='ocr_line' id='line_1_10' title="bbox 154 861 1682 931; baseline -0.005 -11"><span class='ocrx_word' id='word_1_56' title='bbox 154 868 229 920; x_wconf 70' lang='lat' dir='ltr'><strong>Sed</strong></span> <span class='ocrx_word' id='word_1_57' title='bbox 267 863 455 917; x_wconf 86' lang='lat' dir='ltr'><strong>sterilis</strong></span> <span class='ocrx_word' id='word_1_58' title='bbox 515 863 777 929; x_wconf 88' lang='lat' dir='ltr'><strong>opinione</strong></span> <span class='ocrx_word' id='word_1_59' title='bbox 850 862 1111 931; x_wconf 88' lang='lat' dir='ltr'><strong>ipsorum,</strong></span> <span class='ocrx_word' id='word_1_60' title='bbox 1158 863 1301 914; x_wconf 85' lang='lat' dir='ltr'><strong>sicut</strong></span> <span class='ocrx_word' id='word_1_61' title='bbox 1353 861 1537 914; x_wconf 88' lang='lat' dir='ltr'><strong>lumen</strong></span> <span class='ocrx_word' id='word_1_62' title='bbox 1576 876 1682 913; x_wconf 93' lang='lat' dir='ltr'><strong>non</strong></span> 
     </span>
    </p>
   </div>
   <div class='ocr_carea' id='block_1_11' title="bbox 155 952 1686 1021">
    <p class='ocr_par' dir='ltr' id='par_1_11' title="bbox 155 952 1686 1021">
     <span class='ocr_line' id='line_1_11' title="bbox 155 952 1686 1021; baseline -0.003 -11"><span class='ocrx_word' id='word_1_63' title='bbox 155 958 445 1017; x_wconf 86' lang='lat' dir='ltr'><strong>illuiiiiuans,</strong></span> <span class='ocrx_word' id='word_1_64' title='bbox 499 964 554 1008; x_wconf 88' lang='lat' dir='ltr'><strong>et</strong></span> <span class='ocrx_word' id='word_1_65' title='bbox 603 954 724 1008; x_wconf 77' lang='lat' dir='ltr'><strong>fons</strong></span> <span class='ocrx_word' id='word_1_66' title='bbox 786 955 987 1016; x_wconf 84' lang='lat' dir='ltr'><strong>siccus,</strong></span> <span class='ocrx_word' id='word_1_67' title='bbox 1030 956 1299 1021; x_wconf 85' lang='lat' dir='ltr'><strong>quomodo</strong></span> <span class='ocrx_word' id='word_1_68' title='bbox 1362 969 1465 1005; x_wconf 87' lang='lat' dir='ltr'><strong>non</strong></span> <span class='ocrx_word' id='word_1_69' title='bbox 1522 952 1686 1021; x_wconf 88' lang='lat' dir='ltr'><strong>pudet</strong></span> 
     </span>
    </p>
   </div>
   <div class='ocr_carea' id='block_1_12' title="bbox 156 1038 1688 1103">
    <p class='ocr_par' dir='ltr' id='par_1_12' title="bbox 156 1038 1688 1103">
     <span class='ocr_line' id='line_1_12' title="bbox 156 1038 1688 1103; baseline -0.002 -3"><span class='ocrx_word' id='word_1_70' title='bbox 156 1068 231 1103; x_wconf 80' lang='lat' dir='ltr'><strong>vus</strong></span> <span class='ocrx_word' id='word_1_71' title='bbox 274 1050 438 1101; x_wconf 82' lang='lat' dir='ltr'><strong>dicere</strong></span> <span class='ocrx_word' id='word_1_72' title='bbox 492 1048 691 1099; x_wconf 85' lang='lat' dir='ltr'><strong>habere</strong></span> <span class='ocrx_word' id='word_1_73' title='bbox 751 1061 873 1098; x_wconf 89' lang='lat' dir='ltr'><strong>enni</strong></span> <span class='ocrx_word' id='word_1_74' title='bbox 929 1048 1033 1097; x_wconf 85' lang='lat' dir='ltr'><strong>vim</strong></span> <span class='ocrx_word' id='word_1_75' title='bbox 1072 1038 1358 1099; x_wconf 74' lang='lat' dir='ltr'><strong>creandi?</strong></span> <span class='ocrx_word' id='word_1_76' title='bbox 1392 1045 1460 1098; x_wconf 87' lang='lat' dir='ltr'><strong>Et</strong></span> <span class='ocrx_word' id='word_1_77' title='bbox 1512 1044 1688 1097; x_wconf 87' lang='lat' dir='ltr'><strong>adhuc</strong></span> 
     </span>
    </p>
   </div>
   <div class='ocr_carea' id='block_1_13' title="bbox 158 1137 1687 1208">
    <p class='ocr_par' dir='ltr' id='par_1_13' title="bbox 158 1137 1687 1208">
     <span class='ocr_line' id='line_1_13' title="bbox 158 1137 1687 1208; baseline -0.005 -11"><span class='ocrx_word' id='word_1_78' title='bbox 158 1146 269 1197; x_wconf 83' lang='lat' dir='ltr'><strong>idem</strong></span> <span class='ocrx_word' id='word_1_79' title='bbox 299 1158 311 1194; x_wconf 92' lang='lat'>:</span> <span class='ocrx_word' id='word_1_80' title='bbox 353 1139 766 1207; x_wconf 82' lang='lat' dir='ltr'><strong>Participantes,</strong></span> <span class='ocrx_word' id='word_1_81' title='bbox 797 1139 990 1208; x_wconf 88' lang='lat' dir='ltr'><strong>inquit.</strong></span> <span class='ocrx_word' id='word_1_82' title='bbox 1024 1138 1235 1201; x_wconf 80' lang='lat' dir='ltr'><strong>Filium,</strong></span> <span class='ocrx_word' id='word_1_83' title='bbox 1278 1137 1488 1191; x_wconf 84' lang='lat' dir='ltr'><strong>Patrem</strong></span> <span class='ocrx_word' id='word_1_84' title='bbox 1520 1138 1687 1206; x_wconf 82' lang='lat' dir='ltr'><strong>parti-</strong></span> 
     </span>
    </p>
   </div>
   <div class='ocr_carea' id='block_1_14' title="bbox 154 1230 1691 1303">
    <p class='ocr_par' dir='ltr' id='par_1_14' title="bbox 154 1230 1691 1303">
     <span class='ocr_line' id='line_1_14' title="bbox 154 1230 1691 1303; baseline -0.003 -15"><span class='ocrx_word' id='word_1_85' title='bbox 154 1240 380 1303; x_wconf 85' lang='lat' dir='ltr'><strong>cipauius,</strong></span> <span class='ocrx_word' id='word_1_86' title='bbox 426 1234 551 1299; x_wconf 87' lang='lat' dir='ltr'><strong>quia</strong></span> <span class='ocrx_word' id='word_1_87' title='bbox 591 1233 867 1300; x_wconf 84' lang='lat' dir='ltr'><strong>propritim</strong></span> <span class='ocrx_word' id='word_1_88' title='bbox 924 1230 1100 1283; x_wconf 88' lang='lat' dir='ltr'><strong>Patris</strong></span> <span class='ocrx_word' id='word_1_89' title='bbox 1130 1244 1207 1284; x_wconf 85' lang='lat' dir='ltr'><strong>est</strong></span> <span class='ocrx_word' id='word_1_90' title='bbox 1252 1230 1510 1295; x_wconf 87' lang='lat' dir='ltr'><strong>Verbum,</strong></span> <span class='ocrx_word' id='word_1_91' title='bbox 1544 1230 1691 1284; x_wconf 87' lang='lat' dir='ltr'><strong>unde</strong></span> 
     </span>
    </p>
   </div>
   <div class='ocr_carea' id='block_1_15' title="bbox 156 1322 1691 1393">
    <p class='ocr_par' dir='ltr' id='par_1_15' title="bbox 156 1322 1691 1393">
     <span class='ocr_line' id='line_1_15' title="bbox 156 1322 1691 1393; baseline -0.003 -13"><span class='ocrx_word' id='word_1_92' title='bbox 156 1330 189 1381; x_wconf 90' lang='lat' dir='ltr'><strong>si</strong></span> <span class='ocrx_word' id='word_1_93' title='bbox 218 1336 344 1379; x_wconf 70' lang='lat' dir='ltr'><strong>esSct</strong></span> <span class='ocrx_word' id='word_1_94' title='bbox 395 1326 511 1393; x_wconf 85' lang='lat' dir='ltr'><strong>ipse</strong></span> <span class='ocrx_word' id='word_1_95' title='bbox 564 1322 726 1377; x_wconf 83' lang='lat' dir='ltr'><strong>Pater</strong></span> <span class='ocrx_word' id='word_1_96' title='bbox 758 1339 822 1375; x_wconf 81' lang='lat' dir='ltr'><strong>ex</strong></span> <span class='ocrx_word' id='word_1_97' title='bbox 871 1324 1311 1393; x_wconf 80' lang='lat' dir='ltr'><strong>participatione,</strong></span> <span class='ocrx_word' id='word_1_98' title='bbox 1361 1333 1413 1376; x_wconf 87' lang='lat' dir='ltr'><strong>et</strong></span> <span class='ocrx_word' id='word_1_99' title='bbox 1460 1340 1566 1376; x_wconf 84' lang='lat' dir='ltr'><strong>non</strong></span> <span class='ocrx_word' id='word_1_100' title='bbox 1624 1337 1691 1376; x_wconf 78' lang='lat' dir='ltr'><strong>ex</strong></span> 
     </span>
    </p>
   </div>
   <div class='ocr_carea' id='block_1_16' title="bbox 154 1411 1689 1482">
    <p class='ocr_par' dir='ltr' id='par_1_16' title="bbox 154 1411 1689 1482">
     <span class='ocr_line' id='line_1_16' title="bbox 154 1411 1689 1482; baseline -0.003 -16"><span class='ocrx_word' id='word_1_101' title='bbox 154 1418 250 1482; x_wconf 67' lang='lat' dir='ltr'><strong>ipm</strong></span> <span class='ocrx_word' id='word_1_102' title='bbox 293 1412 541 1465; x_wconf 76' lang='lat' dir='ltr'><strong>divinitas</strong></span> <span class='ocrx_word' id='word_1_103' title='bbox 595 1411 891 1464; x_wconf 86' lang='lat' dir='ltr'><strong>secundum</strong></span> <span class='ocrx_word' id='word_1_104' title='bbox 953 1413 1353 1474; x_wconf 77' lang='lat' dir='ltr'><strong>substantiam,</strong></span> <span class='ocrx_word' id='word_1_105' title='bbox 1397 1426 1689 1479; x_wconf 88' lang='lat' dir='ltr'><strong>numquam</strong></span> 
     </span>
    </p>
   </div>
   <div class='ocr_carea' id='block_1_17' title="bbox 154 1503 1691 1573">
    <p class='ocr_par' dir='ltr' id='par_1_17' title="bbox 154 1503 1691 1573">
     <span class='ocr_line' id='line_1_17' title="bbox 154 1503 1691 1573; baseline -0.003 -12"><span class='ocrx_word' id='word_1_106' title='bbox 154 1514 257 1561; x_wconf 65' lang='lat' dir='ltr'><strong>deos</strong></span> <span class='ocrx_word' id='word_1_107' title='bbox 286 1506 495 1559; x_wconf 81' lang='lat' dir='ltr'><strong>iareiet.</strong></span> <span class='ocrx_word' id='word_1_108' title='bbox 518 1505 740 1559; x_wconf 82' lang='lat' dir='ltr'><strong>Divinos</strong></span> <span class='ocrx_word' id='word_1_109' title='bbox 757 1504 1007 1573; x_wconf 86' lang='lat' dir='ltr'><strong>Cyrillus,</strong></span> <span class='ocrx_word' id='word_1_110' title='bbox 1032 1506 1084 1557; x_wconf 89' lang='lat' dir='ltr'><strong>iii</strong></span> <span class='ocrx_word' id='word_1_111' title='bbox 1112 1503 1413 1568; x_wconf 73' lang='lat' dir='ltr'><strong>Tliesuuri&#39;s,</strong></span> <span class='ocrx_word' id='word_1_112' title='bbox 1435 1518 1556 1570; x_wconf 89' lang='lat' dir='ltr'><strong>cap.</strong></span> <span class='ocrx_word' id='word_1_113' title='bbox 1578 1505 1648 1555; x_wconf 65' lang='grc'>55</span> <span class='ocrx_word' id='word_1_114' title='bbox 1678 1521 1691 1556; x_wconf 94' lang='lat'><strong>:</strong></span> 
     </span>
    </p>
   </div>
   <div class='ocr_carea' id='block_1_18' title="bbox 156 1595 1694 1669">
    <p class='ocr_par' dir='ltr' id='par_1_18' title="bbox 156 1595 1694 1669">
     <span class='ocr_line' id='line_1_18' title="bbox 156 1595 1694 1669; baseline -0.001 -17"><span class='ocrx_word' id='word_1_115' title='bbox 156 1601 369 1669; x_wconf 74' lang='lat' dir='ltr'><strong>lljusdeni</strong></span> <span class='ocrx_word' id='word_1_116' title='bbox 409 1599 572 1667; x_wconf 86' lang='lat' dir='ltr'><strong>igitur</strong></span> <span class='ocrx_word' id='word_1_117' title='bbox 603 1608 810 1651; x_wconf 75' lang='lat' dir='ltr'><strong>natura:</strong></span> <span class='ocrx_word' id='word_1_118' title='bbox 846 1614 968 1650; x_wconf 83' lang='lat' dir='ltr'><strong>cunt</strong></span> <span class='ocrx_word' id='word_1_119' title='bbox 1000 1598 1158 1650; x_wconf 89' lang='lat' dir='ltr'><strong>Patre</strong></span> <span class='ocrx_word' id='word_1_120' title='bbox 1176 1595 1345 1651; x_wconf 79' lang='lat' dir='ltr'><strong>Filius</strong></span> <span class='ocrx_word' id='word_1_121' title='bbox 1368 1613 1430 1650; x_wconf 80' lang='lat' dir='ltr'><strong>ex</strong></span> <span class='ocrx_word' id='word_1_122' title='bbox 1455 1598 1694 1665; x_wconf 77' lang='lat' dir='ltr'><strong>ingenito</strong></span> 
     </span>
    </p>
   </div>
   <div class='ocr_carea' id='block_1_19' title="bbox 155 1690 1696 1757">
    <p class='ocr_par' dir='ltr' id='par_1_19' title="bbox 155 1690 1696 1757">
     <span class='ocr_line' id='line_1_19' title="bbox 155 1690 1696 1757; baseline -0.003 -13"><span class='ocrx_word' id='word_1_123' title='bbox 155 1710 236 1744; x_wconf 80' lang='lat' dir='ltr'><strong>nun</strong></span> <span class='ocrx_word' id='word_1_124' title='bbox 268 1692 449 1753; x_wconf 78' lang='lat' dir='ltr'><strong>facins,</strong></span> <span class='ocrx_word' id='word_1_125' title='bbox 492 1699 675 1757; x_wconf 79' lang='lat' dir='ltr'><strong>utpote</strong></span> <span class='ocrx_word' id='word_1_126' title='bbox 732 1690 942 1743; x_wconf 82' lang='lat' dir='ltr'><strong>habens</strong></span> <span class='ocrx_word' id='word_1_127' title='bbox 989 1691 1232 1743; x_wconf 83' lang='lat' dir='ltr'><strong>eamdem</strong></span> <span class='ocrx_word' id='word_1_128' title='bbox 1288 1700 1612 1756; x_wconf 77' lang='lat' dir='ltr'><strong>potestatem</strong></span> <span class='ocrx_word' id='word_1_129' title='bbox 1642 1698 1696 1740; x_wconf 91' lang='lat' dir='ltr'><strong>et</strong></span> 
     </span>
    </p>
   </div>
   <div class='ocr_carea' id='block_1_20' title="bbox 153 1770 1695 1859">
    <p class='ocr_par' dir='ltr' id='par_1_20' title="bbox 153 1770 1695 1859">
     <span class='ocr_line' id='line_1_20' title="bbox 153 1770 1695 1859; baseline -0.002 -29"><span class='ocrx_word' id='word_1_130' title='bbox 153 1782 368 1833; x_wconf 79' lang='lat' dir='ltr'><strong>virtutem</strong></span> <span class='ocrx_word' id='word_1_131' title='bbox 398 1793 412 1841; x_wconf 90' lang='lat'><strong>;</strong></span> <span class='ocrx_word' id='word_1_132' title='bbox 444 1780 558 1831; x_wconf 87' lang='lat' dir='ltr'><strong>imo</strong></span> <span class='ocrx_word' id='word_1_133' title='bbox 609 1778 795 1847; x_wconf 83' lang='lat' dir='ltr'><strong>potius</strong></span> <span class='ocrx_word' id='word_1_134' title='bbox 838 1778 951 1845; x_wconf 89' lang='lat' dir='ltr'><strong>ipse</strong></span> <span class='ocrx_word' id='word_1_135' title='bbox 982 1789 1065 1830; x_wconf 85' lang='lat' dir='ltr'><strong>est</strong></span> <span class='ocrx_word' id='word_1_136' title='bbox 1101 1770 1306 1859; x_wconf 67' lang='lat' dir='ltr'><strong>vivens,</strong></span> <span class='ocrx_word' id='word_1_137' title='bbox 1341 1786 1394 1830; x_wconf 91' lang='lat' dir='ltr'><strong>et</strong></span> <span class='ocrx_word' id='word_1_138' title='bbox 1438 1777 1695 1830; x_wconf 79' lang='lat' dir='ltr'><strong>substan-</strong></span> 
     </span>
    </p>
   </div>
   <div class='ocr_carea' id='block_1_21' title="bbox 156 1853 1774 1936">
    <p class='ocr_par' dir='ltr' id='par_1_21' title="bbox 156 1853 1774 1936">
     <span class='ocr_line' id='line_1_21' title="bbox 156 1853 1774 1936; baseline 0 -16"><span class='ocrx_word' id='word_1_139' title='bbox 156 1871 267 1921; x_wconf 82' lang='lat' dir='ltr'><strong>Iialis</strong></span> <span class='ocrx_word' id='word_1_140' title='bbox 314 1869 580 1935; x_wconf 80' lang='lat' dir='ltr'><strong>operatio,</strong></span> <span class='ocrx_word' id='word_1_141' title='bbox 629 1878 683 1923; x_wconf 89' lang='lat' dir='ltr'><strong>et</strong></span> <span class='ocrx_word' id='word_1_142' title='bbox 730 1868 923 1930; x_wconf 88' lang='lat' dir='ltr'><strong>virtus,</strong></span> <span class='ocrx_word' id='word_1_143' title='bbox 974 1880 1028 1922; x_wconf 85' lang='lat' dir='ltr'><strong>et</strong></span> <span class='ocrx_word' id='word_1_144' title='bbox 1086 1853 1352 1936; x_wconf 81' lang='lat' dir='ltr'><strong>sapientia</strong></span> <span class='ocrx_word' id='word_1_145' title='bbox 1407 1867 1603 1922; x_wconf 80' lang='lat' dir='ltr'><strong>Patris.</strong></span> <span class='ocrx_word' id='word_1_146' title='bbox 1634 1866 1697 1920; x_wconf 86' lang='lat' dir='ltr'><strong>Et</strong></span> <span class='ocrx_word' id='word_1_147' title='bbox 1734 1853 1774 1907; x_wconf 70' lang='grc' dir='ltr'><strong>Β</strong></span> 
     </span>
    </p>
   </div>
   <div class='ocr_carea' id='block_1_22' title="bbox 156 1957 1697 2027">
    <p class='ocr_par' dir='ltr' id='par_1_22' title="bbox 156 1957 1697 2027">
     <span class='ocr_line' id='line_1_22' title="bbox 156 1957 1697 2027; baseline 0.003 -18"><span class='ocrx_word' id='word_1_148' title='bbox 156 1974 307 2012; x_wconf 69' lang='lat' dir='ltr'><strong>rursus</strong></span> <span class='ocrx_word' id='word_1_149' title='bbox 329 1960 506 2011; x_wconf 86' lang='lat' dir='ltr'><strong>adhuc</strong></span> <span class='ocrx_word' id='word_1_150' title='bbox 547 1960 687 2012; x_wconf 88' lang='lat' dir='ltr'><strong>idem</strong></span> <span class='ocrx_word' id='word_1_151' title='bbox 724 1974 737 2011; x_wconf 91' lang='lat'>:</span> <span class='ocrx_word' id='word_1_152' title='bbox 773 1957 877 2023; x_wconf 83' lang='lat' dir='ltr'><strong>Qui</strong></span> <span class='ocrx_word' id='word_1_153' title='bbox 916 1967 998 2012; x_wconf 84' lang='lat' dir='ltr'><strong>est</strong></span> <span class='ocrx_word' id='word_1_154' title='bbox 1035 1960 1200 2027; x_wconf 83' lang='lat' dir='ltr'><strong>igitur</strong></span> <span class='ocrx_word' id='word_1_155' title='bbox 1240 1962 1420 2013; x_wconf 87' lang='lat' dir='ltr'><strong>onmis</strong></span> <span class='ocrx_word' id='word_1_156' title='bbox 1448 1959 1697 2026; x_wconf 83' lang='lat' dir='ltr'><strong>operatio</strong></span> 
     </span>
    </p>
   </div>
   <div class='ocr_carea' id='block_1_23' title="bbox 152 2050 1706 2119">
    <p class='ocr_par' dir='ltr' id='par_1_23' title="bbox 152 2050 1706 2119">
     <span class='ocr_line' id='line_1_23' title="bbox 152 2050 1706 2119; baseline -0.001 -15"><span class='ocrx_word' id='word_1_157' title='bbox 152 2052 369 2104; x_wconf 86' lang='lat' dir='ltr'><strong>ctiirtus</strong></span> <span class='ocrx_word' id='word_1_158' title='bbox 418 2050 626 2115; x_wconf 85' lang='lat' dir='ltr'><strong>Patris,</strong></span> <span class='ocrx_word' id='word_1_159' title='bbox 670 2066 767 2119; x_wconf 88' lang='lat' dir='ltr'><strong>per</strong></span> <span class='ocrx_word' id='word_1_160' title='bbox 818 2066 979 2118; x_wconf 88' lang='lat' dir='ltr'><strong>quam</strong></span> <span class='ocrx_word' id='word_1_161' title='bbox 1020 2052 1205 2107; x_wconf 80' lang='lat' dir='ltr'><strong>omnia</strong></span> <span class='ocrx_word' id='word_1_162' title='bbox 1254 2061 1539 2118; x_wconf 81' lang='lat' dir='ltr'><strong>operatur,</strong></span> <span class='ocrx_word' id='word_1_163' title='bbox 1572 2066 1706 2118; x_wconf 84' lang='lat' dir='ltr'><strong>quo-</strong></span> 
     </span>
    </p>
   </div>
   <div class='ocr_carea' id='block_1_24' title="bbox 155 2142 1709 2210">
    <p class='ocr_par' dir='ltr' id='par_1_24' title="bbox 155 2142 1709 2210">
     <span class='ocr_line' id='line_1_24' title="bbox 155 2142 1709 2210; baseline 0 -15"><span class='ocrx_word' id='word_1_164' title='bbox 155 2144 286 2196; x_wconf 86' lang='lat' dir='ltr'><strong>modo</strong></span> <span class='ocrx_word' id='word_1_165' title='bbox 315 2153 457 2196; x_wconf 75' lang='lat' dir='ltr'><strong>esset</strong></span> <span class='ocrx_word' id='word_1_166' title='bbox 495 2152 703 2195; x_wconf 68' lang='lat' dir='ltr'><strong>natura:</strong></span> <span class='ocrx_word' id='word_1_167' title='bbox 732 2142 937 2196; x_wconf 68' lang='lat' dir='ltr'><strong>factio?</strong></span> <span class='ocrx_word' id='word_1_168' title='bbox 972 2144 1053 2197; x_wconf 35' lang='lat' dir='ltr'><strong>Et.</strong></span> <span class='ocrx_word' id='word_1_169' title='bbox 1087 2144 1305 2204; x_wconf 78' lang='lat' dir='ltr'><strong>iterum,</strong></span> <span class='ocrx_word' id='word_1_170' title='bbox 1352 2142 1409 2195; x_wconf 89' lang='lat' dir='ltr'><strong>in</strong></span> <span class='ocrx_word' id='word_1_171' title='bbox 1443 2143 1709 2210; x_wconf 86' lang='lat' dir='ltr'><strong>capitibus</strong></span> 
     </span>
    </p>
   </div>
   <div class='ocr_carea' id='block_1_25' title="bbox 864 2236 1708 2304">
    <p class='ocr_par' dir='ltr' id='par_1_25' title="bbox 864 2236 1708 2304">
     <span class='ocr_line' id='line_1_25' title="bbox 864 2236 1708 2304; baseline 0.001 -14"><span class='ocrx_word' id='word_1_172' title='bbox 864 2236 978 2290; x_wconf 80' lang='lat' dir='ltr'><strong>Non</strong></span> <span class='ocrx_word' id='word_1_173' title='bbox 1042 2248 1158 2298; x_wconf 91' lang='lat' dir='ltr'><strong>est,</strong></span> <span class='ocrx_word' id='word_1_174' title='bbox 1219 2237 1417 2304; x_wconf 88' lang='lat' dir='ltr'><strong>inquit,</strong></span> <span class='ocrx_word' id='word_1_175' title='bbox 1470 2236 1708 2304; x_wconf 80' lang='lat' dir='ltr'><strong>Spiritus</strong></span> 
     </span>
    </p>
   </div>
   <div class='ocr_carea' id='block_1_26' title="bbox 154 2325 1707 2391">
    <p class='ocr_par' dir='ltr' id='par_1_26' title="bbox 154 2325 1707 2391">
     <span class='ocr_line' id='line_1_26' title="bbox 154 2325 1707 2391; baseline -0.003 -10"><span class='ocrx_word' id='word_1_176' title='bbox 154 2338 343 2381; x_wconf 72' lang='lat' dir='ltr'><strong>sanctus</strong></span> <span class='ocrx_word' id='word_1_177' title='bbox 395 2338 642 2391; x_wconf 79' lang='lat' dir='ltr'><strong>creatus,</strong></span> <span class='ocrx_word' id='word_1_178' title='bbox 698 2336 795 2381; x_wconf 89' lang='lat' dir='ltr'><strong>aut</strong></span> <span class='ocrx_word' id='word_1_179' title='bbox 852 2327 1065 2389; x_wconf 79' lang='lat' dir='ltr'><strong>tactus,</strong></span> <span class='ocrx_word' id='word_1_180' title='bbox 1118 2326 1209 2380; x_wconf 75' lang='lat' dir='ltr'><strong>sed</strong></span> <span class='ocrx_word' id='word_1_181' title='bbox 1258 2340 1325 2379; x_wconf 80' lang='lat' dir='ltr'><strong>ex</strong></span> <span class='ocrx_word' id='word_1_182' title='bbox 1383 2325 1707 2385; x_wconf 77' lang='lat' dir='ltr'><strong>substantia,</strong></span> 
     </span>
    </p>
   </div>
   <div class='ocr_carea' id='block_1_27' title="bbox 152 2416 1707 2487">
    <p class='ocr_par' dir='ltr' id='par_1_27' title="bbox 152 2416 1707 2487">
     <span class='ocr_line' id='line_1_27' title="bbox 152 2416 1707 2487; baseline 0.001 -21"><span class='ocrx_word' id='word_1_183' title='bbox 152 2433 251 2485; x_wconf 68' lang='lat' dir='ltr'><strong>quae</strong></span> <span class='ocrx_word' id='word_1_184' title='bbox 302 2418 474 2487; x_wconf 75' lang='lat' dir='ltr'><strong>major</strong></span> <span class='ocrx_word' id='word_1_185' title='bbox 521 2428 607 2472; x_wconf 88' lang='lat' dir='ltr'><strong>est</strong></span> <span class='ocrx_word' id='word_1_186' title='bbox 636 2435 797 2486; x_wconf 88' lang='lat' dir='ltr'><strong>quam</strong></span> <span class='ocrx_word' id='word_1_187' title='bbox 826 2424 883 2471; x_wconf 89' lang='lat' dir='ltr'><strong>ut</strong></span> <span class='ocrx_word' id='word_1_188' title='bbox 930 2416 1159 2486; x_wconf 82' lang='lat' dir='ltr'><strong>cogitari</strong></span> <span class='ocrx_word' id='word_1_189' title='bbox 1196 2418 1388 2486; x_wconf 84' lang='lat' dir='ltr'><strong>possit,</strong></span> <span class='ocrx_word' id='word_1_190' title='bbox 1421 2427 1473 2469; x_wconf 87' lang='lat' dir='ltr'><strong>et</strong></span> <span class='ocrx_word' id='word_1_191' title='bbox 1504 2416 1707 2481; x_wconf 84' lang='lat' dir='ltr'><strong>divina,</strong></span> 
     </span>
    </p>
   </div>
   <div class='ocr_carea' id='block_1_28' title="bbox 157 2510 1712 2579">
    <p class='ocr_par' dir='ltr' id='par_1_28' title="bbox 157 2510 1712 2579">
     <span class='ocr_line' id='line_1_28' title="bbox 157 2510 1712 2579; baseline 0.003 -20"><span class='ocrx_word' id='word_1_192' title='bbox 157 2520 316 2579; x_wconf 82' lang='lat' dir='ltr'><strong>utpote</strong></span> <span class='ocrx_word' id='word_1_193' title='bbox 340 2512 521 2563; x_wconf 81' lang='lat' dir='ltr'><strong>virttis</strong></span> <span class='ocrx_word' id='word_1_194' title='bbox 557 2511 752 2579; x_wconf 85' lang='lat' dir='ltr'><strong>ipsius,</strong></span> <span class='ocrx_word' id='word_1_195' title='bbox 780 2522 837 2565; x_wconf 89' lang='lat' dir='ltr'><strong>et</strong></span> <span class='ocrx_word' id='word_1_196' title='bbox 861 2510 1126 2563; x_wconf 80' lang='lat' dir='ltr'><strong>naturalis</strong></span> <span class='ocrx_word' id='word_1_197' title='bbox 1153 2510 1392 2577; x_wconf 81' lang='lat' dir='ltr'><strong>energia.</strong></span> <span class='ocrx_word' id='word_1_198' title='bbox 1427 2510 1489 2563; x_wconf 85' lang='lat' dir='ltr'><strong>Et</strong></span> <span class='ocrx_word' id='word_1_199' title='bbox 1524 2524 1712 2563; x_wconf 87' lang='lat' dir='ltr'><strong>rursus</strong></span> 
     </span>
    </p>
   </div>
   <div class='ocr_carea' id='block_1_29' title="bbox 154 2599 1710 2668">
    <p class='ocr_par' dir='ltr' id='par_1_29' title="bbox 154 2599 1710 2668">
     <span class='ocr_line' id='line_1_29' title="bbox 154 2599 1710 2668; baseline -0.002 -14"><span class='ocrx_word' id='word_1_200' title='bbox 154 2604 196 2654; x_wconf 86' lang='lat' dir='ltr'><strong>in</strong></span> <span class='ocrx_word' id='word_1_201' title='bbox 235 2604 423 2655; x_wconf 82' lang='lat' dir='ltr'><strong>eisdem</strong></span> <span class='ocrx_word' id='word_1_202' title='bbox 482 2620 496 2654; x_wconf 88' lang='lat'><strong>:</strong></span> <span class='ocrx_word' id='word_1_203' title='bbox 538 2599 652 2653; x_wconf 84' lang='lat' dir='ltr'><strong>Non</strong></span> <span class='ocrx_word' id='word_1_204' title='bbox 700 2600 845 2652; x_wconf 88' lang='lat' dir='ltr'><strong>enim</strong></span> <span class='ocrx_word' id='word_1_205' title='bbox 900 2601 1108 2653; x_wconf 77' lang='lat' dir='ltr'><strong>audebo</strong></span> <span class='ocrx_word' id='word_1_206' title='bbox 1165 2599 1384 2659; x_wconf 88' lang='lat' dir='ltr'><strong>dicere.</strong></span> <span class='ocrx_word' id='word_1_207' title='bbox 1424 2615 1547 2668; x_wconf 65' lang='lat' dir='ltr'><strong>quae</strong></span> <span class='ocrx_word' id='word_1_208' title='bbox 1604 2614 1710 2651; x_wconf 87' lang='lat' dir='ltr'><strong>non</strong></span> 
     </span>
    </p>
   </div>
   <div class='ocr_carea' id='block_1_30' title="bbox 156 2693 1713 2762">
    <p class='ocr_par' dir='ltr' id='par_1_30' title="bbox 156 2693 1713 2762">
     <span class='ocr_line' id='line_1_30' title="bbox 156 2693 1713 2762; baseline -0.001 -17"><span class='ocrx_word' id='word_1_209' title='bbox 156 2708 380 2762; x_wconf 81' lang='lat' dir='ltr'><strong>operatus</strong></span> <span class='ocrx_word' id='word_1_210' title='bbox 426 2705 518 2747; x_wconf 88' lang='lat' dir='ltr'><strong>cst</strong></span> <span class='ocrx_word' id='word_1_211' title='bbox 560 2694 813 2747; x_wconf 81' lang='lat' dir='ltr'><strong>Christus</strong></span> <span class='ocrx_word' id='word_1_212' title='bbox 848 2708 942 2761; x_wconf 83' lang='lat' dir='ltr'><strong>per</strong></span> <span class='ocrx_word' id='word_1_213' title='bbox 983 2708 1068 2746; x_wconf 89' lang='lat' dir='ltr'><strong>me</strong></span> <span class='ocrx_word' id='word_1_214' title='bbox 1097 2693 1148 2745; x_wconf 91' lang='lat' dir='ltr'><strong>in</strong></span> <span class='ocrx_word' id='word_1_215' title='bbox 1181 2694 1547 2746; x_wconf 81' lang='lat' dir='ltr'><strong>obedientiam</strong></span> <span class='ocrx_word' id='word_1_216' title='bbox 1580 2707 1713 2761; x_wconf 81' lang='lat' dir='ltr'><strong>gen-</strong></span> 
     </span>
    </p>
   </div>
   <div class='ocr_carea' id='block_1_31' title="bbox 158 2784 1711 2853">
    <p class='ocr_par' dir='ltr' id='par_1_31' title="bbox 158 2784 1711 2853">
     <span class='ocr_line' id='line_1_31' title="bbox 158 2784 1711 2853; baseline 0.002 -17"><span class='ocrx_word' id='word_1_217' title='bbox 158 2788 267 2838; x_wconf 90' lang='lat' dir='ltr'><strong>tium</strong></span> <span class='ocrx_word' id='word_1_218' title='bbox 306 2800 559 2839; x_wconf 84' lang='lat' dir='ltr'><strong>sermone</strong></span> <span class='ocrx_word' id='word_1_219' title='bbox 610 2795 666 2838; x_wconf 85' lang='lat' dir='ltr'><strong>et</strong></span> <span class='ocrx_word' id='word_1_220' title='bbox 719 2799 882 2853; x_wconf 84' lang='lat' dir='ltr'><strong>opere</strong></span> <span class='ocrx_word' id='word_1_221' title='bbox 936 2784 988 2837; x_wconf 90' lang='lat' dir='ltr'><strong>in</strong></span> <span class='ocrx_word' id='word_1_222' title='bbox 1027 2793 1293 2853; x_wconf 83' lang='lat' dir='ltr'><strong>potestate</strong></span> <span class='ocrx_word' id='word_1_223' title='bbox 1336 2785 1612 2853; x_wconf 78' lang='lat' dir='ltr'><strong>signoruni</strong></span> <span class='ocrx_word' id='word_1_224' title='bbox 1655 2794 1711 2839; x_wconf 85' lang='lat' dir='ltr'><strong>ct</strong></span> 
     </span>
    </p>
   </div>
   <div class='ocr_carea' id='block_1_32' title="bbox 157 2880 1714 2950">
    <p class='ocr_par' dir='ltr' id='par_1_32' title="bbox 157 2880 1714 2950">
     <span class='ocr_line' id='line_1_32' title="bbox 157 2880 1714 2950; baseline 0.004 -21"><span class='ocrx_word' id='word_1_225' title='bbox 157 2882 498 2950; x_wconf 77' lang='lat' dir='ltr'><strong>prodigiorum</strong></span> <span class='ocrx_word' id='word_1_226' title='bbox 549 2882 603 2933; x_wconf 92' lang='lat' dir='ltr'><strong>in</strong></span> <span class='ocrx_word' id='word_1_227' title='bbox 664 2881 862 2933; x_wconf 84' lang='lat' dir='ltr'><strong>virtute</strong></span> <span class='ocrx_word' id='word_1_228' title='bbox 919 2880 1153 2949; x_wconf 90' lang='lat' dir='ltr'><strong>Spiritus</strong></span> <span class='ocrx_word' id='word_1_229' title='bbox 1208 2882 1407 2935; x_wconf 81' lang='lat' dir='ltr'><strong>sancti.</strong></span> <span class='ocrx_word' id='word_1_230' title='bbox 1456 2881 1625 2949; x_wconf 87' lang='lat' dir='ltr'><strong>Signa</strong></span> <span class='ocrx_word' id='word_1_231' title='bbox 1660 2891 1714 2936; x_wconf 92' lang='lat' dir='ltr'><strong>et</strong></span> 
     </span>
    </p>
   </div>
   <div class='ocr_carea' id='block_1_33' title="bbox 157 2975 1719 3046">
    <p class='ocr_par' dir='ltr' id='par_1_33' title="bbox 157 2975 1719 3046">
     <span class='ocr_line' id='line_1_33' title="bbox 157 2975 1719 3046; baseline 0.005 -21"><span class='ocrx_word' id='word_1_232' title='bbox 157 2978 371 3045; x_wconf 75' lang='lat' dir='ltr'><strong>prodigia</strong></span> <span class='ocrx_word' id='word_1_233' title='bbox 408 2987 675 3045; x_wconf 80' lang='lat' dir='ltr'><strong>operatur</strong></span> <span class='ocrx_word' id='word_1_234' title='bbox 728 2976 978 3031; x_wconf 72' lang='lat' dir='ltr'><strong>Christus</strong></span> <span class='ocrx_word' id='word_1_235' title='bbox 1024 2992 1119 3046; x_wconf 88' lang='lat' dir='ltr'><strong>per</strong></span> <span class='ocrx_word' id='word_1_236' title='bbox 1175 2975 1400 3030; x_wconf 87' lang='lat' dir='ltr'><strong>Paulum</strong></span> <span class='ocrx_word' id='word_1_237' title='bbox 1434 2977 1483 3031; x_wconf 89' lang='lat' dir='ltr'><strong>iii</strong></span> <span class='ocrx_word' id='word_1_238' title='bbox 1519 2978 1719 3033; x_wconf 85' lang='lat' dir='ltr'><strong>virtute</strong></span> 
     </span>
    </p>
   </div>
   <div class='ocr_carea' id='block_1_34' title="bbox 160 3066 1715 3139">
    <p class='ocr_par' dir='ltr' id='par_1_34' title="bbox 160 3066 1715 3139">
     <span class='ocr_line' id='line_1_34' title="bbox 160 3066 1715 3139; baseline 0.003 -20"><span class='ocrx_word' id='word_1_239' title='bbox 160 3066 370 3134; x_wconf 79' lang='lat' dir='ltr'><strong>Spiritus</strong></span> <span class='ocrx_word' id='word_1_240' title='bbox 400 3070 581 3123; x_wconf 87' lang='lat' dir='ltr'><strong>sancti</strong></span> <span class='ocrx_word' id='word_1_241' title='bbox 615 3085 630 3133; x_wconf 92' lang='lat'><strong>;</strong></span> <span class='ocrx_word' id='word_1_242' title='bbox 665 3078 748 3122; x_wconf 84' lang='lat' dir='ltr'><strong>est</strong></span> <span class='ocrx_word' id='word_1_243' title='bbox 790 3070 953 3137; x_wconf 87' lang='lat' dir='ltr'><strong>igitur</strong></span> <span class='ocrx_word' id='word_1_244' title='bbox 1018 3071 1257 3139; x_wconf 79' lang='lat' dir='ltr'><strong>Spiritus</strong></span> <span class='ocrx_word' id='word_1_245' title='bbox 1305 3081 1527 3125; x_wconf 86' lang='lat' dir='ltr'><strong>sanctus</strong></span> <span class='ocrx_word' id='word_1_246' title='bbox 1554 3086 1715 3125; x_wconf 84' lang='lat' dir='ltr'><strong>ener-</strong></span> 
     </span>
    </p>
   </div>
   <div class='ocr_carea' id='block_1_35' title="bbox 160 3150 1714 3229">
    <p class='ocr_par' dir='ltr' id='par_1_35' title="bbox 160 3150 1714 3229">
     <span class='ocr_line' id='line_1_35' title="bbox 160 3150 1714 3229; baseline 0.002 -17"><span class='ocrx_word' id='word_1_247' title='bbox 160 3161 228 3228; x_wconf 82' lang='lat' dir='ltr'><strong>gia</strong></span> <span class='ocrx_word' id='word_1_248' title='bbox 255 3161 326 3228; x_wconf 79' lang='grc'><strong>(1)</strong></span> <span class='ocrx_word' id='word_1_249' title='bbox 354 3150 605 3229; x_wconf 72' lang='lat' dir='ltr'><strong>qtitedatii</strong></span> <span class='ocrx_word' id='word_1_250' title='bbox 635 3162 917 3222; x_wconf 81' lang='lat' dir='ltr'><strong>naturalis,</strong></span> <span class='ocrx_word' id='word_1_251' title='bbox 938 3174 991 3214; x_wconf 90' lang='lat' dir='ltr'><strong>et</strong></span> <span class='ocrx_word' id='word_1_252' title='bbox 1022 3163 1229 3227; x_wconf 84' lang='lat' dir='ltr'><strong>vivens,</strong></span> <span class='ocrx_word' id='word_1_253' title='bbox 1254 3174 1306 3217; x_wconf 88' lang='lat' dir='ltr'><strong>et</strong></span> <span class='ocrx_word' id='word_1_254' title='bbox 1334 3173 1392 3217; x_wconf 91' lang='lat' dir='ltr'><strong>ut</strong></span> <span class='ocrx_word' id='word_1_255' title='bbox 1420 3163 1492 3217; x_wconf 84' lang='lat' dir='ltr'><strong>ita</strong></span> <span class='ocrx_word' id='word_1_256' title='bbox 1515 3164 1714 3229; x_wconf 87' lang='lat' dir='ltr'><strong>dicant,</strong></span> 
     </span>
    </p>
   </div>
   <div class='ocr_carea' id='block_1_36' title="bbox 159 3254 1709 3325">
    <p class='ocr_par' dir='ltr' id='par_1_36' title="bbox 159 3254 1709 3325">
     <span class='ocr_line' id='line_1_36' title="bbox 159 3254 1709 3325; baseline 0.007 -24"><span class='ocrx_word' id='word_1_257' title='bbox 159 3256 366 3318; x_wconf 78' lang='lat' dir='ltr'><strong>qualitas</strong></span> <span class='ocrx_word' id='word_1_258' title='bbox 409 3255 494 3325; x_wconf 77' lang='lat'><strong>(2)</strong></span> <span class='ocrx_word' id='word_1_259' title='bbox 543 3254 841 3309; x_wconf 65' lang='lat' dir='ltr'><strong>divinitatis</strong></span> <span class='ocrx_word' id='word_1_260' title='bbox 870 3255 988 3309; x_wconf 86' lang='lat' dir='ltr'><strong>Filii</strong></span> <span class='ocrx_word' id='word_1_261' title='bbox 1031 3256 1142 3311; x_wconf 91' lang='lat' dir='ltr'><strong>Dei.</strong></span> <span class='ocrx_word' id='word_1_262' title='bbox 1183 3256 1244 3309; x_wconf 81' lang='lat' dir='ltr'><strong>Et</strong></span> <span class='ocrx_word' id='word_1_263' title='bbox 1277 3258 1471 3311; x_wconf 87' lang='lat' dir='ltr'><strong>iterum</strong></span> <span class='ocrx_word' id='word_1_264' title='bbox 1517 3258 1568 3312; x_wconf 90' lang='lat' dir='ltr'><strong>iii</strong></span> <span class='ocrx_word' id='word_1_265' title='bbox 1600 3259 1709 3313; x_wconf 86' lang='lat' dir='ltr'><strong>eis-</strong></span> 
     </span>
    </p>
   </div>
   <div class='ocr_carea' id='block_1_37' title="bbox 158 3348 1709 3418">
    <p class='ocr_par' dir='ltr' id='par_1_37' title="bbox 158 3348 1709 3418">
     <span class='ocr_line' id='line_1_37' title="bbox 158 3348 1709 3418; baseline 0.005 -19"><span class='ocrx_word' id='word_1_266' title='bbox 158 3349 259 3400; x_wconf 79' lang='lat' dir='ltr'><strong>tleu.</strong></span> <span class='ocrx_word' id='word_1_267' title='bbox 305 3348 595 3401; x_wconf 90' lang='lat' dir='ltr'><strong>:Sanctus</strong></span> <span class='ocrx_word' id='word_1_268' title='bbox 638 3348 781 3400; x_wconf 89' lang='lat' dir='ltr'><strong>enim</strong></span> <span class='ocrx_word' id='word_1_269' title='bbox 828 3349 1140 3402; x_wconf 78' lang='lat' dir='ltr'><strong>nominatur</strong></span> <span class='ocrx_word' id='word_1_270' title='bbox 1186 3350 1419 3418; x_wconf 87' lang='lat' dir='ltr'><strong>Spiritus</strong></span> <span class='ocrx_word' id='word_1_271' title='bbox 1448 3356 1709 3416; x_wconf 88' lang='lat' dir='ltr'><strong>&#39;sanctus;</strong></span> 
     </span>
    </p>
   </div>
   <div class='ocr_carea' id='block_1_38' title="bbox 160 3438 1752 3506">
    <p class='ocr_par' dir='ltr' id='par_1_38' title="bbox 160 3438 1752 3506">
     <span class='ocr_line' id='line_1_38' title="bbox 160 3438 1752 3506; baseline 0.003 -15"><span class='ocrx_word' id='word_1_272' title='bbox 160 3441 195 3491; x_wconf 81' lang='lat' dir='ltr'><strong>si</strong></span> <span class='ocrx_word' id='word_1_273' title='bbox 237 3440 392 3506; x_wconf 78' lang='lat' dir='ltr'><strong>igitur</strong></span> <span class='ocrx_word' id='word_1_274' title='bbox 426 3446 511 3491; x_wconf 82' lang='lat' dir='ltr'><strong>est</strong></span> <span class='ocrx_word' id='word_1_275' title='bbox 547 3447 737 3491; x_wconf 89' lang='lat' dir='ltr'><strong>natura</strong></span> <span class='ocrx_word' id='word_1_276' title='bbox 768 3448 1017 3503; x_wconf 85' lang='lat' dir='ltr'><strong>sanctus,</strong></span> <span class='ocrx_word' id='word_1_277' title='bbox 1057 3453 1160 3493; x_wconf 92' lang='lat' dir='ltr'><strong>non</strong></span> <span class='ocrx_word' id='word_1_278' title='bbox 1190 3438 1349 3492; x_wconf 87' lang='lat' dir='ltr'><strong>habet</strong></span> <span class='ocrx_word' id='word_1_279' title='bbox 1381 3439 1536 3503; x_wconf 81' lang='lat' dir='ltr'><strong>loris,</strong></span> <span class='ocrx_word' id='word_1_280' title='bbox 1571 3442 1711 3495; x_wconf 89' lang='lat' dir='ltr'><strong>unde</strong></span> <span class='ocrx_word' id='word_1_281' title='bbox 1741 3475 1752 3483; x_wconf 88' lang='lat'><strong>-</strong></span> 
     </span>
    </p>
   </div>
   <div class='ocr_carea' id='block_1_39' title="bbox 158 3529 1712 3597">
    <p class='ocr_par' dir='ltr' id='par_1_39' title="bbox 158 3529 1712 3597">
     <span class='ocr_line' id='line_1_39' title="bbox 158 3529 1712 3597; baseline 0 -14"><span class='ocrx_word' id='word_1_282' title='bbox 158 3530 261 3583; x_wconf 70' lang='lat' dir='ltr'><strong>talis</strong></span> <span class='ocrx_word' id='word_1_283' title='bbox 305 3531 371 3583; x_wconf 87' lang='lat' dir='ltr'><strong>sit</strong></span> <span class='ocrx_word' id='word_1_284' title='bbox 399 3547 417 3595; x_wconf 87' lang='lat'><strong>;</strong></span> <span class='ocrx_word' id='word_1_285' title='bbox 473 3530 721 3596; x_wconf 89' lang='lat' dir='ltr'><strong>qtiininio</strong></span> <span class='ocrx_word' id='word_1_286' title='bbox 755 3546 875 3581; x_wconf 83' lang='lat' dir='ltr'><strong>cum</strong></span> <span class='ocrx_word' id='word_1_287' title='bbox 923 3532 994 3582; x_wconf 85' lang='lat' dir='ltr'><strong>sit</strong></span> <span class='ocrx_word' id='word_1_288' title='bbox 1026 3530 1141 3597; x_wconf 84' lang='lat' dir='ltr'><strong>ipse</strong></span> <span class='ocrx_word' id='word_1_289' title='bbox 1172 3529 1365 3583; x_wconf 74' lang='lat' dir='ltr'><strong>divina:</strong></span> <span class='ocrx_word' id='word_1_290' title='bbox 1399 3530 1712 3584; x_wconf 74' lang='lat' dir='ltr'><strong>substantia:</strong></span> 
     </span>
    </p>
   </div>
   <div class='ocr_carea' id='block_1_40' title="bbox 159 3623 1712 3693">
    <p class='ocr_par' dir='ltr' id='par_1_40' title="bbox 159 3623 1712 3693">
     <span class='ocr_line' id='line_1_40' title="bbox 159 3623 1712 3693; baseline 0.003 -20"><span class='ocrx_word' id='word_1_291' title='bbox 159 3625 377 3691; x_wconf 73' lang='lat' dir='ltr'><strong>i-iu-rgia,</strong></span> <span class='ocrx_word' id='word_1_292' title='bbox 426 3623 544 3677; x_wconf 85' lang='lat' dir='ltr'><strong>sive</strong></span> <span class='ocrx_word' id='word_1_293' title='bbox 587 3632 739 3677; x_wconf 88' lang='lat' dir='ltr'><strong>actus</strong></span> <span class='ocrx_word' id='word_1_294' title='bbox 792 3624 1050 3677; x_wconf 82' lang='lat' dir='ltr'><strong>naturalis</strong></span> <span class='ocrx_word' id='word_1_295' title='bbox 1080 3634 1134 3677; x_wconf 91' lang='lat' dir='ltr'><strong>et</strong></span> <span class='ocrx_word' id='word_1_296' title='bbox 1164 3623 1368 3687; x_wconf 86' lang='lat' dir='ltr'><strong>vivens,</strong></span> <span class='ocrx_word' id='word_1_297' title='bbox 1401 3637 1463 3677; x_wconf 87' lang='lat' dir='ltr'><strong>ac</strong></span> <span class='ocrx_word' id='word_1_298' title='bbox 1516 3639 1610 3693; x_wconf 87' lang='lat' dir='ltr'><strong>per</strong></span> <span class='ocrx_word' id='word_1_299' title='bbox 1653 3638 1712 3679; x_wconf 86' lang='lat' dir='ltr'><strong>se</strong></span> 
     </span>
    </p>
   </div>
   <div class='ocr_carea' id='block_1_41' title="bbox 221 3765 667 3829">
    <p class='ocr_par' dir='ltr' id='par_1_41' title="bbox 221 3765 667 3829">
     <span class='ocr_line' id='line_1_41' title="bbox 221 3765 667 3829; baseline 0.004 -11"><span class='ocrx_word' id='word_1_300' title='bbox 221 3765 294 3818; x_wconf 78' lang='lat' dir='ltr'><strong>“l</strong></span> <span class='ocrx_word' id='word_1_301' title='bbox 327 3767 457 3822; x_wconf 87' lang='lat' dir='ltr'><strong>Cor.</strong></span> <span class='ocrx_word' id='word_1_302' title='bbox 490 3781 587 3829; x_wconf 78' lang='lat' dir='ltr'><strong>xu,</strong></span> <span class='ocrx_word' id='word_1_303' title='bbox 612 3766 667 3820; x_wconf 80' lang='lat'><strong>&#39;5.</strong></span> 
     </span>
    </p>
   </div>
   <div class='ocr_carea' id='block_1_42' title="bbox 1801 578 3372 649">
    <p class='ocr_par' dir='ltr' id='par_1_42' title="bbox 1801 578 3372 649">
     <span class='ocr_line' id='line_1_42' title="bbox 1801 578 3372 649; baseline -0.001 -14"><span class='ocrx_word' id='word_1_304' title='bbox 1801 582 2310 641; x_wconf 80' lang='lat' dir='ltr'><strong>sanctiticatiouein,</strong></span> <span class='ocrx_word' id='word_1_305' title='bbox 2363 590 2417 633; x_wconf 87' lang='lat' dir='ltr'><strong>ct</strong></span> <span class='ocrx_word' id='word_1_306' title='bbox 2468 579 2965 649; x_wconf 85' lang='lat' dir='ltr'><strong>participationem.</strong></span> <span class='ocrx_word' id='word_1_307' title='bbox 3024 578 3088 633; x_wconf 84' lang='lat' dir='ltr'><strong>Et</strong></span> <span class='ocrx_word' id='word_1_308' title='bbox 3137 581 3372 635; x_wconf 84' lang='lat' dir='ltr'><strong>adhuc:</strong></span> 
     </span>
    </p>
   </div>
   <div class='ocr_carea' id='block_1_43' title="bbox 1798 670 3376 742">
    <p class='ocr_par' dir='ltr' id='par_1_43' title="bbox 1798 670 3376 742">
     <span class='ocr_line' id='line_1_43' title="bbox 1798 670 3376 742; baseline -0.003 -15"><span class='ocrx_word' id='word_1_309' title='bbox 1798 672 1933 727; x_wconf 84' lang='lat' dir='ltr'><strong>Cum</strong></span> <span class='ocrx_word' id='word_1_310' title='bbox 1968 674 2131 740; x_wconf 81' lang='lat' dir='ltr'><strong>igitur</strong></span> <span class='ocrx_word' id='word_1_311' title='bbox 2177 674 2317 742; x_wconf 89' lang='lat' dir='ltr'><strong>quod</strong></span> <span class='ocrx_word' id='word_1_312' title='bbox 2361 671 2503 724; x_wconf 76' lang='lat' dir='ltr'><strong>Dens</strong></span> <span class='ocrx_word' id='word_1_313' title='bbox 2541 671 2791 740; x_wconf 86' lang='lat' dir='ltr'><strong>promisit</strong></span> <span class='ocrx_word' id='word_1_314' title='bbox 2819 686 2878 724; x_wconf 90' lang='lat' dir='ltr'><strong>se</strong></span> <span class='ocrx_word' id='word_1_315' title='bbox 2915 670 3183 725; x_wconf 78' lang='lat' dir='ltr'><strong>facturum</strong></span> <span class='ocrx_word' id='word_1_316' title='bbox 3207 711 3221 736; x_wconf 91' lang='lat'><strong>,</strong></span> <span class='ocrx_word' id='word_1_317' title='bbox 3251 686 3376 725; x_wconf 92' lang='lat' dir='ltr'><strong>cuni</strong></span> 
     </span>
    </p>
   </div>
   <div class='ocr_carea' id='block_1_44' title="bbox 1803 763 3379 834">
    <p class='ocr_par' dir='ltr' id='par_1_44' title="bbox 1803 763 3379 834">
     <span class='ocr_line' id='line_1_44' title="bbox 1803 763 3379 834; baseline 0 -18"><span class='ocrx_word' id='word_1_318' title='bbox 1803 776 2070 834; x_wconf 79' lang='lat' dir='ltr'><strong>potestate</strong></span> <span class='ocrx_word' id='word_1_319' title='bbox 2150 765 2372 833; x_wconf 87' lang='lat' dir='ltr'><strong>impleat</strong></span> <span class='ocrx_word' id='word_1_320' title='bbox 2458 764 2720 832; x_wconf 85' lang='lat' dir='ltr'><strong>Spiritus,</strong></span> <span class='ocrx_word' id='word_1_321' title='bbox 2767 773 2819 817; x_wconf 91' lang='lat' dir='ltr'><strong>et</strong></span> <span class='ocrx_word' id='word_1_322' title='bbox 2888 772 3133 830; x_wconf 83' lang='lat' dir='ltr'><strong>pastores</strong></span> <span class='ocrx_word' id='word_1_323' title='bbox 3172 763 3379 818; x_wconf 65' lang='lat' dir='ltr'><strong>exeittt</strong></span> 
     </span>
    </p>
   </div>
   <div class='ocr_carea' id='block_1_45' title="bbox 1804 855 3376 925">
    <p class='ocr_par' dir='ltr' id='par_1_45' title="bbox 1804 855 3376 925">
     <span class='ocr_line' id='line_1_45' title="bbox 1804 855 3376 925; baseline -0.001 -16"><span class='ocrx_word' id='word_1_324' title='bbox 1804 857 2108 910; x_wconf 62' lang='lat' dir='ltr'><strong>secundum</strong></span> <span class='ocrx_word' id='word_1_325' title='bbox 2160 857 2578 924; x_wconf 68' lang='lat' dir='ltr'><strong>promissionem</strong></span> <span class='ocrx_word' id='word_1_326' title='bbox 2617 858 2666 909; x_wconf 90' lang='lat' dir='ltr'><strong>in</strong></span> <span class='ocrx_word' id='word_1_327' title='bbox 2721 857 2997 925; x_wconf 89' lang='lat' dir='ltr'><strong>prophetis</strong></span> <span class='ocrx_word' id='word_1_328' title='bbox 3029 855 3254 919; x_wconf 81' lang='lat' dir='ltr'><strong>lactant,</strong></span> <span class='ocrx_word' id='word_1_329' title='bbox 3287 872 3376 908; x_wconf 86' lang='lat' dir='ltr'><strong>se-</strong></span> 
     </span>
    </p>
   </div>
   <div class='ocr_carea' id='block_1_46' title="bbox 1805 946 3381 1017">
    <p class='ocr_par' dir='ltr' id='par_1_46' title="bbox 1805 946 3381 1017">
     <span class='ocr_line' id='line_1_46' title="bbox 1805 946 3381 1017; baseline 0 -18"><span class='ocrx_word' id='word_1_330' title='bbox 1805 950 1995 1017; x_wconf 82' lang='lat' dir='ltr'><strong>quitur</strong></span> <span class='ocrx_word' id='word_1_331' title='bbox 2035 966 2138 1002; x_wconf 89' lang='lat' dir='ltr'><strong>non</strong></span> <span class='ocrx_word' id='word_1_332' title='bbox 2168 965 2288 1002; x_wconf 85' lang='lat' dir='ltr'><strong>esse</strong></span> <span class='ocrx_word' id='word_1_333' title='bbox 2327 949 2559 1001; x_wconf 88' lang='lat' dir='ltr'><strong>alienum</strong></span> <span class='ocrx_word' id='word_1_334' title='bbox 2594 963 2623 1001; x_wconf 90' lang='lat' dir='ltr'><strong>a</strong></span> <span class='ocrx_word' id='word_1_335' title='bbox 2653 946 2833 1001; x_wconf 85' lang='lat' dir='ltr'><strong>divina</strong></span> <span class='ocrx_word' id='word_1_336' title='bbox 2863 946 3190 1011; x_wconf 86' lang='lat' dir='ltr'><strong>substantia,</strong></span> <span class='ocrx_word' id='word_1_337' title='bbox 3210 958 3261 1001; x_wconf 89' lang='lat' dir='ltr'><strong>et</strong></span> <span class='ocrx_word' id='word_1_338' title='bbox 3284 962 3381 1013; x_wconf 88' lang='lat' dir='ltr'><strong>per</strong></span> 
     </span>
    </p>
   </div>
   <div class='ocr_carea' id='block_1_47' title="bbox 1805 1040 3380 1110">
    <p class='ocr_par' dir='ltr' id='par_1_47' title="bbox 1805 1040 3380 1110">
     <span class='ocr_line' id='line_1_47' title="bbox 1805 1040 3380 1110; baseline -0.002 -15"><span class='ocrx_word' id='word_1_339' title='bbox 1805 1058 1865 1095; x_wconf 90' lang='lat' dir='ltr'><strong>sc</strong></span> <span class='ocrx_word' id='word_1_340' title='bbox 1894 1044 2165 1095; x_wconf 80' lang='lat' dir='ltr'><strong>exsisteiis</strong></span> <span class='ocrx_word' id='word_1_341' title='bbox 2198 1057 2261 1094; x_wconf 79' lang='lat' dir='ltr'><strong>ex</strong></span> <span class='ocrx_word' id='word_1_342' title='bbox 2294 1042 2405 1110; x_wconf 89' lang='lat' dir='ltr'><strong>ipsa</strong></span> <span class='ocrx_word' id='word_1_343' title='bbox 2439 1040 2745 1095; x_wconf 82' lang='lat' dir='ltr'><strong>substantia</strong></span> <span class='ocrx_word' id='word_1_344' title='bbox 2787 1040 3060 1109; x_wconf 86' lang='lat' dir='ltr'><strong>prodiens,</strong></span> <span class='ocrx_word' id='word_1_345' title='bbox 3098 1051 3151 1093; x_wconf 89' lang='lat' dir='ltr'><strong>et</strong></span> <span class='ocrx_word' id='word_1_346' title='bbox 3181 1040 3235 1094; x_wconf 91' lang='lat' dir='ltr'><strong>in</strong></span> <span class='ocrx_word' id='word_1_347' title='bbox 3266 1042 3380 1109; x_wconf 88' lang='lat' dir='ltr'><strong>ipsa</strong></span> 
     </span>
    </p>
   </div>
   <div class='ocr_carea' id='block_1_48' title="bbox 1806 1127 3377 1200">
    <p class='ocr_par' dir='ltr' id='par_1_48' title="bbox 1806 1127 3377 1200">
     <span class='ocr_line' id='line_1_48' title="bbox 1806 1127 3377 1200; baseline -0.004 -14"><span class='ocrx_word' id='word_1_348' title='bbox 1806 1149 2051 1196; x_wconf 85' lang='lat' dir='ltr'><strong>manetis,</strong></span> <span class='ocrx_word' id='word_1_349' title='bbox 2082 1133 2264 1184; x_wconf 87' lang='lat' dir='ltr'><strong>omnia</strong></span> <span class='ocrx_word' id='word_1_350' title='bbox 2293 1148 2411 1200; x_wconf 77' lang='lat' dir='ltr'><strong>qua:</strong></span> <span class='ocrx_word' id='word_1_351' title='bbox 2444 1131 2533 1182; x_wconf 84' lang='lat' dir='ltr'><strong>Dei</strong></span> <span class='ocrx_word' id='word_1_352' title='bbox 2564 1140 2709 1193; x_wconf 90' lang='lat' dir='ltr'><strong>sunt,</strong></span> <span class='ocrx_word' id='word_1_353' title='bbox 2741 1140 3015 1193; x_wconf 79' lang='lat' dir='ltr'><strong>operatur.</strong></span> <span class='ocrx_word' id='word_1_354' title='bbox 3058 1127 3122 1180; x_wconf 87' lang='lat' dir='ltr'><strong>Et</strong></span> <span class='ocrx_word' id='word_1_355' title='bbox 3153 1128 3328 1181; x_wconf 86' lang='lat' dir='ltr'><strong>adhuc</strong></span> <span class='ocrx_word' id='word_1_356' title='bbox 3362 1140 3377 1179; x_wconf 85' lang='lat'><strong>:</strong></span> 
     </span>
    </p>
   </div>
   <div class='ocr_carea' id='block_1_49' title="bbox 1808 1212 3378 1293">
    <p class='ocr_par' dir='ltr' id='par_1_49' title="bbox 1808 1212 3378 1293">
     <span class='ocr_line' id='line_1_49' title="bbox 1808 1212 3378 1293; baseline -0.006 -16"><span class='ocrx_word' id='word_1_357' title='bbox 1808 1226 2097 1293; x_wconf 87' lang='lat' dir='ltr'><strong>Oportebat</strong></span> <span class='ocrx_word' id='word_1_358' title='bbox 2128 1239 2224 1277; x_wconf 90' lang='lat' dir='ltr'><strong>eos</strong></span> <span class='ocrx_word' id='word_1_359' title='bbox 2253 1212 2437 1278; x_wconf 65' lang='grc' dir='ltr'><strong>(10ιέιί</strong></span> <span class='ocrx_word' id='word_1_360' title='bbox 2484 1224 2551 1276; x_wconf 90' lang='lat' dir='ltr'><strong>de</strong></span> <span class='ocrx_word' id='word_1_361' title='bbox 2595 1222 2829 1289; x_wconf 86' lang='lat' dir='ltr'><strong>Spiritus</strong></span> <span class='ocrx_word' id='word_1_362' title='bbox 2874 1221 3047 1275; x_wconf 80' lang='lat' dir='ltr'><strong>sancti</strong></span> <span class='ocrx_word' id='word_1_363' title='bbox 3098 1218 3378 1288; x_wconf 77' lang='lat' dir='ltr'><strong>mysterio,</strong></span> 
     </span>
    </p>
   </div>
   <div class='ocr_carea' id='block_1_50' title="bbox 1806 1311 3382 1383">
    <p class='ocr_par' dir='ltr' id='par_1_50' title="bbox 1806 1311 3382 1383">
     <span class='ocr_line' id='line_1_50' title="bbox 1806 1311 3382 1383; baseline -0.005 -13"><span class='ocrx_word' id='word_1_364' title='bbox 1806 1329 1859 1370; x_wconf 89' lang='lat' dir='ltr'><strong>et</strong></span> <span class='ocrx_word' id='word_1_365' title='bbox 1911 1316 2213 1383; x_wconf 82' lang='lat' dir='ltr'><strong>intelligere</strong></span> <span class='ocrx_word' id='word_1_366' title='bbox 2265 1330 2391 1370; x_wconf 86' lang='lat' dir='ltr'><strong>esse</strong></span> <span class='ocrx_word' id='word_1_367' title='bbox 2440 1313 2707 1382; x_wconf 83' lang='lat' dir='ltr'><strong>Spiritum</strong></span> <span class='ocrx_word' id='word_1_368' title='bbox 2756 1324 3007 1368; x_wconf 86' lang='lat' dir='ltr'><strong>sanetum</strong></span> <span class='ocrx_word' id='word_1_369' title='bbox 3060 1311 3207 1365; x_wconf 73' lang='lat' dir='ltr'><strong>Velut</strong></span> <span class='ocrx_word' id='word_1_370' title='bbox 3264 1312 3382 1363; x_wconf 80' lang='lat' dir='ltr'><strong>tru-</strong></span> 
     </span>
    </p>
   </div>
   <div class='ocr_carea' id='block_1_51' title="bbox 1812 1404 3382 1475">
    <p class='ocr_par' dir='ltr' id='par_1_51' title="bbox 1812 1404 3382 1475">
     <span class='ocr_line' id='line_1_51' title="bbox 1812 1404 3382 1475; baseline -0.005 -14"><span class='ocrx_word' id='word_1_371' title='bbox 1812 1418 1958 1461; x_wconf 88' lang='lat' dir='ltr'><strong>ctnni</strong></span> <span class='ocrx_word' id='word_1_372' title='bbox 1987 1409 2067 1475; x_wconf 82' lang='grc' dir='ltr'><strong>(ὃ)</strong></span> <span class='ocrx_word' id='word_1_373' title='bbox 2107 1408 2389 1474; x_wconf 78' lang='lat' dir='ltr'><strong>quemdam</strong></span> <span class='ocrx_word' id='word_1_374' title='bbox 2434 1406 2627 1460; x_wconf 74' lang='lat' dir='ltr'><strong>divina:</strong></span> <span class='ocrx_word' id='word_1_375' title='bbox 2673 1404 3010 1469; x_wconf 61' lang='lat' dir='ltr'><strong>substantiae,</strong></span> <span class='ocrx_word' id='word_1_376' title='bbox 3054 1404 3227 1471; x_wconf 86' lang='lat' dir='ltr'><strong>quiin</strong></span> <span class='ocrx_word' id='word_1_377' title='bbox 3268 1404 3382 1471; x_wconf 87' lang='lat' dir='ltr'><strong>ipsa</strong></span> 
     </span>
    </p>
   </div>
   <div class='ocr_carea' id='block_1_52' title="bbox 1809 1492 3384 1567">
    <p class='ocr_par' dir='ltr' id='par_1_52' title="bbox 1809 1492 3384 1567">
     <span class='ocr_line' id='line_1_52' title="bbox 1809 1492 3384 1567; baseline -0.005 -12"><span class='ocrx_word' id='word_1_378' title='bbox 1809 1501 2047 1565; x_wconf 78' lang='lat' dir='ltr'><strong>exsistit,</strong></span> <span class='ocrx_word' id='word_1_379' title='bbox 2088 1509 2140 1553; x_wconf 90' lang='lat' dir='ltr'><strong>et</strong></span> <span class='ocrx_word' id='word_1_380' title='bbox 2174 1515 2237 1552; x_wconf 79' lang='lat' dir='ltr'><strong>ex</strong></span> <span class='ocrx_word' id='word_1_381' title='bbox 2272 1492 2383 1565; x_wconf 77' lang='lat' dir='ltr'><strong>ipsa</strong></span> <span class='ocrx_word' id='word_1_382' title='bbox 2418 1497 2855 1567; x_wconf 85' lang='lat' dir='ltr'><strong>inseparabiliter</strong></span> <span class='ocrx_word' id='word_1_383' title='bbox 2891 1508 2944 1549; x_wconf 88' lang='lat' dir='ltr'><strong>et</strong></span> <span class='ocrx_word' id='word_1_384' title='bbox 2977 1494 3384 1564; x_wconf 84' lang='lat' dir='ltr'><strong>iiupartibiliter</strong></span> 
     </span>
    </p>
   </div>
   <div class='ocr_carea' id='block_1_53' title="bbox 1815 1591 3381 1662">
    <p class='ocr_par' dir='ltr' id='par_1_53' title="bbox 1815 1591 3381 1662">
     <span class='ocr_line' id='line_1_53' title="bbox 1815 1591 3381 1662; baseline -0.003 -17"><span class='ocrx_word' id='word_1_385' title='bbox 1815 1594 2077 1662; x_wconf 85' lang='lat' dir='ltr'><strong>procedit,</strong></span> <span class='ocrx_word' id='word_1_386' title='bbox 2111 1604 2166 1646; x_wconf 88' lang='lat' dir='ltr'><strong>et</strong></span> <span class='ocrx_word' id='word_1_387' title='bbox 2197 1594 2492 1646; x_wconf 89' lang='lat' dir='ltr'><strong>secundum</strong></span> <span class='ocrx_word' id='word_1_388' title='bbox 2537 1593 2783 1644; x_wconf 85' lang='lat' dir='ltr'><strong>eamdem</strong></span> <span class='ocrx_word' id='word_1_389' title='bbox 2816 1598 3068 1643; x_wconf 88' lang='lat' dir='ltr'><strong>naturam</strong></span> <span class='ocrx_word' id='word_1_390' title='bbox 3114 1591 3167 1642; x_wconf 91' lang='lat' dir='ltr'><strong>in</strong></span> <span class='ocrx_word' id='word_1_391' title='bbox 3217 1605 3381 1642; x_wconf 91' lang='lat' dir='ltr'><strong>unum</strong></span> 
     </span>
    </p>
   </div>
   <div class='ocr_carea' id='block_1_54' title="bbox 1814 1681 3389 1753">
    <p class='ocr_par' dir='ltr' id='par_1_54' title="bbox 1814 1681 3389 1753">
     <span class='ocr_line' id='line_1_54' title="bbox 1814 1681 3389 1753; baseline -0.003 -12"><span class='ocrx_word' id='word_1_392' title='bbox 1814 1686 2099 1753; x_wconf 73' lang='lat' dir='ltr'><strong>Copulatus</strong></span> <span class='ocrx_word' id='word_1_393' title='bbox 2135 1695 2237 1739; x_wconf 89' lang='lat' dir='ltr'><strong>est.</strong></span> <span class='ocrx_word' id='word_1_394' title='bbox 2273 1685 2336 1738; x_wconf 88' lang='lat' dir='ltr'><strong>Et</strong></span> <span class='ocrx_word' id='word_1_395' title='bbox 2369 1685 2545 1737; x_wconf 89' lang='lat' dir='ltr'><strong>adhuc</strong></span> <span class='ocrx_word' id='word_1_396' title='bbox 2575 1684 2628 1737; x_wconf 89' lang='lat' dir='ltr'><strong>in</strong></span> <span class='ocrx_word' id='word_1_397' title='bbox 2664 1685 2868 1738; x_wconf 88' lang='lat' dir='ltr'><strong>eisdem</strong></span> <span class='ocrx_word' id='word_1_398' title='bbox 2898 1701 2909 1735; x_wconf 87' lang='grc'>;</span> <span class='ocrx_word' id='word_1_399' title='bbox 2943 1682 2995 1737; x_wconf 87' lang='lat' dir='ltr'><strong>Si</strong></span> <span class='ocrx_word' id='word_1_400' title='bbox 3020 1699 3051 1737; x_wconf 88' lang='lat' dir='ltr'><strong>a</strong></span> <span class='ocrx_word' id='word_1_401' title='bbox 3086 1683 3196 1736; x_wconf 87' lang='lat' dir='ltr'><strong>Deo</strong></span> <span class='ocrx_word' id='word_1_402' title='bbox 3225 1681 3389 1736; x_wconf 85' lang='lat' dir='ltr'><strong>Patre</strong></span> 
     </span>
    </p>
   </div>
   <div class='ocr_carea' id='block_1_55' title="bbox 1816 1778 3389 1849">
    <p class='ocr_par' dir='ltr' id='par_1_55' title="bbox 1816 1778 3389 1849">
     <span class='ocr_line' id='line_1_55' title="bbox 1816 1778 3389 1849; baseline -0.002 -18"><span class='ocrx_word' id='word_1_403' title='bbox 1816 1783 2061 1847; x_wconf 88' lang='lat' dir='ltr'><strong>procedit</strong></span> <span class='ocrx_word' id='word_1_404' title='bbox 2124 1780 2361 1849; x_wconf 81' lang='lat' dir='ltr'><strong>Spiritus</strong></span> <span class='ocrx_word' id='word_1_405' title='bbox 2414 1788 2653 1841; x_wconf 85' lang='lat' dir='ltr'><strong>sanctus,</strong></span> <span class='ocrx_word' id='word_1_406' title='bbox 2713 1787 2907 1845; x_wconf 87' lang='lat' dir='ltr'><strong>estque</strong></span> <span class='ocrx_word' id='word_1_407' title='bbox 2969 1778 3131 1831; x_wconf 87' lang='lat' dir='ltr'><strong>veluti</strong></span> <span class='ocrx_word' id='word_1_408' title='bbox 3175 1778 3389 1831; x_wconf 61' lang='lat' dir='ltr'><strong>finitus</strong></span> 
     </span>
    </p>
   </div>
   <div class='ocr_carea' id='block_1_56' title="bbox 1808 1868 3390 1940">
    <p class='ocr_par' dir='ltr' id='par_1_56' title="bbox 1808 1868 3390 1940">
     <span class='ocr_line' id='line_1_56' title="bbox 1808 1868 3390 1940; baseline 0.001 -21"><span class='ocrx_word' id='word_1_409' title='bbox 1808 1872 2051 1939; x_wconf 83' lang='lat' dir='ltr'><strong>quidam,</strong></span> <span class='ocrx_word' id='word_1_410' title='bbox 2092 1871 2174 1923; x_wconf 74' lang='grc' dir='ltr'><strong>νιτΙ</strong></span> <span class='ocrx_word' id='word_1_411' title='bbox 2204 1872 2437 1940; x_wconf 80' lang='lat' dir='ltr'><strong>qualitas</strong></span> <span class='ocrx_word' id='word_1_412' title='bbox 2471 1870 2789 1923; x_wconf 71' lang='lat' dir='ltr'><strong>substantiae</strong></span> <span class='ocrx_word' id='word_1_413' title='bbox 2831 1869 3023 1938; x_wconf 83' lang='lat' dir='ltr'><strong>ipsius,</strong></span> <span class='ocrx_word' id='word_1_414' title='bbox 3063 1868 3219 1922; x_wconf 86' lang='lat' dir='ltr'><strong>Pater</strong></span> <span class='ocrx_word' id='word_1_415' title='bbox 3260 1885 3390 1923; x_wconf 87' lang='lat' dir='ltr'><strong>vero</strong></span> 
     </span>
    </p>
   </div>
   <div class='ocr_carea' id='block_1_57' title="bbox 1810 1960 3390 2030">
    <p class='ocr_par' dir='ltr' id='par_1_57' title="bbox 1810 1960 3390 2030">
     <span class='ocr_line' id='line_1_57' title="bbox 1810 1960 3390 2030; baseline -0.001 -15"><span class='ocrx_word' id='word_1_416' title='bbox 1810 1978 1985 2028; x_wconf 87' lang='lat' dir='ltr'><strong>neque</strong></span> <span class='ocrx_word' id='word_1_417' title='bbox 2017 1967 2213 2026; x_wconf 83' lang='lat' dir='ltr'><strong>lactus,</strong></span> <span class='ocrx_word' id='word_1_418' title='bbox 2245 1976 2419 2030; x_wconf 86' lang='lat' dir='ltr'><strong>neque</strong></span> <span class='ocrx_word' id='word_1_419' title='bbox 2450 1970 2689 2023; x_wconf 86' lang='lat' dir='ltr'><strong>creatus,</strong></span> <span class='ocrx_word' id='word_1_420' title='bbox 2725 1960 2998 2027; x_wconf 87' lang='lat' dir='ltr'><strong>quomodo</strong></span> <span class='ocrx_word' id='word_1_421' title='bbox 3026 1973 3168 2015; x_wconf 77' lang='lat' dir='ltr'><strong>esset</strong></span> <span class='ocrx_word' id='word_1_422' title='bbox 3213 1961 3390 2015; x_wconf 71' lang='lat' dir='ltr'><strong>factus</strong></span> 
     </span>
    </p>
   </div>
   <div class='ocr_carea' id='block_1_58' title="bbox 1812 2052 3389 2124">
    <p class='ocr_par' dir='ltr' id='par_1_58' title="bbox 1812 2052 3389 2124">
     <span class='ocr_line' id='line_1_58' title="bbox 1812 2052 3389 2124; baseline -0.002 -15"><span class='ocrx_word' id='word_1_423' title='bbox 1812 2056 2071 2124; x_wconf 87' lang='lat' dir='ltr'><strong>Spiritus,</strong></span> <span class='ocrx_word' id='word_1_424' title='bbox 2108 2058 2196 2124; x_wconf 85' lang='lat' dir='ltr'><strong>qui</strong></span> <span class='ocrx_word' id='word_1_425' title='bbox 2233 2058 2299 2108; x_wconf 87' lang='lat' dir='ltr'><strong>ab</strong></span> <span class='ocrx_word' id='word_1_426' title='bbox 2338 2057 2455 2123; x_wconf 87' lang='lat' dir='ltr'><strong>ipso</strong></span> <span class='ocrx_word' id='word_1_427' title='bbox 2506 2055 2793 2123; x_wconf 87' lang='lat' dir='ltr'><strong>procedit?</strong></span> <span class='ocrx_word' id='word_1_428' title='bbox 2832 2054 2894 2107; x_wconf 79' lang='lat' dir='ltr'><strong>Et</strong></span> <span class='ocrx_word' id='word_1_429' title='bbox 2944 2055 3183 2109; x_wconf 70' lang='lat' dir='ltr'><strong>iterum:</strong></span> <span class='ocrx_word' id='word_1_430' title='bbox 3220 2052 3389 2107; x_wconf 80' lang='lat' dir='ltr'><strong>Nemo</strong></span> 
     </span>
    </p>
   </div>
   <div class='ocr_carea' id='block_1_59' title="bbox 1810 2145 3388 2216">
    <p class='ocr_par' dir='ltr' id='par_1_59' title="bbox 1810 2145 3388 2216">
     <span class='ocr_line' id='line_1_59' title="bbox 1810 2145 3388 2216; baseline 0 -17"><span class='ocrx_word' id='word_1_431' title='bbox 1810 2161 1973 2216; x_wconf 78' lang='lat' dir='ltr'><strong>potest</strong></span> <span class='ocrx_word' id='word_1_432' title='bbox 2006 2148 2205 2211; x_wconf 82' lang='lat' dir='ltr'><strong>dicere,</strong></span> <span class='ocrx_word' id='word_1_433' title='bbox 2252 2148 2505 2202; x_wconf 76' lang='lat' dir='ltr'><strong>Domitius</strong></span> <span class='ocrx_word' id='word_1_434' title='bbox 2542 2145 2700 2201; x_wconf 77' lang='lat' dir='ltr'><strong>Jews</strong></span> <span class='ocrx_word' id='word_1_435' title='bbox 2730 2148 2999 2210; x_wconf 77' lang='lat' dir='ltr'><strong>Christus,</strong></span> <span class='ocrx_word' id='word_1_436' title='bbox 3031 2148 3136 2201; x_wconf 70' lang='lat' dir='ltr'><strong>nisi</strong></span> <span class='ocrx_word' id='word_1_437' title='bbox 3168 2150 3220 2199; x_wconf 85' lang='lat' dir='ltr'><strong>in</strong></span> <span class='ocrx_word' id='word_1_438' title='bbox 3260 2145 3388 2215; x_wconf 86' lang='lat' dir='ltr'><strong>Spi—</strong></span> 
     </span>
    </p>
   </div>
   <div class='ocr_carea' id='block_1_60' title="bbox 1812 2240 3386 2312">
    <p class='ocr_par' dir='ltr' id='par_1_60' title="bbox 1812 2240 3386 2312">
     <span class='ocr_line' id='line_1_60' title="bbox 1812 2240 3386 2312; baseline -0.001 -17"><span class='ocrx_word' id='word_1_439' title='bbox 1812 2244 1917 2295; x_wconf 81' lang='lat' dir='ltr'><strong>ritu</strong></span> <span class='ocrx_word' id='word_1_440' title='bbox 1942 2254 2123 2295; x_wconf 74' lang='lat' dir='ltr'><strong>sancto</strong></span> <span class='ocrx_word' id='word_1_441' title='bbox 2146 2243 2192 2273; x_wconf 84' lang='grc'>⁹⁰</span> <span class='ocrx_word' id='word_1_442' title='bbox 2228 2241 2326 2312; x_wconf 89' lang='lat' dir='ltr'><strong>(a).</strong></span> <span class='ocrx_word' id='word_1_443' title='bbox 2359 2241 2553 2309; x_wconf 81' lang='lat' dir='ltr'><strong>Liquet</strong></span> <span class='ocrx_word' id='word_1_444' title='bbox 2595 2241 2782 2310; x_wconf 83' lang='lat' dir='ltr'><strong>igitur,</strong></span> <span class='ocrx_word' id='word_1_445' title='bbox 2809 2243 2958 2310; x_wconf 85' lang='lat' dir='ltr'><strong>quod</strong></span> <span class='ocrx_word' id='word_1_446' title='bbox 2997 2240 3086 2309; x_wconf 91' lang='lat' dir='ltr'><strong>qui</strong></span> <span class='ocrx_word' id='word_1_447' title='bbox 3116 2240 3386 2308; x_wconf 88' lang='lat' dir='ltr'><strong>Spiritum</strong></span> 
     </span>
    </p>
   </div>
   <div class='ocr_carea' id='block_1_61' title="bbox 1814 2332 3387 2406">
    <p class='ocr_par' dir='ltr' id='par_1_61' title="bbox 1814 2332 3387 2406">
     <span class='ocr_line' id='line_1_61' title="bbox 1814 2332 3387 2406; baseline -0.002 -16"><span class='ocrx_word' id='word_1_448' title='bbox 1814 2345 2063 2390; x_wconf 75' lang='lat' dir='ltr'><strong>Sanctum</strong></span> <span class='ocrx_word' id='word_1_449' title='bbox 2103 2337 2417 2406; x_wconf 86' lang='lat' dir='ltr'><strong>participat,</strong></span> <span class='ocrx_word' id='word_1_450' title='bbox 2470 2337 2622 2390; x_wconf 89' lang='lat' dir='ltr'><strong>novit</strong></span> <span class='ocrx_word' id='word_1_451' title='bbox 2675 2335 2964 2388; x_wconf 83' lang='lat' dir='ltr'><strong>Dominum</strong></span> <span class='ocrx_word' id='word_1_452' title='bbox 3020 2332 3204 2388; x_wconf 79' lang='lat' dir='ltr'><strong>Jesutn</strong></span> <span class='ocrx_word' id='word_1_453' title='bbox 3240 2352 3255 2389; x_wconf 85' lang='lat'><strong>:</strong></span> <span class='ocrx_word' id='word_1_454' title='bbox 3294 2338 3387 2403; x_wconf 90' lang='lat' dir='ltr'><strong>qui</strong></span> 
     </span>
    </p>
   </div>
   <div class='ocr_carea' id='block_1_62' title="bbox 1813 2420 3392 2497">
    <p class='ocr_par' dir='ltr' id='par_1_62' title="bbox 1813 2420 3392 2497">
     <span class='ocr_line' id='line_1_62' title="bbox 1813 2420 3392 2497; baseline 0.001 -18"><span class='ocrx_word' id='word_1_455' title='bbox 1813 2441 1991 2480; x_wconf 86' lang='lat' dir='ltr'><strong>autem</strong></span> <span class='ocrx_word' id='word_1_456' title='bbox 2034 2443 2143 2482; x_wconf 90' lang='lat' dir='ltr'><strong>non</strong></span> <span class='ocrx_word' id='word_1_457' title='bbox 2176 2429 2486 2497; x_wconf 89' lang='lat' dir='ltr'><strong>participat,</strong></span> <span class='ocrx_word' id='word_1_458' title='bbox 2532 2428 2765 2497; x_wconf 84' lang='lat' dir='ltr'><strong>ignorat.</strong></span> <span class='ocrx_word' id='word_1_459' title='bbox 2791 2426 3073 2493; x_wconf 85' lang='lat' dir='ltr'><strong>Quomodo</strong></span> <span class='ocrx_word' id='word_1_460' title='bbox 3106 2427 3268 2496; x_wconf 87' lang='lat' dir='ltr'><strong>igitur</strong></span> <span class='ocrx_word' id='word_1_461' title='bbox 3297 2420 3392 2494; x_wconf 86' lang='lat' dir='ltr'><strong>qui</strong></span> 
     </span>
    </p>
   </div>
   <div class='ocr_carea' id='block_1_63' title="bbox 1816 2520 3391 2591">
    <p class='ocr_par' dir='ltr' id='par_1_63' title="bbox 1816 2520 3391 2591">
     <span class='ocr_line' id='line_1_63' title="bbox 1816 2520 3391 2591; baseline 0.001 -18"><span class='ocrx_word' id='word_1_462' title='bbox 1816 2521 2083 2589; x_wconf 86' lang='lat' dir='ltr'><strong>particeps</strong></span> <span class='ocrx_word' id='word_1_463' title='bbox 2115 2522 2350 2591; x_wconf 83' lang='lat' dir='ltr'><strong>Spiritus</strong></span> <span class='ocrx_word' id='word_1_464' title='bbox 2394 2525 2570 2576; x_wconf 90' lang='lat' dir='ltr'><strong>sancti</strong></span> <span class='ocrx_word' id='word_1_465' title='bbox 2611 2530 2717 2586; x_wconf 90' lang='lat' dir='ltr'><strong>est,</strong></span> <span class='ocrx_word' id='word_1_466' title='bbox 2764 2525 2914 2576; x_wconf 88' lang='lat' dir='ltr'><strong>novit</strong></span> <span class='ocrx_word' id='word_1_467' title='bbox 2946 2522 3089 2590; x_wconf 87' lang='lat' dir='ltr'><strong>quod</strong></span> <span class='ocrx_word' id='word_1_468' title='bbox 3125 2520 3391 2575; x_wconf 85' lang='lat' dir='ltr'><strong>Dominus</strong></span> 
     </span>
    </p>
   </div>
   <div class='ocr_carea' id='block_1_64' title="bbox 1813 2611 3394 2684">
    <p class='ocr_par' dir='ltr' id='par_1_64' title="bbox 1813 2611 3394 2684">
     <span class='ocr_line' id='line_1_64' title="bbox 1813 2611 3394 2684; baseline 0.001 -18"><span class='ocrx_word' id='word_1_469' title='bbox 1813 2611 2005 2667; x_wconf 70' lang='lat' dir='ltr'><strong>Iesus?</strong></span> <span class='ocrx_word' id='word_1_470' title='bbox 2037 2614 2188 2667; x_wconf 86' lang='lat' dir='ltr'><strong>Sicut</strong></span> <span class='ocrx_word' id='word_1_471' title='bbox 2215 2615 2307 2684; x_wconf 89' lang='lat' dir='ltr'><strong>qni</strong></span> <span class='ocrx_word' id='word_1_472' title='bbox 2336 2614 2441 2668; x_wconf 87' lang='lat' dir='ltr'><strong>niel</strong></span> <span class='ocrx_word' id='word_1_473' title='bbox 2471 2614 2848 2683; x_wconf 81' lang='lat' dir='ltr'><strong>degustartiiit,</strong></span> <span class='ocrx_word' id='word_1_474' title='bbox 2872 2628 2937 2667; x_wconf 78' lang='lat' dir='ltr'><strong>ex</strong></span> <span class='ocrx_word' id='word_1_475' title='bbox 2976 2612 3237 2682; x_wconf 83' lang='lat' dir='ltr'><strong>qualitate</strong></span> <span class='ocrx_word' id='word_1_476' title='bbox 3273 2614 3394 2681; x_wconf 81' lang='lat' dir='ltr'><strong>ejus</strong></span> 
     </span>
    </p>
   </div>
   <div class='ocr_carea' id='block_1_65' title="bbox 1816 2706 3397 2775">
    <p class='ocr_par' dir='ltr' id='par_1_65' title="bbox 1816 2706 3397 2775">
     <span class='ocr_line' id='line_1_65' title="bbox 1816 2706 3397 2775; baseline 0 -17"><span class='ocrx_word' id='word_1_477' title='bbox 1816 2716 2184 2774; x_wconf 83' lang='lat' dir='ltr'><strong>cognoverunt</strong></span> <span class='ocrx_word' id='word_1_478' title='bbox 2210 2708 2313 2760; x_wconf 91' lang='lat' dir='ltr'><strong>mel</strong></span> <span class='ocrx_word' id='word_1_479' title='bbox 2337 2721 2457 2760; x_wconf 82' lang='lat' dir='ltr'><strong>esse</strong></span> <span class='ocrx_word' id='word_1_480' title='bbox 2496 2708 2676 2771; x_wconf 86' lang='lat' dir='ltr'><strong>dulce,</strong></span> <span class='ocrx_word' id='word_1_481' title='bbox 2716 2706 2796 2760; x_wconf 89' lang='lat' dir='ltr'><strong>sic</strong></span> <span class='ocrx_word' id='word_1_482' title='bbox 2822 2707 2912 2773; x_wconf 87' lang='lat' dir='ltr'><strong>qui</strong></span> <span class='ocrx_word' id='word_1_483' title='bbox 2946 2707 3221 2775; x_wconf 85' lang='lat' dir='ltr'><strong>particeps</strong></span> <span class='ocrx_word' id='word_1_484' title='bbox 3266 2706 3397 2773; x_wconf 85' lang='lat' dir='ltr'><strong>Spi-</strong></span> 
     </span>
    </p>
   </div>
   <div class='ocr_carea' id='block_1_66' title="bbox 1818 2795 3398 2867">
    <p class='ocr_par' dir='ltr' id='par_1_66' title="bbox 1818 2795 3398 2867">
     <span class='ocr_line' id='line_1_66' title="bbox 1818 2795 3398 2867; baseline 0.001 -18"><span class='ocrx_word' id='word_1_485' title='bbox 1818 2798 1953 2849; x_wconf 90' lang='lat' dir='ltr'><strong>ritus</strong></span> <span class='ocrx_word' id='word_1_486' title='bbox 1983 2796 2158 2850; x_wconf 78' lang='lat' dir='ltr'><strong>sancti</strong></span> <span class='ocrx_word' id='word_1_487' title='bbox 2192 2806 2300 2851; x_wconf 86' lang='lat' dir='ltr'><strong>est.</strong></span> <span class='ocrx_word' id='word_1_488' title='bbox 2340 2795 2512 2867; x_wconf 88' lang='lat' dir='ltr'><strong>lgitttr</strong></span> <span class='ocrx_word' id='word_1_489' title='bbox 2550 2796 2789 2867; x_wconf 87' lang='lat' dir='ltr'><strong>Spiritus</strong></span> <span class='ocrx_word' id='word_1_490' title='bbox 2819 2806 3043 2851; x_wconf 81' lang='lat' dir='ltr'><strong>sanctus</strong></span> <span class='ocrx_word' id='word_1_491' title='bbox 3083 2798 3172 2867; x_wconf 90' lang='lat' dir='ltr'><strong>qui</strong></span> <span class='ocrx_word' id='word_1_492' title='bbox 3201 2806 3285 2851; x_wconf 87' lang='lat' dir='ltr'><strong>est</strong></span> <span class='ocrx_word' id='word_1_493' title='bbox 3329 2812 3398 2851; x_wconf 73' lang='lat' dir='ltr'><strong>ex</strong></span> 
     </span>
    </p>
   </div>
   <div class='ocr_carea' id='block_1_67' title="bbox 1819 2888 3400 2959">
    <p class='ocr_par' dir='ltr' id='par_1_67' title="bbox 1819 2888 3400 2959">
     <span class='ocr_line' id='line_1_67' title="bbox 1819 2888 3400 2959; baseline 0.001 -15"><span class='ocrx_word' id='word_1_494' title='bbox 1819 2892 2118 2944; x_wconf 86' lang='lat' dir='ltr'><strong>substantia</strong></span> <span class='ocrx_word' id='word_1_495' title='bbox 2176 2888 2322 2955; x_wconf 86' lang='lat' dir='ltr'><strong>Filii,</strong></span> <span class='ocrx_word' id='word_1_496' title='bbox 2376 2891 2632 2959; x_wconf 84' lang='lat' dir='ltr'><strong>qualitas,</strong></span> <span class='ocrx_word' id='word_1_497' title='bbox 2684 2902 2743 2944; x_wconf 91' lang='lat' dir='ltr'><strong>ut</strong></span> <span class='ocrx_word' id='word_1_498' title='bbox 2797 2890 2869 2945; x_wconf 87' lang='lat' dir='ltr'><strong>ita</strong></span> <span class='ocrx_word' id='word_1_499' title='bbox 2918 2890 3131 2959; x_wconf 87' lang='lat' dir='ltr'><strong>loquar,</strong></span> <span class='ocrx_word' id='word_1_500' title='bbox 3180 2890 3400 2946; x_wconf 73' lang='lat' dir='ltr'><strong>exsistit</strong></span> 
     </span>
    </p>
   </div>
   <div class='ocr_carea' id='block_1_68' title="bbox 1822 2981 3396 3047">
    <p class='ocr_par' dir='ltr' id='par_1_68' title="bbox 1822 2981 3396 3047">
     <span class='ocr_line' id='line_1_68' title="bbox 1822 2981 3396 3047; baseline 0.002 -13"><span class='ocrx_word' id='word_1_501' title='bbox 1822 2981 1915 3034; x_wconf 90' lang='lat' dir='ltr'><strong>Dei</strong></span> <span class='ocrx_word' id='word_1_502' title='bbox 1943 2982 2322 3035; x_wconf 87' lang='lat' dir='ltr'><strong>universorum</strong></span> <span class='ocrx_word' id='word_1_503' title='bbox 2369 2982 2607 3040; x_wconf 86' lang='lat' dir='ltr'><strong>Domini.</strong></span> <span class='ocrx_word' id='word_1_504' title='bbox 2639 2983 2693 3037; x_wconf 85' lang='lat' dir='ltr'><strong>Si</strong></span> <span class='ocrx_word' id='word_1_505' title='bbox 2731 2992 2911 3035; x_wconf 85' lang='lat' dir='ltr'><strong>autem</strong></span> <span class='ocrx_word' id='word_1_506' title='bbox 2948 2982 3049 3037; x_wconf 85' lang='lat' dir='ltr'><strong>hoc</strong></span> <span class='ocrx_word' id='word_1_507' title='bbox 3079 2999 3262 3038; x_wconf 84' lang='lat' dir='ltr'><strong>verum</strong></span> <span class='ocrx_word' id='word_1_508' title='bbox 3290 2995 3396 3047; x_wconf 82' lang='lat' dir='ltr'><strong>est,</strong></span> 
     </span>
    </p>
   </div>
   <div class='ocr_carea' id='block_1_69' title="bbox 1820 3074 3397 3145">
    <p class='ocr_par' dir='ltr' id='par_1_69' title="bbox 1820 3074 3397 3145">
     <span class='ocr_line' id='line_1_69' title="bbox 1820 3074 3397 3145; baseline 0.003 -18"><span class='ocrx_word' id='word_1_509' title='bbox 1820 3084 1901 3128; x_wconf 81' lang='lat' dir='ltr'><strong>est</strong></span> <span class='ocrx_word' id='word_1_510' title='bbox 1940 3075 2103 3145; x_wconf 83' lang='lat' dir='ltr'><strong>igitur</strong></span> <span class='ocrx_word' id='word_1_511' title='bbox 2154 3074 2315 3141; x_wconf 83' lang='lat' dir='ltr'><strong>Deus,</strong></span> <span class='ocrx_word' id='word_1_512' title='bbox 2362 3087 2417 3129; x_wconf 90' lang='lat' dir='ltr'><strong>et</strong></span> <span class='ocrx_word' id='word_1_513' title='bbox 2459 3092 2566 3129; x_wconf 89' lang='lat' dir='ltr'><strong>non</strong></span> <span class='ocrx_word' id='word_1_514' title='bbox 2601 3076 2801 3145; x_wconf 90' lang='lat' dir='ltr'><strong>aliquid</strong></span> <span class='ocrx_word' id='word_1_515' title='bbox 2837 3079 3064 3140; x_wconf 79' lang='lat' dir='ltr'><strong>factum,</strong></span> <span class='ocrx_word' id='word_1_516' title='bbox 3096 3089 3190 3131; x_wconf 89' lang='lat' dir='ltr'><strong>aut</strong></span> <span class='ocrx_word' id='word_1_517' title='bbox 3238 3094 3397 3132; x_wconf 56' lang='lat' dir='ltr'><strong>erea.</strong></span> 
     </span>
    </p>
   </div>
   <div class='ocr_carea' id='block_1_70' title="bbox 1825 3167 3401 3239">
    <p class='ocr_par' dir='ltr' id='par_1_70' title="bbox 1825 3167 3401 3239">
     <span class='ocr_line' id='line_1_70' title="bbox 1825 3167 3401 3239; baseline 0.004 -21"><span class='ocrx_word' id='word_1_518' title='bbox 1825 3177 1958 3230; x_wconf 90' lang='lat' dir='ltr'><strong>ttiiii,</strong></span> <span class='ocrx_word' id='word_1_519' title='bbox 2000 3176 2059 3219; x_wconf 93' lang='lat' dir='ltr'><strong>ut</strong></span> <span class='ocrx_word' id='word_1_520' title='bbox 2108 3167 2377 3223; x_wconf 66' lang='lat' dir='ltr'><strong>haereticis</strong></span> <span class='ocrx_word' id='word_1_521' title='bbox 2423 3168 2653 3221; x_wconf 89' lang='lat' dir='ltr'><strong>videtur.</strong></span> <span class='ocrx_word' id='word_1_522' title='bbox 2694 3167 2757 3220; x_wconf 81' lang='lat' dir='ltr'><strong>Et</strong></span> <span class='ocrx_word' id='word_1_523' title='bbox 2790 3169 2969 3239; x_wconf 83' lang='lat' dir='ltr'><strong>adli_uc</strong></span> <span class='ocrx_word' id='word_1_524' title='bbox 3014 3186 3026 3222; x_wconf 90' lang='lat'><strong>:</strong></span> <span class='ocrx_word' id='word_1_525' title='bbox 3080 3167 3198 3224; x_wconf 71' lang='lat' dir='ltr'><strong>Non</strong></span> <span class='ocrx_word' id='word_1_526' title='bbox 3238 3173 3401 3239; x_wconf 83' lang='lat' dir='ltr'><strong>igitur</strong></span> 
     </span>
    </p>
   </div>
   <div class='ocr_carea' id='block_1_71' title="bbox 1830 3228 3397 3330">
    <p class='ocr_par' dir='ltr' id='par_1_71' title="bbox 1830 3228 3397 3330">
     <span class='ocr_line' id='line_1_71' title="bbox 1830 3228 3397 3330; baseline 0.006 -23"><span class='ocrx_word' id='word_1_527' title='bbox 1830 3254 2065 3322; x_wconf 89' lang='lat' dir='ltr'><strong>Spiritus</strong></span> <span class='ocrx_word' id='word_1_528' title='bbox 2094 3266 2316 3310; x_wconf 77' lang='lat' dir='ltr'><strong>sanctus</strong></span> <span class='ocrx_word' id='word_1_529' title='bbox 2352 3272 2413 3311; x_wconf 77' lang='lat' dir='ltr'><strong>ex</strong></span> <span class='ocrx_word' id='word_1_530' title='bbox 2461 3228 2913 3328; x_wconf 57' lang='lat' dir='ltr'><strong>participatione:</strong></span> <span class='ocrx_word' id='word_1_531' title='bbox 2931 3274 3029 3314; x_wconf 90' lang='lat' dir='ltr'><strong>nec</strong></span> <span class='ocrx_word' id='word_1_532' title='bbox 3070 3276 3134 3315; x_wconf 77' lang='lat' dir='ltr'><strong>ex</strong></span> <span class='ocrx_word' id='word_1_533' title='bbox 3169 3277 3397 3330; x_wconf 88' lang='lat' dir='ltr'><strong>compo-</strong></span> 
     </span>
    </p>
   </div>
   <div class='ocr_carea' id='block_1_72' title="bbox 1826 3347 3395 3411">
    <p class='ocr_par' dir='ltr' id='par_1_72' title="bbox 1826 3347 3395 3411">
     <span class='ocr_line' id='line_1_72' title="bbox 1826 3347 3395 3411; baseline 0.003 -11"><span class='ocrx_word' id='word_1_534' title='bbox 1826 3347 2023 3400; x_wconf 85' lang='lat' dir='ltr'><strong>sitione</strong></span> <span class='ocrx_word' id='word_1_535' title='bbox 2064 3356 2287 3401; x_wconf 86' lang='lat' dir='ltr'><strong>sanctus</strong></span> <span class='ocrx_word' id='word_1_536' title='bbox 2332 3358 2442 3411; x_wconf 89' lang='lat' dir='ltr'><strong>est,</strong></span> <span class='ocrx_word' id='word_1_537' title='bbox 2488 3349 2582 3401; x_wconf 86' lang='lat' dir='ltr'><strong>sed</strong></span> <span class='ocrx_word' id='word_1_538' title='bbox 2618 3361 2700 3403; x_wconf 86' lang='lat' dir='ltr'><strong>est</strong></span> <span class='ocrx_word' id='word_1_539' title='bbox 2750 3350 3051 3403; x_wconf 84' lang='lat' dir='ltr'><strong>substantia</strong></span> <span class='ocrx_word' id='word_1_540' title='bbox 3102 3360 3155 3405; x_wconf 90' lang='lat' dir='ltr'><strong>et</strong></span> <span class='ocrx_word' id='word_1_541' title='bbox 3206 3363 3395 3405; x_wconf 87' lang='lat' dir='ltr'><strong>natura</strong></span> 
     </span>
    </p>
   </div>
   <div class='ocr_carea' id='block_1_73' title="bbox 1828 3436 3397 3505">
    <p class='ocr_par' dir='ltr' id='par_1_73' title="bbox 1828 3436 3397 3505">
     <span class='ocr_line' id='line_1_73' title="bbox 1828 3436 3397 3505; baseline 0 -14"><span class='ocrx_word' id='word_1_542' title='bbox 1828 3437 2204 3499; x_wconf 82' lang='lat' dir='ltr'><strong>sanctilicaiis,</strong></span> <span class='ocrx_word' id='word_1_543' title='bbox 2232 3447 2287 3490; x_wconf 86' lang='lat' dir='ltr'><strong>et</strong></span> <span class='ocrx_word' id='word_1_544' title='bbox 2314 3438 2617 3491; x_wconf 85' lang='lat' dir='ltr'><strong>divinitatis</strong></span> <span class='ocrx_word' id='word_1_545' title='bbox 2655 3436 2745 3491; x_wconf 88' lang='lat' dir='ltr'><strong>Dei</strong></span> <span class='ocrx_word' id='word_1_546' title='bbox 2774 3437 2975 3505; x_wconf 88' lang='lat' dir='ltr'><strong>Patris,</strong></span> <span class='ocrx_word' id='word_1_547' title='bbox 3004 3449 3062 3491; x_wconf 87' lang='lat' dir='ltr'><strong>ut</strong></span> <span class='ocrx_word' id='word_1_548' title='bbox 3087 3440 3158 3492; x_wconf 89' lang='lat' dir='ltr'><strong>ita</strong></span> <span class='ocrx_word' id='word_1_549' title='bbox 3193 3439 3397 3504; x_wconf 89' lang='lat' dir='ltr'><strong>dicam,</strong></span> 
     </span>
    </p>
   </div>
   <div class='ocr_carea' id='block_1_74' title="bbox 1832 3528 3396 3599">
    <p class='ocr_par' dir='ltr' id='par_1_74' title="bbox 1832 3528 3396 3599">
     <span class='ocr_line' id='line_1_74' title="bbox 1832 3528 3396 3599; baseline 0.003 -19"><span class='ocrx_word' id='word_1_550' title='bbox 1832 3530 2103 3595; x_wconf 84' lang='lat' dir='ltr'><strong>qualitas;</strong></span> <span class='ocrx_word' id='word_1_551' title='bbox 2132 3537 2200 3582; x_wconf 89' lang='lat' dir='ltr'><strong>nt</strong></span> <span class='ocrx_word' id='word_1_552' title='bbox 2232 3528 2457 3583; x_wconf 79' lang='lat' dir='ltr'><strong>dulcedo</strong></span> <span class='ocrx_word' id='word_1_553' title='bbox 2488 3529 2664 3584; x_wconf 86' lang='lat' dir='ltr'><strong>mellis</strong></span> <span class='ocrx_word' id='word_1_554' title='bbox 2694 3528 2798 3599; x_wconf 68' lang='grc'><strong>(4),</strong></span> <span class='ocrx_word' id='word_1_555' title='bbox 2835 3530 2915 3582; x_wconf 86' lang='lat' dir='ltr'><strong>vel</strong></span> <span class='ocrx_word' id='word_1_556' title='bbox 2963 3528 3100 3583; x_wconf 88' lang='lat' dir='ltr'><strong>odor</strong></span> <span class='ocrx_word' id='word_1_557' title='bbox 3134 3545 3199 3584; x_wconf 77' lang='lat' dir='ltr'><strong>ex</strong></span> <span class='ocrx_word' id='word_1_558' title='bbox 3242 3529 3396 3585; x_wconf 81' lang='lat' dir='ltr'><strong>ﬂore.</strong></span> 
     </span>
    </p>
   </div>
   <div class='ocr_carea' id='block_1_75' title="bbox 1829 3620 3393 3691">
    <p class='ocr_par' dir='ltr' id='par_1_75' title="bbox 1829 3620 3393 3691">
     <span class='ocr_line' id='line_1_75' title="bbox 1829 3620 3393 3691; baseline 0.002 -17"><span class='ocrx_word' id='word_1_559' title='bbox 1829 3620 1893 3674; x_wconf 78' lang='lat' dir='ltr'><strong>Et</strong></span> <span class='ocrx_word' id='word_1_560' title='bbox 1928 3637 2151 3691; x_wconf 84' lang='lat' dir='ltr'><strong>magnus</strong></span> <span class='ocrx_word' id='word_1_561' title='bbox 2180 3620 2533 3687; x_wconf 82' lang='lat' dir='ltr'><strong>Athanasius,</strong></span> <span class='ocrx_word' id='word_1_562' title='bbox 2562 3620 2619 3676; x_wconf 91' lang='lat' dir='ltr'><strong>in</strong></span> <span class='ocrx_word' id='word_1_563' title='bbox 2641 3620 2870 3690; x_wconf 87' lang='lat' dir='ltr'><strong>epistola</strong></span> <span class='ocrx_word' id='word_1_564' title='bbox 2904 3620 2973 3676; x_wconf 87' lang='lat' dir='ltr'><strong>ad</strong></span> <span class='ocrx_word' id='word_1_565' title='bbox 3001 3620 3354 3690; x_wconf 84' lang='lat' dir='ltr'><strong>Serapionem</strong></span> <span class='ocrx_word' id='word_1_566' title='bbox 3378 3638 3393 3677; x_wconf 88' lang='lat'><strong>:</strong></span> 
     </span>
    </p>
   </div>
   <div class='ocr_carea' id='block_1_76' title="bbox 1631 3858 1911 3922">
    <p class='ocr_par' dir='ltr' id='par_1_76' title="bbox 1631 3858 1911 3922">
     <span class='ocr_line' id='line_1_76' title="bbox 1631 3858 1911 3922; baseline 0.007 -2"><span class='ocrx_word' id='word_1_567' title='bbox 1631 3858 1911 3922; x_wconf 78' lang='lat' dir='ltr'><strong>Schoha.</strong></span> 
     </span>
    </p>
   </div>
   <div class='ocr_carea' id='block_1_77' title="bbox 221 3964 1722 4036">
    <p class='ocr_par' dir='ltr' id='par_1_77' title="bbox 221 3964 1722 4036">
     <span class='ocr_line' id='line_1_77' title="bbox 221 3964 1722 4036; baseline -0.003 -13"><span class='ocrx_word' id='word_1_568' title='bbox 221 3969 290 4036; x_wconf 79' lang='grc' dir='ltr'><strong>(Ι)</strong></span> <span class='ocrx_word' id='word_1_569' title='bbox 321 3969 460 4034; x_wconf 83' lang='lat' dir='ltr'><strong>Quia</strong></span> <span class='ocrx_word' id='word_1_570' title='bbox 491 3970 543 4019; x_wconf 93' lang='lat' dir='ltr'><strong>in</strong></span> <span class='ocrx_word' id='word_1_571' title='bbox 572 3965 680 4019; x_wconf 85' lang='lat' dir='ltr'><strong>Deo</strong></span> <span class='ocrx_word' id='word_1_572' title='bbox 712 3966 920 4033; x_wconf 82' lang='lat' dir='ltr'><strong>energia</strong></span> <span class='ocrx_word' id='word_1_573' title='bbox 954 3964 1167 4033; x_wconf 87' lang='lat' dir='ltr'><strong>propria</strong></span> <span class='ocrx_word' id='word_1_574' title='bbox 1219 3980 1323 4016; x_wconf 91' lang='lat' dir='ltr'><strong>non</strong></span> <span class='ocrx_word' id='word_1_575' title='bbox 1354 3965 1722 4035; x_wconf 75' lang='lat' dir='ltr'><strong>distinguitur,</strong></span> 
     </span>
    </p>
   </div>
   <div class='ocr_carea' id='block_1_78' title="bbox 160 4035 1723 4101">
    <p class='ocr_par' dir='ltr' id='par_1_78' title="bbox 160 4035 1723 4101">
     <span class='ocr_line' id='line_1_78' title="bbox 160 4035 1723 4101; baseline -0.001 -10"><span class='ocrx_word' id='word_1_576' title='bbox 160 4056 182 4091; x_wconf 88' lang='lat' dir='ltr'><strong>a</strong></span> <span class='ocrx_word' id='word_1_577' title='bbox 206 4052 417 4101; x_wconf 87' lang='lat' dir='ltr'><strong>natura,</strong></span> <span class='ocrx_word' id='word_1_578' title='bbox 440 4037 583 4090; x_wconf 88' lang='lat' dir='ltr'><strong>sicut</strong></span> <span class='ocrx_word' id='word_1_579' title='bbox 614 4037 664 4088; x_wconf 90' lang='lat' dir='ltr'><strong>in</strong></span> <span class='ocrx_word' id='word_1_580' title='bbox 695 4046 938 4088; x_wconf 76' lang='lat' dir='ltr'><strong>creatura</strong></span> <span class='ocrx_word' id='word_1_581' title='bbox 968 4035 1343 4101; x_wconf 71' lang='lat' dir='ltr'><strong>distinguitur,</strong></span> <span class='ocrx_word' id='word_1_582' title='bbox 1368 4036 1570 4089; x_wconf 83' lang='lat' dir='ltr'><strong>idcirco</strong></span> <span class='ocrx_word' id='word_1_583' title='bbox 1602 4053 1723 4090; x_wconf 88' lang='lat' dir='ltr'><strong>cum</strong></span> 
     </span>
    </p>
   </div>
   <div class='ocr_carea' id='block_1_79' title="bbox 160 4106 1725 4178">
    <p class='ocr_par' dir='ltr' id='par_1_79' title="bbox 160 4106 1725 4178">
     <span class='ocr_line' id='line_1_79' title="bbox 160 4106 1725 4178; baseline -0.002 -17"><span class='ocrx_word' id='word_1_584' title='bbox 160 4108 384 4178; x_wconf 76' lang='lat' dir='ltr'><strong>Cyrilliis</strong></span> <span class='ocrx_word' id='word_1_585' title='bbox 401 4108 533 4159; x_wconf 88' lang='lat' dir='ltr'><strong>dicit</strong></span> <span class='ocrx_word' id='word_1_586' title='bbox 554 4107 759 4173; x_wconf 78' lang='lat' dir='ltr'><strong>z—Spit</strong></span> <span class='ocrx_word' id='word_1_587' title='bbox 776 4110 882 4158; x_wconf 82' lang='lat' dir='ltr'><strong>itus</strong></span> <span class='ocrx_word' id='word_1_588' title='bbox 908 4116 1126 4178; x_wconf 78' lang='lat' dir='ltr'><strong>sanctus</strong></span> <span class='ocrx_word' id='word_1_589' title='bbox 1141 4116 1223 4158; x_wconf 85' lang='lat' dir='ltr'><strong>est</strong></span> <span class='ocrx_word' id='word_1_590' title='bbox 1242 4106 1455 4178; x_wconf 76' lang='lat' dir='ltr'><strong>energia</strong></span> <span class='ocrx_word' id='word_1_591' title='bbox 1482 4109 1725 4178; x_wconf 68' lang='lat' dir='ltr'><strong>quaedam</strong></span> 
     </span>
    </p>
   </div>
   <div class='ocr_carea' id='block_1_80' title="bbox 162 4174 1725 4242">
    <p class='ocr_par' dir='ltr' id='par_1_80' title="bbox 162 4174 1725 4242">
     <span class='ocr_line' id='line_1_80' title="bbox 162 4174 1725 4242; baseline -0.001 -13"><span class='ocrx_word' id='word_1_592' title='bbox 162 4174 430 4241; x_wconf 77' lang='lat' dir='ltr'><strong>naturalis,</strong></span> <span class='ocrx_word' id='word_1_593' title='bbox 449 4189 502 4230; x_wconf 88' lang='lat' dir='ltr'><strong>et</strong></span> <span class='ocrx_word' id='word_1_594' title='bbox 536 4179 740 4238; x_wconf 82' lang='lat' dir='ltr'><strong>vivens,</strong></span> <span class='ocrx_word' id='word_1_595' title='bbox 760 4187 810 4226; x_wconf 81' lang='lat' dir='ltr'><strong>ct</strong></span> <span class='ocrx_word' id='word_1_596' title='bbox 834 4186 886 4226; x_wconf 92' lang='grc' dir='ltr'><strong>ιιι</strong></span> <span class='ocrx_word' id='word_1_597' title='bbox 910 4174 980 4226; x_wconf 89' lang='lat' dir='ltr'><strong>ita</strong></span> <span class='ocrx_word' id='word_1_598' title='bbox 1001 4176 1199 4238; x_wconf 82' lang='lat' dir='ltr'><strong>dicam,</strong></span> <span class='ocrx_word' id='word_1_599' title='bbox 1217 4176 1449 4242; x_wconf 84' lang='lat' dir='ltr'><strong>qualitas</strong></span> <span class='ocrx_word' id='word_1_600' title='bbox 1469 4177 1725 4229; x_wconf 89' lang='lat' dir='ltr'><strong>divinita-</strong></span> 
     </span>
    </p>
   </div>
   <div class='ocr_carea' id='block_1_81' title="bbox 164 4244 1728 4313">
    <p class='ocr_par' dir='ltr' id='par_1_81' title="bbox 164 4244 1728 4313">
     <span class='ocr_line' id='line_1_81' title="bbox 164 4244 1728 4313; baseline -0.001 -14"><span class='ocrx_word' id='word_1_601' title='bbox 164 4249 665 4309; x_wconf 79' lang='lat' dir='ltr'><strong>tisFiliiDei,—-tioc</strong></span> <span class='ocrx_word' id='word_1_602' title='bbox 682 4246 843 4299; x_wconf 90' lang='lat' dir='ltr'><strong>dicit:</strong></span> <span class='ocrx_word' id='word_1_603' title='bbox 868 4244 1099 4313; x_wconf 88' lang='lat' dir='ltr'><strong>Spiritus</strong></span> <span class='ocrx_word' id='word_1_604' title='bbox 1135 4254 1353 4298; x_wconf 87' lang='lat' dir='ltr'><strong>sanctus</strong></span> <span class='ocrx_word' id='word_1_605' title='bbox 1381 4246 1468 4313; x_wconf 88' lang='lat' dir='ltr'><strong>qui</strong></span> <span class='ocrx_word' id='word_1_606' title='bbox 1503 4257 1586 4299; x_wconf 88' lang='lat' dir='ltr'><strong>est</strong></span> <span class='ocrx_word' id='word_1_607' title='bbox 1632 4262 1728 4298; x_wconf 80' lang='lat' dir='ltr'><strong>na-</strong></span> 
     </span>
    </p>
   </div>
   <div class='ocr_carea' id='block_1_82' title="bbox 163 4313 1728 4383">
    <p class='ocr_par' dir='ltr' id='par_1_82' title="bbox 163 4313 1728 4383">
     <span class='ocr_line' id='line_1_82' title="bbox 163 4313 1728 4383; baseline -0.002 -14"><span class='ocrx_word' id='word_1_608' title='bbox 163 4329 269 4373; x_wconf 90' lang='lat' dir='ltr'><strong>tnra</strong></span> <span class='ocrx_word' id='word_1_609' title='bbox 298 4322 410 4373; x_wconf 88' lang='lat' dir='ltr'><strong>sive</strong></span> <span class='ocrx_word' id='word_1_610' title='bbox 458 4319 780 4375; x_wconf 85' lang='lat' dir='ltr'><strong>substantia,</strong></span> <span class='ocrx_word' id='word_1_611' title='bbox 810 4317 1052 4383; x_wconf 88' lang='lat' dir='ltr'><strong>procedit</strong></span> <span class='ocrx_word' id='word_1_612' title='bbox 1075 4332 1137 4368; x_wconf 77' lang='lat' dir='ltr'><strong>ex</strong></span> <span class='ocrx_word' id='word_1_613' title='bbox 1164 4313 1320 4377; x_wconf 87' lang='lat' dir='ltr'><strong>Filio,</strong></span> <span class='ocrx_word' id='word_1_614' title='bbox 1339 4318 1427 4383; x_wconf 90' lang='lat' dir='ltr'><strong>qni</strong></span> <span class='ocrx_word' id='word_1_615' title='bbox 1472 4328 1556 4368; x_wconf 85' lang='lat' dir='ltr'><strong>est</strong></span> <span class='ocrx_word' id='word_1_616' title='bbox 1596 4316 1728 4368; x_wconf 87' lang='lat' dir='ltr'><strong>stib-</strong></span> 
     </span>
    </p>
   </div>
   <div class='ocr_carea' id='block_1_83' title="bbox 161 4384 1732 4454">
    <p class='ocr_par' dir='ltr' id='par_1_83' title="bbox 161 4384 1732 4454">
     <span class='ocr_line' id='line_1_83' title="bbox 161 4384 1732 4454; baseline 0 -15"><span class='ocrx_word' id='word_1_617' title='bbox 161 4392 370 4454; x_wconf 82' lang='lat' dir='ltr'><strong>stantia,</strong></span> <span class='ocrx_word' id='word_1_618' title='bbox 408 4389 524 4443; x_wconf 84' lang='lat' dir='ltr'><strong>sive</strong></span> <span class='ocrx_word' id='word_1_619' title='bbox 551 4385 909 4443; x_wconf 83' lang='lat' dir='ltr'><strong>essentia.Ad</strong></span> <span class='ocrx_word' id='word_1_620' title='bbox 949 4387 1091 4439; x_wconf 90' lang='lat' dir='ltr'><strong>liunc</strong></span> <span class='ocrx_word' id='word_1_621' title='bbox 1144 4386 1362 4439; x_wconf 89' lang='lat' dir='ltr'><strong>modum</strong></span> <span class='ocrx_word' id='word_1_622' title='bbox 1412 4384 1732 4440; x_wconf 85' lang='lat' dir='ltr'><strong>S.&#39;l‘lionias</strong></span> 
     </span>
    </p>
   </div>
   <div class='ocr_carea' id='block_1_84' title="bbox 164 4456 1731 4526">
    <p class='ocr_par' dir='ltr' id='par_1_84' title="bbox 164 4456 1731 4526">
     <span class='ocr_line' id='line_1_84' title="bbox 164 4456 1731 4526; baseline -0.001 -16"><span class='ocrx_word' id='word_1_623' title='bbox 164 4459 642 4526; x_wconf 82' lang='lat' dir='ltr'><strong>iiiterpretattir,et</strong></span> <span class='ocrx_word' id='word_1_624' title='bbox 687 4459 843 4526; x_wconf 84' lang='lat' dir='ltr'><strong>docet</strong></span> <span class='ocrx_word' id='word_1_625' title='bbox 894 4456 1324 4524; x_wconf 88' lang='lat' dir='ltr'><strong>interpretandas</strong></span> <span class='ocrx_word' id='word_1_626' title='bbox 1377 4471 1497 4509; x_wconf 84' lang='lat' dir='ltr'><strong>esse</strong></span> <span class='ocrx_word' id='word_1_627' title='bbox 1540 4457 1731 4523; x_wconf 84' lang='lat' dir='ltr'><strong>hujus-</strong></span> 
     </span>
    </p>
   </div>
   <div class='ocr_carea' id='block_1_85' title="bbox 165 4525 1730 4594">
    <p class='ocr_par' dir='ltr' id='par_1_85' title="bbox 165 4525 1730 4594">
     <span class='ocr_line' id='line_1_85' title="bbox 165 4525 1730 4594; baseline 0.001 -16"><span class='ocrx_word' id='word_1_628' title='bbox 165 4525 305 4582; x_wconf 80' lang='lat' dir='ltr'><strong>iuodi</strong></span> <span class='ocrx_word' id='word_1_629' title='bbox 333 4532 660 4589; x_wconf 74' lang='lat' dir='ltr'><strong>locutiones,</strong></span> <span class='ocrx_word' id='word_1_630' title='bbox 701 4525 754 4579; x_wconf 89' lang='lat' dir='ltr'><strong>iti</strong></span> <span class='ocrx_word' id='word_1_631' title='bbox 780 4526 1043 4594; x_wconf 88' lang='lat' dir='ltr'><strong>opusculo</strong></span> <span class='ocrx_word' id='word_1_632' title='bbox 1067 4526 1263 4579; x_wconf 86' lang='lat' dir='ltr'><strong>Contra</strong></span> <span class='ocrx_word' id='word_1_633' title='bbox 1291 4542 1489 4578; x_wconf 75' lang='lat' dir='ltr'><strong>errores</strong></span> <span class='ocrx_word' id='word_1_634' title='bbox 1515 4528 1730 4581; x_wconf 73' lang='lat' dir='ltr'><strong>erco-</strong></span> 
     </span>
    </p>
   </div>
   <div class='ocr_carea' id='block_1_86' title="bbox 163 4596 1726 4665">
    <p class='ocr_par' dir='ltr' id='par_1_86' title="bbox 163 4596 1726 4665">
     <span class='ocr_line' id='line_1_86' title="bbox 163 4596 1726 4665; baseline 0.001 -17"><span class='ocrx_word' id='word_1_635' title='bbox 163 4614 289 4659; x_wconf 85' lang='lat' dir='ltr'><strong>nuit,</strong></span> <span class='ocrx_word' id='word_1_636' title='bbox 326 4617 378 4655; x_wconf 94' lang='lat' dir='ltr'><strong>e.</strong></span> <span class='ocrx_word' id='word_1_637' title='bbox 412 4600 445 4652; x_wconf 74' lang='grc'><strong>4</strong></span> <span class='ocrx_word' id='word_1_638' title='bbox 489 4616 505 4653; x_wconf 85' lang='lat'><strong>:</strong></span> <span class='ocrx_word' id='word_1_639' title='bbox 548 4597 791 4651; x_wconf 79' lang='lat' dir='ltr'><strong>Esscutia</strong></span> <span class='ocrx_word' id='word_1_640' title='bbox 850 4606 934 4649; x_wconf 79' lang='lat' dir='ltr'><strong>est</strong></span> <span class='ocrx_word' id='word_1_641' title='bbox 969 4599 1035 4649; x_wconf 90' lang='lat' dir='ltr'><strong>de</strong></span> <span class='ocrx_word' id='word_1_642' title='bbox 1064 4597 1330 4658; x_wconf 89' lang='lat' dir='ltr'><strong>essentia,</strong></span> <span class='ocrx_word' id='word_1_643' title='bbox 1360 4597 1481 4665; x_wconf 89' lang='lat' dir='ltr'><strong>quia</strong></span> <span class='ocrx_word' id='word_1_644' title='bbox 1536 4596 1726 4661; x_wconf 81' lang='lat' dir='ltr'><strong>Fdius,</strong></span> 
     </span>
    </p>
   </div>
   <div class='ocr_carea' id='block_1_87' title="bbox 161 4666 1724 4735">
    <p class='ocr_par' dir='ltr' id='par_1_87' title="bbox 161 4666 1724 4735">
     <span class='ocr_line' id='line_1_87' title="bbox 161 4666 1724 4735; baseline 0.002 -18"><span class='ocrx_word' id='word_1_645' title='bbox 161 4670 349 4733; x_wconf 88' lang='lat' dir='ltr'><strong>quiest</strong></span> <span class='ocrx_word' id='word_1_646' title='bbox 377 4670 632 4733; x_wconf 75' lang='lat' dir='ltr'><strong>essentia,</strong></span> <span class='ocrx_word' id='word_1_647' title='bbox 666 4678 747 4721; x_wconf 88' lang='lat' dir='ltr'><strong>est</strong></span> <span class='ocrx_word' id='word_1_648' title='bbox 778 4667 843 4721; x_wconf 86' lang='lat' dir='ltr'><strong>de</strong></span> <span class='ocrx_word' id='word_1_649' title='bbox 880 4666 1040 4720; x_wconf 81' lang='lat' dir='ltr'><strong>Patre</strong></span> <span class='ocrx_word' id='word_1_650' title='bbox 1064 4706 1078 4731; x_wconf 90' lang='lat'><strong>,</strong></span> <span class='ocrx_word' id='word_1_651' title='bbox 1109 4666 1201 4735; x_wconf 88' lang='lat' dir='ltr'><strong>qui</strong></span> <span class='ocrx_word' id='word_1_652' title='bbox 1255 4676 1335 4720; x_wconf 86' lang='lat' dir='ltr'><strong>est</strong></span> <span class='ocrx_word' id='word_1_653' title='bbox 1384 4666 1571 4721; x_wconf 87' lang='lat' dir='ltr'><strong>eadem</strong></span> <span class='ocrx_word' id='word_1_654' title='bbox 1634 4685 1724 4720; x_wconf 77' lang='lat' dir='ltr'><strong>es-</strong></span> 
     </span>
    </p>
   </div>
   <div class='ocr_carea' id='block_1_88' title="bbox 163 4741 570 4793">
    <p class='ocr_par' dir='ltr' id='par_1_88' title="bbox 163 4741 570 4793">
     <span class='ocr_line' id='line_1_88' title="bbox 163 4741 570 4793; baseline 0.002 -4"><span class='ocrx_word' id='word_1_655' title='bbox 163 4744 326 4791; x_wconf 84' lang='lat' dir='ltr'><strong>sent&#39;ia</strong></span> <span class='ocrx_word' id='word_1_656' title='bbox 369 4741 570 4793; x_wconf 87' lang='lat' dir='ltr'><strong>divitia.</strong></span> 
     </span>
    </p>
   </div>
   <div class='ocr_carea' id='block_1_89' title="bbox 227 4804 1792 4886">
    <p class='ocr_par' dir='ltr' id='par_1_89' title="bbox 227 4804 1792 4886">
     <span class='ocr_line' id='line_1_89' title="bbox 227 4804 1792 4886; baseline -0.001 -27"><span class='ocrx_word' id='word_1_657' title='bbox 227 4809 302 4886; x_wconf 54' lang='grc' dir='ltr'>(ει</span> <span class='ocrx_word' id='word_1_658' title='bbox 328 4810 460 4886; x_wconf 73' lang='lat' dir='ltr'><strong>Quia</strong></span> <span class='ocrx_word' id='word_1_659' title='bbox 486 4806 719 4886; x_wconf 68' lang='lat' dir='ltr'><strong>qualitas</strong></span> <span class='ocrx_word' id='word_1_660' title='bbox 742 4807 965 4886; x_wconf 63' lang='lat' dir='ltr'><strong>(orniain</strong></span> <span class='ocrx_word' id='word_1_661' title='bbox 1002 4806 1289 4886; x_wconf 73' lang='lat' dir='ltr'><strong>signiticet,</strong></span> <span class='ocrx_word' id='word_1_662' title='bbox 1316 4822 1434 4886; x_wconf 71' lang='lat' dir='ltr'><strong>qua:</strong></span> <span class='ocrx_word' id='word_1_663' title='bbox 1460 4817 1714 4886; x_wconf 87' lang='lat' dir='ltr'><strong>tanquam</strong></span> <span class='ocrx_word' id='word_1_664' title='bbox 1750 4804 1792 4858; x_wconf 91' lang='lat' dir='ltr'><strong>D</strong></span> 
     </span>
    </p>
   </div>
   <div class='ocr_carea' id='block_1_90' title="bbox 164 4874 1719 4946">
    <p class='ocr_par' dir='ltr' id='par_1_90' title="bbox 164 4874 1719 4946">
     <span class='ocr_line' id='line_1_90' title="bbox 164 4874 1719 4946; baseline 0.001 -16"><span class='ocrx_word' id='word_1_665' title='bbox 164 4874 404 4934; x_wconf 72' lang='lat' dir='ltr'><strong>acCidens</strong></span> <span class='ocrx_word' id='word_1_666' title='bbox 437 4874 627 4932; x_wconf 81' lang='lat' dir='ltr'><strong>inalto</strong></span> <span class='ocrx_word' id='word_1_667' title='bbox 654 4878 889 4942; x_wconf 79' lang='lat' dir='ltr'><strong>exsistit,</strong></span> <span class='ocrx_word' id='word_1_668' title='bbox 924 4874 1067 4946; x_wconf 84' lang='lat' dir='ltr'><strong>quod</strong></span> <span class='ocrx_word' id='word_1_669' title='bbox 1098 4874 1164 4929; x_wconf 91' lang='lat' dir='ltr'><strong>ab</strong></span> <span class='ocrx_word' id='word_1_670' title='bbox 1194 4892 1255 4929; x_wconf 88' lang='lat' dir='ltr'><strong>ea</strong></span> <span class='ocrx_word' id='word_1_671' title='bbox 1288 4880 1446 4943; x_wconf 87' lang='lat' dir='ltr'><strong>quale</strong></span> <span class='ocrx_word' id='word_1_672' title='bbox 1473 4874 1719 4932; x_wconf 51' lang='lat' dir='ltr'><strong>nomina-</strong></span> 
     </span>
    </p>
   </div>
   <div class='ocr_carea' id='block_1_91' title="bbox 165 4946 1722 5015">
    <p class='ocr_par' dir='ltr' id='par_1_91' title="bbox 165 4946 1722 5015">
     <span class='ocr_line' id='line_1_91' title="bbox 165 4946 1722 5015; baseline 0.001 -16"><span class='ocrx_word' id='word_1_673' title='bbox 165 4956 266 5013; x_wconf 88' lang='lat' dir='ltr'><strong>tur,</strong></span> <span class='ocrx_word' id='word_1_674' title='bbox 300 4951 499 5003; x_wconf 86' lang='lat' dir='ltr'><strong>idcirco</strong></span> <span class='ocrx_word' id='word_1_675' title='bbox 533 4948 848 5002; x_wconf 84' lang='lat' dir='ltr'><strong>vocabulum</strong></span> <span class='ocrx_word' id='word_1_676' title='bbox 911 4947 1146 5001; x_wconf 77' lang='lat' dir='ltr'><strong>correxit</strong></span> <span class='ocrx_word' id='word_1_677' title='bbox 1180 4946 1433 5015; x_wconf 81' lang='lat' dir='ltr'><strong>Cyrillus.</strong></span> <span class='ocrx_word' id='word_1_678' title='bbox 1485 4962 1607 5002; x_wconf 87' lang='lat' dir='ltr'><strong>cum</strong></span> <span class='ocrx_word' id='word_1_679' title='bbox 1640 4951 1722 5001; x_wconf 89' lang='lat' dir='ltr'><strong>di-</strong></span> 
     </span>
    </p>
   </div>
   <div class='ocr_carea' id='block_1_92' title="bbox 164 5015 1721 5085">
    <p class='ocr_par' dir='ltr' id='par_1_92' title="bbox 164 5015 1721 5085">
     <span class='ocr_line' id='line_1_92' title="bbox 164 5015 1721 5085; baseline 0.001 -15"><span class='ocrx_word' id='word_1_680' title='bbox 164 5021 259 5085; x_wconf 73' lang='lat' dir='ltr'><strong>xit,</strong></span> <span class='ocrx_word' id='word_1_681' title='bbox 295 5021 362 5074; x_wconf 89' lang='lat' dir='ltr'><strong>Ut</strong></span> <span class='ocrx_word' id='word_1_682' title='bbox 390 5021 463 5073; x_wconf 83' lang='lat' dir='ltr'><strong>ita</strong></span> <span class='ocrx_word' id='word_1_683' title='bbox 496 5022 674 5073; x_wconf 87' lang='lat' dir='ltr'><strong>dicant</strong></span> <span class='ocrx_word' id='word_1_684' title='bbox 700 5033 712 5071; x_wconf 89' lang='lat'><strong>:</strong></span> <span class='ocrx_word' id='word_1_685' title='bbox 739 5028 798 5070; x_wconf 86' lang='lat' dir='ltr'><strong>ut</strong></span> <span class='ocrx_word' id='word_1_686' title='bbox 830 5022 1145 5071; x_wconf 85' lang='lat' dir='ltr'><strong>admoneret</strong></span> <span class='ocrx_word' id='word_1_687' title='bbox 1173 5015 1431 5074; x_wconf 83' lang='lat' dir='ltr'><strong>Spiritum</strong></span> <span class='ocrx_word' id='word_1_688' title='bbox 1470 5029 1721 5072; x_wconf 82' lang='lat' dir='ltr'><strong>sanctum</strong></span> 
     </span>
    </p>
   </div>
   <div class='ocr_carea' id='block_1_93' title="bbox 162 5088 1723 5156">
    <p class='ocr_par' dir='ltr' id='par_1_93' title="bbox 162 5088 1723 5156">
     <span class='ocr_line' id='line_1_93' title="bbox 162 5088 1723 5156; baseline 0.001 -17"><span class='ocrx_word' id='word_1_689' title='bbox 162 5106 265 5142; x_wconf 82' lang='lat' dir='ltr'><strong>non</strong></span> <span class='ocrx_word' id='word_1_690' title='bbox 291 5092 629 5156; x_wconf 86' lang='lat' dir='ltr'><strong>qualitatem,</strong></span> <span class='ocrx_word' id='word_1_691' title='bbox 660 5088 751 5141; x_wconf 87' lang='lat' dir='ltr'><strong>sed</strong></span> <span class='ocrx_word' id='word_1_692' title='bbox 775 5104 955 5141; x_wconf 84' lang='lat' dir='ltr'><strong>verant</strong></span> <span class='ocrx_word' id='word_1_693' title='bbox 974 5098 1027 5142; x_wconf 91' lang='lat' dir='ltr'><strong>et</strong></span> <span class='ocrx_word' id='word_1_694' title='bbox 1051 5088 1341 5153; x_wconf 84' lang='lat' dir='ltr'><strong>perlectam</strong></span> <span class='ocrx_word' id='word_1_695' title='bbox 1365 5090 1723 5142; x_wconf 83' lang='lat' dir='ltr'><strong>substantiam</strong></span> 
     </span>
    </p>
   </div>
   <div class='ocr_carea' id='block_1_94' title="bbox 162 5157 1724 5226">
    <p class='ocr_par' dir='ltr' id='par_1_94' title="bbox 162 5157 1724 5226">
     <span class='ocr_line' id='line_1_94' title="bbox 162 5157 1724 5226; baseline 0 -17"><span class='ocrx_word' id='word_1_696' title='bbox 162 5174 298 5212; x_wconf 79' lang='lat' dir='ltr'><strong>esse.</strong></span> <span class='ocrx_word' id='word_1_697' title='bbox 329 5162 438 5213; x_wconf 84' lang='lat' dir='ltr'><strong>Cur</strong></span> <span class='ocrx_word' id='word_1_698' title='bbox 498 5170 678 5211; x_wconf 87' lang='lat' dir='ltr'><strong>autem</strong></span> <span class='ocrx_word' id='word_1_699' title='bbox 714 5160 1025 5226; x_wconf 83' lang='lat' dir='ltr'><strong>qualitatem</strong></span> <span class='ocrx_word' id='word_1_700' title='bbox 1080 5157 1375 5225; x_wconf 82' lang='lat' dir='ltr'><strong>symbolice</strong></span> <span class='ocrx_word' id='word_1_701' title='bbox 1430 5172 1724 5221; x_wconf 75' lang='lat' dir='ltr'><strong>Vocavertt,</strong></span> 
     </span>
    </p>
   </div>
   <div class='ocr_carea' id='block_1_95' title="bbox 166 5228 1725 5300">
    <p class='ocr_par' dir='ltr' id='par_1_95' title="bbox 166 5228 1725 5300">
     <span class='ocr_line' id='line_1_95' title="bbox 166 5228 1725 5300; baseline 0.003 -22"><span class='ocrx_word' id='word_1_702' title='bbox 166 5231 382 5300; x_wconf 81' lang='lat' dir='ltr'><strong>intelligi</strong></span> <span class='ocrx_word' id='word_1_703' title='bbox 416 5240 589 5298; x_wconf 85' lang='lat' dir='ltr'><strong>potest</strong></span> <span class='ocrx_word' id='word_1_704' title='bbox 615 5246 679 5283; x_wconf 76' lang='lat' dir='ltr'><strong>ett</strong></span> <span class='ocrx_word' id='word_1_705' title='bbox 709 5243 772 5281; x_wconf 90' lang='lat' dir='ltr'><strong>eo</strong></span> <span class='ocrx_word' id='word_1_706' title='bbox 798 5232 939 5296; x_wconf 91' lang='lat' dir='ltr'><strong>quod</strong></span> <span class='ocrx_word' id='word_1_707' title='bbox 960 5228 1118 5296; x_wconf 89' lang='lat' dir='ltr'><strong>paulo</strong></span> <span class='ocrx_word' id='word_1_708' title='bbox 1145 5235 1262 5300; x_wconf 68' lang='lat' dir='ltr'><strong>post</strong></span> <span class='ocrx_word' id='word_1_709' title='bbox 1297 5228 1374 5280; x_wconf 91' lang='lat' dir='ltr'><strong>ait</strong></span> <span class='ocrx_word' id='word_1_710' title='bbox 1396 5243 1431 5300; x_wconf 10' lang='lat'><strong>:7</strong></span> <span class='ocrx_word' id='word_1_711' title='bbox 1453 5229 1603 5282; x_wconf 83' lang='lat' dir='ltr'><strong>Sicut</strong></span> <span class='ocrx_word' id='word_1_712' title='bbox 1632 5232 1725 5299; x_wconf 88' lang='lat' dir='ltr'><strong>qui</strong></span> 
     </span>
    </p>
   </div>
   <div class='ocr_carea' id='block_1_96' title="bbox 166 5297 1727 5369">
    <p class='ocr_par' dir='ltr' id='par_1_96' title="bbox 166 5297 1727 5369">
     <span class='ocr_line' id='line_1_96' title="bbox 166 5297 1727 5369; baseline 0.003 -21"><span class='ocrx_word' id='word_1_713' title='bbox 166 5302 287 5363; x_wconf 86' lang='lat' dir='ltr'><strong>mel,</strong></span> <span class='ocrx_word' id='word_1_714' title='bbox 324 5297 514 5369; x_wconf 81' lang='lat' dir='ltr'><strong>inquit,</strong></span> <span class='ocrx_word' id='word_1_715' title='bbox 572 5301 957 5368; x_wconf 87' lang='lat' dir='ltr'><strong>dcgtistarunt,</strong></span> <span class='ocrx_word' id='word_1_716' title='bbox 990 5315 1056 5352; x_wconf 75' lang='lat' dir='ltr'><strong>ex</strong></span> <span class='ocrx_word' id='word_1_717' title='bbox 1087 5297 1351 5369; x_wconf 83' lang='lat' dir='ltr'><strong>qualitate</strong></span> <span class='ocrx_word' id='word_1_718' title='bbox 1388 5299 1507 5367; x_wconf 82' lang='lat' dir='ltr'><strong>ejus</strong></span> <span class='ocrx_word' id='word_1_719' title='bbox 1531 5297 1727 5366; x_wconf 75' lang='lat' dir='ltr'><strong>cogno-</strong></span> 
     </span>
    </p>
   </div>
   <div class='ocr_carea' id='block_1_97' title="bbox 168 5367 1728 5437">
    <p class='ocr_par' dir='ltr' id='par_1_97' title="bbox 168 5367 1728 5437">
     <span class='ocr_line' id='line_1_97' title="bbox 168 5367 1728 5437; baseline 0.003 -18"><span class='ocrx_word' id='word_1_720' title='bbox 168 5381 350 5423; x_wconf 79' lang='lat' dir='ltr'><strong>verunt</strong></span> <span class='ocrx_word' id='word_1_721' title='bbox 397 5367 507 5424; x_wconf 83' lang='lat' dir='ltr'><strong>incl</strong></span> <span class='ocrx_word' id='word_1_722' title='bbox 538 5367 660 5422; x_wconf 84' lang='lat' dir='ltr'><strong>esse</strong></span> <span class='ocrx_word' id='word_1_723' title='bbox 692 5371 889 5433; x_wconf 85' lang='lat' dir='ltr'><strong>dulce;</strong></span> <span class='ocrx_word' id='word_1_724' title='bbox 931 5373 1029 5430; x_wconf 86' lang='lat' dir='ltr'><strong>sic,</strong></span> <span class='ocrx_word' id='word_1_725' title='bbox 1079 5367 1272 5435; x_wconf 87' lang='lat' dir='ltr'><strong>inquit,</strong></span> <span class='ocrx_word' id='word_1_726' title='bbox 1323 5369 1413 5434; x_wconf 90' lang='lat' dir='ltr'><strong>qui</strong></span> <span class='ocrx_word' id='word_1_727' title='bbox 1460 5370 1728 5437; x_wconf 88' lang='lat' dir='ltr'><strong>particeps</strong></span> 
     </span>
    </p>
   </div>
   <div class='ocr_carea' id='block_1_98' title="bbox 166 5438 1730 5503">
    <p class='ocr_par' dir='ltr' id='par_1_98' title="bbox 166 5438 1730 5503">
     <span class='ocr_line' id='line_1_98' title="bbox 166 5438 1730 5503; baseline 0 -14"><span class='ocrx_word' id='word_1_728' title='bbox 166 5438 390 5503; x_wconf 79' lang='lat' dir='ltr'><strong>Spiritus</strong></span> <span class='ocrx_word' id='word_1_729' title='bbox 413 5441 584 5493; x_wconf 80' lang='lat' dir='ltr'><strong>sancti</strong></span> <span class='ocrx_word' id='word_1_730' title='bbox 609 5450 712 5503; x_wconf 60' lang='lat' dir='ltr'><strong>est,</strong></span> <span class='ocrx_word' id='word_1_731' title='bbox 744 5449 890 5491; x_wconf 81' lang='grc' dir='ltr'>ιιονιι</span> <span class='ocrx_word' id='word_1_732' title='bbox 913 5438 1193 5491; x_wconf 89' lang='lat' dir='ltr'><strong>Dominum</strong></span> <span class='ocrx_word' id='word_1_733' title='bbox 1215 5438 1419 5502; x_wconf 80' lang='lat' dir='ltr'><strong>Jesutti,</strong></span> <span class='ocrx_word' id='word_1_734' title='bbox 1439 5443 1576 5491; x_wconf 81' lang='lat' dir='ltr'><strong>stetit</strong></span> <span class='ocrx_word' id='word_1_735' title='bbox 1594 5454 1730 5492; x_wconf 87' lang='lat' dir='ltr'><strong>scri-</strong></span> 
     </span>
    </p>
   </div>
   <div class='ocr_carea' id='block_1_99' title="bbox 165 5507 1727 5577">
    <p class='ocr_par' dir='ltr' id='par_1_99' title="bbox 165 5507 1727 5577">
     <span class='ocr_line' id='line_1_99' title="bbox 165 5507 1727 5577; baseline 0.006 -24"><span class='ocrx_word' id='word_1_736' title='bbox 165 5519 310 5577; x_wconf 83' lang='lat' dir='ltr'><strong>ptum</strong></span> <span class='ocrx_word' id='word_1_737' title='bbox 342 5524 442 5564; x_wconf 82' lang='lat' dir='ltr'><strong>est:</strong></span> <span class='ocrx_word' id='word_1_738' title='bbox 479 5509 648 5564; x_wconf 82' lang='lat' dir='ltr'><strong>Nemo</strong></span> <span class='ocrx_word' id='word_1_739' title='bbox 679 5518 853 5577; x_wconf 87' lang='lat' dir='ltr'><strong>potest</strong></span> <span class='ocrx_word' id='word_1_740' title='bbox 883 5511 1089 5570; x_wconf 88' lang='lat' dir='ltr'><strong>dicere,</strong></span> <span class='ocrx_word' id='word_1_741' title='bbox 1126 5509 1384 5561; x_wconf 86' lang='lat' dir='ltr'><strong>Dominus</strong></span> <span class='ocrx_word' id='word_1_742' title='bbox 1410 5507 1593 5570; x_wconf 80' lang='lat' dir='ltr'><strong>Jesus,</strong></span> <span class='ocrx_word' id='word_1_743' title='bbox 1622 5510 1727 5562; x_wconf 89' lang='lat' dir='ltr'><strong>nisi</strong></span> 
     </span>
    </p>
   </div>
   <div class='ocr_carea' id='block_1_100' title="bbox 168 5576 1731 5649">
    <p class='ocr_par' dir='ltr' id='par_1_100' title="bbox 168 5576 1731 5649">
     <span class='ocr_line' id='line_1_100' title="bbox 168 5576 1731 5649; baseline 0.003 -21"><span class='ocrx_word' id='word_1_744' title='bbox 168 5591 214 5628; x_wconf 83' lang='grc' dir='ltr'><strong>ιιι</strong></span> <span class='ocrx_word' id='word_1_745' title='bbox 246 5576 444 5644; x_wconf 84' lang='lat' dir='ltr'><strong>Spiritu</strong></span> <span class='ocrx_word' id='word_1_746' title='bbox 488 5576 697 5635; x_wconf 79' lang='lat' dir='ltr'><strong>sancto.</strong></span> <span class='ocrx_word' id='word_1_747' title='bbox 734 5578 799 5633; x_wconf 92' lang='lat' dir='ltr'><strong>Ut</strong></span> <span class='ocrx_word' id='word_1_748' title='bbox 830 5580 993 5649; x_wconf 87' lang='lat' dir='ltr'><strong>igitur</strong></span> <span class='ocrx_word' id='word_1_749' title='bbox 1021 5592 1087 5631; x_wconf 79' lang='lat' dir='ltr'><strong>ex</strong></span> <span class='ocrx_word' id='word_1_750' title='bbox 1141 5578 1427 5631; x_wconf 71' lang='lat' dir='ltr'><strong>dulcedine.</strong></span> <span class='ocrx_word' id='word_1_751' title='bbox 1470 5582 1731 5646; x_wconf 71' lang='lat' dir='ltr'><strong>qualitate</strong></span> 
     </span>
    </p>
   </div>
   <div class='ocr_carea' id='block_1_101' title="bbox 167 5650 1733 5720">
    <p class='ocr_par' dir='ltr' id='par_1_101' title="bbox 167 5650 1733 5720">
     <span class='ocr_line' id='line_1_101' title="bbox 167 5650 1733 5720; baseline 0.001 -20"><span class='ocrx_word' id='word_1_752' title='bbox 167 5653 497 5704; x_wconf 79' lang='lat' dir='ltr'><strong>stibstaiitiali</strong></span> <span class='ocrx_word' id='word_1_753' title='bbox 530 5651 701 5704; x_wconf 69' lang='lat' dir='ltr'><strong>nietlis</strong></span> <span class='ocrx_word' id='word_1_754' title='bbox 729 5653 1073 5718; x_wconf 82' lang='lat' dir='ltr'><strong>cognoscitur</strong></span> <span class='ocrx_word' id='word_1_755' title='bbox 1101 5652 1226 5712; x_wconf 84' lang='lat' dir='ltr'><strong>mel,</strong></span> <span class='ocrx_word' id='word_1_756' title='bbox 1259 5651 1339 5703; x_wconf 89' lang='lat' dir='ltr'><strong>sic</strong></span> <span class='ocrx_word' id='word_1_757' title='bbox 1365 5650 1452 5719; x_wconf 91' lang='lat' dir='ltr'><strong>qui</strong></span> <span class='ocrx_word' id='word_1_758' title='bbox 1479 5657 1733 5720; x_wconf 84' lang='lat' dir='ltr'><strong>cognovit</strong></span> 
     </span>
    </p>
   </div>
   <div class='ocr_carea' id='block_1_102' title="bbox 1826 3967 3394 4037">
    <p class='ocr_par' dir='ltr' id='par_1_102' title="bbox 1826 3967 3394 4037">
     <span class='ocr_line' id='line_1_102' title="bbox 1826 3967 3394 4037; baseline 0.002 -16"><span class='ocrx_word' id='word_1_759' title='bbox 1826 3970 2079 4021; x_wconf 81' lang='lat' dir='ltr'><strong>virtutem</strong></span> <span class='ocrx_word' id='word_1_760' title='bbox 2122 3967 2361 4037; x_wconf 85' lang='lat' dir='ltr'><strong>Spiritus</strong></span> <span class='ocrx_word' id='word_1_761' title='bbox 2418 3969 2592 4023; x_wconf 84' lang='lat' dir='ltr'><strong>sancti</strong></span> <span class='ocrx_word' id='word_1_762' title='bbox 2630 3967 2919 4028; x_wconf 80' lang='lat' dir='ltr'><strong>viventem.</strong></span> <span class='ocrx_word' id='word_1_763' title='bbox 2952 3974 3008 4019; x_wconf 87' lang='lat' dir='ltr'><strong>et</strong></span> <span class='ocrx_word' id='word_1_764' title='bbox 3039 3983 3132 4036; x_wconf 85' lang='lat' dir='ltr'><strong>per</strong></span> <span class='ocrx_word' id='word_1_765' title='bbox 3162 3984 3221 4024; x_wconf 91' lang='lat' dir='ltr'><strong>se</strong></span> <span class='ocrx_word' id='word_1_766' title='bbox 3247 3975 3394 4025; x_wconf 78' lang='lat' dir='ltr'><strong>exsi-</strong></span> 
     </span>
    </p>
   </div>
   <div class='ocr_carea' id='block_1_103' title="bbox 1827 4038 3401 4107">
    <p class='ocr_par' dir='ltr' id='par_1_103' title="bbox 1827 4038 3401 4107">
     <span class='ocr_line' id='line_1_103' title="bbox 1827 4038 3401 4107; baseline 0.003 -15"><span class='ocrx_word' id='word_1_767' title='bbox 1827 4050 2081 4103; x_wconf 81' lang='lat' dir='ltr'><strong>stentem,</strong></span> <span class='ocrx_word' id='word_1_768' title='bbox 2144 4054 2264 4105; x_wconf 69' lang='lat' dir='ltr'><strong>qute</strong></span> <span class='ocrx_word' id='word_1_769' title='bbox 2296 4050 2378 4093; x_wconf 90' lang='lat' dir='ltr'><strong>est</strong></span> <span class='ocrx_word' id='word_1_770' title='bbox 2412 4041 2523 4107; x_wconf 87' lang='lat' dir='ltr'><strong>ipsa</strong></span> <span class='ocrx_word' id='word_1_771' title='bbox 2558 4038 2736 4091; x_wconf 88' lang='lat' dir='ltr'><strong>divitia</strong></span> <span class='ocrx_word' id='word_1_772' title='bbox 2789 4038 3117 4097; x_wconf 84' lang='lat' dir='ltr'><strong>substantia,</strong></span> <span class='ocrx_word' id='word_1_773' title='bbox 3173 4044 3319 4094; x_wconf 86' lang='lat' dir='ltr'><strong>novit</strong></span> <span class='ocrx_word' id='word_1_774' title='bbox 3348 4054 3401 4096; x_wconf 85' lang='lat' dir='ltr'><strong>et</strong></span> 
     </span>
    </p>
   </div>
   <div class='ocr_carea' id='block_1_104' title="bbox 1830 4107 3399 4175">
    <p class='ocr_par' dir='ltr' id='par_1_104' title="bbox 1830 4107 3399 4175">
     <span class='ocr_line' id='line_1_104' title="bbox 1830 4107 3399 4175; baseline 0.003 -14"><span class='ocrx_word' id='word_1_775' title='bbox 1830 4108 2020 4161; x_wconf 74' lang='lat' dir='ltr'><strong>Filium</strong></span> <span class='ocrx_word' id='word_1_776' title='bbox 2064 4118 2118 4162; x_wconf 90' lang='lat' dir='ltr'><strong>et</strong></span> <span class='ocrx_word' id='word_1_777' title='bbox 2162 4108 2401 4172; x_wconf 84' lang='lat' dir='ltr'><strong>Patrem,</strong></span> <span class='ocrx_word' id='word_1_778' title='bbox 2455 4107 2583 4175; x_wconf 87' lang='lat' dir='ltr'><strong>quia</strong></span> <span class='ocrx_word' id='word_1_779' title='bbox 2614 4116 2744 4161; x_wconf 87' lang='lat' dir='ltr'><strong>sunt</strong></span> <span class='ocrx_word' id='word_1_780' title='bbox 2797 4123 2984 4159; x_wconf 88' lang='lat' dir='ltr'><strong>unum.</strong></span> <span class='ocrx_word' id='word_1_781' title='bbox 3025 4107 3179 4173; x_wconf 88' lang='lat' dir='ltr'><strong>Quod</strong></span> <span class='ocrx_word' id='word_1_782' title='bbox 3218 4122 3399 4166; x_wconf 66' lang='lat' dir='ltr'><strong>autc-ni</strong></span> 
     </span>
    </p>
   </div>
   <div class='ocr_carea' id='block_1_105' title="bbox 1829 4176 3397 4247">
    <p class='ocr_par' dir='ltr' id='par_1_105' title="bbox 1829 4176 3397 4247">
     <span class='ocr_line' id='line_1_105' title="bbox 1829 4176 3397 4247; baseline 0.003 -17"><span class='ocrx_word' id='word_1_783' title='bbox 1829 4176 2089 4241; x_wconf 87' lang='lat' dir='ltr'><strong>Spiritum</strong></span> <span class='ocrx_word' id='word_1_784' title='bbox 2147 4188 2400 4231; x_wconf 88' lang='lat' dir='ltr'><strong>sanetum</strong></span> <span class='ocrx_word' id='word_1_785' title='bbox 2434 4178 2569 4230; x_wconf 89' lang='lat' dir='ltr'><strong>dicit</strong></span> <span class='ocrx_word' id='word_1_786' title='bbox 2612 4192 2734 4231; x_wconf 86' lang='lat' dir='ltr'><strong>esse</strong></span> <span class='ocrx_word' id='word_1_787' title='bbox 2770 4176 3071 4230; x_wconf 86' lang='lat' dir='ltr'><strong>naturalem</strong></span> <span class='ocrx_word' id='word_1_788' title='bbox 3100 4181 3397 4247; x_wconf 73' lang='lat' dir='ltr'><strong>energima,</strong></span> 
     </span>
    </p>
   </div>
   <div class='ocr_carea' id='block_1_106' title="bbox 1827 4247 3400 4317">
    <p class='ocr_par' dir='ltr' id='par_1_106' title="bbox 1827 4247 3400 4317">
     <span class='ocr_line' id='line_1_106' title="bbox 1827 4247 3400 4317; baseline 0.001 -15"><span class='ocrx_word' id='word_1_789' title='bbox 1827 4252 1943 4302; x_wconf 86' lang='lat' dir='ltr'><strong>sive</strong></span> <span class='ocrx_word' id='word_1_790' title='bbox 1971 4249 2251 4311; x_wconf 87' lang='lat' dir='ltr'><strong>virtutem,</strong></span> <span class='ocrx_word' id='word_1_791' title='bbox 2280 4263 2387 4301; x_wconf 89' lang='lat' dir='ltr'><strong>non</strong></span> <span class='ocrx_word' id='word_1_792' title='bbox 2413 4248 2611 4301; x_wconf 89' lang='lat' dir='ltr'><strong>dicitur</strong></span> <span class='ocrx_word' id='word_1_793' title='bbox 2634 4247 2898 4317; x_wconf 85' lang='lat' dir='ltr'><strong>naturalis</strong></span> <span class='ocrx_word' id='word_1_794' title='bbox 2926 4258 3164 4317; x_wconf 5' lang='lat' dir='ltr'><strong>agitalnra</strong></span> <span class='ocrx_word' id='word_1_795' title='bbox 3192 4263 3400 4317; x_wconf 89' lang='lat' dir='ltr'><strong>creata,</strong></span> 
     </span>
    </p>
   </div>
   <div class='ocr_carea' id='block_1_107' title="bbox 1830 4316 3402 4385">
    <p class='ocr_par' dir='ltr' id='par_1_107' title="bbox 1830 4316 3402 4385">
     <span class='ocr_line' id='line_1_107' title="bbox 1830 4316 3402 4385; baseline -0.001 -14"><span class='ocrx_word' id='word_1_796' title='bbox 1830 4320 1926 4372; x_wconf 84' lang='lat' dir='ltr'><strong>sed</strong></span> <span class='ocrx_word' id='word_1_797' title='bbox 1955 4336 1982 4371; x_wconf 91' lang='lat' dir='ltr'><strong>a</strong></span> <span class='ocrx_word' id='word_1_798' title='bbox 2014 4331 2206 4371; x_wconf 87' lang='lat' dir='ltr'><strong>natura</strong></span> <span class='ocrx_word' id='word_1_799' title='bbox 2234 4318 2471 4371; x_wconf 86' lang='lat' dir='ltr'><strong>increata</strong></span> <span class='ocrx_word' id='word_1_800' title='bbox 2500 4334 2515 4377; x_wconf 67' lang='grc' dir='ltr'>ς</span> <span class='ocrx_word' id='word_1_801' title='bbox 2551 4325 2633 4369; x_wconf 88' lang='lat' dir='ltr'><strong>est</strong></span> <span class='ocrx_word' id='word_1_802' title='bbox 2659 4320 2801 4369; x_wconf 89' lang='lat' dir='ltr'><strong>enini</strong></span> <span class='ocrx_word' id='word_1_803' title='bbox 2827 4316 3065 4385; x_wconf 90' lang='lat' dir='ltr'><strong>Spiritus</strong></span> <span class='ocrx_word' id='word_1_804' title='bbox 3098 4330 3318 4375; x_wconf 88' lang='lat' dir='ltr'><strong>sanctus</strong></span> <span class='ocrx_word' id='word_1_805' title='bbox 3343 4316 3402 4376; x_wconf 69' lang='lat' dir='ltr'><strong>ie</strong></span> 
     </span>
    </p>
   </div>
   <div class='ocr_carea' id='block_1_108' title="bbox 1833 4387 3402 4456">
    <p class='ocr_par' dir='ltr' id='par_1_108' title="bbox 1833 4387 3402 4456">
     <span class='ocr_line' id='line_1_108' title="bbox 1833 4387 3402 4456; baseline 0.002 -15"><span class='ocrx_word' id='word_1_806' title='bbox 1833 4399 2026 4441; x_wconf 89' lang='lat' dir='ltr'><strong>natura</strong></span> <span class='ocrx_word' id='word_1_807' title='bbox 2064 4390 2176 4456; x_wconf 88' lang='lat' dir='ltr'><strong>ipsa</strong></span> <span class='ocrx_word' id='word_1_808' title='bbox 2231 4388 2433 4441; x_wconf 87' lang='lat' dir='ltr'><strong>divina.</strong></span> <span class='ocrx_word' id='word_1_809' title='bbox 2493 4387 2722 4448; x_wconf 77' lang='lat' dir='ltr'><strong>Rursus,</strong></span> <span class='ocrx_word' id='word_1_810' title='bbox 2751 4401 2873 4439; x_wconf 90' lang='lat' dir='ltr'><strong>cum</strong></span> <span class='ocrx_word' id='word_1_811' title='bbox 2905 4387 3035 4439; x_wconf 89' lang='lat' dir='ltr'><strong>dicit</strong></span> <span class='ocrx_word' id='word_1_812' title='bbox 3087 4402 3205 4440; x_wconf 82' lang='lat' dir='ltr'><strong>esse</strong></span> <span class='ocrx_word' id='word_1_813' title='bbox 3240 4406 3402 4444; x_wconf 86' lang='lat' dir='ltr'><strong>euer-</strong></span> 
     </span>
    </p>
   </div>
   <div class='ocr_carea' id='block_1_109' title="bbox 1831 4458 3402 4525">
    <p class='ocr_par' dir='ltr' id='par_1_109' title="bbox 1831 4458 3402 4525">
     <span class='ocr_line' id='line_1_109' title="bbox 1831 4458 3402 4525; baseline 0.003 -16"><span class='ocrx_word' id='word_1_814' title='bbox 1831 4460 2116 4524; x_wconf 83' lang='lat' dir='ltr'><strong>giani,sive</strong></span> <span class='ocrx_word' id='word_1_815' title='bbox 2150 4459 2405 4510; x_wconf 88' lang='lat' dir='ltr'><strong>virtutem</strong></span> <span class='ocrx_word' id='word_1_816' title='bbox 2432 4458 2721 4519; x_wconf 86' lang='lat' dir='ltr'><strong>viventem,</strong></span> <span class='ocrx_word' id='word_1_817' title='bbox 2751 4468 2804 4509; x_wconf 93' lang='lat' dir='ltr'><strong>ct</strong></span> <span class='ocrx_word' id='word_1_818' title='bbox 2826 4472 2921 4523; x_wconf 87' lang='lat' dir='ltr'><strong>per</strong></span> <span class='ocrx_word' id='word_1_819' title='bbox 2936 4472 2994 4509; x_wconf 89' lang='lat' dir='ltr'><strong>se</strong></span> <span class='ocrx_word' id='word_1_820' title='bbox 3022 4458 3402 4525; x_wconf 83' lang='lat' dir='ltr'><strong>exsistentcni,</strong></span> 
     </span>
    </p>
   </div>
   <div class='ocr_carea' id='block_1_110' title="bbox 1831 4527 3400 4595">
    <p class='ocr_par' dir='ltr' id='par_1_110' title="bbox 1831 4527 3400 4595">
     <span class='ocr_line' id='line_1_110' title="bbox 1831 4527 3400 4595; baseline 0.003 -18"><span class='ocrx_word' id='word_1_821' title='bbox 1831 4529 1993 4581; x_wconf 88' lang='lat' dir='ltr'><strong>veluti</strong></span> <span class='ocrx_word' id='word_1_822' title='bbox 2017 4528 2354 4595; x_wconf 88' lang='lat' dir='ltr'><strong>qualitatem,</strong></span> <span class='ocrx_word' id='word_1_823' title='bbox 2382 4537 2441 4579; x_wconf 89' lang='lat' dir='ltr'><strong>ut</strong></span> <span class='ocrx_word' id='word_1_824' title='bbox 2482 4530 2551 4581; x_wconf 90' lang='lat' dir='ltr'><strong>ita</strong></span> <span class='ocrx_word' id='word_1_825' title='bbox 2578 4528 2776 4586; x_wconf 88' lang='lat' dir='ltr'><strong>dicam,</strong></span> <span class='ocrx_word' id='word_1_826' title='bbox 2809 4527 3113 4581; x_wconf 81' lang='lat' dir='ltr'><strong>divinitatis</strong></span> <span class='ocrx_word' id='word_1_827' title='bbox 3132 4528 3250 4581; x_wconf 82' lang='lat' dir='ltr'><strong>Filii</strong></span> <span class='ocrx_word' id='word_1_828' title='bbox 3285 4530 3400 4591; x_wconf 85' lang='lat' dir='ltr'><strong>Dei;</strong></span> 
     </span>
    </p>
   </div>
   <div class='ocr_carea' id='block_1_111' title="bbox 1828 4596 3401 4667">
    <p class='ocr_par' dir='ltr' id='par_1_111' title="bbox 1828 4596 3401 4667">
     <span class='ocr_line' id='line_1_111' title="bbox 1828 4596 3401 4667; baseline 0.003 -18"><span class='ocrx_word' id='word_1_829' title='bbox 1828 4600 1900 4651; x_wconf 84' lang='lat' dir='ltr'><strong>ita</strong></span> <span class='ocrx_word' id='word_1_830' title='bbox 1929 4600 2081 4661; x_wconf 88' lang='lat' dir='ltr'><strong>dicit,</strong></span> <span class='ocrx_word' id='word_1_831' title='bbox 2102 4600 2229 4666; x_wconf 88' lang='lat' dir='ltr'><strong>quia</strong></span> <span class='ocrx_word' id='word_1_832' title='bbox 2255 4607 2313 4652; x_wconf 89' lang='lat' dir='ltr'><strong>ut</strong></span> <span class='ocrx_word' id='word_1_833' title='bbox 2336 4597 2842 4667; x_wconf 43' lang='lat' dir='ltr'><strong>aigidetiiCyrilliis,</strong></span> <span class='ocrx_word' id='word_1_834' title='bbox 2869 4597 2965 4649; x_wconf 90' lang='lat' dir='ltr'><strong>lib.</strong></span> <span class='ocrx_word' id='word_1_835' title='bbox 2997 4614 3088 4651; x_wconf 78' lang='lat' dir='ltr'><strong>XIV</strong></span> <span class='ocrx_word' id='word_1_836' title='bbox 3122 4596 3401 4667; x_wconf 71' lang='lat' dir='ltr'><strong>Thesauri,</strong></span> 
     </span>
    </p>
   </div>
   <div class='ocr_carea' id='block_1_112' title="bbox 1827 4666 3402 4736">
    <p class='ocr_par' dir='ltr' id='par_1_112' title="bbox 1827 4666 3402 4736">
     <span class='ocr_line' id='line_1_112' title="bbox 1827 4666 3402 4736; baseline 0.001 -16"><span class='ocrx_word' id='word_1_837' title='bbox 1827 4683 1890 4721; x_wconf 79' lang='lat' dir='ltr'><strong>ex</strong></span> <span class='ocrx_word' id='word_1_838' title='bbox 1923 4670 2100 4721; x_wconf 89' lang='lat' dir='ltr'><strong>divitia</strong></span> <span class='ocrx_word' id='word_1_839' title='bbox 2127 4672 2364 4722; x_wconf 86' lang='lat' dir='ltr'><strong>essentia</strong></span> <span class='ocrx_word' id='word_1_840' title='bbox 2396 4666 2515 4719; x_wconf 86' lang='lat' dir='ltr'><strong>Filii</strong></span> <span class='ocrx_word' id='word_1_841' title='bbox 2551 4669 2664 4736; x_wconf 88' lang='lat' dir='ltr'><strong>(qui</strong></span> <span class='ocrx_word' id='word_1_842' title='bbox 2698 4667 2908 4721; x_wconf 87' lang='lat' dir='ltr'><strong>scilicet</strong></span> <span class='ocrx_word' id='word_1_843' title='bbox 2940 4667 3111 4735; x_wconf 83' lang='lat' dir='ltr'><strong>spirat</strong></span> <span class='ocrx_word' id='word_1_844' title='bbox 3142 4666 3402 4735; x_wconf 80' lang='lat' dir='ltr'><strong>Spiritum</strong></span> 
     </span>
    </p>
   </div>
   <div class='ocr_carea' id='block_1_113' title="bbox 1825 4736 3401 4807">
    <p class='ocr_par' dir='ltr' id='par_1_113' title="bbox 1825 4736 3401 4807">
     <span class='ocr_line' id='line_1_113' title="bbox 1825 4736 3401 4807; baseline 0.002 -16"><span class='ocrx_word' id='word_1_845' title='bbox 1825 4736 2094 4807; x_wconf 87' lang='lat' dir='ltr'><strong>Sanctum)</strong></span> <span class='ocrx_word' id='word_1_846' title='bbox 2131 4750 2387 4807; x_wconf 86' lang='lat' dir='ltr'><strong>tanquam</strong></span> <span class='ocrx_word' id='word_1_847' title='bbox 2426 4739 2598 4791; x_wconf 85' lang='lat' dir='ltr'><strong>virttis</strong></span> <span class='ocrx_word' id='word_1_848' title='bbox 2635 4739 2754 4803; x_wconf 83' lang='lat' dir='ltr'><strong>ejus</strong></span> <span class='ocrx_word' id='word_1_849' title='bbox 2789 4738 3107 4789; x_wconf 89' lang='lat' dir='ltr'><strong>naturaliter</strong></span> <span class='ocrx_word' id='word_1_850' title='bbox 3136 4746 3401 4807; x_wconf 69' lang='lat' dir='ltr'><strong>emanat).</strong></span> 
     </span>
    </p>
   </div>
   <div class='ocr_carea' id='block_1_114' title="bbox 1894 4807 3405 4879">
    <p class='ocr_par' dir='ltr' id='par_1_114' title="bbox 1894 4807 3405 4879">
     <span class='ocr_line' id='line_1_114' title="bbox 1894 4807 3405 4879; baseline 0.002 -18"><span class='ocrx_word' id='word_1_851' title='bbox 1894 4809 1972 4875; x_wconf 72' lang='grc' dir='ltr'><strong>(ὅ)</strong></span> <span class='ocrx_word' id='word_1_852' title='bbox 2004 4807 2149 4861; x_wconf 83' lang='lat' dir='ltr'><strong>Velut</strong></span> <span class='ocrx_word' id='word_1_853' title='bbox 2173 4811 2404 4875; x_wconf 74' lang='lat' dir='ltr'><strong>fructum</strong></span> <span class='ocrx_word' id='word_1_854' title='bbox 2446 4810 2723 4875; x_wconf 87' lang='lat' dir='ltr'><strong>quemdam</strong></span> <span class='ocrx_word' id='word_1_855' title='bbox 2751 4808 2942 4861; x_wconf 70' lang='lat' dir='ltr'><strong>divina:</strong></span> <span class='ocrx_word' id='word_1_856' title='bbox 2960 4808 3405 4879; x_wconf 71' lang='lat' dir='ltr'><strong>substuittia,qut</strong></span> 
     </span>
    </p>
   </div>
   <div class='ocr_carea' id='block_1_115' title="bbox 1821 4878 3406 4949">
    <p class='ocr_par' dir='ltr' id='par_1_115' title="bbox 1821 4878 3406 4949">
     <span class='ocr_line' id='line_1_115' title="bbox 1821 4878 3406 4949; baseline 0.002 -20"><span class='ocrx_word' id='word_1_857' title='bbox 1821 4878 1875 4930; x_wconf 80' lang='lat' dir='ltr'><strong>in</strong></span> <span class='ocrx_word' id='word_1_858' title='bbox 1907 4880 2019 4945; x_wconf 80' lang='lat' dir='ltr'><strong>ipsa</strong></span> <span class='ocrx_word' id='word_1_859' title='bbox 2048 4880 2277 4941; x_wconf 71' lang='lat' dir='ltr'><strong>exsistit,</strong></span> <span class='ocrx_word' id='word_1_860' title='bbox 2319 4889 2382 4949; x_wconf 83' lang='lat' dir='ltr'><strong>et</strong></span> <span class='ocrx_word' id='word_1_861' title='bbox 2403 4893 2467 4930; x_wconf 76' lang='lat' dir='ltr'><strong>ex</strong></span> <span class='ocrx_word' id='word_1_862' title='bbox 2490 4880 2607 4945; x_wconf 77' lang='lat' dir='ltr'><strong>ipsa</strong></span> <span class='ocrx_word' id='word_1_863' title='bbox 2641 4878 3063 4947; x_wconf 60' lang='lat' dir='ltr'><strong>inseparabiliter</strong></span> <span class='ocrx_word' id='word_1_864' title='bbox 3083 4888 3130 4930; x_wconf 85' lang='lat' dir='ltr'><strong>et</strong></span> <span class='ocrx_word' id='word_1_865' title='bbox 3163 4878 3406 4949; x_wconf 58' lang='lat' dir='ltr'><strong>impartia</strong></span> 
     </span>
    </p>
   </div>
   <div class='ocr_carea' id='block_1_116' title="bbox 1822 4948 3404 5017">
    <p class='ocr_par' dir='ltr' id='par_1_116' title="bbox 1822 4948 3404 5017">
     <span class='ocr_line' id='line_1_116' title="bbox 1822 4948 3404 5017; baseline 0.003 -18"><span class='ocrx_word' id='word_1_866' title='bbox 1822 4949 1998 5001; x_wconf 79' lang='lat' dir='ltr'><strong>bititer</strong></span> <span class='ocrx_word' id='word_1_867' title='bbox 2032 4950 2287 5017; x_wconf 81' lang='lat' dir='ltr'><strong>procedit.</strong></span> <span class='ocrx_word' id='word_1_868' title='bbox 2331 4948 2469 5000; x_wconf 89' lang='lat' dir='ltr'><strong>Dicit</strong></span> <span class='ocrx_word' id='word_1_869' title='bbox 2504 4950 2764 5017; x_wconf 81' lang='lat' dir='ltr'><strong>Spiritum</strong></span> <span class='ocrx_word' id='word_1_870' title='bbox 2808 4957 3057 5001; x_wconf 88' lang='lat' dir='ltr'><strong>sanetum</strong></span> <span class='ocrx_word' id='word_1_871' title='bbox 3107 4948 3404 5016; x_wconf 85' lang='lat' dir='ltr'><strong>procedere</strong></span> 
     </span>
    </p>
   </div>
   <div class='ocr_carea' id='block_1_117' title="bbox 1824 5016 3402 5087">
    <p class='ocr_par' dir='ltr' id='par_1_117' title="bbox 1824 5016 3402 5087">
     <span class='ocr_line' id='line_1_117' title="bbox 1824 5016 3402 5087; baseline 0.001 -14"><span class='ocrx_word' id='word_1_872' title='bbox 1824 5037 1885 5073; x_wconf 70' lang='lat' dir='ltr'><strong>es</strong></span> <span class='ocrx_word' id='word_1_873' title='bbox 1918 5016 2227 5072; x_wconf 82' lang='lat' dir='ltr'><strong>substantia</strong></span> <span class='ocrx_word' id='word_1_874' title='bbox 2263 5020 2467 5076; x_wconf 88' lang='lat' dir='ltr'><strong>divina,</strong></span> <span class='ocrx_word' id='word_1_875' title='bbox 2500 5018 2627 5087; x_wconf 87' lang='lat' dir='ltr'><strong>quia</strong></span> <span class='ocrx_word' id='word_1_876' title='bbox 2649 5016 2806 5070; x_wconf 86' lang='lat' dir='ltr'><strong>Pater</strong></span> <span class='ocrx_word' id='word_1_877' title='bbox 2837 5028 2892 5071; x_wconf 79' lang='lat' dir='ltr'><strong>et</strong></span> <span class='ocrx_word' id='word_1_878' title='bbox 2931 5017 3119 5081; x_wconf 88' lang='lat' dir='ltr'><strong>Filius,</strong></span> <span class='ocrx_word' id='word_1_879' title='bbox 3150 5036 3177 5070; x_wconf 92' lang='lat' dir='ltr'><strong>a</strong></span> <span class='ocrx_word' id='word_1_880' title='bbox 3207 5022 3402 5087; x_wconf 81' lang='lat' dir='ltr'><strong>quibus</strong></span> 
     </span>
    </p>
   </div>
   <div class='ocr_carea' id='block_1_118' title="bbox 1824 5088 3405 5155">
    <p class='ocr_par' dir='ltr' id='par_1_118' title="bbox 1824 5088 3405 5155">
     <span class='ocr_line' id='line_1_118' title="bbox 1824 5088 3405 5155; baseline -0.001 -14"><span class='ocrx_word' id='word_1_881' title='bbox 1824 5089 2090 5155; x_wconf 87' lang='lat' dir='ltr'><strong>procedit,</strong></span> <span class='ocrx_word' id='word_1_882' title='bbox 2144 5099 2269 5141; x_wconf 89' lang='lat' dir='ltr'><strong>sunt</strong></span> <span class='ocrx_word' id='word_1_883' title='bbox 2304 5089 2486 5141; x_wconf 88' lang='lat' dir='ltr'><strong>divina</strong></span> <span class='ocrx_word' id='word_1_884' title='bbox 2524 5088 2851 5149; x_wconf 84' lang='lat' dir='ltr'><strong>substantia,</strong></span> <span class='ocrx_word' id='word_1_885' title='bbox 2882 5088 2997 5141; x_wconf 91' lang='lat' dir='ltr'><strong>sive</strong></span> <span class='ocrx_word' id='word_1_886' title='bbox 3042 5092 3276 5142; x_wconf 81' lang='lat' dir='ltr'><strong>essentia</strong></span> <span class='ocrx_word' id='word_1_887' title='bbox 3320 5091 3405 5140; x_wconf 80' lang='lat' dir='ltr'><strong>di-</strong></span> 
     </span>
    </p>
   </div>
   <div class='ocr_carea' id='block_1_119' title="bbox 1822 5158 3400 5227">
    <p class='ocr_par' dir='ltr' id='par_1_119' title="bbox 1822 5158 3400 5227">
     <span class='ocr_line' id='line_1_119' title="bbox 1822 5158 3400 5227; baseline -0.001 -14"><span class='ocrx_word' id='word_1_888' title='bbox 1822 5161 1970 5213; x_wconf 85' lang='lat' dir='ltr'><strong>vina.</strong></span> <span class='ocrx_word' id='word_1_889' title='bbox 2005 5158 2115 5210; x_wconf 79' lang='lat' dir='ltr'><strong>Etsi</strong></span> <span class='ocrx_word' id='word_1_890' title='bbox 2139 5160 2282 5211; x_wconf 90' lang='lat' dir='ltr'><strong>enim</strong></span> <span class='ocrx_word' id='word_1_891' title='bbox 2309 5158 2781 5227; x_wconf 82' lang='lat' dir='ltr'><strong>personisdivinis</strong></span> <span class='ocrx_word' id='word_1_892' title='bbox 2816 5158 3135 5211; x_wconf 90' lang='lat' dir='ltr'><strong>attribuitur</strong></span> <span class='ocrx_word' id='word_1_893' title='bbox 3169 5161 3400 5227; x_wconf 74' lang='lat' dir='ltr'><strong>Spirarc,</strong></span> 
     </span>
    </p>
   </div>
   <div class='ocr_carea' id='block_1_120' title="bbox 1828 5226 3400 5293">
    <p class='ocr_par' dir='ltr' id='par_1_120' title="bbox 1828 5226 3400 5293">
     <span class='ocr_line' id='line_1_120' title="bbox 1828 5226 3400 5293; baseline 0.001 -13"><span class='ocrx_word' id='word_1_894' title='bbox 1828 5246 1977 5293; x_wconf 80' lang='lat' dir='ltr'><strong>more</strong></span> <span class='ocrx_word' id='word_1_895' title='bbox 2013 5238 2191 5282; x_wconf 86' lang='lat' dir='ltr'><strong>tamen</strong></span> <span class='ocrx_word' id='word_1_896' title='bbox 2226 5229 2537 5282; x_wconf 66' lang='lat' dir='ltr'><strong>Graecorum</strong></span> <span class='ocrx_word' id='word_1_897' title='bbox 2569 5226 2787 5280; x_wconf 73' lang='lat' dir='ltr'><strong>Pati-uin</strong></span> <span class='ocrx_word' id='word_1_898' title='bbox 2818 5228 3117 5281; x_wconf 71' lang='lat' dir='ltr'><strong>substantia</strong></span> <span class='ocrx_word' id='word_1_899' title='bbox 3173 5226 3288 5282; x_wconf 88' lang='lat' dir='ltr'><strong>sive</strong></span> <span class='ocrx_word' id='word_1_900' title='bbox 3314 5246 3400 5282; x_wconf 60' lang='grc' dir='ltr'>εει</span> 
     </span>
    </p>
   </div>
   <div class='ocr_carea' id='block_1_121' title="bbox 1830 5299 3401 5367">
    <p class='ocr_par' dir='ltr' id='par_1_121' title="bbox 1830 5299 3401 5367">
     <span class='ocr_line' id='line_1_121' title="bbox 1830 5299 3401 5367; baseline -0.003 -14"><span class='ocrx_word' id='word_1_901' title='bbox 1830 5306 2000 5353; x_wconf 80' lang='lat' dir='ltr'><strong>sentin</strong></span> <span class='ocrx_word' id='word_1_902' title='bbox 2028 5300 2211 5352; x_wconf 89' lang='lat' dir='ltr'><strong>divina</strong></span> <span class='ocrx_word' id='word_1_903' title='bbox 2244 5314 2338 5367; x_wconf 88' lang='lat' dir='ltr'><strong>pro</strong></span> <span class='ocrx_word' id='word_1_904' title='bbox 2371 5299 2736 5367; x_wconf 44' lang='lat' dir='ltr'><strong>persouailici</strong></span> <span class='ocrx_word' id='word_1_905' title='bbox 2761 5301 2918 5357; x_wconf 63' lang='lat' dir='ltr'><strong>sold,</strong></span> <span class='ocrx_word' id='word_1_906' title='bbox 2952 5314 3075 5365; x_wconf 87' lang='lat' dir='ltr'><strong>qttta</strong></span> <span class='ocrx_word' id='word_1_907' title='bbox 3112 5312 3236 5352; x_wconf 89' lang='lat' dir='ltr'><strong>sunt</strong></span> <span class='ocrx_word' id='word_1_908' title='bbox 3261 5302 3401 5351; x_wconf 84' lang='lat' dir='ltr'><strong>idem</strong></span> 
     </span>
    </p>
   </div>
   <div class='ocr_carea' id='block_1_122' title="bbox 1829 5366 3402 5439">
    <p class='ocr_par' dir='ltr' id='par_1_122' title="bbox 1829 5366 3402 5439">
     <span class='ocr_line' id='line_1_122' title="bbox 1829 5366 3402 5439; baseline -0.005 -17"><span class='ocrx_word' id='word_1_909' title='bbox 1829 5385 1909 5422; x_wconf 76' lang='lat' dir='ltr'><strong>re.</strong></span> <span class='ocrx_word' id='word_1_910' title='bbox 1945 5369 2055 5421; x_wconf 78' lang='lat' dir='ltr'><strong>lloc</strong></span> <span class='ocrx_word' id='word_1_911' title='bbox 2082 5366 2251 5439; x_wconf 84' lang='lat' dir='ltr'><strong>etiam</strong></span> <span class='ocrx_word' id='word_1_912' title='bbox 2281 5370 2487 5421; x_wconf 86' lang='lat' dir='ltr'><strong>ii0tavit</strong></span> <span class='ocrx_word' id='word_1_913' title='bbox 2517 5366 2577 5420; x_wconf 89' lang='lat' dir='ltr'><strong>S.</strong></span> <span class='ocrx_word' id='word_1_914' title='bbox 2614 5366 2849 5439; x_wconf 79' lang='lat' dir='ltr'><strong>Thomas</strong></span> <span class='ocrx_word' id='word_1_915' title='bbox 2875 5367 2924 5419; x_wconf 90' lang='lat' dir='ltr'><strong>iti</strong></span> <span class='ocrx_word' id='word_1_916' title='bbox 2956 5369 3143 5421; x_wconf 87' lang='lat' dir='ltr'><strong>eodem</strong></span> <span class='ocrx_word' id='word_1_917' title='bbox 3180 5368 3402 5439; x_wconf 76' lang='lat' dir='ltr'><strong>Cyrillo,</strong></span> 
     </span>
    </p>
   </div>
   <div class='ocr_carea' id='block_1_123' title="bbox 1832 5435 3405 5506">
    <p class='ocr_par' dir='ltr' id='par_1_123' title="bbox 1832 5435 3405 5506">
     <span class='ocr_line' id='line_1_123' title="bbox 1832 5435 3405 5506; baseline 0.001 -13"><span class='ocrx_word' id='word_1_918' title='bbox 1832 5442 1883 5493; x_wconf 89' lang='lat' dir='ltr'><strong>iii</strong></span> <span class='ocrx_word' id='word_1_919' title='bbox 1927 5440 2187 5505; x_wconf 88' lang='lat' dir='ltr'><strong>opusculo</strong></span> <span class='ocrx_word' id='word_1_920' title='bbox 2207 5438 2405 5491; x_wconf 82' lang='lat' dir='ltr'><strong>Contra</strong></span> <span class='ocrx_word' id='word_1_921' title='bbox 2434 5454 2637 5490; x_wconf 78' lang='lat' dir='ltr'><strong>errores</strong></span> <span class='ocrx_word' id='word_1_922' title='bbox 2671 5435 2997 5497; x_wconf 74' lang='lat' dir='ltr'><strong>Cra-(orum,</strong></span> <span class='ocrx_word' id='word_1_923' title='bbox 3019 5451 3139 5506; x_wconf 90' lang='lat' dir='ltr'><strong>cap.</strong></span> <span class='ocrx_word' id='word_1_924' title='bbox 3172 5439 3205 5493; x_wconf 74' lang='grc'>4</span> <span class='ocrx_word' id='word_1_925' title='bbox 3225 5435 3288 5492; x_wconf 71' lang='grc' dir='ltr'><strong>ἐι</strong></span> <span class='ocrx_word' id='word_1_926' title='bbox 3316 5440 3405 5494; x_wconf 69' lang='grc' dir='ltr'>ιι.</span> 
     </span>
    </p>
   </div>
   <div class='ocr_carea' id='block_1_124' title="bbox 1904 5506 3378 5579">
    <p class='ocr_par' dir='ltr' id='par_1_124' title="bbox 1904 5506 3378 5579">
     <span class='ocr_line' id='line_1_124' title="bbox 1904 5506 3378 5579; baseline 0 -18"><span class='ocrx_word' id='word_1_927' title='bbox 1904 5508 1979 5579; x_wconf 66' lang='grc'><strong>(4)</strong></span> <span class='ocrx_word' id='word_1_928' title='bbox 2019 5506 2085 5561; x_wconf 90' lang='lat' dir='ltr'><strong>Ut</strong></span> <span class='ocrx_word' id='word_1_929' title='bbox 2119 5509 2336 5561; x_wconf 86' lang='lat' dir='ltr'><strong>dulcedo</strong></span> <span class='ocrx_word' id='word_1_930' title='bbox 2368 5508 2558 5579; x_wconf 65' lang='lat' dir='ltr'><strong>mellis,</strong></span> <span class='ocrx_word' id='word_1_931' title='bbox 2590 5506 2670 5560; x_wconf 79' lang='lat' dir='ltr'><strong>vel</strong></span> <span class='ocrx_word' id='word_1_932' title='bbox 2708 5507 2835 5559; x_wconf 87' lang='lat' dir='ltr'><strong>odor</strong></span> <span class='ocrx_word' id='word_1_933' title='bbox 2868 5522 2930 5559; x_wconf 74' lang='lat' dir='ltr'><strong>ea:</strong></span> <span class='ocrx_word' id='word_1_934' title='bbox 2964 5508 3115 5577; x_wconf 80' lang='lat' dir='ltr'><strong>ﬂore.</strong></span> <span class='ocrx_word' id='word_1_935' title='bbox 3150 5508 3244 5562; x_wconf 89' lang='lat' dir='ltr'><strong>llis</strong></span> <span class='ocrx_word' id='word_1_936' title='bbox 3265 5523 3378 5577; x_wconf 70' lang='lat' dir='ltr'><strong>syni</strong></span> 
     </span>
    </p>
   </div>
   <div class='ocr_carea' id='block_1_125' title="bbox 1833 5577 3410 5647">
    <p class='ocr_par' dir='ltr' id='par_1_125' title="bbox 1833 5577 3410 5647">
     <span class='ocr_line' id='line_1_125' title="bbox 1833 5577 3410 5647; baseline -0.001 -15"><span class='ocrx_word' id='word_1_937' title='bbox 1833 5577 1971 5633; x_wconf 83' lang='lat' dir='ltr'><strong>bolis</strong></span> <span class='ocrx_word' id='word_1_938' title='bbox 1998 5583 2166 5632; x_wconf 89' lang='lat' dir='ltr'><strong>utitur</strong></span> <span class='ocrx_word' id='word_1_939' title='bbox 2192 5580 2427 5647; x_wconf 86' lang='lat' dir='ltr'><strong>Cyrillus</strong></span> <span class='ocrx_word' id='word_1_940' title='bbox 2463 5577 2529 5647; x_wconf 73' lang='lat' dir='ltr'><strong>ad</strong></span> <span class='ocrx_word' id='word_1_941' title='bbox 2560 5581 3037 5630; x_wconf 71' lang='lat' dir='ltr'><strong>demonstrainluin</strong></span> <span class='ocrx_word' id='word_1_942' title='bbox 3062 5594 3126 5631; x_wconf 85' lang='lat' dir='ltr'><strong>ett</strong></span> <span class='ocrx_word' id='word_1_943' title='bbox 3157 5580 3410 5633; x_wconf 61' lang='lat' dir='ltr'><strong>substan-</strong></span> 
     </span>
    </p>
   </div>
   <div class='ocr_carea' id='block_1_126' title="bbox 1835 5646 3411 5719">
    <p class='ocr_par' dir='ltr' id='par_1_126' title="bbox 1835 5646 3411 5719">
     <span class='ocr_line' id='line_1_126' title="bbox 1835 5646 3411 5719; baseline 0 -17"><span class='ocrx_word' id='word_1_944' title='bbox 1835 5653 1905 5703; x_wconf 89' lang='lat' dir='ltr'><strong>tia</strong></span> <span class='ocrx_word' id='word_1_945' title='bbox 1938 5650 2134 5715; x_wconf 85' lang='lat' dir='ltr'><strong>Patris,</strong></span> <span class='ocrx_word' id='word_1_946' title='bbox 2167 5646 2346 5715; x_wconf 75' lang='lat' dir='ltr'><strong>idest,</strong></span> <span class='ocrx_word' id='word_1_947' title='bbox 2372 5664 2437 5703; x_wconf 79' lang='lat' dir='ltr'><strong>ex</strong></span> <span class='ocrx_word' id='word_1_948' title='bbox 2461 5646 2622 5701; x_wconf 84' lang='lat' dir='ltr'><strong>Patre</strong></span> <span class='ocrx_word' id='word_1_949' title='bbox 2651 5648 3079 5702; x_wconf 82' lang='lat' dir='ltr'><strong>substantialiter</strong></span> <span class='ocrx_word' id='word_1_950' title='bbox 3114 5656 3411 5719; x_wconf 74' lang='lat' dir='ltr'><strong>pt-oeedeie</strong></span> 
     </span>
    </p>
   </div>
   <div class='ocr_carea' id='block_1_127' title="bbox 239 5829 3403 5905">
    <p class='ocr_par' dir='ltr' id='par_1_127' title="bbox 239 5829 3403 5905">
     <span class='ocr_line' id='line_1_127' title="bbox 239 5829 3403 5905; baseline 0 -19"><span class='ocrx_word' id='word_1_951' title='bbox 239 5836 311 5905; x_wconf 74' lang='lat' dir='ltr'><strong>(c)</strong></span> <span class='ocrx_word' id='word_1_952' title='bbox 344 5837 549 5901; x_wconf 77' lang='lat' dir='ltr'><strong>Dicere,</strong></span> <span class='ocrx_word' id='word_1_953' title='bbox 572 5836 830 5890; x_wconf 70' lang='lat' dir='ltr'><strong>Dominus</strong></span> <span class='ocrx_word' id='word_1_954' title='bbox 860 5834 1127 5899; x_wconf 63' lang='lat' dir='ltr'><strong>les-usam</strong></span> <span class='ocrx_word' id='word_1_955' title='bbox 1162 5850 1319 5891; x_wconf 86' lang='lat' dir='ltr'><strong>nosse</strong></span> <span class='ocrx_word' id='word_1_956' title='bbox 1354 5835 1639 5889; x_wconf 88' lang='lat' dir='ltr'><strong>Dominum</strong></span> <span class='ocrx_word' id='word_1_957' title='bbox 1669 5829 1891 5899; x_wconf 84' lang='lat' dir='ltr'><strong>Jesutn;</strong></span> <span class='ocrx_word' id='word_1_958' title='bbox 1928 5847 2086 5887; x_wconf 91' lang='lat' dir='ltr'><strong>nemo</strong></span> <span class='ocrx_word' id='word_1_959' title='bbox 2123 5831 2268 5887; x_wconf 88' lang='lat' dir='ltr'><strong>enim</strong></span> <span class='ocrx_word' id='word_1_960' title='bbox 2311 5830 2444 5885; x_wconf 87' lang='lat' dir='ltr'><strong>dicit</strong></span> <span class='ocrx_word' id='word_1_961' title='bbox 2477 5840 2568 5885; x_wconf 90' lang='lat' dir='ltr'><strong>aut</strong></span> <span class='ocrx_word' id='word_1_962' title='bbox 2598 5830 2834 5902; x_wconf 84' lang='lat' dir='ltr'><strong>appellat</strong></span> <span class='ocrx_word' id='word_1_963' title='bbox 2875 5846 3036 5900; x_wconf 88' lang='lat' dir='ltr'><strong>quem</strong></span> <span class='ocrx_word' id='word_1_964' title='bbox 3072 5848 3177 5887; x_wconf 91' lang='lat' dir='ltr'><strong>non</strong></span> <span class='ocrx_word' id='word_1_965' title='bbox 3226 5835 3403 5888; x_wconf 85' lang='lat' dir='ltr'><strong>novit.</strong></span> 
     </span>
    </p>
   </div>
   <div class='ocr_carea' id='block_1_128' title="bbox 481 5934 1114 5998">
    <p class='ocr_par' dir='ltr' id='par_1_128' title="bbox 481 5934 1114 5998">
     <span class='ocr_line' id='line_1_128' title="bbox 481 5934 1114 5998; baseline 0.005 -3"><span class='ocrx_word' id='word_1_966' title='bbox 481 5940 753 5995; x_wconf 74' lang='grc' dir='ltr'><strong>ΡΑτιιυι..</strong></span> <span class='ocrx_word' id='word_1_967' title='bbox 788 5936 905 5995; x_wconf 77' lang='lat' dir='ltr'><strong>Cn.</strong></span> <span class='ocrx_word' id='word_1_968' title='bbox 943 5934 1114 5998; x_wconf 84' lang='lat' dir='ltr'><strong>CLII.</strong></span> 
     </span>
    </p>
   </div>
   <div class='ocr_carea' id='block_1_129' title="bbox 2897 5927 2977 5987">
    <p class='ocr_par' dir='ltr' id='par_1_129' title="bbox 2897 5927 2977 5987">
     <span class='ocr_line' id='line_1_129' title="bbox 2897 5927 2977 5987; baseline 0 0"><span class='ocrx_word' id='word_1_969' title='bbox 2897 5927 2977 5987; x_wconf 82' lang='lat'><strong>30</strong></span> 
     </span>
    </p>
   </div>
  </div>
