3780 6536
464 371 581 434 ὉὫ

1625 370 1955 429 ‘JOANNIS
1996 369 2175 430 CYPA
2189 366 2562 429 RiSSiO'F/E
3565 367 3645 427 9m

477 482 588 541 Sne.
616 484 809 547 inquit,
852 494 901 534 et
933 481 1166 550 Spiritus
1200 492 1420 536 sanctus
1445 485 1534 552 qui
1569 501 1594 536 a
1628 484 1762 536 Filio
1796 487 1954 539 datur
1981 494 2034 538 et
2067 491 2110 545 Α
2139 486 2345 552 omnia;
2373 472 2555 539 omnia
2588 481 2732 538 enim
2768 477 2965 536 Verbo.
3002 487 3059 532 et
3085 476 3352 545 Sapientia
3375 473 3500 532 iacta
3526 483 3648 533 Slmli

477 573 732 635 mittitttr,
764 579 818 623 et
856 581 940 624 est
973 573 1086 640 ipse
1130 587 1317 637 unmn,
1355 581 1408 624 et
1452 588 1558 626 non
1607 575 1792 634 multa,
1835 591 1931 628 nec
1973 592 2034 628 et

469 665 658 718 multis
688 679 872 724 unum,
922 665 1014 717 sed
1049 665 1168 732 ipse
1209 666 1382 717 solum
1433 665 1687 731 Spiritus.
1731 668 1864 718 Cum
1895 668 2036 718 enim

469 767 614 804 unus
639 752 707 804 sit
732 749 922 814 Filius,
955 753 1044 819 qni
1075 763 1158 805 est
1184 752 1418 806 Verbum
1451 758 1654 816 vit-eus,
1682 767 1896 822 oportet
1921 770 2041 807 esse

473 857 636 895 unam
669 842 831 895 vitam
876 845 1192 911 perfectam,
1229 853 1284 896 et
1330 844 1664 912 implente-tn,
1698 849 2043 899 sanctilican-

475 949 601 997 tem,
651 945 701 985 et
740 935 1160 1011 illuminantem,
1207 951 1328 1002 qua:
1378 945 1460 990 est
1499 938 1716 1008 euergia
1774 940 1943 1008 ipsius
1986 951 2040 991 et

471 1027 697 1087 donum,
726 1027 868 1093 quod
915 1026 1130 1093 quidem
1175 1041 1239 1078 ex
1288 1023 1447 1080 Patre
1477 1027 1677 1080 dicitur
1724 1031 2034 1095 procedere.

473 1118 535 1170 Et
567 1117 742 1169 adhuc
777 1135 788 1170 :
833 1117 1113 1183 Quomodo
1145 1131 1250 1169 non
1282 1119 1420 1170 ultra
1450 1133 1666 1171 onmem
1705 1119 2036 1188 impietatem

471 1205 692 1274 quidam
746 1209 1068 1275 procedunt,
1131 1209 1219 1274 qtti
1275 1207 1540 1277 Spiritum
1597 1221 1844 1264 sanctum
1901 1211 2042 1263 inter

470 1308 758 1351 i-reatnras
815 1309 1022 1367 ponunt
1069 1316 1085 1352 :
1127 1310 1180 1353 et
1231 1315 1335 1353 non
1379 1301 1558 1368 potius
1609 1303 1940 1355 conﬁtentur
1974 1317 2036 1355 cx

469 1391 648 1443 divina
699 1401 889 1444 natura
941 1393 1206 1446 exsiStere
1251 1394 1393 1460 quod
1451 1409 1515 1447 ex
1575 1394 1685 1462 ipsa
1742 1395 2038 1449 secundum

470 1485 834 1537 substantiam
869 1485 1132 1549 procedit,
1181 1495 1234 1537 et
1274 1493 1534 1551 tanquam
1589 1485 1753 1538 Detnn
1792 1487 1843 1539 in
1885 1486 2041 1540 nobis

472 1575 758 1630 habitare?
779 1574 1074 1643 Gregorius
1104 1574 1380 1646 Nyssenus
1406 1576 1458 1629 in
1487 1575 1814 1630 Catec/retico
1841 1593 1858 1629 :
1889 1578 2038 1641 Esse,

472 1669 670 1732 inquit,
703 1667 936 1721 Verbum
975 1667 1090 1729 Dei,
1132 1676 1188 1720 et
1231 1666 1321 1721 Dei
1353 1667 1638 1736 Spiritum,
1665 1669 1915 1732 virtutes,
1953 1686 2040 1723 se-

470 1760 705 1812 cundum
739 1759 1096 1811 substantiam
1147 1773 1242 1825 per
1277 1774 1336 1812 se
1374 1759 1706 1814 exsistenres
1739 1758 2042 1816 eﬂ'ectrices

2144 588 2199 630 et
2227 577 2570 630 ordinatione
2595 573 2948 642 ejusmanent
2974 571 3250 622 universa.
3280 565 3342 618 Et
3369 567 3418 619 in
3441 569 3580 634 epist.
3604 578 3654 624 ad

2145 669 2525 737 Serapionem:
2563 665 2779 728 Paulus,
2808 663 3001 732 inquit,
3033 661 3220 713 scribit
3245 660 3393 713 Tito:
3435 659 3524 714 Per
3547 679 3658 732 trgi».

2144 761 2463 814 iterationem
2499 767 2546 811 ει
2595 757 2979 810 νεηουαιὶοηειιι
3037 751 3268 817 Spiritus
3299 752 3481 815 sancti,
3541 771 3658 822 quem

2144 848 2326 916 rﬂ‘udit
2365 848 2416 899 in
2459 864 2551 899 nos
2608 846 2815 896 abunde
2865 859 2957 910 per
3030 839 3212 892 Jemm
3263 838 3514 894 Christum
3541 843 3596 896 θ’.
3618 844 3659 898 Si

2144 953 2322 992 autem
2384 939 2540 992 Pater
2573 953 2668 1005 per
2701 935 2936 988 Verbum
2967 935 3018 986 iu
3065 932 3265 996 Spiritu
3321 945 3496 986 sancto
3545 949 3664 990 creat

2143 1031 2320 1080 oumia
2367 1036 2421 1080 et
2469 1036 2727 1089 renovat;
2785 1038 2905 1092 qua:
2965 1023 3282 1081 similitudo.
3333 1032 3422 1074 aut
3477 1021 3706 1080 aﬂinitas‘

2143 1123 2346 1172 creanti
2381 1135 2501 1172 cum
2531 1117 2840 1171 creaturis?
2870 1115 3226 1184 Consequens
3249 1113 3389 1167 enim
3419 1125 3494 1167 est
3522 1126 3569 1168 ut
3591 1117 3664 1168 btt-

2139 1213 2373 1280 juuuodi
2426 1211 2758 1279 blasphemia
2791 1211 2840 1263 in
2871 1208 3065 1262 Filium
3102 1209 3268 1261 etiant
3319 1218 3509 1268 manet,
3534 1210 3661 1275 utqui

2143 1303 2330 1356 dicunt
2362 1301 2622 1370 Spiritum
2655 1312 2899 1356 sanctum
2924 1315 3049 1356 esse
3070 1311 3405 1360 creaturam,
3435 1299 3590 1352 dicant
3612 1303 3666 1351 si-

2147 1398 2362 1459 militer,
2399 1393 2655 1457 Verbum,
2686 1409 2782 1462 per
2807 1394 2950 1459 quod
2981 1394 3164 1444 omnia
3187 1401 3464 1453 creantur,
3489 1405 3662 1445 ert-aut-

2144 1503 2257 1542 ram
2295 1502 2436 1542 esse.
2465 1487 2532 1540 Et
2568 1501 2756 1541 rursus
2805 1487 2948 1538 idem
2991 1485 3044 1538 in
3097 1484 3467 1552 diSputatione
3514 1495 3663 1537 contra

2143 1580 2332 1633 Arium
2358 1597 2369 1630 :
2409 1578 2514 1633 Fac
2548 1579 2676 1632 velis
2707 1577 3022 1645 recolligere
3046 1575 3496 1644 conquisitionem
3524 1576 3578 1629 de
3600 1575 3665 1629 Fi-

2145 1672 2237 1734 lio,
2266 1686 2383 1736 qua:
2415 1685 2512 1723 nos
2543 1671 2798 1724 comitata
2821 1679 2926 1734 est,
2959 1679 3012 1722 et
3044 1668 3290 1734 reperies
3316 1678 3553 1719 arternaui
3574 1666 3663 1735 Spi-

2148 1762 2280 1816 ritus
2305 1762 2479 1816 saucti
2506 1761 2762 1833 virtntctn
2793 1759 3033 1825 ejusdem
3055 1757 3378 1812 substantia!
3403 1771 3514 1808 cum
3545 1755 3666 1810 Patre

471 1869 657 1905 eorum
681 1867 801 1920 quze
834 1851 976 1904 facta
1009 1851 1158 1917 sunt,
1183 1862 1238 1905 et
1266 1852 1606 1906 continentes
1639 1869 1700 1904 ea
1731 1869 1850 1921 quae
1884 1863 2031 1913 sunt,
2069 1843 2108 1897 Β
2139 1855 2332 1907 dictam
2361 1867 2482 1907 esse
2511 1868 2576 1907 ex
2610 1852 2781 1917 digito
2805 1853 2944 1919 ejus.
2980 1851 3124 1903 Sane
3149 1848 3371 1917 quidem
3389 1863 3503 1900 eum
3531 1850 3665 1900 virtu-

469 1962 531 1998 ογ
594 1943 787 1996 d'riuis
841 1942 1142 2010 Seripturis
1183 1944 1612 1998 demonstratur.
1677 1943 1843 1996 Verbo
1890 1948 2034 1998 enim

475 2039 682 2089 homini
714 2037 828 2090 cirli
869 2037 1067 2104 ﬁrmati
1109 2046 1249 2097 sunt,
1296 2050 1342 2088 et
1377 2035 1586 2106 Spiritu
1619 2039 1723 2091 oris
1773 2039 1888 2104 ejus
1927 2055 2037 2092 om-

473 2133 549 2183 m's'
584 2133 746 2182 uirtus
773 2145 953 2182 eorum
977 2131 1044 2181 ".
1083 2127 1155 2179 Ex
1208 2128 1292 2181 his
1323 2139 1488 2193 patet,
1519 2131 1750 2196 primum
1793 2130 2035 2198 quidem,

473 2235 770 2290 iugi-ultum
807 2222 860 2274 in
890 2219 1178 2280 Trinitate.
1213 2236 1332 2289 Qua:
1357 2237 1516 2290 supra
1541 2222 1898 2276 substantiam
1930 2234 2032 2288 est,

473 2329 644 2380 tlt‘Qlle
677 2313 1037 2366 substantiam
1074 2328 1218 2373 esse,
1248 2329 1421 2382 neque
1449 2314 1832 2382 proprietatem
1865 2317 2037 2384 hypo-

473 2407 721 2456 staticam
759 2402 849 2454 Dei
884 2399 1096 2464 Patris;
1128 2401 1466 2471 hypostatica
1497 2401 1644 2456 enim
1682 2402 2036 2471 hypostasiui,

473 2496 587 2548 sive
619 2508 901 2562 personam
943 2494 1219 2555 exhibent,
1258 2508 1542 2560 personam
1571 2501 1749 2546 autem
1775 2492 2040 2546 detlniunt

473 2601 759 2639 i-mnnntnc
801 2602 922 2640 cum
966 2586 1200 2654 quadam
1226 2585 1560 2654 proprietate
1591 2601 1607 2638 :
1644 2585 1752 2646 vel,
1785 2591 2041 2662 substan-

475 2681 606 2731 tiam
651 2695 773 2733 cum
820 2677 1116 2732 accidente.
1175 2674 1231 2729 Si
1281 2685 1465 2730 autem
1523 2677 1823 2743 ingenitum
1860 2691 2039 2744 neque

474 2771 776 2824 substantia
821 2779 925 2833 est,
970 2785 1066 2824 nec
1098 2767 1369 2827 accidens,
1400 2767 1600 2821 nullam
1635 2782 1918 2836 personam
1946 2784 2041 2822 ex-

475 2865 664 2924 bibet,
717 2861 830 2916 sive
869 2859 1124 2926 ostendit,
1173 2869 1225 2914 et
1265 2859 1466 2914 idcirco
1518 2873 1691 2928 neque
1736 2860 2040 2929 proprietas

476 2957 814 3025 hyposmtica
843 2963 924 3008 est
957 2968 970 3006 :
1003 2954 1153 3007 notio
1183 2962 1365 3006 tamen
1394 2961 1477 3007 est
1501 2952 1678 3008 Patris
1705 2967 1809 3005 non
1834 2951 2041 3007 haben-

479 3046 546 3097 tis
580 3060 818 3111 causam,
853 3043 997 3114 quod
1031 3043 1146 3112 ipse
1175 3042 1324 3096 solus
1353 3053 1435 3097 est
1470 3040 1630 3097 Pater
1669 3056 1888 3096 causam
1931 3057 2038 3096 non

478 3142 700 3189 habetis.
729 3135 1045 3192 Secundum
1076 3145 1162 3190 est
1193 3144 1446 3200 tanquam
1490 3149 1556 3189 ex
1596 3137 1698 3188 hoc
1731 3133 2037 3202 probatum,

478 3230 684 3281 scilicet
714 3244 818 3282 non
859 3243 979 3283 esse
1017 3229 1070 3282 itt
1105 3227 1218 3296 ipsa
1253 3225 1522 3281 Trinitate
1549 3226 1713 3280 alium
1746 3227 2038 3296 quemdam

479 3318 679 3374 fontem
717 3319 1036 3382 divinitatis,
1062 3319 1164 3373 nisi
1199 3317 1374 3387 ipsum
1409 3317 1606 3383 solum,
1635 3320 1726 3386 qui
1766 3330 1850 3374 est
1881 3316 2043 3372 Pater

480 3416 646 3465 totius
686 3412 1009 3474 divinitatis,
1055 3426 1276 3466 causam
1325 3425 1431 3464 non
1467 3411 1672 3463 habens
1702 3426 1719 3475 ;
1752 3427 1852 3464 nec
1878 3415 2040 3464 aliam

480 3506 769 3573 quarudam
802 3505 1101 3558 naturalem
1130 3512 1185 3559 et
1221 3503 1636 3558 substantialem
1665 3505 1938 3572 energiam
1975 3519 2039 3556 ex

479 3599 663 3651 divina
692 3598 997 3651 substantia
1050 3597 1498 3666 ineomprebeusa
1537 3595 1910 3666 prodeuntem,
1939 3595 2040 3649 nisi

483 3690 674 3745 Fliilllll
724 3703 885 3756 supra
937 3688 1319 3752 substantiam,
1359 3698 1413 3743 et
1469 3687 1732 3755 Spiritum
1790 3695 2040 3740 sant-tum

484 3781 760 3836 naturales
794 3789 848 3835 et
891 3780 1274 3834 substantiales
1303 3781 1573 3850 energias,
1612 3779 1727 3832 sive
1761 3789 1916 3832 actus
1950 3776 2040 3832 Dei

480 3889 699 3927 causam
735 3887 838 3925 non
867 3873 1134 3939 habentis,
1162 3880 1416 3939 tauquam
1447 3871 1733 3939 qualitates
1753 3878 1808 3923 et
1834 3869 2043 3923 fruetus

481 3963 798 4015 substantia:
829 3961 1017 4032 ipsius.
1046 3961 1223 4029 Atque
1258 3959 1324 4014 ad
1361 3961 1501 4014 hunc
1523 3960 1737 4013 modum
1760 3974 1886 4012 vere
1913 3975 2045 4012 eon-

483 4053 669 4106 stituta
703 4061 757 4104 et
785 4050 1058 4105 declarata
1110 4051 1267 4104 nobis
1298 4059 1378 4104 est
1409 4050 1614 4114 divina,
1663 4060 1718 4104 et
1751 4063 1911 4117 supra
1949 4065 2045 4102 na-

487 4154 658 4194 tutam
689 4142 968 4196 beatitudo
1003 4142 1167 4194 trium
1217 4155 1571 4208 personarum
1625 4141 1769 4194 nulla
1807 4156 1866 4195 re
1883 4139 2043 4194 ‘iudi-

480 4251 634 4302 petis,
675 4243 731 4287 et
761 4249 856 4304 per
879 4248 940 4289 se
978 4232 1311 4303 plenissima.

1071 4344 1300 4401 CAPUT
1353 4343 1456 4403 VL.

463 4440 632 4504 ‘Quod
663 4439 716 4492 in
759 4437 1038 4500 Trinitate,
1075 4455 1178 4492 nou
1225 4449 1302 4491 est
1330 4438 1438 4489 alia
1471 4440 1724 4502 operatio,
1754 4449 1801 4491 et
1831 4456 2040 4502 manus,

2138 1957 2244 2002 tem
2270 1946 2502 2015 Spiritus
2521 1947 2691 2000 sancti
2727 1945 3199 2014 inexpugnabilem
3220 1942 3362 2010 magi
3393 1941 3443 1992 in
3482 1940 3666 2011 Emito

2137 2037 2478 2106 contemplati
2503 2037 2826 2101 clamabant,
2847 2038 3086 2090 aientes:
3111 2034 3324 2104 Digitus
3349 2031 3442 2086 Dei
3463 2035 3665 2097 esthoc";

2139 2130 2270 2184 nihil
2320 2129 2465 2183 aliud
2514 2129 2912 2182 e0ulitebantur
3000 2124 3268 2180 vocabulo
3327 2125 3493 2192 αἰθὴρ,
3547 2139 3666 2192 quam

2137 2221 2413 2284 virtutem,
2445 2221 2558 2272 sive
2582 2228 2900 2287 potestatem
2918 2217 3154 2287 Spiritus
3181 2216 3360 2270 sancti
3397 2217 3667 2275 homoun'os.

2139 2313 2190 2366 id
2251 2322 2328 2366 est
2389 2311 2629 2379 eiusdem
2676 2311 3012 2371 substantiae,
3069 2324 3236 2377 quam
3273 2307 3430 2360 habet
3459 2306 3669 2360 cutulleo

2138 2403 2331 2469 Patre;
2387 2403 2474 2458 cui
2522 2405 2786 2459 vocabulo
2843 2403 2997 2472 digiti
3026 2417 3130 2455 non
3168 2410 3346 2470 potest
3397 2403 3667 2468 contradici,

2140 2512 2313 2566 neque
2341 2497 2648 2567 repugnari.
2695 2495 2758 2549 Et
2782 2505 3004 2548 sanctus
3035 2493 3300 2566 Cyrillus,
3339 2493 3433 2546 lib.
3461 2507 3520 2545 xv
3569 2491 3666 2544 Tlte-

2139 2603 2460 2641 saurorum:
2495 2585 2548 2640 Si
2582 2586 2784 2650 omnia,
2839 2587 3034 2655 inquit,
3075 2585 3130 2637 in
3165 2583 3456 2651 sapientia,
3480 2593 3526 2635 et
3549 2597 3666 2634 manu

2141 2676 2232 2730 Dei
2259 2677 2398 2731 facta
2423 2688 2571 2738 sunt,
2597 2677 2895 2744 Scripturre
2920 2691 3047 2730 vero
3073 2676 3276 2728 divina:
3307 2673 3373 2726 de
3415 2672 3514 2726 Dco
3537 2671 3669 2725 Verbo

2138 2768 2416 2821 clamant:
2455 2765 2646 2822 Omnia
2681 2783 2772 2831 per
2809 2767 2980 2834 ipsum
3010 2765 3152 2832 facta
3173 2771 3326 2827 sunt,
3367 2772 3415 2816 et
3466 2762 3563 2816 sine
3589 2763 3670 2829 ipso

2141 2857 2339 2927 factum
2372 2868 2446 2910 est
2493 2857 2626 2911 nihil
2659 2857 2727 2923 “,
2786 2873 2890 2911 non
2923 2867 3097 2926 potest
3126 2871 3254 2910 esse
3281 2871 3418 2925 opus
3449 2857 3670 2924 sapientia

2143 2949 2235 3004 Dei
2264 2948 2468 3013 Filius;
2497 2951 2588 3003 sed
2621 2949 2800 3016 potius
2827 2949 2939 3016 ipse
2976 2960 3062 3002 est
3084 2950 3384 3017 sapientia,
3430 2959 3480 3002 et
3497 2963 3669 3008 manus,

2143 3059 2245 3111 qua
2272 3050 2468 3096 cuneta
2502 3040 2642 3096 Deus
2689 3051 2966 3108 operatur.
3011 3043 3075 3094 lit
3106 3041 3292 3095 adhuc
3313 3043 3446 3092 idem
3489 3042 3568 3092 lib.
3590 3055 3670 3100 xiv,

2143 3135 2453 3187 eoruntdem
2487 3135 2866 3187 Thesaurorum
2895 3148 2915 3187 :
2948 3132 3105 3198 Quia,
3155 3114 3359 3202 inquit,
3389 3131 3593 3200 simplex
3613 3143 3673 3185 est

2145 3227 2307 3290 Deus,
2353 3226 2487 3280 nihil
2515 3225 2658 3278 aliud
2703 3237 2902 3294 praeter
2936 3227 3113 3294 ipsum
3155 3236 3242 3280 est
3272 3225 3542 3289 fortitudo,
3583 3240 3670 3292 qua-

2143 3319 2196 3372 in
2222 3320 2338 3387 ipso
2357 3329 2480 3382 est;
2525 3322 2618 3372 sed
2650 3319 2829 3384 p0tius
2885 3317 3003 3385 ipse
3035 3317 3249 3372 scilicet
3287 3329 3372 3372 est
3400 3315 3571 3378 Filius,
3603 3316 3669 3385 qui

2147 3427 2306 3463 uuam
2338 3427 2458 3464 eunt
2496 3410 2658 3464 Patre
2688 3411 3075 3474 substantiam,
3103 3420 3157 3463 et
3178 3412 3434 3462 eatndem
3469 3419 3667 3461 naturaet

2147 3502 2344 3566 habet;
2380 3511 2438 3556 ut
2467 3502 2558 3569 qui
2586 3501 2977 3556 situnumcum
2997 3501 3174 3569 coqui
3209 3499 3420 3569 genuit,
3446 3499 3486 3552 si
3509 3501 3669 3552 etlteus

2145 3607 2210 3646 ex
2259 3592 2386 3656 Deo,
2429 3603 2483 3646 et
2515 3593 2692 3647 lumen
2740 3607 2806 3645 ex
2844 3591 3046 3645 lumine
3102 3591 3407 3661 splenduit,
3458 3589 3669 3650 lt‘ilius.et

2153 3700 2258 3738 non
2303 3683 2461 3738 Pater
2495 3685 2822 3738 intellectus.
2862 3684 3029 3754 Igitur
3063 3685 3243 3737 muttis
3285 3682 3496 3750 cnergia
3522 3694 3566 3736 et
3591 3684 3668 3732 vir-

2148 3787 2234 3831 tus
2290 3775 2486 3840 Patris,
2528 3792 2814 3846 perquam
2867 3779 3049 3829 omnia
3113 3788 3398 3844 operatur,
3452 3777 3666 3845 quomodo

2145 3881 2287 3922 esset
2339 3880 2539 3922 natura:
2568 3868 2797 3922 creatas?
2829 3867 2997 3930 Idem,
3032 3869 3083 3920 in
3137 3867 3410 3936 capitibus
3430 3867 3490 3919 de
3514 3864 3665 3932 Spiritu

2146 3973 2326 4016 sancto
2357 4002 2372 4025 ,
2415 3962 2489 4014 ait
2529 3969 2578 4014 in
2614 3963 2847 4028 quodam
2870 3963 2985 4014 loco
3016 3962 3274 4015 Christus
3298 3964 3563 4028 disputans
3579 3975 3662 4011 cum

2145 4055 2376 4110 Jutlwis:
2407 4053 2467 4109 Si
2503 4065 2680 4108 autem
2711 4055 2876 4124 digito
2917 4053 3013 4107 Dei
3042 4055 3201 4123 ejicio
3230 4052 3508 4114 da'tttonia,
3548 4051 3664 4120 igitur

2147 4147 2372 4210 pervenit
2401 4148 2454 4200 in
2488 4162 2575 4199 vos
2613 4163 2822 4214 regnum
2855 4146 2951 4199 Dei
2982 4146 3050 4204 ".
3090 4146 3192 4199 hoc
3226 4147 3350 4200 loco
3381 4145 3581 4213 digitum
3601 4146 3664 4194 ilc-

2156 4247 2420 4292 monstrat
2451 4253 2569 4293 ϐεδε
2595 4238 2859 4307 Spiritum
2894 4247 3163 4300 sanctum,
3186 4239 3279 4306 qui
3311 4238 3466 4290 tuodo
3485 4235 3660 4306 quodnn

2147 4350 2209 4388 ex
2245 4334 2423 4387 divina
2483 4334 2788 4388 substantia
2843 4333 3170 4387 naturaliter
3211 4333 3504 4401 productus
3529 4336 3660 4386 csLet

2151 4426 2470 4480 naturaliter
2491 4445 2555 4480 ex
2582 4442 2647 4480 ea
2681 4426 2896 4492 pendet,
2928 4427 3065 4480 sicut
3097 4425 3306 4494 digitus
3345 4441 3408 4480 ex
3442 4419 3660 4475 mauult"-

549 4525 640 4586 [ζεῖ
682 4525 846 4586 Aquam
902 4510 1078 4561 οπιηίη
1130 4507 1275 4562 De!“
1306 4518 1574 4586 Ql'eraltff.
1607 4509 1707 4586 {tisi
1756 4507 1946 4586 lt'ilttts,
1991 4522 2041 4563 et
2076 4517 2116 4568 D
2150 4519 2345 4582 minis;
2399 4516 2590 4570 Filium
2645 4517 2788 4570 enim
2830 4520 3105 4586 appellant
3167 4518 3371 4572 divinat
3429 4516 3660 4581 Scriptura

549 4577 779 4646 Spiritus
830 4590 1084 4641 sanctus;
1142 4593 1236 4631 nec
1263 4577 1660 4646 aliqsapieutia
1691 4591 1736 4630 et
1771 4580 1953 4641 virtus,
1989 4591 2038 4632 ct

549 4645 746 4717 gloria,
773 4659 819 4702 et
853 4649 1024 4716 imago
1053 4648 1169 4713 Dei,
1209 4649 1310 4700 nisi
1342 4645 1517 4699 Filius
1543 4658 1592 4699 et
1625 4646 1879 4715 Spiritus.

548 4786 773 4854 Magnus
801 4787 1154 4849 Athanasius,
1189 4787 1532 4856 ititl‘OflttitllO
1562 4784 1760 4843 Contra
1791 4789 2040 4845 Arianot:

477 4878 650 4943 Sicut,
681 4877 1036 4947 inquit,Deus
1068 4878 1230 4930 Pater
1257 4888 1536 4932 creaturas
1558 4875 1736 4931 Verbo
1765 4894 1940 4948 creat,
1965 4884 2046 4937 sic

483 4974 776 5025 secundum
813 4983 1059 5023 naturam
1104 4971 1335 5037 propriae
1383 4971 1697 5025 substantia:
1728 4973 1886 5026 habet
1921 4990 2045 5041 ger-

474 5078 593 5118 men
623 5061 879 5126 Verbum,
913 5061 1052 5129 quod
1079 5060 1374 5115 fabricatur
1399 5074 1453 5116 et
1495 5073 1662 5134 creat,
1684 5073 1737 5116 et
1764 5067 2032 5133 gubernat

538 5205 581 5237 "
616 5203 755 5257 Psal.
794 5202 1031 5267 xxxu,6.
1095 5202 1138 5232 "
1159 5195 1264 5254 Tit.
1289 5215 1366 5263 ιιι,
1391 5199 1442 5254 6.
1508 5201 1553 5233 ’³
1583 5201 1744 5253 l‘lxod.
1770 5219 1878 5266 vnt,
1904 5207 1984 5258 tt).

2150 5224 2273 5259 oau.
2320 5222 2356 5266 ι,
2389 5207 2442 5262 5.
2483 5206 2678 5259 "Luc.
2733 5205 2915 5267 κὴρ-0.
2982 5207 3463 5269 ⁹⁶Ρε;ι1.κοιίιι,1.

471 5291 615 5331 λιι-ι,
645 5279 720 5328 ιι.

2150 4610 2426 4662 ι.ι·.ιριιίιιιιι
2455 4619 2509 4660 et
2539 4610 2814 4662 dexteram
2845 4609 2960 4672 Dei,
2996 4609 3136 4663 sicut
3169 4610 3438 4678 scriptum
3464 4614 3539 4658 est
3559 4600 3658 4658 :Sal-
3686 4659 3689 4664 ,

2142 4704 2278 4756 cavit
2301 4718 2417 4755 eum
2443 4702 2656 4754 dextera
2686 4701 2822 4768 ejus,
2865 4711 2912 4753 et
2949 4701 3218 4753 brachium
3255 4713 3492 4754 sanctum
3516 4695 3657 4765 ejus";
3683 4699 3686 4706 ’

2141 4806 2196 4850 ct
2237 4795 2408 4847 illud:
2453 4793 2697 4853 Domine.
2730 4793 2990 4847 excelsum
3027 4793 3301 4846 brachium
3325 4805 3489 4848 tuum.
3527 4800 3566 4843 et
3591 4803 3656 4840 ttat
3688 4789 3694 4829 ἶ

2143 4897 2514 4956 cognorerttnt,
2564 4895 2928 4953 cognoscentes
2983 4896 3158 4938 autem
3205 4885 3581 4954 confundantur
3614 4879 3656 4930 ".

2157 4978 2316 5032 Sicut
2357 4979 2517 5045 igitur
2551 4977 2833 5029 brachium
2866 4976 3260 5030 naturaliterin
3295 4986 3463 5030 totunt
3515 4985 3656 5039 corpus

2140 5077 2380 5137 aptatum
2450 5079 2553 5131 est,
2589 5069 2770 5120 omnia
2803 5081 3031 5136 eperans
3075 5084 3411 5137 quaecunque
3445 5068 3584 5121 ιιινιιιί
3609 5066 3657 5113 ti-

3538 5204 3573 5235 οι
3587 5202 3654 5256 In.

1962 5347 2240 5410 Scholia.

469 5446 734 5513 Spiritum
768 5455 1036 5508 Sanctum,
1069 5445 1209 5498 sicut
1239 5443 1470 5513 dulcedo
1498 5459 1560 5496 ex
1599 5444 1778 5510 melle,
1814 5455 1868 5500 et
1900 5449 2032 5500 odor

468 5512 528 5566 mi
565 5516 715 5576 llzu'e,
754 5525 812 5587 et,
835 5530 1001 5587 vapor
1033 5528 1300 5587 expaqua.
1323 5512 1440 5587 Quo
1469 5517 1741 5587 egezuplo‘
1765 5519 1902 5569 Idem
1930 5517 2038 5587 Cy-

467 5590 622 5637 rtttus
649 5601 762 5651 i-ap.
801 5586 830 5636 7
863 5585 1051 5648 utitur;
1080 5585 1155 5636 sic
1179 5585 1321 5636 enim
1350 5586 1460 5640 ait:
1499 5582 1841 5651 Relinquitur
1874 5582 2038 5654 igitur

467 5666 520 5704 ut
581 5655 888 5706 uri-essurio
934 5656 1302 5706 coutitendum
1361 5654 1450 5716 sit,
1482 5670 1600 5708 esse
1627 5671 1689 5708 ex
1733 5658 2038 5710 substantia

466 5723 605 5793 ejus,
642 5741 759 5774 cum
783 5740 995 5776 omnem
1023 5724 1139 5776 Filii
1171 5723 1258 5776 Dei
1284 5725 1540 5777 virtutem
1563 5735 1616 5778 el.
1643 5727 2039 5793 operationem,

470 5792 686 5860 habent,
713 5803 766 5847 ut
795 5797 841 5848 si
879 5809 1034 5864 vapor
1055 5810 1120 5849 ex
1152 5809 1288 5864 aqua
1326 5793 1602 5862 ascendat,
1635 5792 1688 5848 et
1715 5809 1810 5864 per
1839 5811 1900 5849 ea
1927 5812 2043 5864 quae

2132 5457 2408 5517 operatur,
2444 5461 2540 5502 eos
2567 5447 2708 5516 apud
2738 5463 2875 5514 quos
2898 5458 3000 5509 est,
3039 5445 3342 5513 refrigeret,
3376 5455 3428 5501 et
3453 5456 3649 5517 naturam

2135 5516 2288 5585 aqua:
2317 5519 2458 5570 unde
2510 5520 2797 5578 emittitur,
2833 5518 3122 5584 signiticet.
3158 5517 3426 5570 llacteuns
3455 5516 3650 5585 Cyrillus.

2137 5584 2224 5642 Sic
2268 5587 2452 5652 itaque
2502 5587 2710 5640 vocavit
2747 5591 2831 5640 hic
2873 5589 3136 5656 Spiritum
3173 5600 3440 5649 sanctum,
3471 5584 3648 5652 qualita-

2141 5668 2244 5728 tem
2271 5656 2574 5728 divinitatis
2617 5659 2936 5726 symbolice,
2959 5657 3200 5711 adhibita
3232 5659 3648 5728 ρυτινθοιὶεοιιθιςζτ

2142 5726 2216 5787 hi,
2242 5736 2300 5777 ut
2327 5727 2368 5778 si
2403 5721 2930 5795 vocasset-vaporem
2960 5729 3276 5782 substantia:
3308 5728 3508 5791 divinat,
3527 5721 3644 5777 simili

2141 5795 2388 5864 exemplo
2411 5806 2464 5850 et
2491 5800 2731 5868 symbolo
2763 5807 2937 5853 utens.

2449 5937 2482 5960 Ι
