3872 6538
240 416 324 479 ιιι
1094 411 1325 474 DECAS
1358 383 1456 471 tit.
1485 436 1549 447 ——
1593 411 1691 471 DE
1734 408 2184 468 txrmrars
2230 406 2306 466 lN
2350 407 2511 466 DEO.

3335 401 3441 463 942

239 532 471 588 urantur;
528 521 663 576 solet
716 537 845 573 vero
902 535 1104 590 uogcre
1152 521 1323 589 digito
1358 520 1495 587 apud
1526 535 1649 572 eum
1678 519 1766 583 qui
1800 526 1841 577 Α
1875 518 2095 583 pit-otia,
2127 526 2245 570 erat
2304 519 2470 586 igitur
2499 530 2726 585 tempus,
2772 514 2821 567 iit
2861 511 2967 584 quo
2994 524 3107 568 erat
3152 515 3290 569 Deus
3324 516 3441 569 sine

237 616 440 671 lirachio
475 615 672 668 utitur:
702 612 782 665 sic
815 608 1046 665 Verbum
1091 612 1179 663 Dei
1216 626 1280 662 ex
1323 610 1459 676 ipso,
1489 620 1541 662 et
1570 611 1621 663 in
1655 610 1770 677 ipso

236 708 527 761 naturaliter
554 712 820 773 aptatttm,
865 711 922 756 ut
950 702 1022 756 ita
1062 702 1259 761 dicam,
1302 712 1355 756 et
1385 703 1606 756 insitum
1642 716 1772 755 eon-

233 799 517 853 sideramus
543 815 557 850 :
587 798 641 850 in
674 796 812 850 Filio
842 807 1019 848 autem
1053 794 1468 849 consideramus
1502 793 1769 862 Spiritum

234 887 532 943 naturaliter
558 896 613 941 ct
636 886 1068 941 subsmntialiter
1117 902 1143 938 a
1173 885 1334 938 Patre
1370 886 1771 953 procedenti-io,

233 997 315 1047 tier
338 993 484 1043 quem
510 978 690 1030 omnia
721 992 932 1046 ungens
965 978 1287 1029 sanctificat.
1320 976 1434 1028 Non
1466 976 1627 1045 igitur
1653 974 1777 1042 Spi-

232 1072 348 1123 ritus
372 1079 592 1122 sanctus
627 1082 653 1120 a
684 1069 865 1121 divina
899 1067 1201 1120 substantia
1234 1067 1442 1120 alienus
1472 1077 1526 1119 et
1559 1066 1776 1134 disjuu-

230 1173 333 1215 ctus
364 1160 590 1225 videtur,
624 1159 751 1227 quin
787 1160 967 1228 potius
999 1175 1061 1212 ex
1096 1159 1231 1226 ipsa,
1256 1158 1382 1211 etin
1416 1158 1528 1225 ipsa
1560 1166 1778 1209 natura-

228 1255 351 1306 liter.
377 1253 521 1303 Sicut
552 1254 716 1320 igitur
748 1251 945 1319 digitus
976 1252 1217 1319 corporis
1247 1251 1298 1302 in
1337 1265 1516 1312 manu,
1542 1248 1778 1315 ejusdem

228 1349 412 1393 natura:
434 1353 623 1392 manus
648 1348 762 1399 est;
794 1342 875 1392 sic
901 1355 1093 1393 rursus
1125 1350 1177 1392 ct
1215 1353 1407 1393 manus
1436 1339 1488 1390 in
1526 1351 1774 1403 corpore,

227 1446 318 1482 non
347 1442 425 1481 εει
454 1428 682 1483 alterius
715 1439 942 1491 naturae,
974 1445 1133 1498 quam
1163 1432 1427 1499 corporis.
1464 1429 1585 1483 [lare
1617 1430 1780 1499 igitur

225 1538 329 1577 cum
352 1523 428 1577 sic
459 1523 593 1584 sint,
636 1522 890 1591 sequitur
919 1523 1083 1577 Deum
1117 1538 1235 1577 esse
1264 1524 1525 1593 Spiritum
1548 1542 1560 1577 :
1581 1534 1637 1578 et
1673 1538 1779 1577 non

226 1614 363 1666 aliter
386 1629 524 1669 esse.
584 1615 773 1668 Adhuc
803 1616 943 1668 idetu
977 1617 1028 1668 in
1055 1616 1293 1669 eisdem;
1335 1616 1418 1667 Ait
1457 1615 1511 1667 in
1547 1618 1779 1683 quodam

227 1707 325 1759 loco
349 1705 515 1761 Deus:
548 1706 749 1760 Caelum
778 1716 826 1760 et
867 1718 1061 1761 terram
1093 1724 1186 1776 ego
1213 1707 1401 1775 impleo
1431 1707 1499 1771 ",
1525 1708 1657 1760 dicit
1678 1707 1781 1761 Do-

226 1802 417 1860 minus;
449 1800 634 1868 implet
660 1802 866 1854 scilicet
895 1803 1091 1869 ubique
1114 1816 1349 1869 prtcsens
1380 1815 1475 1868 per
1496 1798 1777 1868 Spiritum,

223 1893 347 1955 quod
373 1893 590 1959 quidem
614 1909 731 1947 cum
758 1896 921 1947 sciret
944 1894 1031 1961 qui
1056 1894 1301 1949 Psaltnos
1323 1894 1538 1957 cecinit,
1574 1894 1772 1948 aiebat:

224 1985 323 2046 Qt-o
353 1984 431 2036 ibo
460 2001 489 2034 a
521 1986 719 2051 spiritu
749 1986 877 2037 tuo?
905 1982 966 2039 Si
994 1987 1277 2038 uacent/ero
1316 1986 1370 2037 iu
1394 1985 1601 2047 caelum,
1630 1993 1685 2036 tu
1708 1984 1778 2036 il-

224 2076 283 2125 tic
315 2088 365 2126 es
402 2086 417 2124 :
450 2077 497 2127 si
529 2074 848 2128 descendero
870 2077 923 2129 in
951 2077 1240 2145 infernum,
1272 2076 1399 2129 ades
1423 2076 1492 2129 ³⁸.
1526 2075 1581 2129 Si
1616 2076 1781 2144 igitur

227 2179 301 2230 pet
342 2164 603 2231 Spiritum
634 2167 819 2235 implet
848 2169 1028 2221 Omnia
1062 2167 1219 2229 Dens,
1251 2169 1405 2221 adest
1434 2178 1611 2220 autem
1659 2167 1780 2220 ubi-

222 2274 348 2321 que:
387 2256 525 2311 Deus
580 2258 743 2327 igitur
766 2266 850 2313 est
903 2256 1158 2328 Spiritus,
1201 2260 1384 2312 omnia
1432 2258 1658 2327 impletis
1705 2268 1763 2311 ut

233 2349 375 2403 lictis.
407 2350 469 2403 Et
504 2350 559 2403 iu
591 2352 791 2406 eisdem
822 2370 834 2404 :
861 2352 977 2405 Non
1008 2366 1136 2420 ergo
1164 2361 1249 2404 est
1297 2349 1473 2404 factus
1521 2349 1777 2418 Spiritus,

225 2442 270 2492 in
295 2456 399 2511 quo
426 2442 480 2494 Di
505 2459 594 2503 us,
632 2456 683 2497 et
710 2458 807 2513 per
829 2458 985 2512 quem
1042 2444 1220 2497 omnia
1252 2453 1541 2510 operatur;
1577 2452 1630 2495 et
1659 2458 1780 2510 pro-

223 2541 328 2598 pter
361 2531 457 2583 hoc
522 2518 847 2586 honoratur.
900 2532 1127 2601 Magnus
1182 2532 1536 2597 Athanasius,
1584 2532 1682 2584 lib.
1737 2545 1775 2584 ιι

222 2622 398 2675 Contra
424 2624 660 2678 Ariauos
690 2642 709 2681 :
744 2626 1052 2694 Apostolus,
1086 2625 1280 2693 inquit,
1317 2624 1545 2693 gentiles
1595 2625 1659 2675 ad
1691 2638 1776 2675 re-

223 2711 496 2765 verentiam
562 2729 689 2779 erga
724 2712 889 2766 Deum
930 2717 1175 2767 excitans
1210 2714 1421 2765 aiebat;
1482 2710 1778 2763 lurisibilia

218 2807 339 2858 enim
373 2807 535 2872 ipsius
568 2822 599 2858 a
626 2815 872 2857 creatura
897 2806 1079 2857 mundi
1106 2820 1198 2872 per
1225 2821 1285 2855 ea
1320 2818 1434 2872 qui?
1462 2801 1603 2867 facta
1630 2809 1770 2862 sunt,

223 2899 469 2951 intellecta
502 2899 928 2965 conspiciuntur,
989 2900 1307 2961 sempiterna
1368 2910 1568 2963 quoque
1615 2896 1779 2945 virtus

218 2993 318 3055 rjus
346 3000 389 3043 et
422 2992 678 3044 divinitas
713 2993 728 3022 ¹
757 3007 772 3048 :
808 3005 927 3058 quae
956 3002 1132 3042 autem
1193 2990 1261 3041 sit
1296 2987 1386 3040 Dei
1420 2990 1609 3050 virtus,
1633 2986 1774 3039 idem

222 3081 399 3135 Paulus
458 3083 647 3145 docet,
682 3099 801 3135 cum
827 3086 936 3136 ait:
985 3082 1225 3135 Christus
1258 3081 1356 3133 Dei
1395 3082 1581 3141 virtus,
1604 3090 1650 3132 et
1683 3078 1779 3131 Dei

218 3175 459 3237 sapientia
487 3177 529 3229 '.
578 3174 642 3227 Et
677 3175 853 3228 anhuc
886 3177 937 3227 in
992 3174 1176 3227 eodem
1211 3173 1374 3225 libro:
1427 3173 1662 3224 Audiaut
1725 3179 1777 3225 et

220 3270 277 3317 de
345 3267 623 3331 Sapientia
672 3284 685 3320 :
758 3267 896 3327 Quia
954 3282 1052 3317 non
1114 3278 1184 3318 est
1246 3273 1302 3317 ut
1364 3267 1517 3316 homo
1574 3263 1775 3329 Drus’,

221 3373 280 3411 ne
319 3361 553 3411 lmmana
610 3362 870 3427 cogitent.
928 3358 994 3410 Et
1042 3358 1093 3411 itt
1127 3359 1226 3411 hoc
1274 3359 1431 3422 libro,
1492 3357 1559 3411 de
1612 3359 1775 3426 ipso:

218 3448 418 3505 Etenim
479 3467 607 3506 cum
661 3454 905 3505 homines
964 3451 1090 3506 facti
1146 3453 1257 3505 sint
1320 3452 1428 3520 apti
1476 3451 1539 3503 ad
1599 3451 1777 3518 perci—

220 3535 451 3608 piendam
473 3543 822 3610 sapientiam,
849 3542 989 3598 Deus
1017 3543 1219 3598 nullius
1241 3544 1438 3611 alioqui
1480 3543 1773 3612 particeps,

219 3634 321 3702 ipse
354 3649 460 3687 sua:
496 3633 795 3701 Sapientia:
817 3635 977 3689 Pater
1004 3645 1106 3699 est,
1142 3633 1298 3703 cujus
1329 3634 1419 3702 qui
1446 3644 1571 3689 sunt
1607 3633 1779 3699 parti-

218 3725 371 3790 cipes,
398 3724 682 3793 sapientes
742 3724 997 3794 appellari
1029 3734 1449 3779 consueverunt.
1506 3723 1776 3778 Praeterea

218 3826 387 3867 contra
417 3818 641 3870 eosdem
670 3817 898 3869 Ariauos
925 3834 936 3869 :
977 3815 1030 3870 Si
1062 3831 1216 3885 ergo,
1269 3816 1464 3885 inquit,
1496 3815 1549 3868 in
1580 3814 1777 3869 divinis

219 3902 503 3974 Scripturis
542 3922 650 3961 non
677 3912 943 3976 reperitur
978 3908 1078 3959 alia
1111 3910 1374 3975 sapientia
1413 3916 1605 3974 praeter
1638 3907 1779 3959 hunc

220 3993 416 4059 Filium,
449 4014 553 4050 nec
583 4013 645 4050 ex
679 3996 926 4050 Pali‘lllUS
959 3998 1248 4065 quidquam
1289 3998 1392 4050 tale
1452 3997 1775 4061 audivimus,

218 4100 282 4135 isi
304 4102 476 4145 autem
510 4102 747 4154 certum,
792 4103 841 4141 et
870 4090 1152 4156 scriptum,
1183 4090 1421 4141 iucreatc
1456 4089 1772 4156 sapientiam

217 4179 356 4233 simul
376 4185 646 4236 essiStere
674 4199 793 4234 cunt
812 4182 991 4242 Patre.
1019 4193 1071 4235 et
1104 4199 1196 4249 per
1227 4200 1284 4236 se
1319 4184 1501 4234 niuntli
1529 4183 1773 4249 opiﬁcem

218 4286 321 4325 esse
346 4276 365 4303 ⁸
395 4290 411 4335 ;
446 4274 564 4339 ipse
600 4273 762 4325 fuerit
795 4270 977 4323 Filius.
1002 4270 1065 4323 Et
1092 4272 1265 4324 adhuc
1300 4273 1435 4324 idettt
1472 4272 1522 4325 in
1563 4275 1774 4328 eodem:

220 4363 367 4426 Sane,
394 4365 592 4432 inquit,
626 4363 707 4416 liis
757 4363 970 4416 duobus
997 4363 1155 4417 dictis
1188 4364 1322 4415 inter
1354 4379 1411 4416 se
1469 4365 1775 4430 contrariis,

1876 608 2159 676 Sapientia,
2184 618 2234 660 et
2254 608 2369 662 sine
2389 609 2603 667 virtute,
2624 623 2745 659 eum
2772 622 2876 660 non
2900 616 3043 660 esset
3078 605 3269 668 Filius,
3288 620 3414 658 crea

1878 709 1998 752 tura
2032 700 2172 752 enim
2196 700 2353 767 plane
2379 715 2440 751 ex
2473 699 2641 753 nihilo
2674 697 2724 750 lit
2754 714 2769 762 ;
2809 709 2861 750 at
2899 698 3113 765 sapiens
3146 706 3263 748 erat
3296 711 3442 750 sent-
3522 730 3531 761 ι

1878 806 1974 858 per
1998 799 2049 843 ct
2072 799 2254 859 potens
2280 789 2418 843 Deus
2443 806 2457 855 ;
2485 800 2601 843 erat
2630 790 2793 855 igitur
2815 790 2859 841 ei
2886 788 3069 848 Filius,
3105 790 3193 857 qui
3227 797 3307 841 est
3327 803 3445 841 out-

1881 885 1964 934 nia
1990 881 2123 937 haec.
2168 882 2233 934 Et
2260 885 2429 934 adhuc
2454 883 2599 948 ipse:
2637 880 2943 941 Conliteris,
2978 882 3170 947 inquit,
3213 881 3333 933 licet
3364 880 3443 931 itt-

1881 974 2043 1036 vitus,
2076 974 2348 1036 haeretica,
2383 974 2699 1042 sapientiam
2731 976 2822 1027 Dei
2861 975 3176 1027 naturaliter
3205 973 3441 1036 insitam,

1879 1071 1934 1115 et
1967 1065 2214 1116 virtutem
2247 1067 2509 1117 exsistere
2546 1068 2598 1117 iu
2636 1066 2752 1134 ipso
2781 1066 3034 1120 increate.
3088 1064 3225 1118 Cum
3281 1066 3447 1133 igitur

1881 1156 2068 1209 audies
2105 1153 2317 1218 Filium,
2349 1157 2433 1207 dic
2457 1158 2615 1209 etiam
2645 1173 2829 1210 rursus
2863 1160 2964 1211 duo
2993 1157 3265 1210 iucreata:
3308 1158 3447 1208 hanc

1886 1260 2009 1297 vero
2062 1247 2229 1313 ipsam
2263 1246 2315 1298 in
2361 1246 2466 1299 Deo
2504 1247 2823 1307 sapientiam
2849 1257 2899 1299 ct
2936 1249 3187 1300 virtutem
3212 1249 3448 1300 increate

1882 1350 1935 1391 et
1959 1340 2075 1391 sine
2126 1349 2363 1408 tempore
2389 1341 2733 1393 exsistcntem
2779 1340 3050 1396 credimus
3079 1355 3198 1395 esse
3230 1339 3445 1406 Filium,

1882 1432 1972 1495 qui
2005 1431 2184 1483 omnia
2239 1432 2460 1493 creavit,
2499 1443 2549 1483 et
2580 1442 2796 1500 propter
2826 1446 2925 1485 nos
2962 1432 3137 1485 factus
3190 1443 3270 1486 est
3294 1446 3444 1486 caro.

1886 1520 1949 1572 Et
1975 1522 2147 1574 adhuc
2178 1523 2289 1589 ipse
2333 1522 2383 1573 in
2413 1523 2642 1587 septimo
2678 1524 2742 1575 ad
2777 1520 3053 1577 liertniam
3105 1525 3240 1576 libro
3261 1524 3447 1592 dispu-

1886 1625 2007 1664 tatis
2038 1627 2183 1664 more
2215 1612 2446 1678 dialogi:
2474 1613 2603 1666 Crn.
2650 1612 2703 1665 In
2739 1628 2843 1681 quo
2879 1624 3004 1668 sunt
3027 1615 3321 1683 sapientes,
3354 1614 3447 1683 qui

1885 1704 2157 1772 sapientes
2194 1703 2368 1756 liunt?
2405 1703 2580 1757 llenu.
2615 1706 2668 1757 lu
2722 1704 2984 1772 sapientia
3015 1706 3145 1758 Cra.
3203 1705 3371 1774 Igitur
3399 1706 3448 1759 si

1887 1794 2120 1861 Spiritus
2150 1798 2466 1861 sapientiam
2501 1800 2651 1849 docet
2688 1812 2747 1849 ea
2784 1811 2901 1864 quae
2933 1808 3055 1849 sunt
3090 1811 3210 1865 apta
3251 1798 3316 1850 ad
3352 1813 3447 1851 ca-

1880 1881 2131 1948 piendum
2188 1883 2529 1951 sapientiam,
2576 1884 2794 1936 omnino
2827 1886 3088 1952 sapientia
3134 1888 3257 1952 erit,
3284 1895 3339 1941 et
3370 1889 3451 1939 in-

1884 1974 2167 2043 telligetur,
2201 1976 2344 2029 hunc
2386 1989 2565 2030 autem
2607 1979 2842 2032 diximus
2876 1995 2995 2034 csse
3026 1980 3212 2035 Deum.
3252 1983 3312 2036 Et
3349 1985 3448 2036 ad-

1882 2068 1988 2119 huc
2028 2070 2077 2119 in
2110 2070 2172 2121 iis
2198 2085 2314 2136 qua:
2345 2069 2412 2123 de
2439 2070 2641 2138 Spiritu
2689 2079 2848 2126 aucto
2906 2073 3162 2141 scripsit.:
3208 2074 3448 2131 Libenter

1878 2159 2039 2225 igitur
2067 2162 2229 2229 magis
2268 2162 2535 2229 gloriabor
2562 2164 2613 2215 in
2638 2164 3046 2226 inﬁrmitatibus
3079 2169 3229 2230 meis,
3263 2180 3319 2221 ut
3360 2170 3447 2223 iu-

1880 2251 2072 2304 Itabitet
2108 2253 2162 2305 in
2205 2269 2283 2306 me
2332 2254 2500 2307 virtus
2525 2253 2719 2308 Christi
2741 2256 2762 2287 ⁸
2790 2272 2811 2321 ;
2842 2258 2884 2311 si
2911 2268 3087 2311 autem
3108 2262 3343 2325 Spiritus
3365 2275 3450 2319 est

1879 2342 1967 2408 qui
2006 2341 2209 2394 habitat
2238 2341 2290 2393 in
2326 2342 2503 2406 nobis,
2533 2354 2587 2396 et
2620 2358 2715 2411 per
2765 2345 2938 2413 ipsum
2970 2347 3236 2414 Christus,
3275 2351 3451 2409 virtus

1882 2433 2042 2499 igitur
2080 2442 2162 2487 est
2183 2434 2300 2500 ejus
2336 2434 2570 2501 Spiritus
2617 2445 2875 2502 sanctus;
2920 2438 2965 2491 si
3016 2452 3192 2495 autem
3239 2444 3336 2495 hoc
3366 2445 3446 2498 sic

1844 2522 1849 2525 ⁸
1879 2534 1986 2585 est,
2019 2524 2287 2588 quomodo
2305 2529 2406 2577 erit
2438 2536 2708 2591 creatura,
2765 2530 2853 2597 qui
2885 2538 3073 2584 natura
3100 2534 3252 2587 adest
3278 2535 3328 2586 in
3353 2533 3448 2588 Fi-

1882 2616 1989 2669 lio?
2017 2616 2128 2669 Nisi
2163 2626 2371 2685 tempus
2417 2630 2522 2679 est,
2556 2628 2612 2671 ιιι
2644 2620 2808 2674 Deum
2870 2620 3128 2688 Verbum,
3190 2627 3279 2696 qui
3310 2630 3446 2685 nihil

1881 2708 2072 2775 duplex
2107 2709 2287 2770 habet,
2332 2712 2692 2779 compositum
2732 2727 2852 2767 esse
2887 2714 3039 2769 dicas
3072 2732 3135 2769 ex
3165 2730 3366 2784 creato,
3394 2732 3450 2775 et.

1882 2816 1978 2852 sua
2013 2812 2224 2854 natura.
2247 2804 2449 2869 quodsi
2487 2804 2585 2856 ltoc
2603 2805 2896 2859 absurdum
2930 2817 3045 2874 est,
3086 2824 3187 2864 u0n
3217 2824 3298 2866 est
3324 2814 3449 2883 Spi-

1882 2894 2016 2945 ritus
2046 2904 2279 2957 creatus,
2307 2904 2397 2947 aut
2436 2893 2629 2961 factus,
2664 2897 2759 2950 sed
2814 2913 2876 2952 ex
2912 2900 3096 2956 divina
3121 2915 3175 2958 et
3207 2920 3325 2972 qua:
3366 2909 3449 2962 in-

1882 2984 2170 3053 telligentia
2201 2986 2587 3055 comprehendi
2608 3003 2712 3043 non
2736 3000 2929 3057 potest,
2961 2994 3283 3061 substantia,
3313 3007 3450 3052 tam-

1880 3090 2041 3145 quam
2073 3076 2242 3143 ipsius
2271 3077 2439 3130 virtus
2463 3088 2516 3131 et
2543 3080 2757 3149 energia
2789 3083 3071 3139 naturalis.
3125 3086 3188 3140 Et
3221 3105 3448 3159 magnus

1806 3147 1850 3210 (ἶ
1885 3170 2232 3231 Athanasius,
2264 3167 2318 3221 in
2354 3171 2581 3238 epistola
2631 3147 2697 3225 ad
2727 3170 3111 3243 Serapionem:
3164 3178 3228 3232 Et
3256 3147 3447 3239 rursus

1884 3258 2007 3325 quia
2061 3256 2232 3312 Filius
2255 3268 2339 3312 est
2371 3259 2655 3325 sapientia,
2688 3269 2743 3314 et
2774 3262 2997 3330 veritas,
3039 3265 3301 3334 scriptum
3324 3281 3443 3323 est:

1884 3350 2111 3417 Spiritus
2140 3351 2435 3418 sapientiae,
2490 3335 2804 3405 et'cetitatis
2829 3354 2868 3409 ⁸.
2909 3355 2976 3409 Ει
3004 3374 3192 3412 rursus
3228 3375 3244 3411 :
3277 3358 3446 3416 Filius

1881 3443 2100 3513 quidem
2141 3454 2224 3495 est
2255 3444 2422 3495 virtus
2450 3442 2567 3506 Dei,
2604 3452 2656 3497 et
2680 3443 2939 3500 Dominus
2956 3449 3170 3517 gloriae;
3212 3451 3449 3522 Spiritus

1885 3548 2061 3590 autem
2090 3538 2285 3590 dicitur
2303 3537 2525 3605 spiritus
2558 3539 2795 3603 virtutis,
2824 3550 2874 3592 et
2903 3543 3124 3609 spiritus
3154 3545 3357 3612 gini-im.
3382 3546 3447 3603 Et

1887 3645 2096 3683 rursum
2120 3646 2133 3702 ς
2159 3628 2360 3682 Deinde
2382 3645 2502 3680 cum
2535 3628 2692 3683 Pater
2709 3631 2799 3693 sit,
2821 3641 2878 3686 ut
2910 3631 3106 3688 Paulus
3130 3637 3262 3689 dixit
3284 3638 3325 3701 ⁷,
3358 3654 3447 3691 so-

1885 3722 1965 3774 lus
1998 3723 2214 3787 sapiens
2241 3720 2400 3785 Deus,
2427 3718 2596 3775 Filius
2627 3729 2708 3774 est
2730 3723 2992 3792 sapientia
3022 3726 3160 3793 ejus,
3196 3729 3444 3782 Christus

1885 3813 2027 3865 enim
2062 3812 2151 3865 Dci
2195 3814 2384 3873 vittus,
2419 3820 2471 3865 et
2499 3811 2591 3864 Dei
2624 3814 2910 3883 sapientia,
2945 3826 3144 3871 etcum
3198 3818 3373 3874 Filius
3398 3823 3443 3873 si

1885 3904 1974 3956 Dei
1996 3905 2283 3970 sapientia,
2303 3904 2629 3971 accipientes
2646 3922 2746 3961 nos
2770 3904 3027 3975 Spiritum
3052 3910 3445 3980 δθρὶιιιιιὶρυ,ἰτιο

1878 3995 2007 4047 litttti
2052 3995 2345 4059 habemus;
2410 3998 2548 4049 etin
2597 3997 2710 4064 ipso
2758 4002 3027 4065 sapientes
3063 4003 3343 4059 cilicimur.
3380 4008 3446 4061 Et

1884 4102 2071 4139 rursus
2110 4088 2270 4149 idem,
2302 4098 2488 4140 contra
2524 4106 2614 4141 eos
2646 4090 2732 4157 qui
2766 4092 3440 4152 serviuutverbis:Gloria

1880 4182 2045 4242 enim,
2083 4180 2274 4248 inquit,
2338 4182 2535 4233 dicitur
2589 4178 2945 4249 Unigenittts:
2981 4183 3043 4234 Et
3079 4185 3298 4237 t'iu'iuttts
3327 4189 3441 4255 glo-

1881 4272 2015 4323 riam
2045 4271 2179 4338 ejus,
2204 4270 2429 4339 gloriam
2454 4272 2605 4339 quasi
2662 4274 2915 4336 ttuigeniti
2942 4290 2971 4323 a
3012 4272 3167 4325 Patre
3195 4276 3238 4339 ⁸;
3273 4293 3439 4346 quare

1879 4363 2040 4417 illud:
2071 4362 2211 4415 Deus
2245 4361 2782 4415 Domiuiuostrilesu
2813 4365 3013 4417 Christi
3035 4368 3052 4395 ⁹
3089 4369 3311 4434 perinde
3334 4379 3439 4433 est,

215 4452 344 4518 juste
394 4457 515 4521 quis
551 4454 712 4515 dicztt,
775 4457 988 4508 vincere
1046 4456 1425 4522 prOprietatem
1484 4454 1773 4524 Uuigeniti,
1810 4486 1851 4539 Ι)
1884 4456 2007 4508 utsi
2063 4455 2310 4507 dicatur:
2368 4452 2509 4505 Deus
2546 4457 2727 4507 carnis
2763 4454 2984 4519 Christi,
3029 4455 3187 4510 Pater
3233 4460 3438 4523 plot-iw,

217 4544 329 4609 quia
363 4545 585 4598 nou‘sit
612 4545 754 4598 aliud
788 4546 1041 4609 Verbum,
1078 4546 1157 4598 vel
1193 4547 1292 4597 alia
1328 4547 1623 4615 Sapientia,
1674 4550 1776 4603 nisi

220 4635 296 4689 hic
332 4639 499 4690 solus.
540 4635 604 4689 Et
629 4640 886 4690 rursusin
917 4639 1101 4689 eodem
1131 4655 1143 4690 :
1179 4637 1776 4704 Dccehatenim,uuius

220 4723 297 4778 Dei
332 4745 491 4781 uuam
538 4743 658 4781 esse
682 4729 992 4797 imaginem,
1026 4738 1078 4782 et
1110 4744 1274 4782 unum
1328 4729 1484 4798 hujus
1518 4727 1769 4794 Verbum,

218 4828 262 4867 et
284 4835 433 4872 uuam
470 4820 643 4886 ipsius
668 4819 1026 4883 sapientiam;
1085 4836 1253 4886 quare
1289 4822 1473 4884 miror,
1504 4825 1771 4889 quomodo

216 4911 405 4961 tlltllSll
442 4927 585 4965 unus
620 4912 784 4971 Deus,
832 4913 1026 4965 inultas
1057 4911 1143 4963 isti
1176 4912 1439 4978 imagines
1473 4925 1525 4965 ct
1553 4913 1769 4979 sapien-

219 5004 309 5052 tias
344 5005 637 5055 secundum
697 5019 823 5056 suas
856 5003 1210 5071 cogitationes
1267 5004 1595 5070 excogitant.
1634 5006 1770 5058 Satt-

218 5101 321 5140 ctus
367 5095 600 5161 Cyrillos
636 5095 688 5145 itt
724 5093 1011 5147 Tltesauris
1048 5107 1065 5144 :
1102 5094 1155 5145 Si
1206 5096 1377 5146 iactus
1428 5106 1531 5155 est,
1574 5096 1767 5162 inquit,

218 5179 391 5246 l“.lius,
424 5195 646 5239 vocatur
688 5198 864 5238 autem
925 5196 977 5237 et
1005 5194 1085 5237 est
1124 5182 1215 5235 Dt-i
1254 5187 1441 5245 virtus,
1472 5196 1522 5235 et
1560 5182 1650 5237 Dei
1684 5200 1771 5237 sa-

278 5280 319 5307 "
374 5281 573 5334 .lt-reoi.
619 5296 776 5338 mu,
841 5277 928 5332 Ἡ.
1037 5278 1254 5332 “l’sal.
1311 5291 1572 5339 cxxxvut,
1609 5275 1663 5334 7,
1727 5276 1780 5330 8.

220 5347 289 5400 l9.
380 5350 400 5380 ⁸
431 5350 591 5403 Prov.
622 5366 738 5408 \‘ltl,
769 5349 856 5406 ‘22.
889 5348 979 5401 25.
1074 5350 1093 5378 ⁵
1124 5347 1162 5399 Il
1194 5348 1319 5400 Cor.
1351 5361 1444 5409 xu,
1471 5347 1523 5398 9.

219 5430 251 5480 ι,
273 5417 322 5469 5.
399 5421 442 5450 "
472 5420 758 5482 lsa.sxxv,
781 5423 826 5481 l,
857 5418 910 5472 2.

1634 5350 1654 5375 '
1693 5347 1795 5401 ls:t.
1828 5363 1901 5407 XI,
1944 5350 1995 5399 2.

1015 5420 1052 5449 ¹¹
1078 5416 1181 5470 lsa.
1215 5434 1300 5478 ιι..
1331 5415 1393 5477 5;
1429 5415 1558 5469 Luc.
1594 5433 1653 5480 tt,
1691 5416 1745 5478 5,
1768 5418 1820 5469 6.

1881 4547 2039 4601 Pater
2063 4549 2361 4599 divinitatis
2388 4547 2485 4615 tl).
2517 4545 2754 4600 Gloriam
2778 4550 2919 4600 enim
2952 4564 3101 4602 vocat
3134 4550 3300 4604 Isaias
3325 4552 3444 4605 Sal-

1875 4649 2111 4691 Vatorem
2138 4640 2431 4690 secundum
2458 4639 2773 4707 dignitatem
2791 4639 3104 4695 divinitatis.
3131 4640 3267 4698 Cum
3293 4647 3436 4700 enim

1873 4738 2145 4781 narrasset
2182 4730 2460 4792 miracula,
2492 4743 2610 4796 qua:
2665 4728 2973 4783 in'deserto
3026 4733 3164 4785 facta
3211 4747 3358 4798 Sttttl,
3390 4752 3445 4789 et

1869 4819 2290 4885 exaugeiizasset
2312 4820 2545 4870 deserto:
2570 4817 2831 4882 Exsultat,
2854 4820 3047 4889 inquit,
3065 4822 3292 4877 solitudo
3312 4826 3442 4878 Jor-

1872 4908 2019 4969 daui,
2058 4919 2104 4961 et
2132 4909 2317 4976 ﬂoreat
2347 4918 2598 4976 tanquam
2625 4908 2831 4975 lilium;
2870 4913 3117 4977 quoniam
3152 4915 3320 4983 gloria
3351 4916 3444 4970 Li-

1871 4998 1992 5050 bani
2015 4999 2144 5052 data
2166 5009 2239 5052 est
2261 5001 2328 5059 ei,
2346 5011 2392 5052 et
2422 5001 2587 5053 honor
2606 4998 2834 5055 Carmeli
2860 5003 2925 5067 "’;
2956 5014 3031 5069 et,
3056 5004 3283 5067 Papulas
3300 5025 3441 5062 meus

1871 5090 2056 5142 ridebit
2088 5094 2312 5160 gloriam
2342 5089 2553 5144 Domini
2586 5102 2633 5146 et
2662 5095 2991 5147 altitudinem
3027 5095 3143 5160 Dei,
3176 5108 3221 5149 et
3250 5099 3437 5151 videbit

1873 5199 2040 5236 omnis
2081 5200 2202 5237 caro
2242 5183 2483 5237 salutare
2514 5184 2606 5239 Dei
2652 5188 2714 5240 “.
2757 5188 2936 5240 Gloria
2977 5189 3140 5259 igitur
3163 5192 3438 5257 estaglo‘

1909 5280 1921 5306 ¹
1966 5276 2119 5331 lium.
2181 5294 2219 5335 t.
2274 5276 2363 5331 ΞΟ.
2465 5282 2484 5309 ¹
2518 5278 2533 5331 |
2570 5280 2696 5333 Cor.
2756 5297 2794 5344 ι,
2828 5282 2918 5337 Si.

3016 5287 3035 5315 ³
3087 5284 3247 5340 Num.
3281 5304 3436 5351 niti,

2087 5348 2104 5377 ⁷
2158 5346 2316 5402 lium.
2360 5364 2469 5414 Xt‘l,
2515 5350 2603 5403 ‘27.

2682 5351 2701 5381 ⁸
2736 5350 2893 5406 Joatt.
2931 5372 2967 5417 ι,
3003 5357 3084 5409 Η.
3192 5359 3210 5389 ⁹
3240 5350 3433 5426 lipltt-s.

1686 5511 1959 5575 Scholia.

281 5614 353 5679 (Ι)
406 5613 563 5668 Pater
592 5618 795 5683 gloritt',
834 5617 996 5670 Pater
1046 5616 1360 5667 diuinitatis.
1422 5616 1578 5667 Pater
1634 5616 1769 5667 divi-

221 5681 397 5737 nitatis
425 5681 638 5751 dicitur,
668 5689 715 5739 id
749 5697 849 5751 est,
914 5687 1029 5739 Filii
1060 5704 1072 5749 ;
1128 5688 1465 5737 divinitatem
1514 5684 1680 5741 enim.
1717 5685 1767 5737 id

218 5763 289 5804 est
314 5756 597 5809 essentiam
654 5757 892 5810 divinant
954 5757 1159 5822 accepit
1215 5772 1310 5822 pro
1370 5769 1594 5822 persona
1650 5753 1766 5808 Filii

1875 5628 2094 5685 propter
2139 5618 2475 5674 identitatetn
2504 5622 2603 5686 rei,
2677 5632 2732 5675 ut
2766 5621 2940 5676 (ἶνωοὶ
2996 5622 3183 5679 Patres
3237 5626 3436 5685 solent.

1873 5690 2016 5756 quod
2042 5691 2205 5745 etiam
2236 5699 2459 5745 sanctus
2486 5688 2726 5746 Thomas
2758 5695 3089 5749 observavit.
