3872 6560
230 383 318 448 945
1089 404 1334 468 DECAS
1379 412 1480 471 IX.
1524 438 1592 449 -
1636 415 1732 475 DE

1860 420 2227 486 FlNlTATE
2275 427 2353 487 lN
2390 430 2564 493 nso.
3349 437 3453 501 916

223 510 442 616 citi’atri
534 510 782 582 Cleri/ica
815 532 895 571 me
921 517 1115 589 gloria,
1141 539 1300 589 quam
1349 526 1513 577 habui
1550 544 1581 579 a
1607 528 1752 593 prin-
1782 534 1823 585 Α
1857 539 1944 583 tur
1965 542 2040 584 est
2070 534 2135 586 iis
2165 537 2252 605 qui
2279 539 2589 606 advertunt,
2619 543 2761 613 quod
2789 544 3029 601 excitato
3069 560 3321 617 corpore,
3360 548 3454 604 Fi~

220 604 332 666 cipio
358 604 488 670 apud
507 614 574 671 te,
617 617 901 680 antequam
928 620 1154 666 mundus
1176 625 1311 669 esset
1345 618 1409 670 ιθ.
1441 617 1582 671 Deus
1611 622 1756 673 enim
1864 604 2340 697 liusdicituriapud
2360 604 2584 684 Paulum
2612 604 2883 688 excitatus
2908 650 3075 690 essea
3106 604 3335 693 mortuis
3357 641 3404 672 "
3432 657 3449 706 ;

223 694 449 763 Verbum,
482 699 571 768 qui
605 710 731 757 ante
748 704 1010 789 mundum
1034 707 1259 775 gloriam
1294 709 1472 764 Patris
1500 712 1755 778 habebat,
1862 727 2057 781 corpus
2087 719 2228 769 enim
2257 720 2457 774 dicitur
2486 737 2585 791 pro
2619 739 2870 791 persona,
2894 728 2974 782 sic
2999 744 3128 798 ergo
3161 744 3288 784 cum
3316 694 3452 785 dici-'-

217 789 321 859 quia
350 792 598 848 extremis
619 794 812 851 diebus
855 796 1035 854 factus
1062 810 1146 855 est
1181 800 1363 869 homo,
1395 804 1757 870 opnrlt‘lratut
1868 813 1992 858 tur:
2037 805 2209 861 Vitam
2260 811 2410 866 dedit
2454 789 2630 871 Pater
2662 816 2822 886 Filio,
2860 789 3168 890 intelligere
3237 833 3453 889 Oportet

215 900 327 940 caro
345 895 554 956 propter
577 889 834 944 unionem
860 906 985 947 cum
1018 892 1217 959 Verbo,
1262 896 1391 952 illud
1418 898 1572 952 ﬁeret
1610 900 1754 969 quod
1869 898 2033 953 vitam
2071 904 2221 957 carni
2255 907 2455 963 datam.
2492 907 2547 963 Si
2582 913 2724 965 enim
2762 914 2868 967 vita
2921 923 3007 969 est
3040 916 3209 986 ipsius
3244 919 3449 977 carnis.

218 978 426 1079 IVelrb-um
459 987 577 1046 est;
610 979 667 1034 iit
690 992 874 1079 autem
901 984 1023 1049 hoc,
1047 987 1170 1055 quia
1196 987 1324 1043 illud
1354 992 1582 1059 accepit,
1615 995 1758 1061 quod
1866 994 2143 1057 quomodo
2201 996 2309 1049 vita
2382 999 2541 1053 vitam
2595 1003 2842 1071 accipit?
2898 978 3131 1061 Sanctus
3188 1008 3447 1079 Cyrillns,

212 1070 419 1125 habebat
450 1080 577 1126 ante
605 1074 864 1128 mundum
901 1094 915 1140 ;
975 1076 1077 1131 hoc
1133 1090 1313 1134 autem
1347 1093 1465 1135 erat
1517 1084 1758 1152 Spiritus
1865 1082 2005 1138 libro
2028 1087 2217 1154 quinto
2242 1088 2593 1161 Dialogorum
2620 1096 2685 1148 ad
2720 1070 3016 1152 iHern‘iiam
3072 1115 3085 1151 :
3147 1098 3203 1154 Si
3235 1070 3447 1171 'igitur,

213 1174 423 1225 sanctus,
458 1165 592 1221 nihil
621 1168 767 1221 enim
798 1169 945 1223 aliud
977 1178 1063 1226 est
1095 1184 1220 1227 ante
1270 1177 1466 1231 saecula
1529 1188 1762 1248 praeter.
1865 1177 2061 1247 inquit,
2092 1194 2195 1234 non
2219 1192 2302 1237 est
2335 1184 2503 1240 Filius
2528 1187 2637 1242 vita
2667 1189 2968 1243 secundum
3011 1165 3308 1256 naturain:
3337 1194 3448 1248 erit

211 1271 348 1321 quam
375 1256 614 1325 Patrem,
647 1270 704 1314 et
760 1260 959 1316 Filium
990 1272 1043 1318 et
1077 1263 1339 1333 Spiritum
1372 1280 1647 1338 sanctum,
1678 1276 1761 1327 id-
1863 1270 2086 1325 omnino
2114 1273 2166 1325 in
2191 1274 2407 1343 prapria
2434 1276 2610 1344 aliqua
2637 1286 2827 1331 natura
2853 1281 3078 1336 sortitus
3102 1281 3265 1335 vitam
3294 1299 3445 1337 suam

210 1352 338 1446 circo
365 1351 430 1404 ait
462 1351 549 1405 hic
587 1370 602 1408 :
646 1352 929 1422 Gloriam,
977 1374 1135 1426 quam
1187 1360 1381 1415 dedisti
1424 1364 1575 1428 mihi,
1639 1366 1761 1421 dedi
1864 1362 2026 1417 aliam
2058 1379 2221 1435 quam
2258 1368 2402 1437 quod
2460 1370 2574 1439 ipse
2596 1381 2701 1427 est.
2754 1372 3141 1442 Respondeaut
3191 1389 3322 1446 ergo
3357 1380 3447 1445 qni

208 1443 333 1509 ipsis,
369 1453 535 1509 utper
558 1462 677 1499 eam
706 1448 760 1501 in
779 1460 944 1502 unum
978 1453 1181 1504 mecum
1223 1454 1554 1522 copulentur,
1589 1470 1638 1512 et
1670 1476 1761 1528 per
1865 1458 1945 1511 sic
1967 1468 2221 1525 corrupta
2252 1471 2307 1516 et
2354 1463 2647 1532 depravata
2685 1467 2937 1536 dogmata
2996 1443 3312 1534 defendunt,
3350 1443 3450 1524 sub

207 1553 273 1589 me
296 1547 451 1589 tecum
512 1538 580 1591 '°.
623 1538 838 1594 Rursus
900 1541 1064 1608 idem,
1131 1544 1268 1599 libro
1333 1549 1507 1617 primo
1570 1560 1757 1608 contra

209 1630 495 1682 Eunomium
528 1648 540 1683 :
581 1630 836 1687 Siautem
877 1648 1094 1705 semper
1122 1647 1206 1692 est
1246 1640 1522 1709 gloriosus
1571 1643 1755 1715 Pater,

209 1723 284 1791 qui
311 1732 386 1775 est
422 1731 550 1778 ante
584 1724 818 1793 saecula;
850 1728 1021 1797 gloria
1064 1746 1195 1784 vero
1227 1730 1405 1788 Patris
1440 1744 1525 1788 est
1561 1735 1755 1804 Filius,

207 1817 375 1874 quiest
398 1825 524 1871 ante
557 1833 757 1883 aevum,
794 1820 1046 1876 similiter
1076 1834 1255 1879 autem
1295 1825 1466 1893 gloria
1520 1827 1639 1882 Filii
1675 1838 1755 1884 est

204 1906 409 1971 Spiritus
436 1907 669 1974 Christi,
713 1910 804 1979 qui
832 1925 1047 1980 semper
1065 1926 1188 1966 cum
1218 1887 1356 1967 Filio
1402 1923 1457 1969 et
1479 1913 1641 1971 Patre
1677 1919 1756 1972 in-
1787 1887 1831 1946 Β

139 2010 153 2033 ο
203 2000 470 2068 telligitur;
508 2001 656 2056 unde
688 2004 903 2072 sapiens
939 2004 1065 2071 iste,
1100 2014 1157 2060 et
1210 2020 1276 2060 ex
1312 2022 1420 2077 qua
1465 2010 1750 2080 disciplina

200 2095 483 2160 pronuntiat
549 2098 827 2166 antiquius
882 2099 932 2152 in
992 2100 1062 2154 iis
1103 2117 1224 2172 quae
1271 2104 1594 2159 naturaliter
1629 2116 1755 2161 sunt

206 2186 479 2241 honorata?
535 2188 612 2242 Ex
646 2189 732 2245 his
767 2190 1001 2247 efﬁcitur
1056 2193 1429 2263 manifestum,
1493 2201 1638 2269 quod
1700 2200 1752 2254 in

201 2276 457 2340 Triuitatc,
499 2297 620 2348 qua:
646 2299 805 2351 supra
832 2285 1194 2343 substantiam
1226 2299 1327 2352 est,
1388 2292 1539 2346 nullo
1582 2293 1748 2348 modo

203 2373 290 2424 alia
322 2383 398 2427 est
427 2376 675 2446 energia,
711 2377 825 2431 sive
852 2382 1114 2447 operatio,
1153 2394 1205 2436 et
1228 2400 1417 2438 manus
1455 2400 1553 2456 per
1594 2401 1753 2453 quam

202 2460 321 2515 [)HIS
345 2462 499 2517 Pater
529 2466 715 2518 Omnia
759 2476 904 2519 creat
938 2478 991 2522 et
1038 2467 1190 2533 facit,
1224 2472 1326 2525 nisi
1382 2474 1532 2529 solus
1572 2473 1747 2530 Filius

202 2562 245 2607 et
292 2552 517 2622 Spiritus
575 2566 824 2622 sanctus,
881 2559 970 2627 qui
1022 2570 1149 2615 sunt
1192 2575 1385 2618 manus
1438 2563 1531 2618 Dei
1585 2582 1752 2636 supra

196 2659 332 2713 quam
352 2646 755 2715 substantiales,
773 2651 1131 2719 sicutfalicubi
1150 2655 1413 2723 scriptum
1433 2667 1515 2714 est
1536 2658 1754 2714 :Manus

198 2746 285 2791 tute
310 2740 535 2807 fecerunt
553 2758 658 2806 me,
681 2753 728 2795 et
752 2744 1147 2812 plasmaverunt
1180 2760 1257 2802 me
1283 2750 1351 2815 ³¹,
1384 2766 1482 2805 nec
1521 2752 1626 2806 alia
1659 2768 1749 2806 sa-

198 2834 369 2896 pientiu
389 2842 441 2887 et
466 2835 641 2890 virtus
661 2834 773 2898 Dei.
796 2838 896 2892 nisi
922 2838 1161 2911 hmcipsa
1182 2856 1343 2907 supra
1368 2846 1747 2902 substantiam.

203 2918 346 2976 Verbo
367 2926 507 2980 enim
536 2926 749 2982 Domini
776 2931 891 2983 coeli
915 2932 1118 2999 ﬁrmati
1140 2943 1288 2998 sunt,
1308 2947 1354 2989 et
1383 2935 1589 3006 Spiritu
1640 2941 1749 2993 oris

197 3013 290 3080 eius
320 3016 481 3069 omnis
510 3020 682 3073 virtus
709 3037 887 3076 eorum
913 3024 954 3055 “
980 3028 1019 3090 ',
1042 3041 1141 3081 nec
1170 3027 1272 3081 alia
1299 3028 1475 3097 imago
1500 3038 1553 3084 et
1578 3029 1748 3099 gloria

197 3118 431 3163 coaeterna
465 3111 597 3179 Deo,
632 3115 735 3170 nisi
768 3115 963 3183 Filius,
1000 3121 1088 3188 qui
1127 3130 1210 3176 est
1244 3124 1749 3192 suypraquamprin-

1863 1564 1970 1619 quo
2004 1564 2202 1619 genere
2233 1554 2337 1608 erit
2370 1556 2546 1623 nobis,
2574 1566 2632 1610 ut
2668 1557 2744 1611 illi
2804 1560 3145 1628 opinantur?
3202 1562 3448 1616 Demon-

1863 1654 2093 1698 Stratum
2128 1646 2273 1700 enim
2300 1654 2407 1709 est,
2444 1661 2550 1701 non
2586 1664 2708 1704 esse
2732 1649 2958 1704 factum.
3010 1649 3147 1705 Heu.
3181 1650 3327 1715 Vita,
3365 1653 3452 1706 in-

1860 1737 2000 1806 quit,
2027 1737 2165 1793 lacla
2200 1750 2283 1794 est
2308 1756 2336 1793 a
2384 1739 2573 1807 Patre,
2607 1742 2744 1795 dixit
2772 1743 2917 1797 enim
2970 1741 3206 1798 Joannes
3236 1762 3250 1799 :
3291 1745 3446 1811 Quod

1862 1830 2061 1899 factum
2086 1836 2233 1889 estin
2264 1838 2397 1903 ipso,
2423 1835 2526 1889 vita
2547 1847 2658 1890 erat
2683 1835 2993 1894 ".Verbum
3028 1839 3184 1909 cujus
3212 1840 3319 1893 vita
3345 1852 3447 1894 esu

1860 1924 1991 1980 Cra.
2028 1926 2127 1992 Qui
2156 1925 2429 1997 colligavit
2462 1928 2628 1998 igitur
2657 1928 2839 1991 ambo,
2866 1939 2918 1982 et
2952 1929 3003 1984 in
3040 1945 3205 1985 unum
3245 1930 3449 1998 aliquid

1859 2020 2096 2072 contulit
2128 2020 2298 2072 vitam
2332 2027 2387 2074 et
2419 2015 2648 2086 Filium,
2687 2035 2789 2075 non
2830 2022 2975 2076 aliud
3001 2036 3121 2077 esse
3152 2023 3281 2076 dicit
3311 2038 3451 2090 prte-

1867 2120 2114 2179 terqnam
2141 2112 2331 2176 vitam,
2383 2128 2507 2182 quae
2562 2113 2613 2167 in
2664 2112 2782 2184 ipso
2831 2122 2965 2169 est:
3019 2115 3091 2168 ita
3124 2126 3176 2169 ut
3222 2116 3449 2171 diversis

1861 2202 2177 2257 nominibus
2246 2214 2440 2258 natura
2502 2205 2667 2260 unius
2733 2204 2825 2275 qui
2894 2206 3230 2276 intelligitur,
3292 2208 3449 2261 nobis

1858 2295 2195 2365 signiﬁcetur
2247 2297 2363 2352 sive
2406 2296 2577 2351 Filius
2607 2335 2621 2359 ,
2654 2298 2768 2353 sive
2800 2297 2911 2352 vita
2943 2297 3082 2352 forte
3109 2300 3317 2353 dicatur
3345 2302 3444 2368 (a).

1857 2388 2014 2443 Heu.
2059 2389 2173 2457 Sic,
2246 2393 2488 2461 inquam.
2536 2394 2606 2449 Et
2678 2410 2867 2449 rursus
2914 2394 3052 2449 idem
3115 2394 3252 2449 libro
3309 2412 3385 2450 vn
3425 2414 3438 2450 :

1859 2483 2249 2553 Snbjicientur,
2279 2486 2477 2554 inquit,
2509 2487 2793 2541 nobiscum
2827 2487 3004 2542 sacris
3039 2494 3096 2542 et
3120 2488 3317 2544 divinis
3350 2490 3441 2544 lit-

1857 2577 2016 2640 teris,
2055 2592 2175 2647 quae
2218 2588 2409 2647 aperte
2442 2562 2763 2647 praedicant,
2794 2594 2899 2633 non
2926 2580 3048 2633 vitae
3074 2580 3141 2633 ab
3184 2580 3291 2634 alio
3326 2597 3442 2633 ma-

1858 2669 2373 2724 nantisminisrrum
2405 2686 2550 2735 esse,
2608 2671 2704 2727 sed
2762 2686 2822 2726 re
2874 2687 2995 2727 esse
3046 2671 3218 2740 ipsam
3276 2674 3439 2727 vitam

1855 2764 2103 2832 Spiritum
2168 2766 2292 2818 vita:
2343 2765 2642 2820 secundum
2707 2774 2959 2818 naturam
3026 2764 3302 2817 vivilicum
3385 2774 3442 2819 et

1854 2866 2141 2920 Sanctum;
2172 2856 2249 2911 sic
2270 2857 2416 2911 enim
2452 2859 2525 2912 ait
2556 2856 2752 2911 alicubi
2795 2856 3035 2912 Paulus:
3076 2853 3137 2911 Si
3177 2857 3440 2926 Spiritus,

1853 2950 1943 3017 qui
1977 2950 2243 3004 suscitavit
2279 2948 2465 3003 Jesum
2487 2967 2517 3003 a
2547 2950 2791 3013 mortuis,
2810 2951 3017 3003 habitat
3044 2951 3097 3003 in
3130 2951 3278 3003 nobis
3303 2967 3322 3010 ξ
3345 2950 3439 3018 qui

1854 3041 2130 3093 suscitavit
2167 3040 2348 3095 Jesum
2376 3058 2408 3093 a
2446 3041 2694 3106 mortuis,
2730 3041 3013 3109 viviﬁcabit
3076 3051 3126 3094 et
3190 3041 3443 3094 mortalia

1854 3146 2075 3192 corpora
2105 3144 2285 3185 nostra
2337 3149 2427 3201 per
2481 3134 2863 3186 inhabitantem
2911 3131 3171 3202 Spiritum
3222 3133 3336 3202 ejus
3387 3134 3443 3184 in

198 3199 393 3296 cipiunt,
424 3213 474 3258 et
510 3204 755 3276 Spiritus
807 3211 945 3281 ejus,
973 3214 1063 3281 qui
1109 3224 1193 3269 est
1246 3225 1371 3270 ante
1435 3217 1656 3281 saecula,
1696 3225 1748 3271 et
1777 3229 1819 3287 ο
1856 3226 2002 3276 nobis
2037 3224 2106 3279 ’⁷.
2137 3199 2395 3294 Spiritum
2432 3225 2597 3296 igitur
2652 3226 2776 3279 vitae
2809 3199 3105 3280 secundum
3165 3199 3437 3288 naturam,

196 3302 239 3345 et
263 3294 370 3350 sine
395 3297 500 3351 ulla
537 3301 843 3356 variatione
885 3303 1063 3376 imago
1105 3316 1159 3362 et
1212 3307 1382 3377 gloria
1436 3306 1531 3365 Dei
1572 3308 1749 3364 Patris

194 3398 279 3436 non
304 3385 545 3446 habentis
582 3407 831 3450 causam.
1008 3408 1017 3411 ’

758 3486 990 3545 CAPUT
1034 3488 1145 3546 γη.

194 3558 325 3631 Quod
354 3573 727 3650 in_Trinitate,
759 3598 879 3647 qum
899 3592 974 3636 est
1025 3600 1187 3650 supra
1209 3587 1588 3645 substantiam.
1634 3606 1746 3644 non

249 3650 315 3721 est
348 3644 452 3721 alia
480 3647 612 3721 vita,
647 3651 722 3703 vel
757 3644 1023 3715 uoluntas,
1072 3644 1150 3708 uel
1197 3658 1456 3718 charitas,
1497 3644 1585 3711 vet,
1621 3660 1747 3713 bea-

250 3717 527 3791 titudo,_vel
564 3720 926 3784 pulchritudo.
969 3725 1046 3778 vel
1070 3727 1350 3791 sanctitas,
1395 3717 1560 3788 neque
1589 3730 1746 3783 boni-

250 3791 343 3869 tas,
373 3786 445 3838 rel
484 3788 683 3869 forata,
711 3792 1057 3869 velfeguum,
1109 3798 1213 3851 nisi
1260 3786 1367 3862 ipse
1422 3786 1595 3853 Filius
1628 3800 1744 3866 Dei,

249 3863 291 3903 et
341 3869 547 3910 sanctus
568 3861 686 3928 ejus
725 3861 980 3931 Spiritus.

247 3943 658 4017 Cbrysostomus
728 3955 1031 4022 explanans
1088 3958 1272 4013 illud:
1337 3960 1403 4015 lu
1472 3963 1583 4029 ipso
1632 3968 1743 4019 vita

192 4047 303 4125 erat,
327 4047 370 4090 et
403 4041 505 4094 vita
530 4053 649 4096 erat
674 4045 767 4098 tua:
790 4046 1081 4103 hominum.
1115 4048 1252 4105 Cum
1293 4053 1503 4119 audies,
1548 4055 1740 4125 inquit,

192 4119 247 4176 In
270 4127 369 4191 ipso
401 4133 505 4186 vita
530 4143 669 4198 erat,
706 4153 770 4191 ne
804 4140 1084 4197 existimes
1120 4143 1284 4198 Deum
1327 4150 1683 4213 compositum
1725 4169 1739 4205 :

193 4215 425 4285 siquidem
467 4226 729 4295 prodiens
775 4244 837 4284 ex
877 4230 1055 4299 Putre,
1089 4234 1199 4291 ait:
1232 4236 1382 4291 Sicut
1412 4236 1578 4293 Pater
1644 4242 1743 4294 ha-

194 4311 259 4364 bet
286 4318 431 4372 vitam
466 4321 519 4373 in
543 4324 849 4389 semetipso,
878 4326 954 4378 sic
995 4328 1139 4381 dedit
1171 4339 1217 4382 et
1264 4327 1406 4384 Filio
1441 4334 1598 4386 vitam
1640 4338 1737 4387 Ira-

193 4401 290 4460 bere
316 4409 363 4461 in
388 4416 670 4483 semetipso
694 4417 739 4447 "
770 4433 785 4483 ;
816 4420 1017 4473 etenim
1049 4421 1175 4475 alibi
1213 4422 1379 4477 etiam
1408 4425 1560 4490 dicit,
1598 4428 1738 4495 quod

195 4497 265 4550 Iuv
309 4513 388 4556 est
423 4507 565 4562 Deus
599 4509 719 4575 ²²·;
768 4520 822 4563 et
866 4511 1062 4565 iterum
1096 4516 1239 4583 quod
1291 4518 1462 4571 lucem
1535 4511 1760 4574 habitat

195 4587 614 4649 iuaccessabilem
650 4596 734 4663 '3;
785 4599 897 4653 haec
922 4602 1103 4654 omnia
1139 4602 1283 4657 dicta
1318 4615 1467 4668 sunt,
1525 4622 1631 4660 non
1687 4618 1745 4659 ut

129 4723 138 4733 .
194 4686 503 4751 suspicemur
532 4692 991 4761 compOsitiouem
1024 4734 1039 4759 ,
1095 4695 1189 4750 sed
1252 4708 1309 4749 ut
1358 4700 1613 4766 paulatim
1677 4702 1744 4753 ad

195 4780 529 4837 excelsitatem
572 4784 886 4855 dogmatum
925 4788 1217 4843 elevemur.
1282 4788 1420 4856 Quia
1459 4793 1601 4846 enim
1639 4808 1744 4846 non

195 4866 329 4923 facile
360 4875 476 4941 quis
510 4891 577 4931 ex
618 4876 775 4947 vulgo
802 4879 1148 4947 cogitaverit,
1184 4883 1459 4949 quomodo
1510 4894 1593 4939 est
1637 4887 1743 4937 vita

196 4958 294 5025 rius
326 4979 415 5033 per
437 4982 493 5022 se
513 4970 808 5037 exsistens,
845 4975 1078 5040 primum
1111 4975 1328 5042 quidem
1395 4975 1526 5030 illud
1578 4978 1739 5043 dixit,

196 5056 316 5113 Quod
348 5059 596 5117 humilius
629 5073 747 5129 est;
780 5063 978 5120 deinde
1017 5066 1129 5136 jam
1162 5067 1404 5123 eruditos
1452 5070 1519 5121 ad
1575 5072 1736 5124 altius

196 5145 339 5204 ducit.
369 5151 463 5217 Qui
505 5156 649 5209 enim
677 5156 811 5211 dixit
838 5173 852 5210 :
888 5156 1051 5211 Dedit
1083 5176 1128 5212 et
1176 5162 1337 5213 vitam
1369 5160 1559 5215 habere
1584 5203 1598 5225 ,
1642 5162 1730 5216 hic

198 5251 359 5297 rursus
389 5247 501 5301 ait:
544 5247 655 5319 Ego
686 5267 801 5303 sum
842 5252 949 5305 vita
1002 5252 1065 5306 “.
1099 5232 1328 5321 Magnus
1376 5257 1732 5323 Athanasius,

196 5329 239 5384 in
267 5333 390 5392 libro
414 5338 484 5394 De
511 5344 735 5398 adventu
770 5343 867 5399 Dei
898 5348 952 5400 in
994 5363 1149 5401 carne
1188 5363 1205 5401 :
1246 5346 1588 5403 Manifestum
1623 5352 1729 5421 igi-

256 5519 295 5550 "
320 5518 466 5580 Joau.
524 5546 658 5591 xvlt,
687 5531 739 5586 5.
851 5535 895 5565 ²⁰
922 5536 1053 5591 ibid.
1084 5537 1174 5591 2'2.

196 5591 339 5670 ξι..εῆ
382 5597 524 5670 ,³³1
567 5602 705 5658 Tun.
766 5620 837 5670 vr,
892 5606 979 5660 16.

195 5608 327 5689 ηεξ.
427 5608 524 5653 "l
567 5608 705 5658 'l'tm.
766 5620 837 5670 vr,
892 5608 979 5660 16.
1093 5610 1135 5638 ³⁸
1190 5608 1348 5665 Joan.

248 5662 431 5721 ibid.2.

1426 5628 1537 5676 λιν,
1600 5613 1652 5666 6.

1281 5542 1322 5570 ⁸⁸
1356 5540 1495 5594 Psal.
1520 5555 1709 5604 cum,
1743 5539 1829 5591 75.
1907 5540 1974 5571 ²¹⁶
2002 5539 2145 5589 Psal.
2188 5552 2195 5588 1

1281 5627 1348 5661 ιιι.
1426 5628 1537 5661 λιν.
1600 5613 1652 5661 6.
1763 5612 1808 5642 ³⁵
1854 5610 2034 5661 Calai.
2088 5622 2125 5661 I.
2180 5610 2195 5657 l

1873 5622 2034 5665 jaiat.
2088 5622 2125 5671 ι,
2180 5622 2222 5661 ι.

1857 3330 2078 3382 prorsus
2104 3316 2236 3369 nihil
2260 3317 2404 3371 aliud
2435 3326 2629 3386 przrter
2657 3317 2828 3387 ipsam
2850 3317 3013 3370 vitam
3037 3327 3117 3370 est
3138 3317 3435 3370 secundum

1856 3419 2058 3463 rectam
2103 3411 2394 3465 rationem.
2428 3411 2491 3464 Et
2525 3407 2702 3465 adhuc
2725 3410 2780 3463 in
2812 3411 3082 3478 capitibus
3112 3409 3186 3463 De
3227 3408 3435 3475 Spiritu

1851 3512 2037 3556 sancto
2076 3517 2094 3556 :
2130 3502 2402 3571 Scriptum
2432 3511 2513 3557 est
2539 3518 2724 3557 rursus
2756 3518 2771 3555 :
2802 3501 2863 3558 Si
2887 3502 3141 3570 Spiritus,
3164 3504 3440 3573 quisusci-

1854 3593 1980 3648 tavit
2011 3591 2193 3647 Jesum
2226 3592 2492 3649 Christum
2519 3611 2550 3648 a
2573 3595 2821 3663 mortuis,
2884 3593 3093 3647 habitat
3148 3594 3204 3647 in
3259 3594 3431 3654 nobis,

1850 3686 1941 3756 qui
1966 3687 2236 3741 suscitavit
2264 3685 2447 3741 Jesum
2479 3686 2754 3743 Christum
2803 3704 2835 3741 a
2865 3687 3112 3752 mortuis,
3144 3686 3438 3754 viviﬁcabit

1850 3790 1899 3835 et
1932 3780 2177 3835 mortalia
2194 3797 2416 3851 corpora
2446 3790 2628 3835 nostra
2651 3798 2743 3851 per
2767 3780 3148 3834 inhabitantem
3175 3778 3436 3849 Spiritum

1850 3873 1962 3941 ejus
1992 3874 2045 3927 in
2065 3873 2234 3928 nobis.
2268 3872 2374 3926 Sed
2404 3874 2447 3928 si
2473 3871 2708 3942 Spiritus
2735 3882 2956 3929 sanctus
2974 3882 3228 3927 creatura
3260 3882 3435 3939 esset,

1850 3975 1903 4020 et
1937 3966 2132 4032 factus,
2187 3974 2247 4019 ut
2294 3966 2483 4020 insane
2542 3966 2760 4019 tradunt
2823 3964 3091 4028 haeretici,
3148 3966 3428 4033 quomodo

1850 4068 2015 4115 totam
2044 4059 2411 4128 operationem
2440 4058 2532 4112 Dei
2558 4057 2820 4113 haberet?
2839 4056 2953 4111 Non
2972 4057 3114 4111 cnim
3136 4058 3425 4126 quisquam

1852 4161 2081 4215 tantum,
2105 4160 2164 4205 ut
2194 4152 2407 4219 opinor,
2445 4165 2473 4203 a
2510 4164 2641 4204 sana
2668 4160 2848 4204 mente
2876 4149 3109 4214 excidet,
3145 4158 3203 4202 ut
3235 4148 3431 4203 audeat

1848 4244 1932 4297 vel
1955 4244 2137 4297 dicere
2171 4244 2370 4307 solum,
2394 4242 2591 4296 divinae
2610 4242 2933 4298 substantia:
2952 4258 3047 4311 per
3072 4244 3428 4296 instrumenta

1849 4336 2093 4403 quaedam
2126 4331 2256 4386 foris
2290 4344 2471 4387 creata
2504 4334 2807 4388 miniStrari
2845 4334 2912 4386 ad
2959 4338 3331 4404 operationem
3360 4350 3429 4387 ex

1848 4441 1906 4479 Se
1931 4427 2043 4493 ipsa
2110 4426 2433 4479 naturaliter
2498 4433 2871 4480 transeuntem
2915 4425 2981 4479 ad
3032 4427 3245 4495 aliquos
3276 4465 3291 4491 ,
3336 4429 3428 4492 qui

1848 4528 1978 4571 sunt
2007 4516 2075 4570 ad
2103 4515 2475 4585 recipiendum
2505 4517 2651 4571 illam
2672 4516 2851 4571 idonei
2876 4527 2932 4573 et
2966 4518 3103 4585 apti.
3134 4516 3269 4583 Quia
3301 4533 3429 4571 vero

1778 4574 1819 4630 ο
1850 4607 2023 4663 Filius
2062 4609 2172 4662 vita
2212 4617 2296 4663 est
2335 4609 2634 4663 secundum
2671 4620 2947 4675 naturam,
3003 4609 3239 4678 Spiritus
3301 4625 3430 4665 vero

1848 4702 1915 4753 ab
1945 4702 2062 4771 ipso
2092 4702 2255 4755 datus
2282 4700 2550 4766 viviﬁcat,
2604 4701 2931 4772 relinquitur
2970 4704 3303 4767 necessario,
3370 4711 3429 4757 ut

1846 4795 2217 4849 contitendum
2249 4796 2320 4848 sit
2349 4809 2469 4849 esse
2503 4808 2568 4848 ex
2607 4796 2915 4850 substantia
2964 4796 3107 4863 ejus,
3148 4812 3270 4851 cum
3306 4813 3425 4850 οιιι-

1845 4902 1969 4940 nem
2009 4884 2131 4939 Filii
2170 4894 2223 4939 et
2255 4884 2351 4939 Dei
2382 4886 2638 4939 virtutem
2674 4895 2728 4940 et
2784 4888 3158 4956 operationem
3204 4887 3422 4951 habeat,

1846 4989 1907 5033 ut
1928 4981 1970 5032 si
2003 4994 2167 5044 vapor
2204 4994 2271 5032 ex
2318 4995 2454 5047 aqua
2479 4980 2759 5041 ascendat,
2786 4989 2841 5033 et
2873 4996 2968 5047 per
2991 4996 3051 5034 ea
3085 4997 3203 5048 qua:
3232 4997 3423 5048 opera-

1854 5084 1961 5135 tur,
1996 5086 2089 5125 eos
2108 5072 2246 5139 apud
2269 5085 2402 5140 quos
2426 5081 2527 5134 est,
2555 5072 2859 5141 refrigeret,
2885 5084 2938 5127 et
2964 5089 3215 5126 tiuturam
3242 5091 3420 5142 aqum,

1851 5167 1988 5216 unde
2016 5163 2299 5221 emittitur,
2343 5160 2633 5227 signiticet.
2664 5163 2717 5214 lu
2758 5163 2961 5215 eisdem
2995 5179 3008 5214 :
3048 5161 3175 5226 Lex,
3226 5166 3423 5231 inquit,

1849 5257 2075 5324 Spiritus
2110 5258 2225 5307 vita:
2282 5256 2350 5315 ",
2420 5270 2485 5307 ne
2547 5254 2782 5322 Spiritus
2824 5267 3056 5309 ,sanitus
3122 5260 3424 5325 reperiatur

1836 5361 2055 5404 tantum
2118 5347 2288 5419 legem
2347 5345 2514 5411 ferre,
2568 5349 2661 5401 sed
2718 5349 3021 5417 reperiatur
3076 5349 3188 5416 jam
3253 5350 3418 5402 etiam

3150 5534 3218 5563 ²²”
3256 5535 3416 5591 Joan.

2891 5606 2932 5635 ’⁷
2964 5606 3119 5657 Rulli.
3172 5621 3286 5672 V'H,
3346 5614 3421 5663 ιι.

1907 5540 1974 5571 ²¹⁶
2002 5533 2145 5589 Psal.
2188 5551 2360 5594 xxx",
2407 5535 2459 5588 6.
2571 5537 2612 5566 ’³
2645 5536 2800 5589 Juan.
2858 5550 2924 5593 ν.
2959 5534 3050 5586 ‘26.

2333 5607 2378 5643 ³⁸
2429 5606 2584 5661 Joan.
2634 5624 2686 5671 ι,
2725 5608 2779 5660 4.

256 5864 325 5933 (α)
357 5868 503 5937 Quod
549 5874 591 5930 si
626 5873 765 5932 nihil
813 5876 959 5932 aliud
994 5887 1076 5934 est
1109 5892 1268 5949 quam
1305 5880 1434 5947 vita,
1479 5888 1624 5935 totus
1654 5888 1737 5935 cst
1762 5882 1892 5947 vita,
1930 5893 1984 5935 et
2007 5895 2101 5935 sua
2137 5894 2241 5935 vna
2274 5893 2325 5936 et
2351 5898 2509 5937 suum
2537 5898 2680 5950 esse,
2714 5900 2765 5937 ei
2798 5898 2903 5937 non
2934 5884 3127 5944 tactus.
