3872 6542
478 391 579 455 5‘47

1626 392 1959 455 JDANNIS
1999 390 2574 460 CYPARISSIOT/E
3587 406 3680 468 9i8

480 502 712 565 spiritus
739 500 895 565 sitm;
929 510 979 554 et
1005 515 1123 568 qua:
1151 500 1306 555 vita?
1340 516 1472 555 sane
1491 501 1763 570 Christus,
1798 507 1890 573 qui
1925 506 2041 563 ait:
2073 514 2117 571 Λ
2148 507 2376 577 Magnus
2416 510 2646 566 Basilius
2676 511 2918 567 scribens
2944 512 3008 567 ad
3060 513 3415 570 Cmsarienses
3460 532 3476 569 :
3510 513 3685 571 Sinon

474 594 587 664 Ego
619 610 736 647 sum
777 594 971 647 veritas
991 604 1034 645 et
1061 594 1166 647 vita
1200 596 1266 647 ’9.
1300 594 1521 648 Christo
1551 594 1715 664 igitur
1758 598 1925 665 legem
1968 598 2047 653 fe-

470 694 647 747 rente,
675 684 911 752 Spiritus
938 684 1056 753 ejus
1086 696 1269 753 utpote
1298 700 1361 739 ex
1393 687 1532 756 ipso,
1565 699 1619 740 et
1649 688 1700 740 iu
1739 689 1855 753 ipso
1880 698 2043 744 natu-

473 777 663 829 raliter
688 776 1150 837 exsistensleqetn
1191 778 1313 833 fert.
1357 778 1581 849 Magnus
1607 780 1958 844 Athanasius,
1984 782 2039 838 in

471 883 579 921 uno
618 883 684 921 ex
716 866 866 921 libris
915 876 1100 922 contra
1144 870 1369 923 Arianos
1403 888 1421 925 :
1456 871 1559 925 Sed
1618 872 1791 942 impii,
1842 873 2037 943 inquit,

478 974 585 1011 non
611 960 919 1013 concedunt
954 975 1076 1014 esse
1109 959 1303 1014 Filium
1344 960 1599 1023 Verbum,
1653 974 1706 1018 et
1758 966 2042 1019 consilium

472 1049 687 1112 vivens,
724 1065 908 1103 rerum
947 1050 1155 1120 fingunt
1182 1054 1429 1108 accidere
1464 1054 1575 1108 Deo
1603 1056 1839 1110 humano
1894 1072 2043 1110 more

474 1141 630 1203 velle,
661 1151 713 1194 et
746 1143 1067 1207 sapientiam
1124 1154 1379 1209 tauquam
1422 1146 1659 1200 habitum
1716 1150 1955 1215 habere;
1988 1158 2044 1204 et

472 1233 651 1286 omnia
683 1242 894 1286 movent
917 1248 980 1287 ac
1010 1233 1276 1288 Valentini
1306 1238 1708 1304 intelligentiam
1745 1250 1799 1292 et
1849 1240 2042 1294 volun-

476 1334 643 1376 tatem
672 1325 956 1395 objiciunt.
996 1327 1229 1381 Sanctus
1274 1326 1507 1399 Cyrillns
1546 1330 1594 1383 in
1632 1330 1911 1386 Thesauri:
1942 1348 1961 1386 :
1988 1334 2043 1386 Si

472 1415 782 1477 consilium,
815 1416 1009 1485 inquit,
1029 1426 1084 1471 et
1116 1419 1369 1472 voluntas
1432 1420 1610 1473 Patris
1634 1431 1719 1474 est
1751 1420 1942 1487 Filius,
1977 1434 2035 1477 nt

472 1507 691 1575 quidem
725 1518 827 1573 est,
856 1511 1125 1576 quomodo
1159 1511 1411 1565 voluntas
1444 1516 1715 1568 antecedit
1742 1519 2036 1571 essentiam

471 1597 638 1663 ejus?
694 1597 756 1651 Et
787 1615 973 1653 rursus
1006 1601 1056 1654 in
1083 1602 1285 1655 eisdem
1316 1619 1329 1655 :
1367 1602 1474 1657 Aut
1513 1606 1653 1657 enim
1685 1620 1906 1660 necesse
1955 1617 2041 1661 est

471 1704 566 1741 vos
602 1688 757 1741 aliam
795 1691 999 1759 lingere
1028 1693 1371 1760 sapientiam,
1405 1694 1455 1747 iu
1517 1710 1652 1763 qua,
1691 1712 1809 1749 cum
1848 1698 2039 1763 voluit,

472 1780 667 1833 Filium
692 1784 923 1852 peperit,
959 1794 1014 1837 ut
1048 1799 1143 1838 vos
1172 1785 1393 1852 dicitis;
1424 1799 1514 1841 aut
1539 1788 1583 1842 si
1630 1791 1732 1842 alia
1784 1804 1889 1842 non
1934 1798 2039 1853 est,

2148 609 2253 664 est,
2282 602 2478 669 inquit,
2531 603 2755 670 simplex
2792 602 3027 671 Spiritus
3077 613 3319 669 sanctus,
3373 605 3682 673 compositus

2148 700 2319 746 estex
2358 693 2683 755 substantia,
2718 701 2772 746 et
2807 707 2873 747 ex
2905 692 3237 759 sanctitate:
3272 702 3326 747 at
3373 693 3581 761 quisita
3611 709 3691 748 ve-

2148 797 2273 838 cors
2305 793 2409 845 est.
2441 794 2500 838 ut
2524 784 2883 850 compositum
2907 782 3053 839 dicat
3076 784 3338 853 Spiritum
3368 795 3623 849 sanctum,
3642 795 3692 838 et

2152 889 2261 928 non
2284 875 2585 943 simplicem
2612 874 2638 929 ?
2687 874 2750 928 Et
2778 874 3074 943 Gregorius
3103 874 3449 943 Theologus:
3479 875 3533 929 Si
3563 876 3690 929 enim

2150 965 2256 1019 alia
2285 976 2370 1021 est
2393 967 2660 1023 sanctitas
2715 977 2911 1036 praeter
2966 966 3225 1035 Spiritum
3274 977 3540 1025 sanctum,
3588 983 3693 1033 qua:

2153 1058 2266 1113 haec
2302 1059 2656 1132 intelligatur,
2714 1060 2859 1113 dicat
2895 1059 3190 1127 quispiam.
3220 1059 3457 1112 Sanctus
3481 1057 3693 1128 Cyrillus

2148 1148 2426 1202 disserens
2465 1149 2532 1202 de
2556 1149 2761 1219 Spiritu
2786 1157 3022 1203 sancto:
3062 1148 3202 1213 Quid
3234 1162 3373 1214 Opus
3419 1157 3498 1201 est
3555 1147 3692 1217 longo

2146 1235 2375 1291 circuitu
2400 1238 2681 1290 verborum
2710 1246 2763 1290 et
2782 1235 3174 1303 multiplicibus
3192 1235 3537 1290 nationibus?
3555 1235 3683 1288 lllatn

2146 1328 2290 1377 enim
2320 1326 2488 1391 ipsam
2520 1324 2770 1379 virtutem
2799 1325 3227 1379 sanctillcaotem
3251 1338 3317 1378 ex
3368 1323 3522 1376 Patre
3571 1338 3682 1391 pro-
3736 1376 3745 1391 ,

2148 1413 2457 1475 cedentem,
2485 1428 2605 1482 quae
2669 1411 3059 1482 perfectionem
3108 1410 3445 1480 imperfectis
3498 1411 3692 1470 tribuit,

2147 1502 2379 1560 dicimus
2400 1519 2522 1559 esse
2546 1504 2805 1572 Spiritum
2826 1513 3099 1559 sanctum.
3125 1503 3189 1556 Et
3216 1517 3443 1570 niagnns
3472 1500 3694 1555 Athana-

2148 1597 2283 1661 sius,
2343 1596 2395 1650 in
2427 1596 2794 1666 disputatione
2844 1594 3147 1650 Orthodoxi
3193 1603 3249 1648 et
3304 1592 3545 1647 Aoommi
3590 1594 3692 1645 ait:

2148 1687 2237 1741 Sic
2275 1687 2409 1742 dicis
2436 1689 2630 1741 bonum
2655 1686 2914 1757 Spiritum
2957 1688 3101 1741 sicut
3130 1687 3347 1741 Patrem
3389 1694 3440 1739 et
3479 1682 3698 1738 Filium?

2148 1778 2317 1834 Otmt.
2383 1779 2637 1834 Maxime.
2691 1778 2928 1846 Spiritus
2987 1778 3129 1832 enim
3189 1777 3245 1831 iu
3309 1776 3695 1845 participatione

473 1870 566 1921 sed
598 1878 682 1923 est
708 1871 821 1939 ipsc
847 1872 993 1925 solus
1020 1875 1282 1943 sapientia
1312 1874 1523 1941 Patris,
1584 1878 1699 1947 ipse
1745 1889 1828 1933 est
1858 1888 1911 1933 et
1950 1896 2044 1931 vo.-
2080 1870 2119 1926 Β
2151 1870 2410 1925 bonitatis
2434 1872 2509 1940 (l)
2545 1873 2743 1925 bonum
2786 1880 2889 1932 est,
2935 1870 3027 1925 sed
3067 1884 3260 1923 rursus
3294 1869 3514 1931 bonum,
3541 1867 3585 1921 id
3608 1876 3697 1927 est,

471 1959 673 2015 lunias.
705 1962 768 2015 Et
802 1964 850 2015 in
894 1965 958 2017 iis
990 1981 1108 2027 quze
1147 1968 1210 2020 de
1266 1967 1472 2035 Spiritu
1510 1982 1699 2024 sancto
1757 1972 1977 2040 scripsit
2023 1988 2037 2025 :

474 2052 713 2122 Spiritus
783 2066 1021 2122 sanctus,
1074 2060 1265 2127 inquit,
1323 2062 1412 2130 qui
1478 2073 1564 2116 cst
1618 2078 1769 2117 meus
1817 2064 2042 2129 Christi,

472 2146 652 2197 οοιιιιίςι
674 2162 796 2214 quae
824 2147 877 2200 in
903 2149 1020 2215 ipso
1051 2159 1197 2211 sunt,
1230 2152 1482 2207 edisserit
1507 2155 1812 2221 discipulis,
1849 2172 1955 2208 non
1986 2158 2037 2209 in

472 2241 688 2307 propria
725 2241 955 2306 quadam
988 2241 1283 2303 voluntate,
1335 2261 1506 2313 neque
1539 2261 1725 2301 rursus
1757 2247 1808 2299 in
1844 2247 2042 2307 aliena.

472 2335 565 2383 sed
601 2342 857 2400 tanquam
883 2347 947 2385 ex
976 2334 1275 2387 substantia
1302 2336 1414 2402 cjns
1448 2339 1766 2401 procedens,
1792 2346 1846 2391 et
1872 2347 2037 2392 totam

472 2421 588 2487 ejus
614 2422 961 2487 voluntatem,
998 2424 1139 2479 sicut
1167 2435 1221 2479 et
1247 2430 1624 2495 operationem
1681 2429 1910 2484 habens.
1978 2429 2044 2482 Et

476 2514 697 2568 divinus
754 2513 1176 2570 Damascenus:
1237 2517 1280 2572 Ο
1343 2521 1663 2574 miraculum
1729 2537 1923 2575 novum
1978 2539 2044 2577 ex

474 2604 732 2658 omnibus
754 2606 885 2659 olim
917 2607 1235 2663 miraculis!
1272 2610 1363 2663 Dei
1419 2614 1559 2665 enim
1617 2600 2042 2681 corisiliutrrest,

474 2695 566 2758 qui
603 2694 655 2748 in
694 2707 847 2749 utero
877 2708 1119 2763 gestatus
1144 2682 1257 2763 est,
1292 2711 1348 2753 ιιι
1399 2701 1598 2755 infans.
1649 2703 1710 2755 Et
1746 2703 2045 2772 Gregorius

480 2785 815 2857 Theologus,
846 2789 899 2842 in
924 2790 1172 2845 oratione
1204 2792 1256 2845 iu
1282 2792 1491 2846 laudem
1521 2793 1766 2862 Gregorii
1790 2797 2045 2869 Nysseni,

478 2879 634 2947 cujus
671 2880 999 2949 principium
1038 2892 1145 2948 est,
1182 2882 1355 2936 Amici
1383 2885 1553 2950 ﬁdelis
1585 2902 1600 2939 :
1650 2887 1811 2952 Deus,
1848 2892 2043 2959 inquit,

475 2971 648 3042 pacis,
686 2972 775 3041 qui
807 2972 1170 3026 reconciliavit
1199 2990 1294 3029 nos
1320 2991 1411 3043 per
1434 2992 1671 3042 crucem,
1706 2982 1794 3046 qui
1828 2992 2047 3050 propter

475 3073 763 3132 peccatum
832 3079 1049 3119 eramus
1105 3068 1444 3135 oppugnati:
1501 3070 1591 3138 qui
1650 3072 2045 3140 evangelizavit

476 3169 662 3224 pacem
699 3155 762 3208 iis
798 3156 886 3224 qui
916 3155 1092 3223 longe,
1129 3166 1182 3210 et
1206 3158 1271 3211 iis
1302 3157 1393 3227 qui
1464 3174 1648 3229 prope,
1697 3162 1765 3218 iis
1812 3164 1901 3231 qui
1945 3164 2046 3219 sub

476 3248 615 3316 lege,
654 3256 707 3300 et
732 3247 796 3300 iis
818 3248 909 3315 qui
946 3258 1095 3302 extra
1126 3248 1296 3319 legem
1333 3263 1512 3318 erant,
1551 3251 1711 3308 Pater
1735 3254 2041 3319 charitatis,

476 3338 761 3403 charitas;
808 3339 889 3393 his
913 3340 1056 3392 enim
1092 3342 1402 3396 nominibus
1468 3358 1576 3412 prae
1628 3347 1838 3399 cwteris
1862 3347 2046 3401 vocari

478 3432 697 3499 gaudet.
728 3430 1020 3501 Gregorius
1053 3432 1331 3502 Nyssenus
1363 3435 1416 3488 in
1437 3432 1875 3492 Cdmmentariiis
1903 3439 2049 3493 Can-

479 3525 575 3578 tici
603 3525 938 3578 canticorum
974 3542 987 3578 :
1021 3525 1157 3591 Quia
1186 3525 1350 3594 igitur
1386 3543 1554 3580 unum
1581 3538 1662 3581 est
1695 3530 2048 3594 connubium,

478 3628 533 3673 et
572 3633 677 3672 una
700 3631 924 3686 sponsa,
956 3626 1011 3670 et
1036 3632 1146 3671 uno
1181 3633 1385 3687 sponso
1438 3619 1740 3685 imponitur
1794 3636 1994 3675 corona
2027 3639 2046 3692 ;

482 3711 615 3764 nihil
649 3712 791 3764 enim
823 3710 1040 3780 penitus
1072 3710 1319 3776 interest,
1377 3712 1456 3763 vel
1484 3709 1679 3764 Filium
1735 3711 1829 3767 Dei
1859 3729 2051 3770 vocare

479 3803 820 3866 unigenitum
856 3800 1118 3866 Verbum,
1180 3802 1264 3855 vel
1306 3801 1502 3855 Filium
1564 3804 1871 3860 dilectionis
1905 3806 2047 3875 ejus,

480 3905 540 3945 nt
575 3894 726 3949 Pauli
766 3910 895 3948 voce
931 3903 1152 3948 utamur
1179 3895 1248 3947 ’°.
1281 3892 1340 3947 Et
1376 3904 1596 3948 sanctus
1643 3894 1894 3968 Cyrillus,
1928 3914 2047 3954 cum

482 3985 551 4036 de
593 3983 801 4052 Spiritu
836 3984 1034 4039 Sancto
1061 3984 1253 4039 scribit
1287 4003 1300 4039 :
1333 3984 1601 4050 Quantam
1662 3986 2047 4058 benignitatem

482 4076 536 4127 in
572 4075 727 4127 nobis
762 4085 1019 4143 operatus
1071 4086 1155 4130 est
1212 4078 1455 4129 omnium
1510 4077 1787 4142 Dominus,
1851 4082 2050 4137 docens

480 4166 678 4219 Paulus
707 4166 779 4219 ait
816 4185 829 4221 :
864 4166 1001 4230 Quia
1038 4167 1269 4221 Charitas
1294 4167 1384 4220 Dei
1418 4167 1611 4235 di/fusa
1630 4180 1701 4222 est
1731 4171 1785 4221 in
1804 4171 2050 4225 cordibus

480 4256 673 4308 nostris
704 4272 793 4320 per
818 4254 1077 4325 Spiritum
1101 4266 1371 4320 sanctum,
1400 4261 1489 4325 qui
1520 4259 1681 4313 datus
1709 4270 1783 4313 est
1814 4263 1961 4315 nobis
1980 4264 2046 4316 “.

484 4345 539 4399 Si
569 4348 733 4415 igitur
770 4347 911 4401 Deus
942 4348 1185 4402 charitas
1216 4358 1319 4414 est,
1347 4359 1403 4401 ut
1437 4347 1678 4404 Joannes
1714 4351 1953 4420 loquitur
1983 4354 2052 4420 ³’,

481 4447 535 4487 et
569 4452 671 4489 non
705 4448 790 4490 est
824 4435 967 4488 aliud
1002 4436 1135 4503 ipse,
1162 4444 1216 4490 et
1254 4436 1401 4489 aliud
1441 4436 1582 4503 quod
1613 4436 1667 4489 in
1695 4438 1811 4506 ipso
1836 4447 1917 4491 est
1950 4439 2053 4504 (est

2148 1963 2362 2018 bonitas
2392 1974 2496 2017 est.
2526 1963 2667 2017 Sane
2710 1962 2996 2016 Matthzeus
3037 1962 3259 2028 quidem
3293 1959 3612 2028 evangelista
3635 1960 3696 2011 ait
3748 1992 3762 2010 .

2143 2056 2346 2109 dixisse
2369 2056 2647 2109 Dominum
2681 2070 2695 2108 :
2721 2053 2780 2109 Si
2806 2054 2969 2124 igitur
2997 2069 3087 2107 vos
3116 2067 3235 2119 cum
3270 2050 3399 2103 muli
3434 2050 3565 2107 sitis.
3616 2063 3696 2099 no-

2144 2150 2241 2201 uis
2273 2151 2407 2202 bona
2435 2150 2561 2201 data
2588 2150 2715 2201 dare
2734 2148 2860 2215 ﬁliis
2888 2148 3070 2200 vestris
3093 2161 3111 2198 :
3149 2155 3352 2214 quanto
3376 2145 3536 2213 magis
3559 2140 3699 2194 Pater

2147 2242 2367 2295 caelestis
2386 2241 2533 2293 dabit
2551 2242 2684 2293 bona
2703 2240 2996 2309 petentibus
3019 2254 3135 2292 eum
3165 2238 3209 2269 ³³
3235 2236 3468 2292 ἳΑιιιιιε..
3494 2234 3535 2286 ιιί
3558 2246 3696 2286 aures

2150 2334 2357 2388 habes?
2420 2332 2561 2399 quod
2618 2330 2968 2397 evangelista:
3043 2343 3164 2382 cum
3210 2327 3421 2381 scirent
3465 2323 3695 2389 Spiritum

2144 2425 2285 2477 idem
2320 2436 2441 2477 esse
2472 2422 2613 2488 quod
2646 2421 2881 2478 booitas.
2927 2430 2981 2473 et
3030 2421 3342 2473 bonitatem
3396 2416 3533 2469 idem
3563 2413 3689 2482 quod

2147 2515 2425 2584 Spiritus;
2475 2514 2565 2568 ille
2607 2512 2821 2575 quidem
2855 2513 2990 2566 bona
3035 2511 3172 2565 dixit
3213 2510 3391 2585 ipsum
3436 2508 3691 2573 Spiritum,

2145 2611 2283 2663 alius
2325 2623 2454 2662 vero
2486 2606 2744 2676 Spiritum
2768 2604 2880 2671 ipsa
2913 2604 3075 2657 bona.
3112 2602 3342 2669 Magnus
3387 2599 3618 2661 Basilius,
3646 2597 3691 2649 in

2146 2698 2414 2767 capitibus
2439 2697 2510 2751 De
2557 2694 2758 2763 Spiritu
2786 2702 2970 2746 sancto
3002 2708 3020 2746 :
3054 2690 3235 2743 Bonos
3279 2688 3527 2757 Spiritus,
3573 2686 3691 2738 sicut

2147 2793 2324 2847 bonus
2355 2790 2538 2854 Pater,
2569 2799 2625 2842 et
2656 2788 2831 2840 bonus
2858 2800 2922 2839 ex
2947 2786 3085 2838 bono
3115 2784 3334 2851 genitus
3364 2779 3688 2835 substantiam

2148 2885 2354 2939 habens
2389 2883 2561 2951 ipsam
2598 2879 2915 2933 bonitatem.
2954 2875 3186 2929 Sanctus
3218 2872 3456 2943 Cyrillus
3473 2868 3691 2923 scribens

2147 2979 2213 3032 de
2250 2975 2450 3045 Spiritu
2471 2981 2659 3029 sancto
2687 2988 2700 3025 :
2736 2970 2982 3029 Accedit,
3006 2969 3198 3034 inquit,
3230 2965 3445 3035 quidam
3468 2965 3514 3015 in
3538 2961 3691 3015 Evan-

2146 3068 2321 3136 geliis,
2347 3076 2399 3118 et
2421 3065 2555 3120 dicit
2580 3063 2810 3117 Domino
2834 3070 2886 3117 et
2918 3063 3028 3115 Deo
3059 3069 3247 3114 nostro
3275 3057 3634 3112 .lesutlhristo
3666 3067 3679 3104 :

2149 3157 2403 3229 Magister
2434 3157 2584 3211 bone.
2618 3156 2696 3209 Ad
2755 3156 2855 3208 hoc
2882 3152 3131 3209 Christus
3185 3150 3465 3218 respondit
3513 3161 3528 3199 :
3563 3140 3684 3208 Quid

2150 3268 2231 3304 me
2258 3251 2388 3302 dicis
2419 3249 2608 3301 bonum
2637 3247 2663 3300 7
2704 3244 2868 3299 Nemo
2895 3245 3079 3304 bonus,
3133 3242 3240 3295 nisi
3291 3256 3423 3294 unus
3469 3238 3594 3290 Deus
3631 3232 3687 3285 ³⁸.

2150 3343 2369 3396 Christo
2398 3340 2562 3407 igitur
2592 3338 2810 3393 dicente
2835 3352 2998 3390 unum
3032 3348 3151 3388 esse
3180 3347 3310 3388 vere
3344 3342 3396 3387 et
3454 3330 3685 3385 substan-

2154 3434 2355 3488 tialiter
2379 3432 2600 3494 bonum,
2638 3428 2803 3483 David
2834 3430 2910 3483 ait
2942 3445 2956 3481 :
2992 3426 3222 3493 Spiritus
3273 3433 3394 3478 tuus
3427 3423 3578 3477 bonus
3615 3419 3688 3470 de-

2151 3530 2303 3582 ducet
2320 3543 2400 3581 me
2426 3529 2477 3578 in
2504 3535 2697 3578 terram
2719 3534 2913 3576 rectam
2940 3519 3067 3575 ".Si
3090 3533 3219 3588 ergo
3248 3516 3389 3582 Filii,
3408 3516 3493 3585 qui
3513 3522 3586 3568 est
3612 3511 3687 3563 bo-

2151 3637 2300 3683 num,
2318 3618 2551 3687 Spiritus
2574 3626 2651 3669 est
2692 3616 2914 3677 bonum,
2932 3613 3098 3681 liquet
3123 3611 3231 3664 divi
3244 3626 3326 3663 rue
3350 3617 3545 3662 naturae
3564 3615 3686 3665 e359,

2153 3715 2221 3770 de
2250 3714 2444 3782 quilms
2472 3726 2599 3764 vere
2622 3710 2821 3763 dicitur
2846 3708 3044 3762 bonum
3076 3702 3301 3773 proprie
3356 3709 3411 3754 et
3458 3691 3684 3763 singulari

2153 3809 2335 3861 modo.
2363 3804 2585 3874 Magnus
2612 3800 2899 3871 Apostolus
2924 3815 2936 3851 :
2963 3798 3065 3864 Qui
3094 3812 3211 3849 cum
3234 3795 3293 3848 in
3310 3786 3680 3864 [orma,inquit,

2153 3899 2249 3955 Dei
2271 3908 2424 3959 esset,
2446 3913 2547 3950 non
2568 3896 2804 3963 rapinam
2821 3892 2933 3955 urbi
2942 3901 3109 3943 tratus
3136 3896 3211 3941 est
3245 3902 3360 3939 esse
3382 3900 3435 3939 se
3469 3878 3685 3950 a'qualem

2154 3990 2262 4045 Deo
2286 3990 2349 4044 ³⁸.
2381 3988 2606 4057 Magnus
2629 3972 2859 4039 Basilius
2887 4000 2900 4035 :
2933 3982 3063 4035 illud
3090 3980 3142 4031 in
3180 3978 3353 4047 forma
3388 3973 3491 4034 Dei,
3520 3969 3685 4039 inquit,

2154 4084 2473 4139 substantia:
2503 4078 2596 4133 Dei
2623 4086 2743 4142 est;
2773 4091 2875 4129 non
2913 4075 3057 4127 enim
3111 4069 3257 4124 aliud
3306 4076 3389 4122 est
3422 4065 3595 4120 forma.
3643 4066 3684 4110 et

2155 4175 2300 4228 aliud
2338 4170 2637 4226 sub5tantia
2667 4167 2796 4231 Dei,
2854 4180 2920 4219 ne
2979 4162 3340 4231 compositum
3366 4159 3457 4213 sit.
3486 4156 3575 4223 Qui
3605 4151 3684 4217 igi-

2156 4277 2243 4323 tur
2270 4275 2353 4320 est
2382 4263 2676 4320 secundum
2706 4258 2936 4313 formam
2965 4255 3216 4324 aequalis,
3250 4251 3541 4309 secundum
3577 4246 3683 4299 sub-

2155 4360 2412 4414 stantiam
2464 4365 2680 4422 quoque
2728 4348 2948 4418 :rqualis
2981 4357 3089 4402 est.
3151 4345 3387 4400 Sanctus
3435 4336 3685 4409 Gregorius

2155 4450 2434 4522 Nyssenus
2499 4460 2623 4501 cum
2666 4443 2921 4510 explanat
2975 4438 3153 4492 illud:
3198 4434 3454 4490 Adveniet
3504 4438 3683 4495 regnum

480 4526 624 4577 enim
651 4525 906 4593 simplex,
952 4534 1006 4578 et
1036 4540 1228 4591 expers
1252 4524 1718 4595 compositionis),
1745 4526 1939 4581 diffusa
1974 4538 2054 4582 est
2091 4546 2138 4607 ι)
2169 4553 2315 4597 mum
2342 4556 2361 4595 ε
2409 4538 2695 4599 creatura,
2756 4534 2947 4603 inquit,
3011 4531 3179 4584 servit
3202 4570 3218 4594 ,
3263 4526 3491 4581 servitus
3536 4526 3683 4573 autern

484 4626 661 4671 autem
689 4632 786 4684 per
811 4616 1070 4684 Spiritum
1104 4626 1349 4669 sanctum
1395 4616 1730 4671 habitantem
1758 4618 1808 4672 in
1846 4621 2004 4676 nobis
2037 4636 2053 4673 :

486 4708 757 4775 estigitur
781 4708 1021 4760 eliaritas
1051 4706 1288 4776 Spiritus
1340 4718 1586 4773 sanctus,
1647 4710 1737 4779 qui
1798 4720 2056 4780 tanquant

487 4802 629 4853 Deus
651 4800 703 4851 in
732 4800 891 4853 nobis
925 4799 1130 4852 habitat
1156 4842 1173 4865 ,
1194 4810 1248 4853 et
1276 4799 1478 4855 idcirco
1512 4801 1669 4869 plane
1724 4803 1882 4859 Deus.
1912 4806 2055 4861 ldem

483 4890 622 4944 libro
648 4893 822 4959 primo
853 4889 916 4943 ad
950 4889 1222 4943 liermiam
1268 4905 1282 4940 :
1316 4889 1433 4956 Ipse
1463 4892 1630 4955 enim,
1660 4893 1752 4961 qui
1816 4905 1899 4948 est
1931 4896 2057 4964 pul-

483 4978 734 5037 chritndo
768 4985 1076 5048 incorrupta
1104 4981 1195 5034 Dei
1230 4981 1423 5050 Patris,
1484 4998 1693 5037 summa
1749 4985 2052 5052 beatitudo,

484 5090 533 5129 et
563 5074 754 5135 i‘urma,
794 5084 953 5144 atque
984 5075 1232 5141 species;
1291 5075 1380 5143 qui
1436 5090 1497 5127 ex
1531 5077 1668 5143 ipso,
1721 5085 1775 5130 et
1842 5078 1892 5129 in
1940 5080 2059 5147 ipso

484 5171 623 5224 Deus
687 5167 913 5222 Verbum
962 5166 1159 5236 abjccit
1212 5166 1447 5235 seipsum
1499 5169 1549 5220 in
1605 5170 2053 5227 exinanitionem.

556 5304 779 5359 “Jour.
814 5319 920 5366 xn',
959 5303 1013 5356 6.
1090 5302 1137 5334 ³ο
1167 5302 1375 5355 Coloss.
1415 5317 1452 5360 ι.
1484 5302 1566 5355 15.

487 5377 574 5441 18,
607 5377 719 5431 19.’
767 5375 811 5406 ³⁸
834 5373 976 5428 Psal.
1005 5387 1173 5436 exui,
1204 5371 1290 5425 10.
1368 5372 1412 5402 ³⁸
1442 5371 1674 5442 Philipp.
1703 5389 1760 5437 tt,
1782 5376 1837 5427 6.

1643 5302 1686 5334 ³¹
1738 5303 1895 5362 Rom.
1929 5323 1982 5372 ν,
2010 5307 2062 5363 5.
2138 5307 2183 5339 ³²
2212 5306 2233 5364 ι
2258 5304 2413 5359 Joan.
2450 5318 2525 5368 tv,
2566 5301 2651 5358 lii.

2159 4648 2263 4687 non
2285 4641 2371 4684 est
2402 4642 2665 4697 regnum,
2697 4624 2843 4693 atqui
2888 4636 3112 4697 regnum
3174 4626 3258 4673 est
3311 4615 3536 4686 Spiritus
3578 4621 3685 4697 satis

2156 4730 2314 4786 ctus;
2353 4733 2572 4787 regnum
2616 4731 2744 4771 vero
2776 4694 3166 4784 plane‘regnat,
3199 4724 3308 4763 non
3344 4713 3584 4775 regunt“!
3607 4713 3623 4763 ἱ
3646 4693 3683 4787 ii
3737 4701 3745 4711 ’

2159 4813 2327 4881 igitur
2397 4786 2619 4878 regnum
2679 4814 2766 4859 est
2850 4803 3089 4871 Spiritus
3158 4807 3402 4860 sanctus,
3455 4786 3684 4881 quomodo

2159 4906 2332 4974 ipsutn
2362 4910 2565 4955 natura:
2596 4896 2852 4952 servienti
2880 4902 3237 4949 annutncrant
3287 4888 3456 4945 insani
3488 4880 3608 4937 isti?
3631 4875 3683 4974 Et

2170 4967 2463 5065 Gregorius
2511 4994 2816 5059 Theologus
2864 5007 2877 5043 :
2932 4988 3025 5042 llis
3076 4986 3292 5055 quidem
3360 4982 3528 5035 lumen
3568 4967 3681 5042 quod

2165 5064 2407 5157 expromi
2443 5103 2545 5138 non
2582 5090 2781 5153 potest,
2815 5079 3077 5141 succedit,
3111 5084 3166 5131 et
3232 5064 3593 5136 contemplatio
3616 5071 3681 5112 rev

2165 5179 2299 5250 galis
2326 5173 2607 5229 Trinitatis
2640 5168 2971 5241 splendentis
2994 5167 3194 5220 clarius
3220 5174 3273 5220 et
3302 5161 3494 5232 purius,
3517 5161 3567 5209 ct
3588 5160 3680 5218 qua!

2729 5299 2774 5328 ³³
2808 5297 2997 5354 Matth.
3046 5312 3142 5360 vu,
3171 5298 3248 5350 ll.
3325 5288 3514 5346 “Line.
3552 5289 3675 5336 mlh

1986 5484 2269 5547 Schoha.

558 5591 635 5658 (ι)
682 5589 913 5658 Spiritus
966 5590 1019 5642 in
1072 5588 1473 5657 participatione
1557 5587 1802 5641 bonitatis
1857 5588 2047 5641 bonum

488 5675 584 5714 est.
622 5662 676 5714 id
709 5672 813 5718 est,
846 5662 897 5711 in
930 5659 1339 5725 participatione
1372 5668 1551 5712 nostra
1585 5658 1839 5711 bonitatis
1862 5667 2056 5711 creata:

487 5742 565 5784 cst
606 5732 777 5783 bonus
816 5730 1051 5797 Spiritus
1088 5740 1339 5796 tauquam
1369 5739 1555 5782 auctor
1580 5740 1629 5779 et
1658 5739 1871 5781 creator
1900 5729 2053 5780 boni-

493 5804 619 5855 tatis
644 5815 672 5853 a
702 5798 857 5853 nobis
888 5800 1248 5870 participans;
1288 5799 1401 5869 ipse
1435 5814 1560 5853 vero
1596 5797 1830 5866 Spiritus
1861 5807 2053 5851 natura

2168 5596 2250 5640 cst
2286 5585 2400 5652 ipsa
2426 5582 2642 5637 bonitas
2668 5595 2830 5649 supra
2864 5578 3181 5652 bonitatem,
3212 5578 3383 5642 itaque
3412 5587 3466 5652 es
3497 5584 3595 5652 quin
3617 5566 3667 5652 ille

2166 5636 2456 5710 Deoiretrde
2498 5636 2761 5705 creaturis
2793 5652 3064 5717 'equivoce
3092 5636 3459 5717 dicuntur-rode
3498 5640 3586 5690 Deo
3609 5636 3667 5717 ili:

2162 5736 2360 5780 cuntur
2391 5722 2686 5775 secundum
2724 5713 2970 5775 naturam
3000 5760 3015 5786 ,
3066 5721 3129 5773 dc
3163 5715 3414 5773 creaturis
3459 5724 3567 5763 vero
3589 5713 3665 5774 ριτ

2160 5796 2645 5860 participationem.
