3872 6574
196 449 281 512 949

992 453 1230 514 DECAS
1262 455 1367 516 IX.
1411 479 1477 491 -
1506 456 1603 516 DE
1652 456 2105 519 lNFlNiTATE
2153 461 2227 520 IN
2270 461 2439 523 ΠΕΟ.

3259 458 3376 519 95α

195 572 280 616 tota
298 574 398 614 cum
437 560 557 615 totis
612 560 886 627 miscetur,
912 580 1072 631 quam
1138 582 1362 635 regnum
1415 570 1677 623 cmlornm
1710 568 1761 626 Α
1794 568 1903 637 Ego
1933 588 2045 623 sum
2076 572 2182 625 vita
2212 573 2288 639 ";
2320 573 2480 627 Pater
2507 571 2670 626 habet
2712 573 2872 627 vitam
2918 573 2973 626 in
3005 589 3060 625 se
3102 573 3240 642 ipso,
3274 570 3357 623 Fi-

195 657 291 706 esse
316 667 510 706 censeo.
550 653 622 707 Ex
660 655 744 708 his
807 656 1160 711 manifestum
1196 661 1275 723 lit,
1308 661 1450 729 quod
1492 663 1540 713 in
1568 661 1690 714 Tri~

192 744 326 797 nitate
348 758 494 811 supra
522 744 895 810 substantiam,
925 748 1054 802 nihil
1085 764 1148 802 ex
1180 751 1245 803 iis
1275 766 1396 819 quae
1424 768 1451 803 a
1483 752 1688 805 theolo-

190 838 251 903 gis
274 846 555 890 enumerata
597 847 742 902 sunt,
791 839 997 907 eﬂugit,
1044 841 1172 909 quin
1224 842 1461 895 declaret
1514 843 1688 897 solum

190 940 284 977 esse
302 926 466 977 hacin
502 923 606 978 Deo
634 925 815 992 Patre,
856 927 1051 981 Filium
1078 930 1198 994 ejus
1257 946 1442 985 verum
1502 933 1687 995 ὒυιιιιι,

188 1023 453 1067 etsanrtnur
484 1015 599 1080 ejus
635 1015 918 1085 Spiritum,
949 1021 1203 1088 quocirca
1252 1023 1345 1091 qui
1377 1024 1518 1078 dixit
1549 1024 1692 1076 divi-

189 1106 775 1177 nam'l‘rinitatem,quze
818 1120 901 1165 est
947 1126 1106 1182 supra
1165 1114 1517 1182 principium,
1580 1116 1695 1170 haec

187 1194 312 1248 simul
334 1204 383 1249 et
411 1197 509 1250 alia
528 1198 843 1268 complexus
874 1210 983 1254 est.

726 1310 952 1369 CAPUT
995 1314 1124 1371 Vill.

184 1395 305 1461 Quod
340 1398 387 1450 in
418 1397 669 1455 Trinitate
703 1403 837 1456 nihil
864 1415 939 1457 est
973 1408 1111 1475 quod
1154 1424 1255 1461 non
1279 1410 1343 1461 sit
1374 1411 1699 1478 substantia,

160 1475 166 1481 ’
236 1479 275 1549 et
303 1483 538 1549 peregrini
570 1488 661 1549 nec
697 1482 776 1525 est
804 1478 859 1549 in
891 1478 1185 1549 ea‘aliquid
1216 1484 1460 1532 naturale
1488 1492 1536 1534 et
1577 1475 1702 1536 sub;

234 1538 449 1618 nuntiate
494 1538 664 1605 Patri,
706 1544 844 1609 quod
884 1538 1095 1618 quidem
1152 1565 1255 1600 non
1302 1550 1369 1601 sit
1421 1550 1609 1613 Filius,
1647 1562 1696 1605 et

233 1607 439 1684 S_piritus_
467 1607 725 1677 sanctusp
756 1607 916 1682 neque
966 1617 1260 1684 quidquam
1291 1618 1440 1671 aliud
1490 1607 1612 1674 sunt
1648 1624 1700 1674 in

179 1738 184 1757 ἲ
236 1677 563 1757 morationes
591 1696 772 1757 eorum
803 1677 920 1751 quae
949 1677 1120 1751 sunt;
1144 1689 1246 1740 nisi
1278 1688 1532 1757 implicita
1581 1693 1702 1745 uni-

176 1748 184 1764 ‘
233 1747 431 1813 genitum
460 1745 553 1801 Dei
594 1745 836 1807 Verbum;

235 1836 435 1891 Sanctus
458 1839 689 1908 Cyrillus
718 1844 770 1895 iu
804 1844 1088 1899 Tltesauris
1113 1846 1250 1902 libro
1275 1864 1396 1903 xix:
1432 1847 1550 1905 Non
1577 1851 1700 1913 quia

182 1930 219 1981 in
248 1930 379 1982 nobis
401 1933 660 1998 Sapientia
688 1945 740 1987 et
780 1936 1011 1990 scientia
1052 1953 1159 1991 non
1194 1943 1355 1994 estin
1393 1956 1488 1995 sua
1527 1941 1701 2011 hypo-

180 2021 302 2083 διιεῖ,
332 2018 376 2071 id
408 2028 506 2079 est.
544 2037 649 2076 n0u
675 2025 888 2077 exsistit
920 2042 1014 2093 per
1037 2043 1129 2093 se;
1165 2031 1368 2083 idcirco
1404 2035 1699 2100 sapientia,

179 2124 271 2175 qua:
301 2109 425 2162 inest
474 2112 527 2164 iu
582 2111 717 2175 Deo,
774 2115 911 2169 idem
955 2118 1281 2172 incommodi
1334 2123 1590 2190 patietur,
1648 2133 1705 2177 ut

180 2214 261 2250 non
286 2201 496 2255 exsistat
542 2218 640 2272 per
670 2221 746 2265 se.
795 2208 889 2262 sed
938 2211 1375 2278 quandoquidem
1426 2218 1705 2271 conﬁteris

181 2304 263 2341 non
282 2305 391 2346 esse
421 2292 580 2347 Deum
604 2311 767 2350 more
800 2310 987 2353 nostra
1011 2300 1167 2370 plane
1199 2305 1493 2370 conﬁteris,
1519 2311 1700 2362 omnia

179 2396 272 2445 qua-
301 2381 432 2435 illius
463 2393 610 2447 sunt,
646 2401 751 2438 non
781 2403 901 2442 esse
934 2398 989 2443 ut
1036 2401 1221 2446 nostra
1269 2406 1415 2448 sunt.
1470 2387 1615 2451 Idem
1650 2399 1701 2451 in

179 2472 317 2536 primo
371 2473 749 2530 Thesaurorum
792 2495 810 2532 :
869 2480 1233 2538 Cousiderent
1300 2500 1704 2557 oppugnatores

179 2564 339 2618 Christi
370 2569 793 2636 magnitudinem
821 2572 1196 2642 imprudentia:
1225 2592 1370 2644 suat;
1400 2595 1520 2633 cum
1557 2582 1703 2635 enim

180 2654 348 2707 nollent
388 2657 563 2711 dicere
596 2675 763 2713 unum
807 2660 999 2717 Filium
1034 2667 1126 2720 Dei
1170 2668 1398 2723 similem
1446 2686 1567 2726 esse
1605 2673 1705 2727 Pa-

179 2744 249 2803 tri,
275 2745 396 2800 duos
421 2748 718 2816 dederunt;
761 2754 804 2806 si
842 2747 1171 2810 voluntatem
1209 2758 1330 2829 ejus
1367 2762 1553 2816 dicent
1583 2778 1705 2820 esse

178 2835 343 2902 aliquid
376 2854 466 2905 per
500 2854 558 2894 se
588 2844 878 2907 exsisteus,
928 2847 972 2901 si
1006 2862 1138 2902 vero
1185 2864 1291 2904 non
1333 2867 1431 2920 per
1458 2870 1516 2907 se
1551 2856 1701 2910 exsi-

176 2929 265 2988 stu,
292 2944 384 2981 non
416 2932 517 2984 erit
546 2936 853 2996 character,
887 2938 937 2992 id
984 2948 1088 3000 est,
1120 2940 1288 3010 llgura
1333 2959 1426 3011 per
1466 2959 1524 2997 se
1553 2947 1703 3001 exsi-

177 3025 351 3086 steutis,
379 3026 515 3094 quod
546 3042 655 3081 non
689 3044 785 3097 per
823 3046 881 3085 se
914 3034 1147 3087 exsistit.
1178 3035 1320 3089 Idem
1355 3036 1407 3089 in
1446 3038 1650 3092 eisdem
1686 3059 1700 3095 :

177 3112 372 3172 OmnTno
416 3134 641 3175 necesse
689 3131 792 3185 est,
843 3127 983 3191 quod
1033 3140 1109 3179 ex»
1158 3127 1338 3197 aliquo
1386 3133 1704 3187 naturaliter

1798 665 1924 717 Imm
1956 667 2183 731 scilicet,
2212 678 2264 721 et
2293 666 2423 721 nihil
2455 667 2596 720 aliud
2622 668 2910 736 quidquam
2937 676 3131 736 prarter
3163 666 3355 731 ipsum.

1797 756 1940 810 Idem
1976 760 2027 810 in
2061 758 2263 812 eisdem
2297 776 2310 812 :
2342 759 2684 826 Quaecunque
2711 759 2960 813 dicuntur
2989 772 3106 810 esse
3155 757 3204 808 in
3255 755 3362 806 Deo

1798 848 1961 903 Patre
1998 849 2337 912 naturaliter,
2373 851 2761 905 et'secundum
2807 850 3194 911 substantiam,
3249 848 3363 901 ha'c

1796 941 1977 992 omnia
2010 940 2180 994 Filius
2223 951 2327 996 est.
2388 941 2547 997 Solus
2572 957 2735 996 verus
2776 941 2917 997 Deus
2952 940 3149 994 dicitur
3176 938 3358 999 Pater,

1795 1032 1921 1099 quia
1967 1032 2114 1086 solus
2154 1032 2315 1087 habet
2344 1031 2541 1085 Filium
2577 1032 2889 1087 dicentem:
2938 1031 3048 1099 Ego
3081 1047 3196 1084 sum
3233 1030 3367 1083 veri-

1799 1134 1880 1178 tas
1906 1126 1990 1180 ”:
2036 1124 2184 1179 solus
2234 1128 2471 1194 sapiens,
2527 1134 2580 1179 et
2627 1132 2817 1195 potens
2855 1125 3105 1179 similiter
3129 1122 3199 1187 ⁵⁸.
3242 1121 3365 1188 (Ιηίθ

1799 1217 2047 1272 Christus
2078 1216 2172 1271 Dei
2206 1218 2402 1281 virtus,
2442 1226 2496 1270 et
2531 1215 2621 1269 Dei
2660 1214 2921 1283 sapientia
2950 1215 3018 1278 δι,
3052 1214 3197 1268 solus
3230 1212 3370 1265 dici-

1802 1316 1891 1361 tur
1940 1308 2185 1362 habitare
2231 1307 2402 1363 lucem
2448 1306 2876 1361 inaccessibilem
2909 1306 2988 1372 ";
3032 1305 3192 1358 habet
3226 1305 3369 1358 enim

1803 1401 1855 1453 in
1894 1415 1953 1455 se
2002 1402 2120 1470 ipso
2167 1399 2357 1453 Filium
2398 1400 2667 1454 dicentem
2708 1416 2720 1452 :
2761 1398 2869 1466 Ego
2903 1414 3019 1450 sum
3056 1397 3148 1450 lux
3173 1396 3241 1457 δ’,
3282 1411 3371 1449 so.

1804 1492 1887 1547 lus
1916 1493 2034 1546 fons
2056 1508 2208 1562 aqum
2234 1493 2369 1546 vivae
2395 1490 2473 1554 “;
2504 1490 2767 1559 siquidem
2798 1490 2945 1543 solus
2975 1490 3133 1542 habet
3177 1486 3367 1541 Filium

1805 1583 1897 1649 qui
1931 1583 2059 1637 dicit
2094 1602 2107 1637 :
2162 1582 2269 1652 Ego
2319 1599 2434 1635 sum
2474 1584 2603 1635 vita.
2640 1581 2694 1634 Si
2731 1596 2859 1649 ergo
2890 1593 3049 1631 orune
3100 1576 3372 1645 praprium

1811 1672 1985 1725 Patris
2018 1682 2097 1725 est
2146 1671 2333 1737 Filius,
2368 1688 2490 1725 cum
2543 1671 2703 1725 Pater
2734 1672 2932 1723 dicitur
2978 1670 3179 1722 habere
3212 1668 3373 1721 vitam

1809 1764 1862 1817 in
1902 1779 1961 1815 se
1992 1763 2108 1831 ipso
2137 1762 2204 1828 ⁸⁸,
2238 1761 2431 1816 Filium
2488 1762 2778 1831 signiﬁcat,
2807 1769 2860 1814 et
2893 1776 2996 1813 non
3038 1759 3180 1813 aliud
3212 1758 3374 1824 quid-

1811 1869 1967 1919 quam
1999 1864 2192 1923 preeter
2231 1854 2444 1921 ipsum;
2481 1868 2599 1905 cum
2630 1860 2805 1904 autem
2846 1851 3129 1904 exsisteret
3165 1850 3277 1916 ipse
3319 1850 3373 1901 in

1804 1944 1943 1998 Filio
1984 1945 2275 1998 secundum
2330 1944 2687 1999 substantiam
2731 1944 2848 1995 sine
2883 1942 2989 1995 ulla
3048 1941 3374 2002 variatione,

1804 2047 1858 2091 et
1886 2052 2010 2090 cum
2044 2046 2190 2090 esset
2219 2037 2324 2088 vita
2361 2036 2658 2089 secundum
2704 2044 2950 2087 naturam
2980 2076 2995 2098 ,
3030 2033 3173 2087 dedit
3204 2032 3374 2100 ipsam

1804 2129 1905 2181 sibi
1942 2128 2065 2195 ipsi.
2104 2128 2456 2189 Athanasius,
2478 2128 2616 2181 libro
2641 2136 2836 2197 quarto
2870 2125 3066 2179 Contra
3101 2123 3331 2176 Arianos
3360 2138 3377 2176 :

1805 2220 2253 2288 Quandoquidem
2296 2228 2404 2273 tota
2442 2220 2677 2273 essentia
2734 2219 2851 2273 Filii
2888 2217 3104 2286 propria
3141 2226 3224 2271 est
3252 2215 3377 2269 sab-

1804 2312 2021 2366 stantize
2056 2310 2253 2377 Patris,
2287 2320 2342 2363 ιιι
2391 2311 2649 2379 Splendor
2691 2325 2755 2364 ex
2794 2310 3021 2373 lumine,
3051 2318 3103 2361 et
3131 2324 3193 2363 ex
3232 2309 3379 2361 l‘nnle

1807 2403 2032 2467 ﬂuvius;
2085 2412 2142 2456 ut
2177 2403 2395 2456 tandem
2450 2403 2539 2467 qui
2593 2403 2740 2456 videt
2776 2402 2994 2463 Filium,
3025 2399 3201 2453 videat
3238 2402 3375 2467 quod

1804 2494 2079 2561 proprium
2114 2492 2294 2545 Patris
2342 2500 2426 2545 est
2473 2510 2486 2545 :
2536 2501 2591 2545 et
2647 2492 2911 2553 intelligat
2956 2489 3099 2558 quod
3147 2489 3377 2543 essentia

1809 2585 1945 2648 Filii,
1978 2600 2097 2653 qute
2131 2597 2193 2637 et
2238 2583 2400 2636 Patre
2444 2574 2549 2649 est,
2584 2583 2661 2637 sic
2697 2583 2748 2636 in
2782 2581 2941 2635 Patre
2979 2592 3083 2635 est.
3142 2580 3237 2633 Est
3286 2597 3380 2632 au-

1806 2687 1911 2732 tent
1948 2687 2001 2731 et
2033 2676 2195 2730 Pater
2224 2677 2276 2729 in
2320 2675 2479 2742 Filio,
2516 2676 2644 2744 quia
2675 2675 2817 2743 quod
2863 2685 2945 2729 est
2976 2690 3041 2727 ex
3073 2673 3229 2726 Patre
3260 2687 3383 2741 pro-

1805 2770 2003 2838 prium,
2037 2768 2140 2822 hoc
2183 2766 2351 2820 Filius
2392 2776 2492 2831 est,
2526 2766 2667 2819 sicut
2707 2765 2760 2818 in
2791 2763 3076 2832 splendore
3110 2762 3211 2824 sol,
3248 2772 3297 2817 et
3329 2764 3379 2815 in

1807 2863 2015 2917 ratione
2047 2877 2223 2923 mens,
2248 2870 2306 2915 et
2343 2860 2396 2914 in
2440 2858 2603 2912 ﬂuvio
2643 2858 2799 2911 fons:
2833 2857 2910 2909 sic
2940 2857 3082 2909 enim
3120 2855 3207 2924 qui
3247 2869 3380 2907 con-

1806 2952 2095 3020 templatur
2127 2951 2325 3005 Filium
2366 2947 2768 3017 contemplatur
2796 2949 3072 3014 proprium
3128 2946 3384 2999 substan-

1807 3044 1893 3096 tiae
1946 3042 2158 3107 Patris;
2199 3052 2252 3094 et
2290 3040 2544 3107 intelligit
2587 3040 2729 3107 quod
2785 3036 2949 3091 Pater
3002 3039 3054 3091 in
3109 3035 3243 3090 Filio
3274 3045 3376 3089 est.

1802 3133 1935 3189 Cum
1968 3135 2112 3188 enim
2142 3133 2356 3202 species
2391 3141 2444 3186 et
2480 3130 2739 3186 divinitas
2768 3129 2845 3196 (l)
2890 3127 3065 3181 Patris
3095 3128 3165 3181 sit
3193 3141 3382 3181 esset»

178 3208 355 3271 prodit,
417 3212 595 3265 simile
652 3214 700 3267 ei
759 3229 878 3269 esse
939 3222 1235 3273 secundum
1303 3224 1780 3295 snbstantiam;C
1816 3229 1885 3278 tia
1938 3225 2077 3289 Filii,
2108 3238 2449 3292 consequens
2489 3231 2571 3276 est
2619 3222 2835 3276 Patrem
2870 3236 2995 3275 esse
3040 3222 3090 3272 in
3132 3219 3297 3284 Filio,
3328 3227 3383 3272 et

178 3301 381 3365 quatuvis
411 3306 476 3357 ab
509 3305 603 3359 illo
640 3304 754 3373 ipso
798 3315 1048 3377 tauquam
1080 3326 1266 3375 causa,
1315 3313 1509 3369 habeat
1536 3326 1593 3371 ut
1622 3320 1713 3389 sit.

178 3392 293 3445 Idem
330 3398 381 3449 in
421 3401 630 3455 eisdem
664 3419 678 3455 :
720 3399 1095 3470 Inquirendns,
1135 3407 1332 3475 inquit,
1382 3415 1468 3463 est
1519 3410 1708 3464 modus

177 3483 619 3555 dissimilitudinis,
648 3507 812 3562 quam
845 3494 1006 3549 habet
1046 3499 1111 3550 ad
1180 3499 1398 3552 Patrem
1444 3500 1713 3555 voluntas.

177 3572 221 3626 Si
248 3578 375 3632 enim
407 3581 509 3634 ulla
548 3598 618 3637 ex
648 3593 801 3652 parte
830 3592 1087 3653 tanquam
1116 3589 1293 3642 minor
1328 3592 1462 3658 ipso,
1488 3607 1593 3646 non
1622 3593 1717 3646 ha-

179 3665 247 3717 bet
286 3666 686 3726 similitudinem
740 3677 880 3740 ejus,
936 3676 1207 3732 videbitur
1266 3692 1452 3747 aperte
1506 3682 1714 3749 aliquid

178 3757 302 3811 exire
335 3774 395 3814 ex
429 3764 740 3818 substantia
791 3763 970 3820 Patris
1000 3764 1241 3823 deterius
1287 3786 1352 3823 eo
1406 3779 1461 3824 et
1509 3772 1712 3834 minus,

179 3862 261 3901 non
289 3853 419 3905 enim
454 3854 708 3909 voluntas
740 3856 1087 3912 extrinsecus
1127 3862 1356 3926 accedit,
1410 3876 1508 3916 nec
1541 3863 1715 3917 intro-

178 3943 310 3996 ducta
336 3955 434 4011 est,
478 3947 573 4001 sed
607 3962 672 4000 ex
709 3947 846 4017 ipso,
880 3958 935 4003 et
965 3951 1017 4002 iu
1051 3950 1205 4017 ipso;
1242 3953 1560 4010 deteriorem
1590 3971 1718 4011 vero

179 4032 364 4101 gignere
396 4052 492 4093 nec
526 4038 597 4093 iis
629 4040 721 4107 qui
766 4048 1015 4093 naturam
1058 4054 1299 4097 creatam
1330 4044 1545 4109 habent,
1576 4050 1718 4101 acci-

180 4122 286 4177 dere
332 4127 585 4182 arbitror.
640 4129 866 4198 Magnus
918 4133 1271 4199 Athanasius,
1332 4135 1471 4189 libro
1525 4138 1719 4205 quinto

179 4211 349 4267 Contra
386 4219 622 4273 Arianae
669 4221 793 4275 ait:
842 4223 1016 4286 Sicut,
1064 4208 1258 4295 inquit,
1294 4241 1357 4281 ex
1414 4226 1524 4283 lico
1574 4230 1718 4282 Deus

179 4317 409 4368 esl,etex
442 4313 691 4380 sapiente
721 4315 957 4381 sapiens,
993 4324 1047 4369 et
1078 4331 1142 4370 ex
1184 4318 1447 4372 rationem
1488 4319 1719 4373 habente

179 4395 341 4463 Λόγος,
366 4402 415 4455 id
442 4413 526 4457 est
559 4404 723 4469 ratio,
770 4405 883 4459 sive
909 4403 1183 4471 Verbum,
1222 4418 1275 4461 et
1308 4422 1374 4462 ex
1420 4406 1578 4462 Patre
1627 4408 1719 4462 Fi-

183 4486 300 4551 lius;
354 4494 433 4547 sic
486 4510 555 4549 ex
613 4509 868 4563 persona,
907 4511 1191 4566 personam
1249 4498 1486 4563 habens;
1541 4508 1594 4552 et
1651 4516 1714 4553 ex

1814 3317 2007 3370 Filium
2043 3317 2094 3369 in
2128 3315 2307 3369 Patre.
2354 3313 2586 3368 Sanctus
2616 3312 2874 3383 Cyrillus,
2909 3313 2961 3365 in
3003 3309 3270 3376 capitibus
3309 3309 3381 3362 De

1815 3405 2019 3475 Spiritu
2067 3413 2250 3459 sancto
2292 3417 2310 3455 :
2365 3401 2657 3470 licperitur
2690 3402 2885 3456 alicubi
2940 3400 3221 3465 scriptum,
3274 3397 3381 3451 imo

1814 3492 1947 3546 dicit
1980 3493 2166 3545 beatus
2197 3489 2433 3545 Joannes
2474 3486 2799 3558 evangelista
2829 3505 2842 3542 :
2883 3486 2944 3540 In
2980 3487 3074 3539 hoc
3112 3486 3381 3555 cognosci-

1815 3601 1932 3638 mus
1970 3584 2190 3653 quodin
2236 3582 2383 3635 nobis
2418 3591 2493 3635 est
2540 3581 2700 3643 Deus,
2729 3595 2792 3633 ea:
2835 3577 3035 3645 Spiritu
3066 3593 3217 3647 quem
3242 3576 3384 3629 dedit

1816 3678 1963 3730 nobis
1990 3676 2071 3737 “;
2109 3686 2164 3728 et
2213 3689 2402 3729 rursus
2448 3691 2461 3728 :
2498 3670 2564 3726 In
2606 3673 2705 3725 hoc
2741 3673 3097 3740 cognoscimus
3148 3667 3285 3736 quod
3330 3668 3383 3718 in

1814 3771 1927 3837 ipso
1965 3783 2257 3829 manemus,
2293 3778 2339 3820 et
2369 3767 2478 3833 ipse
2511 3767 2563 3818 in
2597 3766 2765 3823 nobis.
2797 3764 2934 3833 quod
2960 3779 3023 3816 ex
3051 3761 3253 3825 Spiritu
3291 3778 3385 3814 suo

1813 3859 1959 3913 dedit
1990 3860 2138 3912 nobis
2167 3857 2235 3913 ⁸⁷.
2272 3857 2329 3911 Si
2383 3858 2548 3927 igitur
2589 3857 2865 3909 habitante
2910 3854 3152 3907 innobis
3182 3849 3384 3920 Spiritu

1810 3964 1913 4019 per
1951 3950 2451 4018 participationem,
2492 3948 2634 4003 Deus
2679 3956 2761 4001 est
2801 3947 2889 4009 qui
2940 3944 3171 4009 habitat,
3202 3953 3256 3996 et
3291 3958 3389 3995 nus

1816 4055 2006 4096 sumtis
2038 4041 2090 4093 in
2124 4041 2265 4105 ipso,
2294 4049 2347 4093 et
2385 4040 2499 4107 ipse
2527 4053 2717 4092 rursus
2748 4039 2809 4091 itt-
2833 4037 3010 4101 nobis,
3043 4036 3164 4102 quia
3213 4035 3385 4102 Spiri-

1820 4142 1928 4187 tum
1963 4131 2187 4185 ferimns
2207 4170 2223 4195 ,
2251 4131 2524 4199 quomodo
2550 4129 2782 4197 Spiritus
2811 4145 2916 4182 non
2948 4128 3051 4182 erit
3076 4128 3236 4191 Deus,
3261 4142 3384 4180 cum

1818 4221 2013 4274 habeat
2046 4221 2098 4273 in
2132 4236 2191 4276 se
2216 4220 2516 4274 secundum
2549 4219 2911 4274 substantiam
2946 4226 3110 4272 totum
3141 4218 3387 4285 proprie—
3418 4256 3421 4259 γ

1820 4324 1983 4368 tatem
2038 4314 2129 4367 Dei
2177 4312 2378 4375 Patris.
2412 4312 2567 4380 cujus
2607 4312 2842 4381 Spiritus
2884 4327 2978 4381 per
3004 4310 3199 4365 Filium
3234 4323 3390 4362 crea-

1824 4418 1955 4460 tura:
1978 4406 2269 4460 tribuitur?
2301 4405 2524 4474 Magnus
2558 4403 2866 4474 Dionysius,
2889 4417 3012 4473 cap.
3044 4403 3076 4457 5
3099 4402 3175 4456 De
3200 4402 3388 4455 divinis
3463 4472 3471 4481 ‘

1822 4499 2163 4552 nominibus:
2195 4496 2533 4565 Exemplaria
2566 4510 2694 4550 vero
2738 4495 2966 4550 dicimus
2999 4509 3119 4549 esse
3151 4493 3391 4565 rationes

181 4579 451 4635 substantia
506 4586 906 4651 substantialis,
959 4586 1428 4656 substantiamque
1477 4590 1717 4655 habens;
1747 4571 1799 4630 Ῐ)
1828 4604 2007 4644 rerum
2057 4589 2110 4641 in
2146 4589 2274 4653 Deo,
2323 4586 2629 4640 ell'ectrices
2658 4587 3108 4646 substantiarum,
3155 4595 3210 4638 et
3241 4584 3391 4635 unite

180 4676 223 4719 et
259 4685 315 4723 ex
346 4674 645 4729 exsiStente
693 4677 982 4731 exsistens.
1039 4678 1098 4731 S.
1144 4678 1378 4748 Cyrillus
1437 4681 1571 4736 libro
1631 4698 1720 4736 xiv

184 4756 541 4819 Thesaurorum
576 4782 596 4819 :

180 4955 308 5010 sunt,
334 4949 410 5001 sic
436 4951 511 5001 ait
539 4967 554 5003 :
599 4948 703 5014 Qui
736 4952 879 5003 solus
908 4951 1057 5004 liabet
1097 4953 1546 5008 immortalitatem
1570 4956 1636 5009 ³⁷.
1663 4956 1719 5009 Si

181 5050 292 5101 ergo
324 5041 450 5093 nihil
484 5042 629 5093 aliud
672 5042 939 5109 quispiam
993 5044 1209 5097 deliniet
1240 5059 1362 5097 es~e
1398 5048 1717 5101 immortali-

184 5132 343 5188 uitem,
378 5131 476 5184 nisi
515 5130 723 5197 vitam;
754 5132 863 5185 vita
894 5145 1071 5186 autem
1105 5142 1187 5185 est
1219 5132 1409 5199 FliIUS,
1435 5136 1521 5203 qui
1553 5136 1715 5191 dicit:

240 5264 574 5329 "l'l‘im.vr,
602 5266 691 5320 16.
770 5265 817 5297 ³³
840 5266 994 5321 Joan.
1038 5282 1148 5333 xw,
1191 5265 1243 5320 6.
1342 5267 1385 5299 ³⁹
1443 5267 1573 5323 ibid.

180 5331 371 5389 “toan.
398 5353 517 5405 vm,
539 5337 620 5393 l2.
697 5338 743 5369 “
772 5334 969 5393 Jerern.
993 5350 1055 5402 ιι,
1095 5331 1178 5393 15.
1273 5336 1319 5368 ⁸⁵
1344 5335 1501 5391 Joan.
1524 5353 1577 5401 v,
1606 5337 1697 5392 26.

1672 5270 1720 5301 δ’
1752 5268 1909 5323 Rom.
1964 5285 2076 5331 xvi,

1772 5340 1856 5394 “1
1882 5339 2039 5395 Joan.
2074 5354 2157 5405 ιιι,
2181 5340 2271 5395 24.

1820 4681 2271 4749 przeexsistentes,
2303 4694 2437 4749 quas
2484 4678 2917 4731 divinns'serurn
2954 4687 3111 4730 vocat
3144 4677 3393 4745 praede-ti-

644 4765 865 4833 Paulus,
916 4770 1114 4838 inquit,
1153 4786 1276 4824 cum
1304 4773 1434 4827 dicit
1481 4776 1726 4843 proprie-
1818 4776 2150 4835 nitiones,et
2184 4773 2397 4826 divinas
2421 4781 2583 4841 atque
2616 4773 2781 4825 bonas
2811 4772 3132 4835 voluntates,
3169 4784 3290 4838 qum
3323 4771 3389 4819 ait

181 4859 298 4905 tates
331 4858 604 4912 naturales
638 4868 693 4912 et
728 4860 1132 4928 substantiales,
1165 4877 1283 4929 quae
1338 4863 1386 4915 in
1428 4866 1532 4917 Deo
1562 4867 1721 4921 Patre

1818 4865 2253 4935 distinguendum
2288 4874 2342 4917 et
2377 4863 2716 4918 elﬁciendum
2743 4880 2804 4916 ea
2833 4876 2952 4931 quae
2995 4871 3141 4926 sunt,
3178 4860 3390 4920 valent;

1818 4960 2115 5012 secundum
2152 4970 2286 5019 quas
2318 4955 2408 5022 qui
2440 4964 2523 5008 est
2564 4969 2725 5021 supra
2774 4951 3162 5009 substantiam,
3202 4950 3387 5000 omnia

1800 5063 1941 5114 qum
1971 5057 2116 5109 sunt,
2149 5043 2527 5112 praedeliuivit,
2578 5054 2633 5098 et
2668 5042 2940 5111 produxit.
2998 5042 3113 5107 Quo
3169 5041 3220 5092 in
3271 5040 3389 5092 loco

1820 5138 2033 5191 divinus
2075 5135 2379 5190 Maximus:
2412 5115 2781 5203 Exemplaria,
2815 5132 3009 5202 inquit,
3051 5145 3170 5200 qua:
3198 5135 3395 5183 vocant

2141 5268 2231 5322 27.
2306 5268 2344 5300 ⁸⁸
2385 5268 2559 5325 lCor.
2611 5286 2653 5332 ι,
2710 5269 2802 5322 24.
2878 5268 2924 5299 “
2958 5266 2973 5319 I
3004 5265 3144 5320 Tim.
3191 5278 3266 5324 vt.
3304 5263 3390 5319 16·

2356 5340 2397 5372 "
2429 5338 2585 5395 .loan.
2629 5355 2703 5405 tv,
2732 5340 2817 5395 15.

1658 5452 1927 5520 Scholia.

245 5576 313 5644 (l)
354 5576 561 5647 Species
610 5590 656 5635 et
708 5580 954 5636 divinitas
1000 5577 1203 5632 Patris.
1248 5575 1365 5632 Non
1424 5587 1577 5632 vocat
1634 5579 1721 5634 hic

186 5656 420 5710 spectem,
454 5651 757 5704 universale
788 5653 928 5718 quod
971 5652 1033 5702 de
1065 5648 1308 5717 pluribus
1355 5648 1723 5703 dill'erentibus

186 5726 403 5788 numero
432 5721 753 5787 praedicatur
773 5739 789 5788 ;
809 5717 814 5718 ί
836 5717 1140 5788 huiusmodi
1170 5720 1312 5770 enim
1349 5719 1555 5786 species
1586 5719 1722 5788 divi-

182 5780 330 5841 dilm’.
364 5780 552 5858 quue
578 5780 797 5858 ﬁguram
830 5780 1021 5853 vocat;
1053 5786 1195 5858 Deus
1233 5780 1554 5841 cnim-caret
1583 5785 1718 5853 ligu-

188 5863 274 5920 l’a;
298 5856 387 5912 sed
410 5856 643 5928 speciem
668 5869 821 5915 vocat
851 5860 1098 5924 fortnam,
1135 5856 1187 5913 id
1227 5866 1329 5925 est,
1360 5860 1717 5913 substantiam

1831 5598 1959 5653 vere
1998 5593 2051 5638 et
2090 5585 2328 5653 proprie,
2368 5599 2487 5652 qua:
2526 5599 2555 5636 a
2590 5583 2737 5653 nullo
2770 5582 2973 5635 scilicet
3004 5580 3219 5647 pendet,
3252 5581 3399 5634 sicut

1830 5652 2028 5707 Paulus
2057 5651 2209 5706 vocai
2258 5651 2484 5708 formam
2526 5654 2614 5707 Dei
2647 5671 2658 5705 :
2694 5651 2794 5717 Qui
2821 5668 2936 5704 cum
2977 5653 3029 5704 in
3071 5652 3263 5717 lorum,
3313 5653 3405 5703 in-

1828 5724 1965 5789 quit,
1998 5723 2092 5776 Dei
2124 5734 2272 5777 esset.
2312 5724 2366 5777 ln
2400 5725 2499 5778 bac
2522 5722 2920 5792 signiﬁcatione
2954 5723 3134 5792 posnit
3160 5720 3248 5776 hic
3274 5736 3410 5791 spe~

1828 5796 1963 5848 clem
1998 5794 2345 5850 Athanasius.
