3872 6540
280 416 372 477 i'l‘l‘l

1132 417 1371 476 ΠΕΟΑὲ
1409 419 1515 485 IX.
1547 419 1735 478 “DE
1783 420 2235 482 lNFlNlTA'l'E
2281 421 2358 480 ΙΝ
2407 420 2576 480 DEO.

3370 413 3474 478 9'4

261 526 466 579 Perfecto
497 523 639 578 inter
671 537 731 577 se
760 530 951 579 mutuo
976 525 1284 594 singulatim
1326 527 1600 592 distincta,
1650 542 1783 580 con-
1817 537 1856 591 Α
1891 542 2022 593 stra,
2062 549 2152 598 per
2192 530 2448 598 Spiritum
2501 531 2616 599 ejus
2667 528 3048 583 initabitautem
3102 525 3152 579 iu
3210 526 3356 578 nobis
3397 528 3465 584 υ,

253 618 418 686 juncta
467 615 516 669 in
558 631 720 668 unum
755 617 1008 681 discreto,
1048 627 1100 672 et
1147 618 1383 673 discreta
1435 619 1795 688 conjunctim.

261 708 369 762 llaec
419 716 636 761 sanctus
694 707 962 762 Maximus
1006 723 1128 763 cum
1185 711 1457 764 adnotat:
1495 709 1799 765 Adverten-

258 801 390 858 dum.
439 797 628 866 inquit,
663 810 745 852 est
794 801 926 854 illud
963 820 982 856 :
1013 799 1067 854 lu
1105 815 1164 855 se
1210 803 1343 870 ipsis
1373 803 1641 869 vicissim,
1680 818 1801 857 esse

262 891 532 945 sectindum
566 890 900 945 mansionem
933 904 986 946 et
1029 893 1439 948 collocationem
1494 895 1799 948 divinarum

261 997 615 1051 personarum,
653 994 709 1032 ut
740 999 860 1036 cum
893 985 971 1037 ait
1001 985 1282 1053 Scriptura
1313 1005 1326 1040 :
1370 985 1480 1055 Ego
1515 986 1565 1039 in
1613 985 1801 1051 Patre,

257 1086 298 1129 et
337 1071 486 1126 Pater
521 1074 574 1126 in
603 1091 683 1127 me
703 1074 770 1136 '°,
801 1076 880 1130 sic
913 1085 966 1130 et
1022 1077 1088 1131 de
1125 1076 1327 1145 Spiritu
1361 1088 1548 1131 saneto
1577 1081 1806 1145 Aposto-

258 1165 331 1218 lus
365 1164 520 1216 ait".
577 1162 812 1218 Sanctus
856 1163 1095 1220 Joannes
1126 1166 1496 1222 Damascenus
1529 1169 1582 1221 in
1631 1169 1807 1237 cipite

259 1259 325 1311 De
369 1257 662 1314 Trinitate:
694 1259 902 1313 Etenim
935 1274 1200 1316 creatura:
1251 1272 1304 1316 et
1339 1263 1458 1317 loco
1495 1265 1719 1327 tlisintii,
1753 1273 1809 1316 et

259 1359 479 1418 tetupore
510 1352 790 1417 diﬂ'erunt,
818 1363 871 1405 et
905 1353 1182 1408 voluntate
1214 1356 1551 1419 dividuntur,
1585 1365 1640 1409 et
1675 1357 1807 1408 viri-

258 1442 364 1506 bus,
391 1449 440 1496 et
476 1442 669 1507 forma,
699 1445 750 1497 id
785 1454 866 1498 est.
899 1445 1091 1514 ﬁgura,
1127 1456 1178 1500 et
1210 1447 1418 1512 habitu,
1447 1464 1499 1501 et
1529 1448 1806 1511 mistiont‘,

255 1545 300 1588 et
327 1533 600 1603 dignitate,
655 1545 709 1588 ct
739 1535 940 1602 studio,
983 1547 1039 1589 et
1089 1538 1344 1592 omnibus
1393 1541 1812 1607 proprietatibus

260 1628 618 1693 signantibus;
657 1645 717 1682 ac
767 1628 1111 1697 potissimum
1160 1629 1213 1683 in
1247 1645 1312 1685 eo
1354 1630 1628 1698 dill’erunt,
1669 1631 1812 1702 quod

258 1733 350 1770 non
383 1727 500 1770 sunt
531 1718 585 1771 in
621 1734 679 1773 se
715 1719 845 1787 ipsis
873 1720 1139 1785 vicissim,
1171 1721 1264 1775 sed
1293 1723 1587 1791 separatim
1623 1739 1636 1776 :
1668 1725 1813 1778 unde

255 1802 302 1865 ξι
341 1811 458 1877 dno,
498 1821 552 1864 et
608 1821 740 1878 tres,
784 1823 836 1866 et
870 1813 1022 1866 multi
1053 1813 1304 1866 dicuntur
1334 1831 1346 1878 ;
1377 1824 1567 1869 contra
1603 1829 1732 1868 vero
1759 1815 1810 1868 in

1906 624 2073 677 Nobis
2113 633 2292 677 autem
2327 626 2378 676 in
2422 624 2622 692 Spiritu
2662 621 2963 683 vivillcntis,
3001 621 3114 690 ipse
3143 619 3394 674 Christus
3420 619 3472 672 in

1904 717 2064 768 nobis
2097 716 2294 768 dicitur
2335 714 2532 768 vivere.
2568 713 2777 766 Christo
2805 707 2975 767 'enim.
3008 712 3199 778 inqu't,
3229 711 3472 776 conﬁxus

1903 822 2064 860 sum:
2105 805 2230 860 Vivo
2270 816 2444 858 autem
2492 822 2592 858 non
2632 805 2746 873 jam
2775 817 2888 872 ego.
2941 805 3267 857 uiritantem
3303 804 3357 854 in
3396 817 3476 854 me

1905 899 2146 954 Christus
2177 900 2244 952 ⁸⁸.
2277 899 2339 952 Ει
2367 915 2556 952 rnrstts
2590 915 2604 951 :
2640 897 2798 951 Sicut
2840 911 3002 965 opera
3038 911 3155 962 qum
3195 895 3366 949 Filius
3393 893 3478 946 ia.

1905 994 2101 1053 ciebat,
2129 993 2336 1045 dicebat
2373 991 2582 1044 Patrem
2628 992 2805 1044 facere
2836 1008 2868 1046 :.
2894 989 3053 1043 Pater
3081 990 3246 1055 enim,
3293 990 3386 1047 ait,
3422 990 3477 1039 iu

1911 1093 1994 1132 me
2023 1097 2258 1143 mouens,
2290 1081 2394 1142 ipse
2418 1079 2545 1146 facit
2572 1096 2722 1142 opera
2746 1095 2764 1132 :
2797 1095 2898 1132 non
2927 1080 3138 1132 creditis
3170 1079 3315 1134 milii.
3352 1082 3478 1146 quia

1907 1184 2001 1236 ego
2033 1171 2087 1220 in
2132 1167 2310 1229 Patre,
2342 1178 2390 1221 et
2435 1168 2596 1220 Pater
2627 1170 2680 1222 in
2735 1185 2815 1220 me
2860 1171 2970 1224 est?
3019 1168 3228 1232 Alioqui
3272 1178 3482 1233 prop'rr

1909 1277 2064 1321 onera
2126 1261 2242 1324 ipsa
2295 1260 2490 1312 credite
2520 1261 2598 1322 '9;
2655 1260 2735 1312 sic
2771 1275 2888 1322 qum
2942 1259 2995 1310 in
3052 1260 3252 1312 virtute
3307 1259 3482 1310 Patris

1910 1349 2240 1412 operabatur
2279 1347 2498 1414 Paulus,
2527 1349 2706 1402 aiebat
2734 1348 2934 1402 Christi
2971 1363 3089 1402 esse
3115 1365 3280 1414 opera
3308 1366 3321 1400 :
3360 1346 3484 1399 Non

1909 1443 2080 1503 enim,
2108 1442 2299 1510 inquit,
2334 1443 2532 1496 audebo
2569 1441 2769 1508 aliquid
2808 1442 2981 1496 dicere
3010 1459 3189 1496 eorum
3221 1458 3334 1500 ante
3381 1456 3482 1493 nou

1912 1544 2156 1601 operatus
2185 1545 2257 1588 est
2289 1524 2534 1590 Christus
2557 1551 2648 1601 per
2681 1551 2760 1588 me
2793 1536 2845 1587 iu
2878 1535 3223 1589 obedientiam
3255 1534 3485 1601 gentium

1912 1629 1964 1681 in
1999 1627 2147 1681 verba
2180 1635 2230 1680 et
2265 1630 2583 1695 operatione.
2624 1629 2680 1680 in
2727 1628 2918 1681 uirtute
2961 1628 3234 1694 signorum
3273 1636 3319 1677 et
3364 1640 3484 1692 pro-

1913 1717 2198 1784 digiorum,
2237 1719 2290 1771 iu
2319 1719 2508 1772 virtute
2551 1719 2784 1784 Spiritus
2827 1720 2998 1771 sancti
3016 1719 3084 1768 ⁸ο.
3117 1717 3265 1770 Talis
3295 1717 3486 1783 conju-

1916 1809 2062 1877 gatio
2091 1816 2147 1862 et
2171 1809 2350 1862 unitas
2379 1824 2502 1863 cum
2536 1810 2604 1863 sit
2644 1812 2696 1863 in
2724 1809 3011 1874 Trinitate,
3042 1809 3286 1877 quisnam
3328 1809 3485 1860 dein-

254 1912 420 1956 sant'la
469 1877 758 1966 Trinitate,
797 1919 918 1972 quae
969 1919 1128 1973 supra
1173 1877 1528 1959 substantiam
1583 1915 1689 1965 est.
1745 1916 1799 1961 et
1843 1877 1884 1932 Β
1913 1913 2044 1967 ceps
2067 1897 2262 1952 Filium
2296 1915 2324 1951 ει
2360 1899 2546 1960 Patre.
2580 1914 2669 1954 am
2701 1899 2958 1966 Spiritum
2995 1909 3242 1954 smmum
3271 1915 3298 1952 a
3326 1899 3485 1960 Filia.

255 1997 376 2047 ultra
420 1994 624 2054 omnia,
675 1995 1115 2060 incomprehensa
1149 2013 1164 2061 ;
1198 2011 1332 2048 unus
1366 1989 1508 2050 enim
1560 2007 1810 2064 conatus,

256 2086 356 2140 sive
398 2086 635 2152 irrpetus
665 2086 936 2148 motio-iis,
970 2094 1021 2138 et
1072 2103 1174 2138 una
1217 2087 1534 2150 substantia,
1574 2104 1677 2141 una
1713 2088 1810 2142 bo-

257 2179 403 2238 nitas.
433 2194 537 2230 una
570 2180 762 2242 virtus,
809 2195 909 2231 una
954 2180 1226 2242 voluntas,
1267 2195 1373 2235 una
1413 2182 1676 2249 operatio,
1707 2196 1812 2234 una

257 2279 501 2337 potestas,
537 2285 667 2330 una,
718 2270 960 2339 inquam,
992 2279 1046 2325 et
1093 2272 1317 2337 eadem;
1353 2281 1405 2326 et
1453 2288 1555 2325 non
1591 2282 1702 2327 tres
1743 2273 1817 2326 si-

261 2362 396 2416 miles
424 2363 564 2415 inter
591 2378 692 2427 se;
742 2364 835 2417 sed
866 2378 968 2416 una
1018 2372 1182 2431 atque
1210 2365 1398 2418 eadem
1448 2367 1614 2419 motio
1649 2366 1809 2418 trium

259 2464 619 2518 personarum,
657 2467 818 2504 llllllm
851 2453 992 2506 enim
1039 2453 1202 2508 habet
1253 2469 1586 2523 unaquaeque
1631 2471 1814 2509 earum

257 2557 364 2594 cum
392 2544 580 2605 altera,
617 2561 720 2596 non
766 2546 943 2598 minus
975 2559 1132 2614 quam
1165 2561 1346 2600 secum
1393 2560 1680 2600 commune
1715 2562 1729 2599 :
1762 2546 1814 2598 id

257 2644 534 2697 est,'unutn
565 2648 692 2690 sunt
721 2638 1015 2695 secundum
1057 2639 1236 2690 omnia
1270 2637 1448 2698 Pater.
1483 2648 1538 2692 et
1563 2637 1735 2692 Filius
1765 2647 1817 2691 et

259 2725 477 2794 Spiritus
524 2741 770 2783 sanctus.
823 2729 1045 2800 Magnus
1090 2731 1441 2794 Athanasius,
1491 2731 1546 2785 in
1589 2730 1817 2797 epismla

258 2821 314 2872 ad
343 2819 691 2890 Serapionem
727 2838 738 2872 :
777 2821 997 2882 Deinde.
1027 2837 1148 2876 cum
1197 2820 1356 2876 Pater
1397 2824 1486 2886 sit,
1532 2833 1587 2876 ut
1621 2821 1818 2877 Paulus

260 2914 401 2975 dixit,
435 2915 586 2968 solus
634 2915 876 2981 sapiens,
904 2915 994 2982 qui
1046 2924 1130 2970 est
1189 2914 1351 2979 Deus,
1387 2913 1560 2970 Filius
1591 2926 1675 2970 est
1730 2931 1820 2968 sa-

260 3003 445 3068 pientia
479 3004 645 3073 ejus;
699 3004 951 3060 Christus
977 3006 1122 3059 enim
1167 3005 1263 3060 Dei
1300 3007 1474 3062 virtus
1515 3015 1568 3060 et
1599 3006 1690 3060 Dei
1727 3022 1820 3061 sae

259 3097 442 3164 pientis
482 3115 498 3153 :
537 3107 593 3151 et
634 3113 756 3150 cum
798 3097 968 3154 Filius
997 3097 1061 3154 sit
1098 3097 1386 3168 sapientia,
1422 3115 1523 3154 nos
1558 3099 1818 3167 Spiritum

1916 1998 2008 2044 aut
2049 1991 2116 2044 ab
2143 1990 2260 2059 ipso
2296 1986 2452 2045 Patre
2483 1991 2797 2056 separabit?
2834 1993 2940 2044 Aut
2970 1992 3093 2060 quis
3125 1990 3231 2045 erit
3274 1989 3347 2042 ita
3390 2004 3488 2041 au-

1917 2084 2041 2144 dax,
2075 2093 2130 2134 ut
2165 2084 2306 2136 dicat
2353 2085 2697 2148 dissimilem,
2740 2093 2796 2138 et
2841 2084 3063 2138 alterius
3115 2091 3321 2136 naturae
3363 2094 3488 2133 esse

1918 2174 2057 2236 apud
2091 2189 2148 2228 se
2199 2172 2578 2228 Trinitatem?
2614 2176 2694 2228 vel
2747 2174 2940 2229 Filium
2990 2188 3113 2230 esse
3168 2171 3489 2227 substantiae

1918 2266 2105 2321 aliena:
2147 2281 2178 2319 a
2224 2265 2414 2322 Patre?
2454 2268 2535 2321 vel
2583 2267 2842 2336 Spiritum
2877 2276 3124 2323 sanctum
3173 2266 3408 2320 alienum
3457 2278 3488 2316 a

1918 2357 2095 2414 Filio?
2145 2358 2201 2414 Si
2262 2344 2633 2429 quis‘rursus
2680 2361 2998 2430 interroget,
3047 2359 3316 2426 quomodo
3373 2359 3490 2411 haec

1920 2452 2086 2507 Sunt?
2123 2460 2437 2520 quiet-atque
2482 2452 2789 2520 quomodo,
2825 2467 2946 2507 cum
2998 2450 3231 2518 Spiritus
3271 2459 3491 2504 sanctus

1917 2551 2002 2596 est
2038 2543 2088 2595 in
2123 2542 2301 2607 nobis,
2355 2542 2516 2596 Pater
2548 2543 2744 2596 dicitur
2793 2557 2914 2598 esse
2962 2543 3014 2596 in
3058 2541 3233 2602 nobis,
3271 2549 3324 2594 et
3367 2555 3491 2593 cum

1921 2633 2092 2688 Filius
2118 2642 2200 2688 est
2226 2632 2282 2688 in
2319 2633 2494 2696 nobis,
2521 2632 2682 2688 Pater
2717 2633 2916 2688 dicitur
2939 2649 3062 2688 esse
3091 2634 3146 2686 in
3178 2633 3367 2695 nobis;
3401 2640 3496 2684 aut

1921 2726 2196 2793 quomodo
2224 2740 2344 2779 cum
2372 2723 2614 2793 Trinitas
2645 2732 2750 2790 est,
2781 2725 2834 2778 in
2871 2739 2974 2777 uno
3007 2724 3346 2792 signiﬁcatur
3372 2721 3494 2774 Tri-

1924 2823 2100 2881 nitas;
2134 2827 2226 2873 aut
2269 2809 2540 2890 quomodo
2578 2835 2702 2874 cum
2734 2835 2897 2873 nnttm
2949 2826 3033 2872 est
3081 2819 3134 2871 in
3169 2818 3348 2880 nobis,
3379 2815 3496 2869 Tri«

1923 2913 2065 2968 nitas
2095 2913 2299 2966 dicitur
2325 2931 2339 2967 :
2367 2912 2448 2967 vel
2484 2919 2738 2981 separent
2769 2912 3005 2981 primum
3033 2926 3059 2962 a
3086 2908 3291 2962 lumine
3321 2907 3496 2976 Splen-

1922 3004 2132 3062 dorem,
2165 3010 2260 3053 aut
2289 3001 2612 3068 sapientiam
2640 3015 2669 3052 a
2702 3000 2964 3064 sapiente.
2992 2999 3078 3054 vel
3119 3000 3325 3060 dicant,
3356 3011 3496 3064 quo-

1923 3093 2082 3144 modo
2124 3091 2238 3144 haec
2269 3099 2462 3155 erunt;
2494 3090 2638 3159 quod
2670 3090 2715 3143 si
2763 3091 2866 3144 hoc
2901 3104 3005 3143 non
3047 3097 3298 3158 possunt,
3331 3086 3499 3139 multo
3559 3142 3562 3148 ,

257 3189 589 3258 accipientes,
627 3189 821 3243 Filium
855 3189 1158 3256 habemus;
1190 3201 1244 3245 ει
1288 3193 1338 3244 in
1375 3192 1492 3261 ipso
1522 3207 1709 3246 sumus
1736 3208 1822 3246 sa-
1847 3203 1892 3270 ρ
1925 3187 2098 3257 magis
2141 3199 2383 3254 quaerere
2419 3185 2533 3239 haec
2559 3185 2624 3239 tle
2658 3184 2789 3250 Deo,
2842 3183 3222 3236 insanientium
3271 3181 3496 3235 audacia

257 3285 488 3349 piant-5,.
509 3284 590 3337 sic
633 3284 782 3336 enim
833 3283 1096 3350 scriptum
1129 3292 1252 3338 est:
1279 3283 1538 3337 Dominus
1571 3284 1723 3338 solvit
1749 3285 1817 3336 li-

258 3383 397 3441 gaios
424 3373 515 3446 [aL
548 3369 919 3446 compeditos].
967 3375 1222 3430 Dominus
1253 3377 1424 3429 erudit
1468 3375 1566 3448 [:tl.
1611 3377 1820 3430 illumi-

261 3465 365 3538 nat]
415 3483 578 3521 cteros
611 3469 678 3528 ⁵¹,
739 3478 792 3521 ει
831 3483 956 3522 cum
991 3471 1150 3521 datur
1177 3471 1330 3523 nobis
1358 3469 1592 3535 Spiritus
1623 3486 1640 3523 :
1695 3469 1821 3539 (Ac-

260 3559 400 3624 cipite
423 3562 586 3638 .enim
631 3558 886 3627 Spiritum
933 3570 1171 3614 sanctum
1199 3562 1265 3626 ⁸³,
1315 3562 1494 3615 aiebat
1551 3559 1819 3628 Salvator)

259 3648 390 3705 Deus
434 3663 514 3706 est
553 3653 611 3706 in
662 3653 816 3707 nobis
845 3670 859 3719 ;
887 3654 963 3707 sic
995 3655 1138 3707 enim
1172 3653 1408 3708 Joannes
1458 3654 1674 3722 scripsit
1706 3671 1721 3707 :
1760 3651 1820 3706 Si

259 3743 509 3812 diligimus
540 3746 786 3808 invicem,
840 3744 976 3798 Deus
1015 3746 1070 3797 in
1121 3747 1267 3799 nobis
1321 3754 1446 3798 est:
1475 3745 1723 3813 quoniam
1764 3746 1820 3798 in

260 3831 362 3900 ipso
385 3850 678 3896 manemus,
702 3845 748 3887 et
781 3837 891 3902 ipse
922 3835 975 3887 in
1001 3835 1186 3898 nobis;
1214 3837 1465 3905 quoniam
1507 3851 1570 3888 ea:
1614 3824 1820 3904 Spiritu

260 3942 346 3980 suo
380 3927 522 3980 dedit
556 3928 708 3980 nobis
737 3927 802 3981 ".
837 3928 970 3982 Cum
1009 3936 1186 3981 autem
1234 3929 1374 3983 Deus
1416 3939 1500 3982 est
1538 3929 1592 3982 in
1641 3929 1818 3993 nobis,

261 4031 333 4072 est
364 4022 520 4073 etiam
561 4019 735 4074 Filius
787 4019 838 4072 in
884 4020 1074 4087 nobis;
1108 4019 1238 4075 dicit
1267 4019 1409 4075 enim
1452 4015 1819 4088 ipse'Filins:

264 4110 388 4179 ligo,
436 4121 482 4164 et
534 4110 699 4163 Pater
735 4111 1018 4172 veniemus,
1052 4121 1100 4164 et
1142 4112 1463 4163 mansionem
1513 4110 1654 4180 apud
1706 4125 1823 4162 eum

264 4203 502 4270 faciemus
526 4203 596 4256 ⁸⁸.
649 4202 869 4263 Deinde,
919 4211 1041 4255 cum
1094 4203 1201 4256 vita
1252 4203 1449 4271 alioqui
1499 4203 1570 4255 sit
1611 4201 1820 4256 Filius:

265 4295 386 4365 Ego.
422 4298 616 4364 inquit,
647 4310 762 4348 sum
797 4297 904 4350 vita
933 4296 1016 4361 “;
1060 4295 1316 4351 viviticari
1369 4304 1545 4348 tamen
1594 4295 1828 4348 dicimur

265 4389 314 4441 in
371 4387 572 4460 Spiritu
628 4397 857 4443 sancto:
904 4388 1008 4453 Qui
1038 4390 1176 4441 enim
1221 4389 1497 4443 suscitauit
1552 4386 1825 4442 Christum

265 4478 431 4533 Iesum
464 4499 493 4534 a
525 4481 770 4543 mortuis,
816 4480 1086 4534 suscitabit
1131 4490 1176 4535 et
1209 4481 1454 4534 mortalia
1485 4496 1705 4549 corpora
1735 4498 1828 4533 uo-

327 4596 371 4627 "
397 4596 552 4660 Joan.
595 4610 708 4658 xrv,
735 4593 827 4664 10.
894 4594 938 4627 ⁵¹
971 4593 986 4646 l
1018 4593 1143 4664 Cor.
1173 4609 1254 4659 Ill,
1285 4592 1306 4642 ι
1337 4609 1490 4664 seqq.

268 4667 472 4725 “v.25.
545 4657 616 4698 i“
647 4657 778 4718 ibid.
807 4663 863 4717 6.
957 4665 1003 4696 ⁸⁷
1038 4663 1193 4717 Rom.
1219 4657 1340 4728 vitt,
1368 4657 1447 4719 Μ’.

270 4737 307 4767 ⁸¹
327 4736 554 4806 Philipp.
582 4753 643 4799 ιι,
671 4734 727 4790 6.
802 4733 848 4767 ⁸⁸
871 4733 1000 4789 ibid.

1921 3287 2024 3334 est.
2075 3277 2337 3330 Divinitas
2375 3277 2518 3330 enim
2567 3292 2672 3330 non
2709 3276 2762 3328 in
2795 3275 3260 3329 demonstratione
3304 3272 3497 3327 verbo-

1922 3383 2039 3422 rum
2075 3367 2270 3421 tradita
2314 3375 2420 3427 est,
2465 3374 2524 3418 ut
2549 3366 2808 3429 diximus.
2853 3365 2947 3418 sed
2978 3365 3030 3418 in
3067 3365 3191 3427 ﬁde,
3219 3373 3270 3417 el
3301 3363 3387 3429 pia
3411 3377 3498 3413 ra-

1922 3459 2276 3512 tiocinatione
2306 3463 2428 3511 cum
2473 3457 2795 3511 rererentia.
2847 3455 2911 3508 Et
2944 3456 3138 3508 iterum
3173 3453 3312 3506 idem
3361 3451 3500 3505 libro

1925 3567 1977 3606 ιν
2021 3550 2218 3606 Contra
2266 3550 2498 3602 Arianos
2527 3563 2546 3601 :
2588 3547 2726 3613 Quia
2769 3547 2934 3614 igitur
2985 3545 3156 3599 Filius
3185 3551 3270 3597 est
3319 3542 3499 3609 imago

1923 3645 2127 3707 Patris,
2178 3656 2403 3697 necesse
2455 3651 2539 3695 est
2583 3640 2904 3709 intelligere,
2953 3639 3094 3708 quod
3143 3638 3398 3691 divinitas
3445 3644 3501 3691 et

1924 3737 2231 3806 proprietas
2255 3732 2434 3788 Patris
2462 3731 2696 3787 essentia
2729 3731 2849 3785 Filii
2875 3740 2985 3795 est,
3004 3738 3058 3784 et
3091 3729 3192 3782 hoc
3213 3735 3296 3781 est
3328 3725 3456 3778 illud
3481 3745 3496 3780 :

1926 3827 2030 3892 Qui
2077 3843 2194 3880 cum
2228 3827 2284 3878 in
2331 3826 2500 3896 {arma
2542 3823 2637 3878 Dei
2673 3831 2810 3877 esset
2836 3821 2918 3888 δίς
2959 3829 3013 3874 et
3045 3836 3060 3874 :
3095 3817 3260 3871 Pater
3301 3817 3356 3869 in
3395 3831 3499 3868 me.

1925 3920 2040 3975 Non
2099 3930 2276 3974 autem
2333 3933 2396 3972 ex
2439 3925 2594 3985 parte
2645 3924 2729 3970 est
2787 3913 2958 3966 forma
3016 3908 3359 3965 divinitatis.
3407 3905 3502 3960 sed

1927 4010 2205 4078 plenitudo
2252 4016 2493 4078 paternae
2527 4004 2828 4059 divinitatis
2867 4001 3106 4056 essentia
3137 4008 3220 4052 est
3262 3995 3406 4058 Filii,
3449 4005 3505 4049 et

1927 4101 2164 4157 Verbum
2195 4102 2335 4155 Deus
2364 4107 2450 4154 est
2481 4097 2674 4158 Filius,
2721 4095 2923 4148 idcirco
2950 4091 3174 4160 aequalis
3220 4089 3358 4141 Dens
3401 4102 3504 4139 non

1927 4195 2171 4264 rapinam
2216 4192 2510 4247 arbitratus
2557 4197 2635 4241 est
2665 4203 2720 4240 se
2761 4202 2872 4240 esse
2915 4183 3170 4251 wqualem
3206 4181 3312 4233 Deo
3337 4179 3405 4232 “.
3441 4179 3505 4232 Et

1930 4302 2138 4350 rursus,
2172 4285 2296 4355 quia
2336 4283 2456 4336 Filii
2485 4281 2742 4333 divinitas
2772 4288 2824 4332 ct
2861 4279 3074 4346 species
3104 4290 3210 4328 non
3241 4283 3326 4326 est
3367 4271 3502 4324 alte-

1931 4381 2044 4434 rius
2079 4393 2245 4448 quam
2278 4375 2492 4432 Patris:
2538 4373 2638 4425 hoc
2685 4380 2768 4425 est
2800 4371 2942 4438 quod
2996 4366 3270 4420 diximus:
3306 4362 3416 4432 Ego
3447 4362 3504 4420 in

1932 4473 2128 4532 Patre;
2164 4468 2243 4522 sic
2286 4467 2427 4520 Deus
2464 4472 2584 4517 erat
2629 4461 2684 4516 in
2726 4461 2943 4516 Christo
2974 4456 3234 4510 mundum
3280 4454 3384 4508 sibi
3421 4469 3510 4507 re-

1567 4595 1613 4626 "
1646 4593 1788 4647 Psal.
1817 4625 1818 4631 η

1925 4631 1937 4649 .
1981 4589 2033 4642 6.
2108 4587 2157 4619 ⁵³
2185 4584 2341 4639 Joau.
2371 4599 2462 4644 xx,
2497 4578 2586 4631 ‘22.
2646 4577 2692 4649 _"
2722 4572 3020 4649 ἰρῐοίιιιλιξτΡ
3057 4571 3243 4627 12.15.
3279 4566 3508 4649 “ignari.

1554 4662 1602 4696 ⁸⁸
1632 4667 1808 4718 Galal.
1832 4679 1892 4727 tt,
1925 4661 2011 4724 19,
2046 4657 2137 4712 20.

2213 4658 2258 4689 ⁸⁹
2289 4636 2796 4716 Joanlxw,11,12.
2887 4644 2934 4676 °°
2985 4643 3140 4697 liom.
3178 4656 3268 4706 xv,
3303 4638 3390 4703 18,
3423 4636 3510 4694 19.
3538 4699 3540 4701 ν

1762 4845 2034 4909 Scholia.

273 4953 473 5007 nionem
521 4967 709 5008 eorum
749 4949 839 5018 qui
881 4948 1163 5003 tradebant
1203 4946 1386 5000 lumen
1419 4960 1541 5000 esse
1568 4946 1817 5002 substan-
1855 4953 1899 5006 ι)
1932 4947 2068 4998 rium
2101 4935 2486 4996 incarnationis
2521 4931 2736 5018 retulit.
2775 4923 3510 5018 χιΫΡιιελιχιξιιεςςξᾶηοιξξιχξιζ

276 5025 391 5076 tiam
439 5037 778 5085 corpoream,
821 5029 875 5074 et
925 5035 1028 5072 non
1083 5018 1434 5086 qualitatem;
1483 5019 1625 5084 quod
1677 5019 1822 5071 enim

275 5094 439 5158 posuit
464 5092 752 5162 Dionysius
779 5091 979 5162 lumina
1011 5088 1378 5162 lampadaruin
1405 5101 1496 5162 per
1519 5103 1578 5140 se
1605 5088 1831 5140 exsiste-

277 5157 364 5228 te;
393 5180 493 5217 non
523 5165 589 5216 ad
604 5157 817 5215 lumina
843 5160 1046 5222 retulit,
1074 5157 1168 5211 Sed
1197 5161 1258 5208 atl
1287 5158 1705 5228 Ιειιινειιιαςιηιιιιξ
1737 5171 1832 5222 per

277 5225 640 5295 acetis-istum,
671 5233 810 5286 sicut
850 5231 1000 5282 iaces
1017 5237 1070 5281 et
1111 5229 1281 5281 taeda'.
1329 5225 1514 5290 Itaque
1558 5226 1702 5278 faces
1741 5241 1832 5278 ar-

278 5306 471 5367 dentes,
502 5306 617 5356 sive
657 5300 932 5370 lampadas
957 5313 1210 5350 accensas
1245 5297 1540 5370 luminibus
1579 5299 1634 5370 in
1669 5311 1830 5370 unum

277 5371 562 5436 conjunctis
595 5386 690 5440 per
717 5367 781 5424 se
805 5369 1124 5440 exsistantes
1153 5382 1276 5440 cum
1306 5367 1717 5440 proprietatibus
1745 5367 1837 5440 Ity-

281 5435 546 5508 posiaticis
575 5435 668 5508 per
695 5456 754 5495 se
780 5437 1194 5493 subsistentibus
1224 5438 1274 5508 iu
1310 5435 1831 5508 lutuinesuprasub-

280 5504 503 5564 stantiali
542 5504 826 5564 Trinitatis
865 5509 1096 5562 discrete
1131 5507 1313 5568 unitis,
1354 5515 1408 5558 et
1441 5504 1588 5558 unite
1623 5505 1829 5556 discre-

283 5582 342 5632 tis
363 5591 673 5648 comparat;
713 5591 764 5632 et
799 5578 943 5646 quod
981 5576 1226 5643 sequitur
1260 5578 1311 5628 in
1343 5574 1640 5648 Dionysio:
1687 5574 1752 5627 Et
1785 5574 1828 5628 si

281 5650 393 5714 quis
426 5645 581 5702 unum
615 5645 901 5712 luminare,
932 5648 982 5700 id
1011 5655 1113 5709 est,
1145 5661 1304 5698 unam
1335 5645 1508 5698 facem
1545 5658 1829 5698 accensam

282 5719 462 5772 editcat
481 5736 509 5772 e
534 5720 714 5781 domo,
741 5719 897 5772 simul
928 5717 1096 5771 exibit
1121 5724 1288 5768 totum
1317 5714 1593 5783 proprium
1631 5714 1831 5773 lumen,

284 5789 406 5846 lllllll
444 5790 726 5856 quidquam
772 5789 996 5839 aliorum
1044 5786 1306 5838 luminum
1344 5785 1395 5837 in
1430 5798 1488 5836 se
1525 5783 1636 5856 ipsa
1673 5783 1832 5837 simul

286 5853 509 5926 trahens,
542 5853 636 5914 nec
661 5859 862 5927 aliquid
897 5859 978 5911 sui
1032 5856 1137 5911 illis
1167 5856 1509 5927 relinquens;
1544 5853 1609 5908 ad
1651 5862 1847 5922 mystc-

1932 4993 2428 5078 in‘ierprre'tatusque
2454 5015 2538 5061 est
2568 5003 2696 5078 illud
2721 4993 2734 5053 ἑ
2769 4999 2878 5078 {Ego
2905 5017 2937 5052 a
2969 4993 3126 5078 Patre
3155 4994 3308 5078 exivi.
3343 4993 3512 5078 ilius

1931 5068 2278 5140 enim'factus
2306 5068 2485 5136 homo,
2512 5075 2600 5140 qui
2629 5081 2747 5126 erat
2775 5068 2860 5124 ius
2884 5070 3123 5140 qutmlmu
3160 5068 3513 5140 hunLuuilatis

1933 5130 2386 5208 Siéia'sii'tiiiiiine
2407 5130 2722 5207 divinitatis,
2764 5157 2866 5194 non
2891 5130 3052 5212 trusit
3074 5150 3252 5190 secum
3275 5130 3510 5212 Patrem,

1933 5241 2109 5286 Dt’ﬂlll’.
2134 5220 2397 5287 Spiritum
2421 5223 2701 5287 sanctum,
2719 5209 3204 5287 nequequidquatn
3239 5209 3513 5287 proprium

1934 5276 2237 5349 divinitatis
2255 5290 2356 5342 illis
2377 5284 2629 5354 reliquit;
2651 5281 2776 5349 quin
2799 5276 2976 5355 potius
2991 5276 3233 5355 eamdem
3253 5283 3416 5355 totam
3438 5276 3515 5355 nti:

1938 5342 2231 5418 iiiiii’aiéin'
2254 5375 2376 5428 qua:
2406 5358 2457 5412 in
2493 5342 2598 5408 illis
2618 5342 2730 5428 est.
2768 5342 2886 5428 tulit
2921 5362 3144 5428 manens
3179 5345 3228 5428 in
3268 5342 3512 5428 illis..'Ad

1934 5412 2436 5502 ἰτιίειιι-ἰιῖίέιεῖἰιιιιι-
2454 5412 2843 5480 incarnationis
2873 5417 3052 5502 retulit
3079 5417 3181 5494 hoc
3207 5412 3512 5502 exemplum

1931 5483 2215 5558 ἰέόὶὶιίυξ
2228 5496 2550 5557 monachus,
2590 5503 2779 5546 auctor
2821 5485 3245 5558 eruditissimus.
3261 5483 3330 5558 _iu
3414 5483 3514 5533 bro

2333 5551 2644 5640 Nestorium
2670 5569 2723 5640 et
2748 5559 3040 5637 Eutycbem
3081 5553 3318 5640 scripsit.
3349 5551 3516 5640 Docet

1930 5623 2175 5698 Ennio}.
2199 5637 2524 5694 substantias
2552 5631 2691 5687 uniri
2722 5623 2877 5702 posse
2902 5627 3018 5702 sine
3043 5626 3316 5702 niistione,
3344 5633 3403 5702 ut
3427 5623 3515 5676 hic

1933 5696 2050 5768 sine
2077 5696 2328 5766 mistione
2350 5707 2607 5761 uniuntur
2628 5696 2910 5767 qualitates
2933 5696 3216 5770 luminum,
3240 5703 3291 5746 et
3319 5696 3517 5770 uniunf

1941 5767 2028 5836 tur
2060 5782 2386 5852 .spleudores
2427 5773 2726 5852 stellarum,
2770 5770 2915 5852 salva
2960 5767 3287 5836 proprietate
3329 5767 3513 5833 quanti

1939 5855 1990 5908 iu
2038 5838 2178 5920 quali
2217 5851 2268 5904 iu
2299 5867 2362 5904 eo
2401 5845 2541 5917 quod
2581 5853 2759 5896 manet
2797 5838 2962 5906 Filius
3004 5849 3234 5892 tantum.
