3872 6548
195 411 281 473 ξ³57
1032 415 1269 476 ΒΕΟΑΞ
1315 416 1414 476 ιΧ.
1459 438 1525 454 ···
1568 418 1665 478 DE
1712 420 1731 476 l

1855 420 2170 481 ΙΝΙΤΛΤΕ
2213 422 2291 482 IN
2342 421 2511 484 ΠΕΟ.

3294 412 3419 479 9ἷ8

194 523 1221 593 sint-principinsecundumsubsmntiam
1242 529 1539 600 μυῖαν-,οι
1561 530 1724 583 solius
1757 533 1795 584 Δ
1826 530 2047 597 Caipba,
2080 543 2132 586 et
2162 532 2381 596 Judmis,
2422 542 2581 600 atque
2613 529 2849 586 Saltellto
2878 529 3135 588 sentiunt.
3172 528 3410 583 incidat;

195 628 377 673 aeterna:
405 616 523 668 vita!
560 625 817 686 tanquam
855 618 1088 686 Spiritus
1128 623 1298 674 sant-ti
1337 621 1476 674 l'ons.
1516 620 1644 673 Item
1678 622 1730 673 in

195 713 394 765 secunda
425 712 666 764 centuria
697 728 818 781 cap.
858 714 879 767 i
905 731 921 767 :
956 714 1109 770 Unus
1140 715 1305 775 Dens,
1338 717 1593 780 quoniam
1626 733 1731 770 una

193 805 411 860 divinitas
435 822 448 869 ;
475 805 655 859 unitas
681 807 799 861 siue
823 808 1113 876 principio,
1145 820 1192 861 et
1222 811 1471 878 simplex,
1495 820 1547 864 et
1570 825 1732 876 supra

192 896 533 958 substantiam,
566 908 620 950 et
651 913 843 964 expers
890 901 1076 966 partis,
1108 908 1159 954 et
1200 901 1498 966 individua,
1542 902 1733 955 eadem

194 989 361 1048 unitas.
384 998 432 1039 et
456 987 717 1054 Trinitas,
744 998 853 1043 tota
878 994 1063 1047 eadem
1093 995 1293 1052 unitas.
1323 1005 1377 1047 et
1411 1001 1521 1048 tota
1546 994 1732 1048 eadem

192 1079 442 1144 Trinitas;
499 1084 679 1136 unitas
746 1093 853 1137 tota
882 1085 1068 1138 eadem
1126 1087 1423 1140 secundum
1474 1086 1734 1141 substan-

191 1172 321 1231 tiam.
366 1182 415 1225 et
447 1181 556 1227 tota
591 1176 780 1229 eadem
806 1175 1048 1232 Trinitas
1078 1178 1374 1232 secundum
1432 1194 1732 1245 personas;

192 1263 324 1318 Pater
352 1265 491 1315 enim
532 1274 585 1316 et
625 1264 817 1328 Filius,
861 1278 913 1321 et
955 1269 1194 1337 Spiritus
1239 1270 1531 1325 divinitas:
1584 1281 1637 1322 et
1680 1269 1733 1322 in

188 1354 337 1417 Patre,
376 1364 427 1407 et
473 1355 629 1421 Filio,
675 1368 729 1410 et
782 1357 982 1426 Spiritu
1031 1370 1223 1414 sancto
1274 1361 1570 1422 divinitas;
1627 1371 1735 1415 tota

187 1446 343 1498 eadem
378 1446 431 1499 in
465 1455 575 1499 toto
614 1446 794 1509 Patre,
826 1458 878 1500 et
913 1449 964 1501 in
1001 1449 1189 1504 eadem
1224 1461 1331 1503 tota
1364 1460 1510 1503 totus
1539 1451 1738 1515 Pater;

165 1546 228 1590 tet
260 1545 353 1589 tota
384 1538 569 1591 eadem
603 1539 653 1591 in
688 1551 801 1593 toto
843 1540 1002 1600 Filio.
1038 1556 1090 1594 et
1123 1542 1175 1594 iu
1209 1544 1392 1596 eadem
1444 1552 1549 1595 tota
1593 1552 1739 1597 totus

158 1628 350 1699 tFilitts;
394 1640 446 1683 et
490 1640 595 1684 tota
629 1631 816 1685 eadem
851 1633 902 1685 in
936 1641 1049 1686 toto
1100 1633 1301 1700 Spiritu
1350 1646 1560 1693 sancto.
1586 1648 1636 1689 et
1684 1636 1739 1689 in

156 1718 275 1773 'tota
316 1721 501 1773 e'tdetn
553 1731 699 1778 totus
751 1722 983 1793 Spiritus
1030 1738 1282 1789 sanctus,
1316 1736 1426 1781 tota
1463 1727 1643 1789 Pater,
1687 1734 1741 1781 et

187 1812 229 1865 in
254 1820 357 1865 toto
399 1813 597 1878 Patre;
637 1824 686 1870 et
722 1827 865 1869 tntns
894 1817 946 1869 itt
976 1828 1081 1870 tota
1131 1817 1310 1880 Pater,
1344 1829 1396 1871 et
1438 1828 1544 1870 tota
1593 1828 1739 1871 totus

186 1900 353 1967 Pater;
385 1914 434 1957 et
469 1914 579 1959 tota
615 1908 800 1961 eadem
843 1918 987 1962 totus
1034 1909 1193 1971 illius,
1229 1920 1283 1963 et
1316 1920 1427 1963 tota
1464 1910 1649 1964 eadem
1683 1911 1735 1963 in

187 2000 279 2045 toto
314 1990 467 2055 Filio,
505 2005 557 2046 et
586 2002 729 2049 tutus
776 2004 907 2059 tota,
954 2007 1005 2050 et
1036 2000 1087 2050 in
1133 2006 1239 2053 tota
1288 1998 1473 2051 eadem
1527 1998 1692 2053 Filius
1721 2040 1735 2060 .

184 2093 350 2137 ettota
384 2085 568 2136 eadem
616 2084 850 2152 Spiritus
897 2097 1139 2153 sanctus,
1190 2090 1322 2142 etin
1373 2098 1483 2142 toto
1532 2088 1737 2159 Spiritu

184 2185 373 2236 saneto,
400 2184 452 2227 et
476 2185 619 2229 totus
645 2176 878 2243 Spiritus
906 2188 1123 2234 sant-tus
1150 2190 1279 2247 tota,
1309 2192 1357 2235 el
1383 2191 1525 2235 totus
1551 2184 1601 2233 iu
1628 2193 1736 2236 tuta

183 2267 346 2317 eadem
382 2266 607 2335 Spiritus
636 2278 875 2321 sanctus.
902 2270 1021 2321 Non
1046 2271 1188 2324 enim
1217 2288 1279 2325 ex
1310 2283 1460 2339 parte
1489 2271 1740 2325 divinitas

183 2356 225 2408 in
256 2356 426 2419 Patre,
452 2369 541 2410 aut
571 2374 634 2411 ex
680 2373 835 2427 parte
884 2361 1022 2416 Deus
1053 2362 1213 2418 Pater
1244 2379 1341 2418 nec
1395 2380 1457 2418 ex
1511 2375 1662 2431 parte
1687 2364 1737 2415 in

188 2446 374 2514 Spiritu
400 2461 587 2503 s'ucm
617 2452 888 2510 ditiuitas.
918 2466 1006 2508 aut
1038 2471 1103 2509 ex
1147 2466 1297 2523 parte
1341 2456 1479 2510 Deus
1510 2455 1741 2525 Spiritus

180 2548 419 2592 sanctus:
460 2554 555 2592 nec
582 2540 725 2593 enim
770 2543 1035 2609 partilt‘dis
1064 2557 1140 2596 est
1175 2545 1451 2606 divinitas,
1496 2562 1592 2599 nec
1634 2548 1737 2599 im-

182 2632 433 2697 perfectus
455 2632 596 2685 Deus
616 2632 790 2695 Pater,
820 2635 900 2687 vel
923 2634 1199 2689 Filiusvel
1226 2636 1455 2706 Spiritus
1480 2650 1736 2703 sanctus;

182 2723 263 2774 sed
296 2722 465 2788 potius
500 2734 606 2777 tota
645 2735 724 2777 est
752 2727 961 2787 eadem,
996 2726 1233 2795 perfecta
1269 2725 1503 2797 perfecte
1536 2732 1585 2783 in
1619 2747 1740 2799 per-

184 2813 309 2866 fecto
328 2812 513 2880 Patre;
546 2826 599 2869 et
629 2826 734 2869 tota
776 2817 1012 2886 perfecta
1046 2818 1279 2885 perfecte
1318 2822 1503 2874 eadem
1538 2822 1589 2875 itt
1616 2839 1737 2891 per-

186 2906 311 2960 iu-czo
330 2907 492 2973 Filio;
526 2920 576 2959 et
611 2917 719 2960 tota
768 2912 1003 2977 perfecta
1041 2911 1226 2965 eadem
1260 2913 1311 2964 in
1342 2912 1582 2981 perferto
1615 2913 1741 2975 Spi-

186 3003 281 3054 ritu
320 3012 520 3065 san-to,
578 3010 721 3057 lotus
761 3004 903 3054 enim
954 3004 1002 3054 in
1049 3011 1159 3057 toto
1204 3002 1384 3068 Patre,
1435 3014 1487 3060 et
1536 3006 1739 3074 Spirittt

184 3103 353 3147 δην-ιο
382 3094 617 3160 perferte
649 3103 731 3147 est
766 3092 971 3159 Filius;
1022 3105 1075 3147 et
1114 3103 1259 3148 totus
1290 3095 1342 3149 in
1396 3104 1509 3149 toto
1554 3097 1737 3163 Patre,

1837 641 2007 691 neque
2027 626 2143 692 plus
2167 626 2249 680 bis
2266 625 2555 693 excogitat.
2581 641 2647 677 ne
2672 624 2734 676 ad
2760 621 3155 678 multitudinem
3181 623 3408 676 deorum

1835 730 1957 768 eum
2003 716 2293 785 gentilibus
2319 716 2586 770 volvatur.
2616 715 2681 768 Et
2728 714 2867 782 quod
2901 716 3013 768 hate
3046 715 3117 767 sit
3156 712 3412 768 Ecclesiae

1839 807 1991 867 lides,
2034 806 2337 874 intelligant
2370 808 2645 875 quomodo
2687 806 2967 872 Dominus,
3009 823 3133 860 eum
3174 808 3413 859 mitteret

1844 904 2138 971 apostolos,
2192 907 2443 973 pr:eeepit
2496 905 2573 958 eis
2607 903 2789 973 jacere
2846 906 2946 960 hoc
3001 904 3410 959 fundamentum

1837 996 2128 1049 Ecclesiae:
2168 993 2387 1057 Eunus,
2414 996 2607 1065 inquit,
2637 998 2814 1050 docete
2847 1014 3023 1051 omnes
3058 1009 3252 1066 gentes,
3290 996 3414 1057 bon-

1839 1090 2063 1140 tiznntrs
2090 1102 2177 1139 eos
2226 1087 2282 1138 in
2315 1087 2525 1140 nomine
2571 1084 2751 1141 Patris
2799 1096 2849 1138 et
2901 1085 3050 1149 Filii,
3083 1096 3131 1139 et
3179 1084 3414 1152 Spiritus
3472 1130 3485 1139 .

1838 1182 2008 1235 sancti
2047 1180 2115 1232 ⁸⁸.
2171 1179 2412 1245 Apostoll
2463 1190 2640 1233 autem
2684 1179 2907 1248 profecti
2952 1181 3032 1234 sic
3076 1179 3377 1231 docuerunt

1839 1274 1905 1347 Et
1947 1274 2058 1323 hac
2080 1280 2165 1324 est
2199 1272 2251 1323 in
2284 1272 2533 1325 universa
2568 1270 2811 1326 Ecclesia
2841 1286 2960 1341 qua:
2996 1271 3100 1324 sub
3129 1271 3270 1323 creto
3309 1279 3413 1327 est.

1841 1363 2183 1431 praedicatio:
2214 1370 2268 1415 et
2300 1362 2401 1414 hoc
2423 1371 2507 1417 est
2536 1362 2942 1416 fundamentum
2976 1362 3095 1415 tidei
3140 1361 3415 1415 Ect'lesia‘.

1842 1455 1918 1508 Ex
1952 1454 2034 1507 bis
2066 1453 2281 1520 planum
2323 1452 2401 1515 iit,
2445 1454 2585 1521 quod
2625 1455 2802 1508 Omnis
2833 1453 3105 1521 plenitudo
3144 1451 3405 1505 divinita-

1845 1548 1913 1602 tis
1942 1556 2023 1601 est
2054 1543 2238 1610 Pater,
2270 1543 2460 1607 Filius,
2494 1557 2545 1600 et
2574 1545 2810 1614 Spiritus
2851 1554 3093 1610 sanctus;
3132 1553 3239 1597 tota
3271 1543 3414 1598 enim

1842 1649 1897 1695 et
1919 1641 2032 1692 sola
2081 1639 2332 1693 divinitas
2373 1642 2436 1692 de
2484 1653 2812 1707 unaquaque
2860 1638 3019 1691 trium
3067 1650 3416 1705 personarum

1850 1732 1969 1784 sine
2006 1728 2311 1784 diﬂ‘erentia
2348 1728 2475 1788 ulla,
2500 1739 2550 1781 et
2584 1743 2645 1782 ex
2689 1728 2833 1781 omni
2885 1738 3037 1795 parte
3071 1726 3417 1795 praedicatur.

1845 1826 1898 1873 et
1923 1819 2296 1887 reciprocatur
2339 1817 2650 1883 praedicatio
2696 1816 2763 1869 de
2793 1817 3016 1879 eodem;
3052 1829 3153 1869 nec
3182 1813 3421 1867 variatur

1842 1910 1892 1962 in
1922 1910 2025 1961 ulla
2062 1924 2141 1972 re,
2184 1907 2287 1962 nisi
2323 1907 2373 1959 in
2425 1905 2812 1975 liypostatit-is:
2850 1917 3012 1973 atque
3047 1903 3147 1956 hoc
3176 1913 3253 1957 est
3288 1901 3417 1955 illttd

1838 1999 2036 2054 mirum
2061 2000 2111 2052 in
2136 1998 2353 2052 modum
2377 1998 2561 2065 ingens
2589 2005 2643 2048 et
2665 2010 2943 2055 arcanum,
2963 2003 3123 2064 atque
3148 1992 3410 2051 abditum.

1838 2100 1892 2145 et
1920 2091 2063 2159 quod
2097 2089 2226 2147 nulli
2272 2101 2479 2144 natura:
2521 2088 2571 2141 in
2604 2086 2709 2141 ulla
2749 2101 2805 2139 re
2834 2085 3117 2153 contingit,
3149 2082 3421 2152 quomodo

1840 2183 2001 2237 trium
2036 2196 2408 2251 persooarum,
2431 2191 2480 2235 et
2516 2180 2583 2249 (si
2618 2179 2697 2233 l‘as
2735 2186 2816 2229 est
2847 2177 3047 2245 dicere)
3087 2176 3244 2229 trium
3283 2175 3412 2227 sub-

1834 2273 2105 2338 iectorum
2138 2286 2243 2324 una
2268 2280 2347 2325 cst
2377 2267 2609 2322 essentia
2641 2275 2788 2327 actu,
2824 2265 2937 2320 sola
2974 2273 3029 2316 et
3057 2271 3169 2316 tota
3204 2261 3256 2312 in
3284 2274 3418 2315 una-

1841 2378 2052 2433 quaque
2069 2359 2443 2431 persona,utsi
2465 2375 2568 2411 ttna
2589 2370 2817 2425 persona
2838 2353 3085 2407 absolute
3101 2351 3419 2405 exsisteret:

1842 2470 2005 2509 unam
2055 2454 2346 2508 essentiam
2381 2461 2502 2505 actu
2539 2451 2656 2503 dico
2687 2450 2857 2518 magis
2886 2462 3076 2510 uuam,
3109 2460 3267 2513 quam
3304 2456 3422 2509 quae

1839 2557 1923 2601 est
1946 2546 2179 2599 maxime
2217 2544 2456 2597 omnium
2488 2540 2800 2612 singularis.
2832 2536 3099 2591 Utautem
3133 2539 3424 2602 repetenqu

1843 2640 2159 2696 summatim
2193 2636 2480 2692 manifesta
2517 2637 2607 2689 liat
2638 2633 2905 2702 expositio
2943 2631 3277 2694 materiaria,
3302 2644 3423 2697 quae

1842 2735 1944 2789 hac
1970 2730 2175 2786 decade
2194 2729 2523 2788 continetur,
2546 2727 2972 2779 demonstratum
2999 2733 3077 2774 est
3109 2738 3200 2792 per
3223 2738 3427 2787 propo-
3451 2720 3459 2744 ’

1842 2825 2067 2880 sitiones
2092 2820 2445 2877 aﬂirmantes.
2469 2817 2734 2885 quodnon
2762 2826 2837 2869 cst
2867 2813 2991 2878 alia,
3014 2812 3201 2879 euela
3234 2820 3425 2864 natura

1843 2932 1948 2971 non
1981 2922 2184 2975 creata.
2217 2912 2317 2967 nisi
2366 2911 2512 2964 solus
2560 2906 2743 2969 Pater,
2780 2918 2833 2960 et
2873 2904 3067 2966 Filius,
3094 2912 3147 2957 et
3190 2900 3425 2971 Spiritus

1845 3018 2104 3069 sanctus;
2138 3018 2238 3057 nec
2284 3001 2389 3055 alia
2434 3000 2709 3060 divinitas,
2745 3006 2798 3050 et
2828 2996 3024 3057 virtus,
3056 3005 3105 3047 et
3151 2994 3423 3061 operatio,

1847 3103 1948 3156 nisi
1977 3101 2125 3155 solus
2153 3099 2292 3151 idem
2327 3098 2505 3157 Pater,
2524 3104 2571 3147 et
2605 3090 2789 3153 Filius,
2816 3100 2871 3145 et
2901 3089 3134 3157 Spiritus
3162 3095 3387 3142 sanctus
3406 3127 3421 3149 ,

185 3192 227 3235 et
253 3182 380 3236 Filio
408 3184 650 3251 perferte
672 3195 755 3238 est
800 3185 1034 3254 Spiritus
1083 3196 1344 3251 sanctus;
1389 3189 1742 3255 quamobrem
1774 3203 1815 3259 (ζ
1852 3208 1949 3243 nec
1980 3200 2063 3244 est
2110 3188 2216 3243 alia
2264 3189 2449 3242 unitas
2494 3200 2819 3254 supraquam
2853 3184 3053 3241 divina,
3090 3182 3188 3235 nisi
3242 3179 3423 3243 Pater,

186 3283 228 3325 et
256 3290 385 3328 unus
419 3273 556 3326 Deus
603 3273 782 3337 Pater,
814 3285 867 3330 et
905 3274 1094 3342 Filius,
1137 3287 1187 3332 et
1217 3277 1452 3348 Spiritus
1489 3290 1732 3346 sanctus,

186 3382 275 3417 una
303 3367 438 3419 enim
467 3378 515 3416 et
553 3367 742 3421 eadem
779 3368 1101 3431 substantia.
1127 3380 1179 3425 et
1208 3371 1397 3436 virtus,
1425 3382 1472 3425 et
1500 3375 1740 3442 operatio

186 3457 366 3525 Patris,
388 3474 440 3511 et
470 3460 612 3523 Filii,
645 3469 699 3513 et
741 3459 981 3530 Spiritus
1012 3462 1205 3528 sancti,
1233 3478 1354 3517 cum
1388 3465 1566 3518 nullus
1617 3468 1737 3519 sine

186 3549 338 3602 altera
369 3550 463 3611 sit,
494 3558 586 3602 aut
628 3549 982 3620 intelligatur.
1015 3550 1239 3621 Magnus
1287 3554 1639 3617 Athanasius,
1686 3556 1740 3610 in

187 3641 387 3706 epistola
417 3640 482 3693 ad
515 3640 903 3710 Serapionem:
959 3640 1245 3699 Videamus
1292 3661 1424 3699 vero
1480 3658 1738 3715 praeterea

188 3729 341 3799 ipsam
363 3733 521 3787 etiam
550 3749 578 3787 a
606 3733 872 3802 principio
894 3734 1130 3787 relictam
1159 3737 1523 3801 traditionem,
1565 3751 1615 3794 et
1651 3741 1746 3793 do-

189 3828 392 3882 ctrinam
417 3839 578 3896 atque
608 3828 766 3883 ﬁdem
795 3826 1053 3884 Ecclesiae
1084 3830 1366 3885 catholicae
1394 3849 1409 3896 ;
1438 3847 1597 3898 quam
1642 3833 1745 3888 Do-

191 3920 350 3972 minus
393 3921 605 3988 quidem
652 3919 822 3983 dedit,
861 3920 1093 3987 apostoli
1127 3936 1256 3975 vero
1292 3923 1741 3991 prmdicaverunt,

190 4019 227 4059 et
258 4009 429 4063 Patres
451 4021 759 4064 servarunt.
786 4009 841 4061 iu
862 4010 962 4061 bac
985 4012 1127 4063 enim
1157 4010 1260 4065 litle
1290 4012 1524 4066 Ecclesia
1555 4014 1747 4069 funda-

190 4109 232 4151 ta
258 4112 351 4164 est,
381 4102 446 4153 ab
475 4103 574 4155 bac
616 4102 707 4169 qui
741 4102 1027 4160 exciderit,
1063 4118 1161 4156 nec
1196 4104 1295 4155 erit
1332 4119 1503 4171 neque
1538 4106 1746 4159 diretur

188 4192 515 4246 Christianus.
548 4191 786 4246 Trinitas
808 4194 969 4262 igitur
998 4208 1183 4248 sancta
1213 4205 1260 4247 et
1297 4195 1539 4264 perfecta
1570 4210 1652 4251 ρει
1686 4197 1740 4252 in

189 4278 345 4342 Patre,
376 4292 430 4335 el.
450 4281 607 4358 Filio,
636 4292 689 4336 et
721 4283 927 4351 Spiritu
959 4296 1167 4352 Sancto,
1204 4286 1337 4338 nihil
1364 4287 1619 4345 alienum.
1648 4303 1745 4340 nec

186 4373 504 4429 extrinsecus
532 4373 817 4428 collectum
855 4376 1080 4437 llﬂl‘CnS,
1115 4393 1212 4429 nec
1242 4393 1305 4430 ex
1344 4389 1586 4432 t-reaturu
1614 4393 1743 4431 con-

187 4473 342 4525 stans,
375 4466 464 4518 sed
504 4475 618 4518 tota
650 4466 908 4528 creatrix,
942 4478 993 4519 et
1027 4466 1308 4532 effectrix;
1338 4470 1419 4520 sui
1451 4469 1663 4533 similis,
1692 4477 1745 4521 et

187 4558 456 4609 secundum
488 4564 732 4610 naturam
760 4558 1059 4625 individua,
1090 4570 1137 4610 et
1174 4574 1275 4611 una
1307 4562 1465 4628 hujus
1493 4560 1753 4632 Operatio.

188 4644 331 4700 Pater
356 4648 494 4701 enim
516 4664 611 4717 per
631 4650 862 4702 Verbum
888 4652 939 4702 in
967 4651 1170 4720 Spiritu
1195 4664 1385 4705 sancto
1405 4654 1581 4705 omnia
1606 4653 1751 4713 facit.

189 4745 235 4788 et
259 4740 328 4791 sic
349 4752 589 4792 servatur
620 4739 799 4793 unitas
824 4739 1141 4813 Trinitatis;
1178 4754 1229 4793 et
1256 4744 1334 4796 sic
1364 4760 1504 4796 unus
1533 4744 1675 4797 Deus
1700 4746 1749 4795 in

196 4826 408 4882 Ecclesia
451 4831 802 4899 prtedicatur.
857 4832 947 4899 qtti
988 4844 1069 4887 est
1125 4850 1287 4902 super
1327 4835 1531 4895 omnia,
1567 4847 1621 4887 ct
1657 4852 1751 4905 per

194 4920 370 4980 omnia,
394 4932 444 4971 et
469 4923 520 4973 in
544 4922 826 4987 omnibus;
853 4939 1015 4990 Super
1034 4925 1213 4977 omnia
1238 4925 1475 4994 quidem,
1497 4938 1545 4977 ttt
1570 4926 1745 4987 Pater.

196 5015 244 5058 nt
270 5011 603 5080 principium,
626 5022 684 5065 ut
710 5013 852 5077 fons;
874 5030 969 5082 per
993 5016 1173 5068 omnia
1201 5031 1329 5069 veto
1358 5031 1452 5082 per
1482 5014 1746 5082 Verbum;

196 5098 240 5149 in
270 5102 508 5157 omnibus
551 5115 729 5157 autem
768 5106 820 5158 in
863 5104 1066 5172 Spiritu
1100 5115 1310 5160 sancta.
1346 5108 1588 5162 Trinitas
1621 5125 1749 5163 vero

195 5198 260 5240 cst
301 5206 396 5243 non
428 5194 541 5245 solo
573 5196 864 5256 ltOlItille,t:l.
902 5198 1115 5249 lictione
1146 5196 1419 5259 Verbi,sed
1456 5198 1677 5253 vetitatc
1694 5211 1749 5255 et

195 5282 486 5337 exsistcsttia
510 5283 768 5340 Trinitas.
793 5287 939 5340 Sicut
968 5290 1111 5341 enim
1138 5290 1225 5357 qui
1256 5288 1649 5354 est,estPater;
1672 5293 1753 5346 sit:

194 5374 386 5439 quiest.
408 5388 488 5429 est
511 5392 673 5446 super
692 5378 870 5431 omnia
898 5378 1054 5433 Deus.
1082 5382 1169 5446 qui
1199 5389 1279 5431 est
1316 5379 1472 5447 ltnjus
1489 5378 1715 5432 Verbum
1738 5397 1752 5444 ;

194 5473 242 5513 et
267 5463 491 5531 Spiritus
518 5479 739 5520 sanctus
765 5481 871 5519 non
900 5478 981 5521 est
1012 5484 1115 5521 non
1145 5470 1436 5527 exsistens.
1456 5469 1549 5521 sed
1576 5472 1756 5537 potius

194 5556 384 5609 exsistit
426 5568 477 5611 et
522 5558 773 5612 subsistit
808 5575 953 5613 vere.
1002 5558 1186 5627 Neque
1236 5559 1414 5613 minus
1461 5559 1543 5611 itis
1590 5561 1753 5614 sentit

196 5643 416 5700 Eetlesia
447 5650 737 5711 catholica,
773 5664 841 5703 ne
880 5652 933 5704 in
967 5666 1205 5705 errorem
1240 5668 1452 5718 eorum,
1484 5652 1575 5722 qui
1623 5667 1744 5706 cum
1786 5642 1797 5665 '

261 5821 299 5851 ⁸⁸
330 5822 511 5877 Matth.
555 5841 746 5887 xxvut,
790 5824 879 5881 18.

1841 3284 2032 3344 Filius,
2065 3292 2118 3336 et
2148 3282 2381 3350 Spiritus
2417 3288 2637 3332 sanctus
2662 3295 2674 3332 :
2708 3293 2804 3331 nec
2832 3285 2916 3330 est
2944 3275 3043 3327 alia
3073 3275 3125 3328 in
3155 3272 3424 3327 Trinitate

1841 3374 2115 3436 discretio,
2138 3373 2237 3426 nisi
2265 3373 2315 3425 in
2346 3388 2411 3423 eo
2438 3371 2579 3438 quod
2607 3379 2686 3421 est
2711 3383 2830 3422 esse
2855 3368 3093 3427 Patrem,
3120 3374 3174 3419 et
3199 3363 3423 3436 Filium,

1842 3477 1899 3521 et
1928 3460 2195 3534 Spiritum
2221 3469 2469 3516 sanctum
2493 3476 2509 3523 ;
2540 3475 2636 3513 nec
2656 3468 2735 3511 est
2762 3457 2814 3511 in
2837 3455 3107 3511 Trinitate
3134 3456 3276 3510 alius
3299 3454 3421 3507 lous

1842 3568 1897 3613 et
1941 3556 2260 3627 principium
2308 3553 2473 3605 totius
2523 3550 2840 3608 divinitatis,
2875 3548 2977 3602 nisi
3027 3548 3173 3601 solus
3220 3547 3422 3611 Pater;

1843 3648 2072 3720 etquod
2125 3646 2401 3701 naturales
2449 3651 2502 3695 et
2535 3642 2917 3697 sabstantiales
2965 3640 3310 3707 operationes
3354 3653 3420 3693 ex

1846 3745 1962 3813 ipso
1987 3741 2314 3812 prodeuntes
2340 3747 2459 3791 sunt
2487 3734 2675 3794 Filius,
2698 3745 2750 3787 et
2776 3734 2891 3802 ejus
2916 3733 3150 3798 Spiritus
3174 3741 3427 3795 sanctus;

1846 3849 1945 3889 nec
1981 3834 2082 3887 alia
2112 3842 2195 3886 est
2223 3830 2491 3899 operatio.
2519 3838 2571 3881 et
2602 3842 2815 3891 manus,
2849 3834 2901 3877 et
2935 3824 3133 3893 digitus
3165 3823 3302 3892 ejus,
3331 3824 3424 3890 qni

1845 3936 1926 3981 est
1952 3940 2110 3991 supra
2137 3925 2336 3977 bonum
2360 3937 2456 3989 per
2470 3934 2626 3987 quem
2655 3918 2832 3970 omnia
2864 3915 3004 3969 Dens
3025 3922 3302 3983 operatur.
3320 3914 3423 3968 nisi

1845 4016 1960 4084 ejus
2006 4012 2195 4075 Filius,
2230 4012 2551 4083 principium
2595 4007 2876 4061 deiticaudi
2923 4020 3041 4071 ttOs,
3088 4014 3142 4060 et
3190 4003 3425 4077 Sp'rltus

1845 4114 2101 4160 sanctus:
2138 4100 2311 4171 neque
2347 4114 2681 4168 quia-cunque
2717 4097 3031 4164 singulatim
3064 4097 3342 4151 naturales
3369 4107 3427 4149 et

1845 4194 2227 4250 sabstantialcs
2251 4192 2502 4261 energiie,
2528 4192 2637 4241 sive
2666 4191 3008 4259 operatioues
3028 4188 3119 4242 Dei
3152 4188 3424 4253 dicuntur,

1844 4288 1965 4342 alite
1996 4296 2119 4340 sunt
2148 4294 2337 4354 prieter
2372 4283 2587 4343 Filium,
2626 4291 2677 4335 et
2705 4289 2946 4333 sanetum
2979 4280 3095 4345 ejus
3126 4278 3424 4344 Spiritum;

1847 4393 2020 4446 neque.
2041 4390 2378 4445 quan-Imque
2407 4389 2515 4426 uno
2543 4373 2705 4424 verbo
2735 4369 2995 4422 naturalia
3022 4380 3075 4422 et
3103 4370 3429 4423 substantia-

1850 4470 1918 4523 lia
1959 4469 2047 4522 Dei
2079 4469 2351 4530 dicuntur,
2381 4464 2485 4517 alia
2519 4474 2640 4518 sunt
2684 4471 2878 4532 praeter
2914 4462 3134 4527 Filium,
3162 4470 3219 4517 et
3252 4460 3430 4529 Spiri-

1790 4541 1830 4594 Ῑ)
1862 4572 1971 4612 tum
2005 4568 2295 4622 sanctum;
2327 4570 2500 4623 neqtte
2531 4568 2867 4622 qurecnuqnc
2903 4554 2956 4606 in
2988 4553 3254 4607 Trinitate
3289 4555 3427 4608 reci-

1857 4662 2167 4721 pt-OCantur,
2195 4653 2341 4721 pium
2377 4659 2460 4704 est
2492 4651 2671 4703 dicere
2699 4649 2990 4718 quidquam
3022 4648 3073 4701 in
3108 4650 3189 4701 eis
3224 4663 3342 4701 esse
3372 4659 3427 4701 et

1852 4746 1959 4798 dici
1994 4745 2152 4797 unius
2183 4757 2445 4812 personze,
2472 4741 2615 4809 quod
2642 4757 2745 4793 non
2774 4740 2842 4792 sit
2867 4746 2920 4793 et
2946 4740 3158 4792 dicatur
3186 4739 3423 4791 essentia

1851 4835 2105 4887 alterius:
2140 4846 2315 4900 neque
2336 4845 2454 4899 qua!
2486 4839 2613 4884 sunt
2642 4844 2886 4897 persona:
2912 4828 3140 4893 deiticzc,
3162 4836 3209 4879 et
3243 4842 3426 4881 essen-

1801 4970 1817 4982 .
1849 4927 1921 4979 tia
1969 4924 2277 4988 Trinitatis,
2319 4925 2464 4991 pium
2518 4932 2601 4975 est
2643 4921 2824 4973 dicere
2878 4920 3106 4973 alterum
3151 4933 3256 4970 non
3300 4933 3425 4971 esse

1846 5017 2142 5071 essentiam
2173 5014 2441 5077 alterius;
2474 5027 2637 5080 supra
2678 5025 2893 5064 omnem
2938 5026 3068 5062 vero
3104 5018 3335 5060 mentem
3367 5014 3423 5058 t-t

1849 5109 2113 5160 rationem
2158 5106 2209 5158 in
2253 5105 2426 5158 tribus
2468 5101 2735 5171 personis,
2764 5101 2878 5155 sive
2907 5099 3170 5167 subjectis
3201 5112 3306 5151 una
3337 5105 3422 5149 cst

1849 5209 1901 5253 et
1951 5209 2081 5261 tota,
2127 5206 2180 5249 et
2208 5199 2323 5251 sola
2379 5196 2531 5247 trinae
2578 5207 2737 5263 Supra
2791 5201 3061 5254 naturam,
3095 5199 3146 5242 et
3198 5188 3423 5241 inlinitur

1855 5288 2078 5341 unitatis
2102 5285 2334 5340 essentia
2361 5298 2689 5352 supraquam
2724 5284 2925 5336 divina.
2956 5280 3201 5335 Perfecta
3236 5279 3420 5341 itaque

1855 5392 1977 5433 sunt
2004 5395 2122 5439 qua:
2150 5379 2204 5431 in
2234 5378 2334 5430 bac
2381 5376 2581 5429 decade
2624 5384 2873 5429 contexta
2917 5384 3039 5426 sunt
3070 5381 3123 5422 et
3150 5368 3419 5438 exposita,

1854 5470 1925 5523 ita
1957 5481 2012 5522 ut
2045 5470 2176 5522 nihil
2207 5467 2366 5522 desit.
2398 5467 2488 5523 Est
2521 5478 2698 5521 autem
2730 5466 2988 5532 inscripta
3024 5464 3206 5525 decus,
3237 5459 3310 5511 De
3334 5462 3421 5510 in-

1849 5562 2052 5628 ﬁnitate
2078 5562 2130 5611 in
2157 5556 2283 5618 Deo,
2314 5558 2436 5623 quia
2470 5557 2646 5611 onmis
2678 5556 2914 5607 inﬁnitas
2946 5553 2998 5603 in
3032 5552 3136 5603 Deo
3165 5558 3248 5603 est
3285 5545 3412 5599 Ττί-

1847 5653 2011 5714 nitas,
2038 5665 2155 5719 qua:
2189 5663 2349 5719 supra
2382 5657 2655 5710 naturam,
2686 5655 2740 5699 et
2778 5658 3102 5711 supraquam
3141 5639 3419 5708 incognita
