3872 6584
445 363 550 425 9m

1574 371 1661 431 JO
1678 372 1817 433 \NN
1831 371 1905 431 IS
1940 372 2509 436 CYPARISSIOT/E

3560 374 3656 436 960

438 490 560 545 est;
586 491 638 537 et
668 482 781 551 ipsa
809 481 920 538 sola
944 490 1026 539 est
1054 482 1098 537 is
1121 483 1209 554 qui
1233 498 1396 554 super
1416 485 2013 556 omnia,etpcromnia.
2047 494 2091 550 Α
2120 490 2413 559 quidquam
2439 504 2545 544 non
2581 489 2926 548 subsistens:
2964 503 3069 547 nec
3112 500 3198 547 est
3237 491 3289 546 in
3328 504 3398 547 eo
3433 490 3548 562 plus
3583 502 3667 547 aut

436 579 493 624 et
516 570 567 623 in
590 571 838 625 omnibus
860 570 1017 627 laude
1032 581 1084 626 et
1103 574 1267 641 gloria
1285 573 1590 629 celebratur
1608 590 1745 630 unus
1765 585 1819 630 et
1841 576 2012 631 trinus

437 662 620 716 Deus:
662 672 716 716 et
765 677 887 718 esse
938 666 1057 733 ejus
1105 676 1186 720 est
1234 668 1560 733 substantia,
1600 680 1655 724 et
1704 669 2008 724 substantia

437 752 713 823 omnium;
751 764 807 811 et
846 771 951 811 non
1001 767 1081 813 est
1119 757 1171 813 itt
1228 758 1345 828 ipso
1395 759 1499 815 ulla
1549 760 1803 831 privatio,
1838 775 2015 831 neque

2119 581 2297 635 minus
2335 582 2437 636 nisi
2472 596 2595 653 qua:
2631 581 2701 638 ab
2742 583 2859 651 ipso
2899 572 3061 639 'extra
3099 598 3159 639 se
3194 584 3365 650 ipsum
3413 582 3667 638 voluntate

2122 678 2344 739 propter
2412 671 2820 743 exuperantiam
2895 671 3157 727 bonitatis
3240 684 3353 727 suae
3426 669 3667 740 producta

2121 771 2270 816 sunt.
3243 764 3253 772 ’

1108 1001 1359 1066 DECAS
1408 1006 1719 1070 DECIMA.
1759 1043 1836 1056 —
1866 1010 1983 1071 DE
2024 1008 2325 1073 DIVINA
2369 1004 3009 1072 SIMPLICITATE.

1072 1128 1303 1186 CAPUT
1343 1133 1382 1186 Ι.
1462 1170 1469 1175 ι

442 1272 598 1338 Quod
624 1288 731 1325 non
774 1279 973 1337 oportet
1005 1286 1238 1343 qnmrere
1268 1288 1321 1325 tu
1374 1271 1666 1338 Tria-irate,
1693 1286 1813 1343 qua!
1848 1291 2012 1343 supra

512 1343 861 1397 substantiam
906 1350 1007 1402 est,
1032 1341 1240 1413 habitus
1290 1353 1337 1395 et
1391 1341 1805 1412 dispositioncs,
1853 1341 2015 1413 neque

515 1423 637 1466 sunt
663 1412 865 1531 latiqua
918 1413 1061 1465 circa
1107 1412 1280 1483 ipsam
1347 1428 1464 1483 quae
1502 1414 1852 1467 substantiam
1897 1412 2014 1485 ejus

512 1498 658 1535 conm
680 1490 822 1535 eant.

625 1498 822 1551 pleant.

516 1597 752 1652 Sanctus
782 1595 1070 1663 Maximus,
1102 1597 1152 1653 in
1177 1600 1423 1661 centuria
1456 1610 1674 1669 quarta,
1708 1602 1891 1668 capite
1920 1616 2016 1657 oc-

443 1698 612 1741 tavo:
648 1687 744 1748 Ne,
775 1688 971 1755 inquit,
1005 1702 1216 1758 quzeras
1262 1688 1480 1745 habitus
1507 1700 1561 1745 et
1605 1691 1916 1746 babilitates
1960 1693 2012 1745 in

442 1776 673 1846 simplici
702 1787 756 1832 et
793 1777 999 1832 inﬁnita
1034 1778 1336 1835 substantia
1369 1790 1570 1834 sancite
1598 1780 1904 1844 Trinitatis,
1940 1795 2010 1836 ne

444 1883 565 1921 eam
599 1867 768 1925 facias
794 1870 1175 1938 compositam,
1202 1872 1344 1925 sicut
1373 1881 1653 1927 creaturas
1683 1889 1698 1938 ;
1729 1873 1873 1942 quod
1902 1874 2022 1942 qui-

2114 1130 2206 1190 sed
2236 1136 2417 1205 potius
2443 1134 2649 1204 aliquid
2682 1135 2829 1190 circa
2866 1135 3067 1205 ipsum,
3113 1142 3376 1190 accusent
3398 1122 3669 1207 synodum.

2113 1242 2234 1296 qua:
2281 1227 2525 1296 scripsit,
2580 1242 2645 1281 ex
2700 1227 3006 1281 substantia
3063 1227 3245 1281 Patris
3297 1241 3419 1282 esse
3470 1225 3668 1285 Filium.

2112 1316 2491 1381 Considerent,
2515 1317 2656 1386 quod
2684 1316 2790 1370 duo
2823 1317 3161 1384 blaspheme,
3189 1328 3243 1372 et
3271 1319 3327 1374 in
3365 1318 3529 1373 Deum
3558 1334 3673 1375 con-

2115 1409 2397 1463 tumeliose
2424 1406 2726 1477 proferunt,
2752 1425 2874 1463 cum
2904 1410 2983 1463 sic
3003 1411 3281 1479 cogitant:
3309 1409 3477 1466 Deum
3501 1427 3670 1480 quem-

2119 1504 2241 1556 dam
2277 1517 2600 1573 corporeum
2636 1502 3009 1566 introducunt,
3042 1513 3097 1558 et
3136 1503 3426 1557 Dominum
3480 1520 3580 1557 non
3613 1522 3671 1559 ex

2119 1595 2238 1664 ipso
2270 1593 2454 1655 Patre,
2500 1595 2592 1648 sed
2626 1609 2690 1648 ex
2724 1594 2792 1648 iis
2821 1608 2943 1661 qua:
2970 1604 3096 1648 sunt
3129 1594 3275 1649 circa
3305 1594 3504 1662 ipsum,
3535 1611 3672 1650 mea-

2119 1686 2328 1741 tiuntur
2381 1700 2525 1740 esse.
2557 1684 2651 1740 Sin
2699 1694 2881 1740 autem
2934 1685 3165 1756 simplex
3225 1687 3505 1758 quidpiam
3549 1685 3673 1741 Deus

2121 1787 2227 1839 est.
2262 1784 2322 1830 ut
2352 1777 2566 1845 quidem
2600 1785 2709 1841 est,
2738 1776 3086 1831 manifestum
3138 1776 3196 1831 ﬁt
3225 1776 3374 1845 qttod
3404 1792 3521 1830 cum
3553 1776 3672 1830 dici-

2123 1884 2243 1923 mus
2284 1867 2472 1933 Deum,
2518 1875 2571 1922 et
2604 1868 2953 1923 nominamus
2986 1867 3222 1934 Patrem,
3256 1868 3399 1922 nihil
3438 1877 3666 1935 tauquam

444 1959 566 2013 dem
598 1960 651 2014 in
681 1958 791 2014 Deo
830 1961 1069 2032 cogitare
1118 1961 1413 2017 absurdum
1473 1971 1529 2018 et
1594 1940 1858 2019 nefarium
1914 1940 2021 2023 est.
2050 1940 2094 1994 Β
2122 1959 2266 2015 circa
2311 1960 2508 2028 ipsum.
2540 1959 2634 2012 sed
2694 1958 2863 2023 ipsum
2921 1960 3038 2028 eius
3090 1959 3459 2015 substantiam
3489 1959 3675 2028 signiti-

447 2050 671 2105 Divinns
727 2051 1134 2107 Damasi-enus:
1185 2049 1470 2117 Voluntas,
1518 2062 1574 2107 ct
1626 2053 1918 2124 sapientia.
1967 2064 2026 2111 et

445 2142 621 2197 virtus
646 2142 823 2197 Patris
846 2153 927 2199 est
957 2143 1121 2198 Filius
1149 2158 1167 2209 ;
1206 2159 1310 2198 non
1340 2145 1485 2199 enim
1511 2156 1724 2215 oportet
1749 2148 1928 2201 dicere
1968 2148 2024 2203 in

445 2232 561 2289 Deo
589 2234 933 2305 qualitatem,
973 2250 1042 2290 ne
1087 2237 1332 2291 dicamus
1363 2252 1488 2291 eum
1530 2252 1597 2292 ex
1633 2238 1934 2293 substantia
1966 2250 2023 2295 et

443 2327 707 2395 qualitate
730 2328 1090 2395 compositum
1131 2342 1276 2383 esse.
1305 2327 1531 2396 Magnus
1574 2331 1913 2386 Athanasius
1962 2332 2016 2385 in

445 2416 781 2487 apulogetico
861 2434 956 2486 pro
1029 2419 1235 2489 synodo
1281 2417 1543 2487 Nicena,
1607 2421 1760 2488 cujus
1824 2424 2026 2493 princi-

443 2511 590 2577 pium
626 2510 890 2575 est,Ben¢
940 2512 1133 2581 fecisti,
1166 2520 1223 2564 ut
1277 2512 1581 2571 declarans
1620 2517 1772 2571 milii.
1804 2518 1861 2572 Si
1911 2520 2029 2586 quis

448 2599 631 2668 igitur,
688 2602 883 2668 inquit,
939 2604 1217 2657 existimat
1258 2600 1425 2656 Dcum
1476 2620 1597 2659 esse
1643 2609 2025 2676 compositum,

450 2700 503 2738 ut
536 2690 675 2756 quod
701 2706 764 2744 ex
798 2691 1101 2745 substantia
1124 2700 1181 2747 et
1210 2693 1489 2748 accidente
1518 2697 1880 2765 compositmn
1905 2710 1986 2753 est
2010 2715 2026 2765 ;

450 2789 546 2834 aut
587 2782 794 2858 habere
831 2783 1170 2839 extrinsecus
1221 2784 1438 2854 aliquod
1492 2789 1915 2858 operimentum,
1968 2801 2024 2847 et

454 2878 602 2942 tegi;
641 2880 734 2926 aut
760 2846 893 2928 iesse
921 2874 1165 2943 quaedam
1203 2846 1346 2931 circa
1383 2846 1583 2947 ipsum,
1617 2894 1737 2947 quze
1769 2846 2023 2939 substané

449 2965 579 3016 tia‘m
610 2961 727 3031 ejus
748 2963 1054 3032 compleant
1079 3005 1094 3030 ,
1119 2963 1189 3017 ita
1217 2974 1415 3020 utcum
1444 2982 1540 3023 nos
1567 2969 1797 3025 dicimus
1821 2970 2018 3039 Deum,

448 3055 533 3109 vel
567 3055 914 3112 nominamus
949 3060 1191 3127 Patrem,
1223 3076 1327 3116 non
1355 3062 1527 3131 ipsam
1556 3062 2021 3133 inaspectabilem,

449 3155 506 3202 et
539 3147 1040 3218 iucomprcltensam
1073 3152 1432 3209 substantiam
1476 3154 1594 3224 eius
1626 3140 2051 3226 signiﬁcemus,‘

2126 2068 2313 2105 camus
2378 2051 2478 2123 (l).
2531 2050 2599 2105 Et
2651 2066 2838 2106 rursus
2883 2052 3024 2106 idem
3099 2052 3152 2107 in
3197 2053 3450 2109 Oratione
3479 2090 3495 2115 ,
3539 2049 3674 2122 cujus

2121 2141 2444 2211 principium
2479 2152 2585 2205 est,
2622 2141 2878 2198 Omnibus
2908 2145 3053 2199 vobis
3088 2146 3180 2215 qui
3206 2147 3265 2198 in
3314 2162 3478 2199 unum
3504 2161 3673 2200 conue-

2122 2233 2302 2296 nistis,
2356 2235 2423 2287 de
2452 2248 2516 2286 eo
2548 2232 2693 2302 quod
2729 2232 2920 2289 Patres
2946 2236 3139 2306 synodi
3168 2235 3403 2291 Νἰρωιιτε
3436 2246 3573 2290 recte
3607 2236 3675 2287 usi

2119 2332 2246 2378 sunt
2278 2324 2439 2377 verbo
2468 2325 2764 2379 homousii:
2794 2325 2931 2393 Quia
2958 2328 3145 2397 igitur,
3183 2328 3387 2398 inquit,
3420 2328 3676 2383 excusatio

2128 2417 2194 2471 de
2217 2416 2283 2468 iis
2311 2416 2400 2481 qui
2432 2417 2899 2482 scandalizentur,
2926 2420 3301 2488 itnprobabilis
3328 2422 3677 2476 demonstrata

2129 2519 2234 2574 est,
2266 2511 2430 2562 dicite
2462 2511 2715 2581 deinceps
2760 2527 2878 2577 vos,
2907 2514 3178 2580 quomodo
3202 2530 3311 2569 non
3347 2514 3519 2584 placet
3545 2514 3678 2567 vobis

2127 2616 2328 2656 nomen
2355 2601 2720 2658 substantiae?
2762 2604 2863 2660 ltoc
2897 2606 3041 2658 enim
3080 2620 3302 2660 necesse
3348 2615 3433 2660 est
3472 2606 3677 2673 primum

2132 2706 2388 2750 excutere
2416 2715 2429 2751 :
2466 2696 2614 2764 atqui
2647 2706 2702 2751 et
2736 2712 2831 2752 vos
2851 2697 3146 2767 scripsistis
3178 2714 3243 2752 ex
3265 2696 3435 2752 Patre
3459 2699 3677 2767 genitum

2128 2801 2247 2862 esse
2280 2771 2497 2842 Filium.
2538 2786 2594 2841 Si
2629 2786 2795 2857 igitur
2819 2802 2941 2841 cum
2971 2788 3184 2841 Patrem
3210 2788 3556 2857 fuominatis,
3609 2787 3678 2841 vel

2131 2878 2224 2935 Dei
2283 2895 2477 2934 nomen
2528 2879 2728 2944 dicitis,
2791 2893 2894 2935 non
2945 2882 3305 2936 substantiam
3366 2882 3677 2952 signiﬁcatis,

2129 2987 2227 3027 nec
2254 2988 2375 3026 eum
2410 2972 2729 3042 intelligitis,
2763 2973 2856 3043 qui
2900 2981 2985 3031 est
3006 2972 3058 3027 id
3080 2973 3221 3043 quod
3248 2975 3546 3030 secundum
3570 2974 3681 3028 sub-

2128 3064 2389 3120 stantiam
2421 3074 2505 3120 est
2534 3082 2549 3131 ;
2603 3065 2698 3120 sed
2738 3064 2884 3120 aliud
2924 3065 3054 3137 quid
3093 3066 3242 3121 circa
3276 3065 3454 3136 ipsum
3486 3064 3581 3136 (2),
3608 3065 3676 3120 vel

2127 3157 2329 3228 aliquid
2367 3158 2606 3213 deterius
2638 3156 2717 3228 (5)
2751 3156 2862 3229 (ne
2889 3172 2923 3214 a
2952 3173 3037 3214 me
3058 3160 3461 3230 expromatur)
3488 3158 3567 3213 his
3593 3172 3677 3211 no-

1947 3275 2219 3340 Scholia.

524 3408 603 3471 (l)
638 3405 770 3461 Cum
819 3405 1041 3461 dirimat
1092 3405 1252 3461 Deum
1283 3415 1333 3462 et
1388 3408 1722 3464 nominamus
1784 3407 2021 3472 Patrem,
2058 3415 2100 3475 (ζ
2137 3415 2224 3466 tiae
2256 3420 2458 3465 nostra!
2494 3426 2558 3464 ex
2598 3409 2868 3465 creaturis
2914 3417 3175 3473 sumptae;
3209 3407 3337 3475 qnia
3372 3412 3471 3465 hoc
3510 3422 3675 3461 nomen

456 3478 609 3534 Nihil
666 3488 935 3549 tanquam,
976 3478 1118 3531 circa
1149 3481 1343 3549 ipsum,
1389 3479 1480 3533 sed
1534 3480 1704 3545 ipsam
1748 3480 1862 3549 ejus
1906 3476 2029 3535 sub»

455 3549 715 3605 stantiam
765 3548 1149 3616 signiﬁcamus.
1218 3548 1333 3603 Non
1402 3551 1735 3604 contradicit
1771 3548 2030 3606 Joannes

460 3621 844 3684 Damascenus,
874 3632 998 3689 eum
1046 3618 1119 3671 ait
1150 3618 1285 3672 libro
1337 3619 1511 3687 primo
1544 3618 1863 3689 Tlteologt'ts,
1902 3635 2026 3689 cap.

455 3692 533 3753 9:
581 3688 807 3749 Bonum,
851 3699 907 3740 et
945 3688 1170 3756 iustum.
1204 3696 1256 3739 et
1301 3698 1573 3755 sanctum,
1612 3699 1667 3743 et
1699 3688 1801 3744 alia
1838 3688 2025 3756 hujus-

458 3759 603 3814 tnodi
634 3768 1044 3829 consequuntur
1069 3766 1341 3829 naturam,
1368 3772 1472 3829 non
1498 3768 1675 3829 autem
1706 3758 1873 3829 ipsam
1899 3760 2028 3813 sub-

456 3829 713 3883 statuiatn
746 3826 1039 3882 declarant.
1069 3827 1131 3880 Et
1175 3828 1356 3894 capite
1384 3828 1487 3881 l0:
1537 3826 1736 3890 Pater,
1767 3828 1936 3883 Filius
1974 3838 2030 3883 et

460 3899 706 3961 Spiritus
756 3906 983 3952 sanctus
1015 3912 1125 3950 non
1175 3896 1461 3951 declarant
1510 3897 1896 3962 substantiam,
1934 3900 2029 3953 sed

463 3968 808 4021 relationem.
858 3966 920 4020 Et
968 3966 1126 4033 paulo
1180 3978 1341 4035 post:
1394 3967 1469 4019 Ex
1533 3968 1615 4023 his
1663 3969 1729 4022 ad
1789 3970 2025 4021 divinam

460 4037 824 4091 stilistantiam
881 4038 1227 4101 manudncti,
1282 4051 1387 4090 non
1445 4038 1615 4105 ipsam
1664 4039 2022 4092 substantiam

461 4105 995 4176 comprehendimus,
1031 4107 1124 4160 sed
1161 4121 1281 4176 quae
1306 4109 1451 4162 circa
1482 4109 1883 4172 substantiam;
1924 4110 2031 4163 hoe

460 4178 605 4239 enim
660 4175 809 4248 digit,
850 4176 1251 4248 Damascenus,
1310 4178 1519 4232 scilicet
1566 4194 1670 4232 non
1715 4178 2031 4248 signiﬁcare

462 4248 689 4317 nomina
722 4245 811 4299 Dei
853 4246 1210 4307 substantiam
1246 4248 1384 4317 eius,
1428 4249 1552 4317 quia
1597 4245 1797 4302 nullum
1827 4262 2023 4301 nomen

462 4316 721 4382 exprimit
752 4317 880 4385 quid
915 4327 999 4370 est
1032 4317 1074 4372 ι)
1095 4333 1173 4370 -us
1203 4316 1477 4386 perfecte;
1521 4317 1615 4371 scd
1647 4334 1767 4372 eum
1818 4318 2029 4385 signiﬁ-

464 4396 591 4440 cant
621 4387 957 4453 imperfecte.
1008 4388 1147 4440 sicut
1176 4400 1445 4441 creaturae
1474 4388 1793 4454 imperfecte
1826 4401 2030 4455 reprae-

460 4465 685 4513 sentant
713 4458 841 4524 {sic
886 4458 1026 4511 enim
1078 4457 1469 4511 Damascenutn
1525 4457 1917 4524 interpretatus
1945 4466 2031 4511 est

465 4536 691 4580 sanctus
732 4523 925 4578 Thom.
970 4542 1023 4594 p.
1060 4541 1099 4589 t,
1130 4541 1184 4594 q.
1213 4526 1300 4587 15,
1335 4535 1441 4579 art.
1471 4525 1528 4587 2,
1564 4526 1615 4579 in
1660 4523 1806 4593 resp.
1837 4528 1925 4579 ad.
1957 4541 1974 4579 ι
2007 4544 2023 4581 :

468 4596 732 4649 l‘ra‘terea
767 4594 1155 4649 consuetudine
1185 4595 1556 4657 intelligentiae
1587 4607 1783 4651 nostra:
1814 4596 2028 4651 locutus

469 4675 549 4746 est
586 4665 673 4718 hic
700 4665 1104 4746 painas'eenus:
1139 4667 1265 4731 quia
1297 4666 1441 4718 enim
1485 4665 1738 4746 imposita
1771 4675 1899 4719 sunt
1930 4680 2031 4746 nu-

2133 3480 2312 3535 Patris
2336 3479 2641 3536 secundum
2670 3481 2888 3535 modum
2918 3478 3258 3549 signiﬁcandi
3284 3490 3340 3532 et
3374 3476 3674 3549 intelligendi

2135 3552 2290 3606 nobis
2320 3553 2575 3606 usitatum
2618 3564 2724 3605 non
2773 3547 3083 3619 personam,
3118 3550 3211 3602 sed
3268 3550 3576 3603 relationem
3616 3547 3689 3619 si-.

2133 3621 2375 3691 gniﬁcat,
2407 3634 2527 3688 qua
2560 3636 2662 3691 per
2684 3636 2742 3675 se
2780 3618 2897 3673 non
2933 3618 3203 3683 subsistit,
3234 3620 3543 3691 utquidem
3567 3618 3673 3670 sub-

2137 3689 2279 3746 sistit
2316 3690 2367 3744 in
2402 3690 2636 3752 divinis;
2672 3698 2726 3745 et
2768 3691 2887 3741 ideo
2916 3704 3021 3741 non
3058 3698 3233 3752 potest
3273 3689 3571 3753 signiﬁcare
3600 3699 3673 3737 re-

2132 3760 2409 3821 lationem,
2441 3759 2568 3827 quin
2596 3758 3543 3830 signiﬁcetsubstantiampersonat,
3567 3755 3670 3825 quia

2136 3832 2253 3893 ipsa
2286 3830 2478 3885 relatio
2512 3845 2608 3898 per
2648 3828 2708 3884 se
2736 3829 3023 3883 subsistit:
3061 3828 3157 3881 sed
3189 3828 3313 3895 quia
3357 3830 3459 3883 hoc
3483 3833 3674 3894 superat

2134 3899 2545 3966 intelligentiam
2601 3910 2872 3963 nostram,
2900 3899 3104 3951 ideirco
3138 3898 3436 3951 secundum
3468 3910 3672 3966 consue-

2136 3965 2377 4024 tudinem
2412 3969 2769 4032 iutclligendi.
2804 3980 2855 4022 et
2883 3967 3181 4020 secundum
3209 3977 3456 4022 nostrum
3488 3965 3678 4029 moduni

2136 4038 2481 4110 significandi
2529 4039 2665 4092 dixit
2700 4032 3068 4092 Damascenus
3117 4050 3226 4110 non
3250 4037 3557 4110 signiﬁcare”
3592 4048 3671 4110 no-

2137 4103 2259 4164 men
2298 4107 2478 4163 Patris
2519 4110 2877 4162 substantiam
2921 4121 3165 4176 persona-
3197 4106 3396 4168 Patris,
3444 4106 3535 4161 sed
3558 4103 3674 4176 rela-

2136 4181 2357 4242 tionem,
2406 4178 2732 4245 Gregorium
2771 4174 3170 4231 Nazianzenum
3198 4186 3441 4241 secutus,
3476 4176 3557 4242 qui
3588 4174 3673 4227 hoc

2134 4251 2297 4303 etiam
2325 4249 2455 4302 dixit
2486 4248 2537 4302 in
2564 4248 2811 4300 oratione
2850 4247 3020 4312 prima
3050 4246 3115 4299 de
3148 4245 3287 4301 Filio
3309 4286 3321 4307 .
3352 4246 3473 4300 licet
3504 4244 3671 4298 ibidem

2134 4320 2398 4373 concedat
2427 4319 2498 4379 ei,
2525 4330 2712 4372 eontra
2738 4332 2898 4386 quem
2924 4317 3182 4386 disputat,
3214 4316 3515 4381 signiﬁcare
3536 4312 3670 4367 etiam

2138 4388 2517 4443 substantiam.
2572 4388 2628 4440 Si
2704 4385 2846 4439 enim
2898 4385 3269 4439 existimasset
3318 4386 3670 4441 Damascenus,

2136 4460 2260 4512 ideo
2293 4476 2397 4513 non
2449 4458 2758 4520 signiﬁcare
2788 4456 3147 4509 substantiam
3182 4456 3234 4508 in
3272 4453 3488 4515 divinis,
3525 4450 3663 4520 quasi

2136 4529 2326 4582 relatio
2352 4544 2457 4580 non
2503 4543 2603 4587 per
2647 4543 2705 4581 se
2746 4528 3060 4586 exsisteret,
3108 4540 3263 4578 error
3307 4526 3460 4593 plane
3492 4523 3671 4581 luisset,

2138 4609 2196 4651 ttt
2235 4608 2456 4653 sanctus
2480 4595 2737 4658 Thomas,
2771 4610 2783 4648 l
2816 4608 2874 4666 p.
2900 4611 2956 4663 q.
2987 4595 3076 4659 ‘53,
3108 4605 3213 4649 art.
3240 4593 3295 4657 Ξ,
3331 4595 3382 4666 in
3411 4609 3547 4662 resp.
3568 4593 3668 4666 Δξισιι

2138 4668 2344 4721 notavit
2372 4685 2389 4727 :_
2445 4661 2984 4721 Damascentts'euim
3033 4676 3249 4717 notasse
3294 4664 3518 4726 videtur,
3566 4661 3670 4712 licet

469 4736 615 4808 mina
648 4734 1133 4808 adsigniﬁeandas
1162 4730 1275 4791 res.
1299 4730 1653 4808 quatenns'iu
1682 4736 2036 4808 nostrarniin-
2063 4748 2114 4808 ι)
2143 4753 2248 4808 non
2285 4737 2626 4808 nominatim,
2658 4750 2755 4808 pro
2781 4749 2845 4808 ea
2875 4750 2979 4803 qua
3006 4733 3108 4808 fuit
3133 4735 3416 4808 modestia,
3446 4747 3557 4808 cum
3576 4730 3668 4808 ait:

462 4804 822 4868 telligentiant
859 4806 1096 4869 cadunt;
1144 4815 1369 4874 superat
1399 4814 1578 4858 autent
1622 4805 2033 4875 intelligentiam

471 4885 734 4937 nostram,
775 4882 833 4927 ut
867 4890 987 4941 quae
1030 4876 1243 4943 propria
1293 4883 1422 4931 sunt
1458 4874 1687 4940 alicujus
1717 4886 1945 4938 naturas,
1972 4891 2035 4929 ea

470 4943 842 5013 intelligamus
870 4958 994 4998 esse
1040 4944 1210 5011 ipsam
1240 4956 1487 5000 naturam
1522 4960 1616 5013 per
1641 4959 1701 4999 se
1738 4945 2039 5000 subsiSIen-

471 5024 621 5080 tem;
671 5014 814 5082 quod
865 5014 918 5068 in
971 5013 1078 5069 Deo
1114 5025 1321 5070 tantum
1354 5016 1577 5080 evenit;
1621 5015 1822 5070 ideirco
1871 5019 1938 5069 de
1973 5016 2037 5070 iis

467 5100 589 5153 qua:
623 5085 836 5153 propria
870 5093 997 5138 sunt
1045 5086 1363 5140 substantiae
1415 5087 1632 5145 divinae.
1665 5095 1919 5153 tanquam
1968 5086 2037 5138 de

471 5156 709 5224 propriis
743 5164 948 5208 naturae
989 5165 1206 5222 creatae,
1245 5170 1366 5225 quae
1402 5170 1510 5210 non
1560 5156 1888 5217 substantia,
1942 5154 2037 5209 Sed

469 5226 617 5279 circa
669 5225 1031 5280 subatantiant
1074 5237 1225 5290 sunt,
1276 5237 1331 5278 et
1365 5226 1510 5279 illam
1550 5234 1954 5292 consequuntur
1988 5234 2044 5277 et

467 5295 742 5363 complent
773 5296 1061 5364 loquimur,
1081 5295 1183 5361 sic,
1211 5299 1453 5364 inquam,
1485 5295 1724 5364 loquitur
1756 5293 2040 5349 Damasce-

471 5380 575 5420 nns
602 5368 671 5420 de
711 5364 1133 5435 perfectionibus
1181 5368 1376 5419 divinat
1414 5366 1752 5429 substantiae,
1802 5375 1862 5417 ut
1893 5365 2036 5433 loqui

396 5498 405 5505 _
469 5438 707 5491 solemus
754 5436 820 5490 de
867 5435 1102 5504 propriis
1147 5436 1534 5496 accidentibus,
1569 5450 1689 5505 qua:
1735 5436 1879 5489 circa
1914 5441 2040 5488 sub-

470 5506 730 5562 smntiaut
755 5508 1209 5576 contetnplatnur,
1249 5521 1371 5574 quae
1401 5519 1653 5576 naturam
1698 5519 2039 5573 consequun-

468 5585 559 5645 tnr
587 5593 604 5639 ;
629 5577 879 5630 similiter
919 5593 1113 5632 nomen
1165 5575 1362 5637 Patris,
1393 5575 1538 5645 quod
1592 5576 1740 5643 prius
1784 5576 2038 5645 cenvcnit

469 5644 607 5713 Deo,
631 5663 789 5712 quam
813 5658 1100 5712 creaturae,
1133 5658 1188 5702 et
1219 5644 1419 5700 nomen
1444 5646 1591 5709 Filii,
1615 5656 1668 5698 et
1691 5660 1885 5699 nomen
1913 5644 2039 5712 Spi-

470 5718 606 5769 ritus
640 5718 833 5776 sancti,
876 5719 1216 5777 relationem,
1253 5726 1306 5770 et
1342 5732 1446 5770 non
1495 5716 1855 5769 substantiam
1908 5715 2042 5768 dicit

467 5786 804 5858 signiﬁcate;
829 5788 927 5843 hoc
960 5789 1120 5844 etiam
1154 5789 1286 5844 tltCll
1313 5786 1706 5844 consuetudine
1735 5785 2042 5855 intelligen-

2142 4805 2213 4862 Ut
2233 4807 2451 4874 quidam
2481 4805 2614 4859 falso
2644 4804 2847 4871 opinati
2886 4815 3029 4860 sunt.
3066 4805 3199 4856 Item
3242 4804 3552 4874 Anastasius
3580 4803 3670 4874 An-

2140 4873 2423 4931 tiocltenus
2481 4878 2531 4929 iu
2567 4875 2813 4931 oratione
2844 4877 3014 4942 prima
3045 4874 3112 4929 de
3172 4873 3339 4926 rectis
3368 4873 3668 4942 dogmatibus

2142 4946 2389 5001 veritatis
2418 4944 2704 5007 :Nomina’,
2730 4939 2927 5012 inquit,
2961 4942 3269 5002 Trinitatis.
3302 4943 3472 5005 Pater,
3508 4939 3666 4998 Filius,

2139 5029 2193 5072 et
2223 5016 2467 5083 Spiritus.
2498 5024 2720 5070 sanctus
2756 5029 2864 5068 non
2912 5014 3219 5081 signiﬁcant
3272 5027 3421 5083 esse.
3446 5012 3533 5067 sed
3559 5020 3666 5077 quo-

2144 5087 2302 5140 modo
2331 5100 2475 5148 essm
2510 5100 2610 5139 nec
2638 5084 2781 5137 enim
2809 5086 2901 5153 qui
2931 5083 3143 5139 Patrem
3169 5084 3325 5147 dixit,
3349 5082 3664 5138 substantiam

2142 5156 2493 5224 signiﬁcavit,
2532 5157 2627 5208 sed
2668 5152 2891 5208 utnnino
2925 5152 3324 5224 habitudinem.

2213 5217 2289 5297 (ιι)
2325 5225 2426 5279 Sed
2460 5226 2608 5278 aliud
2632 5223 2756 5297 quid
2794 5227 2938 5277 circa
2971 5225 3162 5292 ipsum.
3200 5220 3419 5297 Scilicet
3447 5217 3663 5297 accidens

2148 5290 2512 5358 individuum,
2560 5290 2706 5364 quoii
2739 5290 3093 5363 consequitur
3122 5295 3403 5347 materiam
3432 5290 3660 5345 ultimam.

2144 5367 2297 5433 Quod
2323 5369 2466 5419 enim
2500 5367 2645 5419 circa
2680 5364 3038 5420 subStanttam
3089 5374 3193 5427 est,
3221 5364 3466 5433 accidens
3504 5373 3585 5428 per
3613 5368 3663 5433 se

2145 5432 2249 5500 est,
2286 5446 2341 5490 et
2369 5436 2755 5500 substantiale,
2788 5437 2930 5502 quod
2955 5442 3122 5487 totam
3154 5432 3662 5504 speciemconsequt-

2148 5498 2254 5570 tur,
2286 5507 2429 5572 quod
2469 5520 2534 5557 ex
2570 5498 2849 5574 principiis
2881 5504 3103 5570 subjecti
3146 5498 3410 5569 elﬁcitnr;
3447 5498 3573 5568 quod
3617 5498 3658 5574 ill

2148 5574 2260 5630 Deo
2285 5592 2405 5630 esse
2451 5593 2553 5628 non
2576 5573 2581 5574 “
2607 5585 2803 5639 potest,
2856 5577 2907 5627 in
2942 5589 3049 5641 quo
3084 5573 3215 5626 nihil
3259 5584 3343 5628 est
3377 5574 3552 5626 iactum
3576 5585 3589 5631 ;
3617 5573 3659 5615 el

2143 5648 2316 5700 multo
2340 5646 2521 5699 minus
2543 5646 2794 5699 accidens
2826 5644 3127 5697 nrateriale.
3524 5709 3549 5713 __
3619 5704 3627 5713 ι

2231 5716 2309 5783 (5)
2346 5718 2451 5768 Aut
2499 5715 2703 5781 aliquid
2752 5726 2914 5769 etiam
2968 5714 3219 5778 deterius,
3274 5713 3449 5777 idest,
3491 5702 3656 5783 aliquid

2144 5782 2252 5843 non
2290 5789 2341 5842 in
2374 5786 2491 5857 ip:o
2540 5798 2795 5855 tanquam
2827 5783 3102 5850 accidens,
3144 5785 3489 5854 nequecirca
3518 5782 3657 5843 ἱρδιιιιι
