3872 6568
215 435 291 499 961

1041 430 1276 492 nscas
1318 429 1391 491 Χ..
1427 429 1603 490 -ιιιι
1643 425 1914 492 DIVINA
1953 410 2514 491 SiMPLIC‘lTATE.

3300 424 3408 486 932

215 552 413 608 minibus
455 549 784 620 signiﬁcatis,
837 551 1124 618 oportebat
1156 560 1345 606 utnon
1398 550 1717 607 scriberetis
1750 549 1801 609 Α
1828 547 2044 612 tiones;
2082 551 2182 603 n'ec
2228 563 2295 603 an
2337 549 2445 604 sint
2481 547 2626 602 circa
2666 546 2834 614 ipsam
2878 545 3057 614 aliqua
3101 547 3399 608 naturalia,

211 661 307 709 ros,
328 658 386 698 ex
415 643 563 698 Patre
588 641 782 697 Filium
821 645 1064 712 genitum
1097 659 1239 707 esse,
1275 645 1367 698 sed
1394 660 1458 700 ex
1495 643 1577 697 his
1601 659 1723 711 quae

209 739 327 794 circa
349 737 526 804 ipsum,
551 735 630 788 vel
662 737 716 788 in
749 735 868 805 ipso
913 745 1072 799 sunt;
1121 746 1178 790 ut
1208 752 1332 791 cum
1391 736 1637 805 reingitis
1689 750 1718 788 a

207 828 395 883 dicendo
426 841 542 880 vere
594 825 807 880 Patrem
847 825 1041 891 Deum,
1085 836 1140 894 et
1188 843 1313 882 eum
1354 829 1446 898 qui
1495 828 1724 896 simplex

206 934 288 982 cst,
319 912 647 990 compositum
693 927 748 972 et
785 935 1105 988 corporeum
1153 920 1426 988 cogitatis.
1461 932 1720 972 novarum

207 1013 606 1082 blasphemiarum
639 1013 952 1066 inventores
979 1013 1346 1080 reperiatnini.
1380 1012 1516 1065 Cum
1542 1022 1722 1066 autem

206 1107 270 1160 sic
293 1104 536 1173 cogitatis,
561 1104 864 1158 necessario
887 1105 1047 1158 etiam
1075 1106 1300 1157 verbum
1333 1117 1439 1157 non
1471 1104 1726 1158 substan-

137 1251 144 1260 ,
181 1201 326 1268 _tiam,
354 1197 440 1250 sed
473 1211 664 1251 nomen
696 1196 870 1252 solum
897 1195 1246 1258 existimatis,
1276 1197 1517 1265 denique
1552 1209 1725 1265 usque

204 1291 254 1344 ad
288 1290 478 1342 nomina
524 1289 830 1356 opinionem
869 1296 1104 1343 vestram
1134 1287 1339 1342 effertis
1364 1307 1376 1353 ;
1407 1299 1462 1344 et
1491 1304 1611 1358 qua:
1639 1288 1724 1341 di-

199 1383 317 1441 citis,
335 1395 430 1434 uon
457 1381 680 1435 creditis
709 1395 851 1445 esse,
883 1381 975 1436 sed
1005 1384 1183 1447 potius
1208 1395 1315 1435 non
1339 1395 1460 1435 esse
1486 1381 1721 1435 sentitis.

203 1471 300 1525 Hac
322 1481 484 1524 autem
504 1469 726 1524 audacia
754 1469 1178 1525 Sadduczeorum
1206 1471 1385 1539 potius
1415 1469 1513 1540 (l),
1552 1479 1602 1523 et
1637 1487 1728 1524 c0-

201 1579 294 1617 rutn
317 1561 396 1631 qui
422 1563 556 1632 apud
590 1563 825 1631 gentiles
850 1565 968 1617 sine
990 1564 1101 1616 Deo
1124 1572 1270 1628 sunt,
1305 1564 1542 1626 exsistit.
1575 1565 1725 1631 Quo-

200 1659 312 1707 circa
343 1669 501 1724 neque
543 1657 715 1723 ipsam
758 1664 1068 1708 creaturam
1101 1655 1271 1723 ipsius
1302 1656 1393 1722 qui
1447 1656 1586 1710 Deus
1619 1667 1724 1720 est,

201 1746 420 1800 fabricam
453 1760 572 1802 esse
607 1745 823 1809 dicetis,
853 1745 899 1801 si
933 1747 1036 1801 hoc
1078 1760 1274 1800 nomen
1313 1747 1471 1801 Pater
1501 1757 1553 1801 et
1584 1746 1726 1804 Dens

199 1852 282 1893 nou
318 1837 474 1904 ipsam
504 1851 730 1891 causam
778 1851 964 1892 eorum
1023 1849 1141 1904 qual
1189 1844 1340 1903 sntit,
1392 1837 1720 1907 signiﬁcant,

1827 655 1882 699 et
1915 645 2232 699 substantite
2272 645 2493 714 propria
2530 643 2594 696 ad
2621 628 3003 706 complendum
3033 639 3400 694 substantiam

1831 738 1998 804 ipsam
2027 752 2040 789 :
2077 736 2177 789 nisi
2210 734 2350 789 forte
2375 751 2404 788 a
2431 735 2590 788 nobis
2614 736 2694 788 sic
2725 733 2981 787 dicuntur
3006 729 3408 784 consuetudine

1825 827 2200 896 intelligentia:
2227 837 2468 890 nostrae;
2503 834 2557 879 et
2599 825 2727 894 quia
2766 837 2871 876 non
2903 832 3191 891 possumus
3242 818 3409 873 aliter

1825 917 2152 988 intelligere,
2180 920 2270 987 qui
2295 933 2434 974 nunc
2451 918 2618 973 vitam
2643 930 2740 988 per
2761 915 3066 985 speculum,
3086 912 3214 970 etin
3237 912 3411 984 aenig-

1827 1019 1974 1064 mate
2008 1009 2387 1081 transigimus.

2449 1098 2678 1157 CAPUT
2717 1098 2784 1154 ll.

1830 1214 1984 1282 Quod
2033 1231 2135 1268 non
2167 1224 2366 1280 oportet
2421 1229 2656 1283 quati-ere
2701 1213 2756 1266 in
2806 1211 3068 1266 Trinitate
3114 1213 3407 1267 accidentia

1899 1288 2180 1354 qumpiam,
2218 1301 2338 1356 quin
2382 1285 2436 1337 in
2484 1284 2786 1356 substantia
2828 1283 2941 1351 ejus
2983 1287 3237 1356 exsistant
3262 1295 3293 1356 .‘_
3318 1298 3411 1356 nec

1901 1354 2237 1422 differentias
2255 1354 2637 1410 substantiales
2678 1355 2732 1406 in
2765 1354 2880 1416 ipsa
2900 1355 3214 1422 intelligere,
3249 1354 3411 1419 siqui-

1900 1426 2016 1478 dem
2043 1436 2089 1478 et
2128 1427 2180 1480 in
2212 1427 2554 1492 incorporeis,
2584 1439 2699 1492 qum
2733 1424 2797 1476 ab
2835 1425 2947 1492 ipsa
2978 1424 3236 1488 producta
3261 1434 3407 1488 sunt,

1901 1511 2002 1548 non
2045 1507 2242 1564 oportet
2287 1512 2522 1565 qua’rere
2573 1495 2949 1565 di/j‘rrentiamr
2981 1494 3313 1554 substantiae,
3344 1503 3411 1565 _et

1899 1567 2142 1634 euergiie,
2176 1563 2336 1631 neque
2359 1575 2612 1636 tanquam
2643 1563 2794 1618 aliud
2826 1565 2880 1618 in
2900 1564 3005 1618 alio
3031 1566 3136 1618 ista
3163 1574 3219 1617 ut
3243 1563 3410 1618 exsis-

1902 1646 2038 1700 tant,
2072 1637 2329 1689 accidere.

1901 1751 2134 1804 Sanctus
2185 1748 2421 1821 Cyrillus
2453 1748 2544 1803 lib.
2583 1764 2709 1802 xxx:
2742 1746 3179 1801 Tltesaurorum:
3215 1745 3270 1801 Si
3301 1746 3412 1816 igi-

1828 1849 1916 1896 tur
1947 1858 2050 1895 non
2089 1856 2444 1908 quaecumque
2501 1840 2760 1895 dicuntur
2792 1840 2967 1894 inesse
2998 1839 3049 1892 in
3079 1839 3187 1892 Deo
3208 1853 3407 1893 secun-

196 1931 270 1984 sed
294 1928 431 2010 aliud
468 1928 748 1998 quidpiam
796 1927 940 1998 quod
971 1942 1068 1984 vos
1111 1929 1357 1999 ﬁngitis:
1402 1944 1587 2010 verum
1627 1931 1727 1984 hoc
1761 1913 1804 1972 Β
1831 1936 1960 1987 dum
2001 1947 2274 2001 naturam,
2320 1934 2436 1988 haec
2464 1933 2686 1988 omnino
2715 1943 2872 1985 erunt
2905 1933 3213 1986 substantia
3263 1931 3410 2000 ejus,

197 1999 492 2085 indecorﬂn,
525 2033 579 2077 et
603 2023 761 2077 valde
780 2023 1001 2092 impium
1027 2031 1112 2077 est
1135 2025 1216 2078 vel
1256 2023 1430 2077 solum
1466 2006 1727 2092 cogitare.

197 2112 272 2165 Sin
299 2121 464 2166 autem
494 2128 616 2166 cum
651 2113 903 2168 audimus
933 2130 948 2167 :
987 2111 1100 2182 Ego
1129 2129 1246 2167 sum
1279 2113 1370 2182 qui
1389 2129 1506 2166 sum
1532 2115 1576 2147 °"
1597 2118 1614 2135 '
1638 2130 1651 2176 ;
1675 2121 1732 2168 et

195 2205 318 2263 illud,
354 2204 414 2257 In
434 2206 694 2272 principio
721 2207 840 2272 fecit
873 2205 1009 2258 Deus
1037 2205 1218 2258 caelum
1243 2216 1289 2258 et
1323 2215 1518 2260 terram
1540 2207 1606 2271 ⁸⁸,
1630 2218 1684 2262 et
1712 2224 1729 2264 :

197 2294 797 2362 Audi,lsrael,Dominus
820 2296 958 2352 Deus
980 2309 1120 2361 tuus,
1143 2297 1400 2352 Dominus
1423 2315 1559 2352 unus
1579 2299 1729 2367 est",

195 2397 235 2442 et
259 2387 396 2452 illud,
429 2387 554 2443 Iltrc
579 2389 713 2442 dicit
751 2388 1006 2444 Dominus
1046 2391 1372 2461 omnipotens
1397 2431 1412 2457 ,
1449 2406 1554 2446 non
1584 2389 1732 2446 aliud

195 2487 518 2547 praterquatn
559 2480 900 2550 simplicem,
935 2490 989 2534 et
1024 2483 1264 2545 beatam,
1312 2491 1368 2536 et
1426 2481 1734 2551 incompre-

193 2572 383 2625 hensam
420 2572 537 2641 ejus
575 2573 672 2641 qui
704 2574 924 2641 proprie
959 2583 1066 2640 est,
1097 2574 1478 2638 substantiam
1525 2573 1732 2627 intelli-

188 2660 332 2720 gimus
377 2662 516 2731 (etsi
565 2663 714 2717 enim
765 2680 872 2720 non
922 2679 1210 2733 possumus
1276 2665 1734 2734 comprehendere

192 2755 294 2822 quid
322 2759 523 2810 tandem
545 2766 658 2821 est,
697 2767 874 2812 tamen
900 2773 1025 2818 cum
1057 2758 1364 2812 audivimus
1389 2757 1492 2812 dici
1513 2756 1731 2813 Patrem

192 2853 234 2898 ct
259 2843 456 2910 Filium,
493 2857 548 2903 et
579 2849 1037 2918 Onipotentem,
1072 2851 1204 2905 nihil
1235 2850 1379 2904 aliud
1408 2866 1574 2921 quam
1605 2850 1746 2905 sub;

190 2942 412 2996 stantiam
461 2943 642 3012 ipsam
682 2944 802 3014 ejus
851 2945 941 3013 qui
978 2953 1083 3009 est,
1132 2945 1427 3015 signiﬁcari
1481 2944 1736 3018 intelligi-

191 3047 320 3098 mus;
345 3044 395 3088 et
422 3052 513 3090 vos
537 3035 763 3092 dixistis
788 3052 855 3092 ex
884 3037 992 3093 Deo
1024 3038 1241 3104 Filium,
1271 3039 1484 3093 scilicet
1511 3053 1574 3092 ex
1608 3044 1737 3094 sub-

190 3128 360 3180 stantia
382 3130 558 3184 Patris
593 3145 724 3184 eum
751 3130 984 3198 dixistis,
1012 3130 1139 3201 quia
1167 3139 1220 3185 et
1251 3140 1382 3184 ante
1412 3145 1513 3186 nos
1546 3131 1736 3185 dicunt

191 3218 453 3283 Scriptura:
487 3221 777 3273 Dmninum
824 3220 1028 3275 Filium
1081 3223 1284 3286 Patris,
1322 3232 1376 3276 et
1409 3223 1538 3276 ante
1589 3223 1735 3292 ipsas

186 3307 300 3362 idem
326 3311 477 3365 Pater
493 3312 638 3366 dixit
661 3329 675 3366 :
701 3312 800 3368 Hic
829 3324 906 3368 est
935 3312 1107 3368 Filius
1135 3331 1276 3371 meus
1303 3315 1524 3369 dilectus
1543 3315 1586 3347 ⁸⁸
1612 3332 1630 3381 ;
1673 3316 1732 3368 ﬁ-

187 3399 276 3454 lius
297 3416 463 3457 autcm
495 3406 640 3462 nihil
667 3405 810 3460 aliud
836 3417 936 3470 est,
975 3407 1073 3460 nisi
1101 3407 1241 3462 fetus
1272 3421 1337 3461 ex
1378 3410 1574 3476 patre),
1597 3423 1737 3476 quo-

190 3495 328 3549 tnodo
351 3511 454 3550 non
475 3499 738 3552 videntur
759 3496 947 3552 Patres
967 3500 1099 3552 bene
1125 3499 1329 3562 dixisse
1346 3514 1408 3552 ex
1433 3501 1736 3554 substantia

185 3584 336 3640 Patris
357 3603 472 3643 esse
503 3589 727 3654 Filium,
761 3599 910 3644 recte
948 3589 1194 3643 arbitrati
1233 3589 1373 3644 idem
1407 3606 1527 3646 esse
1555 3591 1737 3645 dicere

183 3693 234 3732 ex
257 3677 376 3744 Deo,
405 3693 458 3735 et
491 3683 682 3736 dicere
711 3697 777 3737 ex
816 3682 1124 3737 substantia
1162 3681 1302 3736 Dei?
1339 3681 1414 3735 Ex
1448 3682 1644 3752 quibus
1675 3684 1733 3734 lit

187 3773 503 3827 manifesmm
557 3775 706 3843 quod
759 3774 810 3827 in
845 3774 1076 3838 unitate,
1113 3788 1231 3842 quae
1266 3787 1428 3843 supra
1479 3773 1734 3827 substan-

185 3859 291 3915 tiam
327 3872 424 3930 est,
459 3879 566 3918 non
602 3873 827 3934 oportet
867 3876 1111 3942 quaerere
1145 3862 1362 3918 babitus
1406 3871 1460 3916 et
1497 3862 1733 3930 disposi-

244 4014 510 4075 “'Exod.
568 4027 659 4080 ιιι,
710 4012 797 4066 Μ.
875 4012 922 4044 ⁸⁸
972 4010 1110 4068 Gen.
1148 4027 1188 4076 ι,
1247 4009 1295 4063 Ι.

1373 4010 1416 4042 ⁸⁷
1459 4007 1615 4066 Deut.
1649 4026 1728 4074 Vl,
1763 4009 1818 4064 4.

1840 2028 2164 2099 relinquitur
2195 2037 2252 2081 ut
2283 2028 2531 2082 dicamus
2558 2039 2676 2080 esse
2719 2039 2783 2078 ea
2829 2023 3131 2077 accidentia
3163 2027 3415 2078 substaua

1834 2123 1940 2175 ιίειξ⁸
1963 2123 2043 2175 sic
2079 2117 2215 2174 tum
2249 2133 2404 2174 tenus
2452 2117 2723 2172 intellecta
2753 2114 2853 2185 (α).
2887 2113 3004 2168 Νοιι
3032 2117 3178 2168 enim
3233 2124 3414 2184 potest

1834 2223 2026 2267 natura
2079 2213 2312 2267 humana
2366 2209 2570 2278 aliquid
2619 2208 2795 2278 majus
2830 2208 2906 2276 (b)
2955 2207 3009 2260 in
3048 2207 3155 2261 Deo
3205 2208 3411 2271 dicere,

1835 2320 1999 2373 quam
2032 2305 2329 2360 secundum
2363 2317 2421 2357 se
2453 2299 2531 2371 (2)
2558 2317 2576 2365 ;
2616 2301 2820 2354 idcirco
2858 2299 3254 2354 consuetudine
3285 2313 3412 2366 pro-

1838 2397 1954 2468 pria
1996 2397 2220 2462 utimur,
2273 2410 2393 2449 cum
2437 2409 2501 2448 ea
2533 2407 2654 2462 quae
2703 2401 2914 2446 natura:
2967 2401 3166 2446 nostrae
3211 2405 3418 2444 conve-

1836 2491 2018 2552 niunt.
2051 2489 2318 2556 majorum
2351 2502 2534 2541 rerum
2563 2485 2812 2553 exempla
2845 2484 3103 2548 iacimus,
3145 2493 3204 2540 ut
3233 2484 3325 2554 qui
3358 2484 3415 2541 in

1836 2597 1999 2652 parva
2045 2581 2223 2636 tabula
2254 2581 2448 2634 orbem
2487 2579 2610 2634 coeli
2661 2577 2998 2633 describunt.
3041 2577 3184 2632 Idem
3236 2579 3290 2632 in
3323 2592 3418 2632 eo-

1832 2675 1954 2730 dem
1982 2673 2157 2728 libro:
2188 2671 2466 2740 Sapientis
2495 2679 2580 2727 est
2614 2665 2820 2732 dicere,
2845 2669 2979 2723 nihil
3011 2669 3259 2724 accidere
3287 2671 3417 2724 sub-

1835 2767 2052 2822 stantite
2101 2764 2220 2827 Dei,
2272 2764 2396 2834 quia
2447 2763 2610 2818 habet
2644 2778 2711 2818 ex
2748 2778 2807 2818 se
2835 2763 2952 2831 ipsa
2988 2761 3406 2832 perfectionem,

1836 2861 1932 2914 sed
1979 2858 2231 2913 videmus
2265 2856 2410 2926 quod
2448 2855 2616 2909 multa
2656 2855 2795 2909 ratio
2827 2865 2986 2925 coget
3019 2869 3116 2908 nos
3154 2855 3219 2908 ad
3259 2856 3416 2908 intel-

1837 2949 2111 3018 ligendum
2151 2949 2204 3002 in
2231 2947 2338 3001 Deo
2361 2955 2618 3016 tanquam
2647 2945 2950 3001 accidentia
2979 2961 3041 3002 ea
3078 2962 3196 3018 quae
3225 2945 3414 3014 huju-

1837 3041 1982 3096 modi
2016 3050 2163 3106 sunt,
2217 3039 2319 3095 etsi
2366 3043 2585 3109 penitus
2632 3054 2740 3093 non
2789 3039 3128 3096 acciderunt.
3158 3041 3226 3095 Et
3270 3041 3412 3096 idem

1838 3132 2053 3185 adhuc:
2111 3130 2166 3184 Si
2218 3144 2350 3199 ergo
2370 3131 2617 3198 quaedam
2670 3143 2759 3183 res
2809 3138 3065 3197 tanquam
3112 3132 3416 3186 accidentia

1843 3224 1972 3288 Deo,
2032 3222 2428 3288 intelliguntur,
2482 3221 2610 3289 quid
2667 3219 2870 3273 frustra
2920 3221 3256 3275 contenditis
3305 3239 3412 3276 non

1839 3329 1958 3369 esse
1990 3313 2275 3367 dicendum
2313 3310 2582 3365 accidisse
2616 3309 2722 3363 Deo
2758 3309 3057 3377 ingenitum
3113 3327 3254 3372 esse,
3289 3327 3412 3366 cum

1837 3406 2081 3475 qiucdam
2111 3403 2417 3472 hujusmodi
2451 3412 2768 3472 appareant,
2804 3415 2924 3470 qua:
2955 3410 3080 3455 sunt
3113 3403 3411 3457 setundum

1839 3497 2199 3552 Substantiam
2231 3494 2391 3565 ejus?
2421 3493 2486 3547 Et
2518 3509 2710 3548 rursus
2758 3494 2897 3548 idem
2930 3508 2945 3547 :
2981 3493 3095 3546 Non
3143 3493 3287 3546 enim
3327 3503 3413 3547 est

1837 3587 2142 3643 substantia
2192 3585 2281 3639 Dei
2319 3585 2640 3655 ingenitum,
2693 3595 2786 3638 aut
2836 3583 3271 3653 incorruptili‘le,
3323 3594 3418 3640 aut

1842 3679 2170 3742 immortale,
2205 3679 2288 3732 vel
2337 3676 2750 3748 inaspectabilc,
2787 3692 2911 3730 nam
2957 3677 3000 3730 si
3058 3680 3410 3745 unumquod-

1840 3787 1946 3842 que
1978 3773 2168 3824 horum
2213 3768 2684 3851 Substantiatmﬁ)
2731 3769 3022 3839 signiﬁcat,
3057 3785 3121 3824 ex
3170 3779 3248 3823 tot
3280 3769 3413 3824 sub-

1840 3864 2060 3920 stantiis
2092 3860 2430 3932 compositus
2477 3861 2588 3917 erit,
2617 3859 2782 3928 Deus,
2813 3872 2947 3930 quot
2987 3869 3118 3916 sunt
3162 3863 3264 3918 ista
3295 3877 3418 3932 qua:

1899 4009 1946 4041 ⁵⁸
1988 4007 2178 4062 Matth.
2211 4023 2344 4071 xvn,
2378 4006 2433 4063 ὅ.

1663 4144 1943 4210 Scholia.

185 4289 404 4347 tanquam
447 4279 736 4350 complens
775 4274 1138 4350 substantiam
1187 4272 1344 4343 ejus,
1378 4270 1473 4327 sed
1520 4271 1722 4350 aliquid

183 4345 301 4404 circa
331 4353 499 4418 ipsmn
548 4345 919 4410 extrinsecus,
968 4357 1026 4401 ut
1053 4347 1452 4410 indumentum,
1479 4353 1537 4397 ut
1565 4345 1726 4412 paulo

183 4435 318 4486 Supra
351 4423 558 4474 dixerat
592 4421 738 4474 idem
767 4419 1119 4472 Athanasius.
1235 4463 1273 4486 4,,

241 4484 306 4559 (l)
340 4490 759 4546 Sudduca’ornm
791 4490 984 4555 potius.
1020 4484 1245 4555 Antiqui
1279 4485 1589 4559 ignorantes
1618 4484 1725 4559 vim

184 4555 508 4631 intelligendi,
554 4574 608 4615 et
649 4575 755 4613 nou
784 4560 1185 4631 distinguetttes
1226 4571 1439 4631 sensum
1573 4555 1730 4631 iutelt

184 4623 748 4694 lcctufexistitnarttnt
777 4631 909 4682 nihil
933 4623 1058 4681 esse
1091 4628 1142 4679 in
1177 4627 1398 4688 mundo,
1433 4626 1539 4678 nisi
1586 4623 1727 4694 quod

185 4716 323 4754 sensu
355 4713 406 4756 et
436 4702 728 4770 phantasia
762 4697 1144 4770 comprehendi
1178 4705 1355 4764 posset
1387 4698 1644 4770 ;_el‘qttia
1677 4697 1728 4747 in

183 4765 499 4836 phantasiam
544 4788 653 4825 non
697 4773 842 4824 cadit
886 4765 989 4822 nisi
1043 4782 1237 4836 corpus
1273 4806 1286 4827 ,
1349 4765 1737 4818 existimarunt

185 4845 358 4894 nullam
395 4859 507 4896 rem
550 4858 675 4896 esse
704 4844 753 4892 in
799 4843 999 4894 tnundo
1031 4840 1132 4890 nisi
1165 4851 1386 4905 corpus,
1459 4846 1517 4888 ut
1565 4836 1732 4888 Arist.

186 4925 228 4961 ιν
265 4911 462 4981 l’hysic.
497 4914 668 4966 tradit
697 4911 810 4976 ;'ab
841 4910 957 4963 istis
992 4907 1268 4978 profectus
1298 4916 1383 4981 est
1413 4920 1571 4981 error
1599 4905 1738 4981 Sad-

187 4974 500 5046 duczrorutn,
552 4982 650 5052 qui
697 4974 948 5052 aiebant,
984 4974 1088 5052 non
1142 4991 1264 5030 esse
1295 4974 1738 5052 Spiritttm,_|nec

185 5052 436 5106 S.Tliom.
468 5070 482 5106 ι
512 5047 760 5121 ρ.’‹ι.50,
797 5063 898 5105 art.
929 5050 953 5103 1
983 5067 998 5102 :
1030 5051 1173 5102 Idem
1206 5055 1388 5099 CVCIIll
1419 5047 1734 5121 gentilibus,

183 5125 261 5186 qui
284 5126 392 5176 alltc
416 5117 524 5177 Deo
546 5117 707 5177 erant
738 5117 979 5176 eolcntes
1001 5135 1162 5188 Opera
1185 5117 1736 5188 malllllltlllllttllllllllItl

248 5193 316 5262 (2)
358 5194 468 5247 Hoc
507 5204 591 5248 est
625 5195 767 5261 quod
801 5195 928 5246 dicit
965 5187 1254 5262 SJ'l‘liom.
1299 5188 1308 5238 i
1343 5202 1392 5254 p.
1432 5203 1485 5251 ιι.
1521 5187 1611 5252 59,
1645 5195 1748 5262 art.

183 5265 231 5330 2,
254 5257 394 5334 quod
421 5281 566 5334 saepe
597 5257 730 5316 alias
766 5265 973 5332 repetit,
999 5261 1304 5316 intellectus
1339 5268 1522 5308 noster
1554 5272 1639 5310 res
1672 5257 1752 5307 di-

183 5333 315 5391 vinas
339 5335 600 5399 nominat,
632 5350 736 5388 non
772 5333 1068 5388 secundum
1115 5336 1327 5382 nodum
1360 5341 1545 5379 earum
1575 5365 1589 5388 ,
1622 5341 1749 5396 quia

187 5409 255 5460 sic
290 5423 376 5461 eas
416 5421 756 5475 cogitescere
797 5421 901 5458 non
942 5413 1138 5473 potest,
1172 5400 1265 5454 sed
1299 5402 1596 5452 secundum
1635 5412 1749 5450 n.0-

184 5479 295 5530 dum
329 5493 378 5528 ιιι
422 5484 591 5531 rebus
621 5475 818 5528 creatis
869 5477 1165 5526 inventum.

245 5548 314 5618 (3)
359 5547 416 5601 Si
474 5549 877 5615 unumquodque
920 5545 1119 5618 lterum
1185 5541 1538 5618 substantiam
1581 5538 1749 5618 signi-

183 5608 332 5684 ﬁcot',
384 5633 449 5672 ex
495 5626 572 5672 tot
639 5608 955 5670 substantiis
1016 5615 1339 5681 compositus
1398 5615 1499 5666 erit
1570 5608 1746 5670 Deus,

248 5823 392 5888 (α’)ιιι
423 5832 504 5875 est
561 5817 855 5875 secundum
897 5815 1114 5870 modum
1175 5814 1513 5885 signiﬁcandi
1542 5823 1594 5869 et
1651 5813 1735 5869 itt-

184 5892 431 5961 lcllzgctali
480 5893 636 5947 nobis
665 5897 980 5944 consuetum
1013 5890 1175 5956 capit.

1824 4277 1946 4340 quot
1990 4279 2111 4321 sunt
2156 4267 2260 4321 ista
2311 4284 2425 4340 quis
2484 4267 2817 4340 reperiuntur
2863 4268 3135 4322 convenire
3179 4269 3263 4324 illi
3321 4287 3420 4324 na-

1827 4337 2087 4394 turaliter.
2118 4341 2317 4393 Contra
2382 4337 2702 4391 Ennotnium
2772 4339 3050 4405 disputans
3093 4340 3193 4392 hoc
3245 4343 3415 4408 dicit;

1826 4412 1918 4465 ille
1942 4413 2108 4475 enim,
2140 4411 2261 4479 quia
2296 4408 2590 4479 ingenitum
2633 4408 2829 4462 dicitur
2889 4408 2955 4462 de
2990 4409 3098 4463 Deo
3148 4411 3310 4465 Patre
3360 4425 3417 4466 et

1825 4483 2118 4551 ingenitum
2151 4480 2295 4534 aliud
2329 4495 2524 4533 nomen
2550 4489 2632 4535 est
2690 4494 2717 4551 a
2745 4479 2964 4551 genito,
2997 4483 3417 4549 argumentaba—

1839 4550 1930 4606 tu’r
1971 4551 2128 4604 aliain
2169 4552 2525 4604 substantiam
2573 4550 2885 4618 signiﬁcare
2931 4550 3249 4618 ingenitum,
3279 4561 3330 4606 ct
3354 4571 3418 4606 a-

1840 4623 1967 4676 liam
2011 4623 2252 4691 genitum
2280 4662 2295 4686 ,
2327 4621 2479 4691 quasi
2514 4635 2622 4691 una
2652 4621 2952 4691 substantia
2983 4636 3088 4673 non
3127 4634 3303 4689 posset
3332 4627 3417 4676 di—

1843 4689 2356 4746 versisnuminibns
2399 4689 2559 4744 allici.
2595 4690 2684 4744 Sic
2717 4690 2858 4742 enim
2897 4702 3118 4744 sanctus
3155 4691 3420 4749 Maximus

1848 4764 1900 4815 in
1943 4778 2005 4813 eo
2047 4763 2161 4814 loco
2202 4761 2464 4831 orationis
2517 4761 2703 4828 prima:
2760 4759 3009 4831 Gregorii
3062 4758 3418 4831 Nazianzeui,

1837 4834 1904 4886 de
1923 4831 2079 4897 Filio,
2105 4833 2191 4884 ubi
2215 4833 2411 4899 quaerit
2443 4829 2737 4884 EnnOmius
2759 4871 2774 4894 ,
2793 4833 2933 4899 quid
2955 4829 3113 4884 Pater
3128 4829 3416 4898 signiﬁcet,

1837 4903 2116 4971 expitcans
2146 4898 2291 4954 eunt:
2329 4900 2758 4971 Interrogabant,
2787 4898 2984 4968 inquit,
3021 4904 3283 4965 haeretici,
3325 4904 3420 4957 Est

1839 4970 2098 5026 ne’l’atcr
2129 4987 2323 5026 nomen
2344 4970 2678 5035 substantitc,
2707 4985 2773 5022 an
2805 4971 3064 5038 energim?
3093 4983 3148 5023 ut
3181 4971 3223 5026 si
3262 4973 3416 5025 dixe-

1843 5044 2010 5096 rimus
2041 5057 2162 5095 esse
2216 5057 2409 5094 nomen
2465 5040 2802 5104 substantiw,
2837 5039 2962 5093 hinc
3012 5042 3286 5107 colligant,
3325 5039 3417 5094 Fi—

1839 5113 1963 5166 lium
1995 5128 2114 5166 esse
2145 5113 2411 5164 diVersam
2444 5110 2800 5163 substantiam
2829 5127 2854 5158 a
2886 5113 3186 5164 substantia
3223 5113 3419 5166 Patris:

1848 5185 1922 5246 ὡς
1948 5184 2046 5253 τῆς
2077 5182 2244 5253 αὐτῆς
2277 5180 2460 5244 οὐσίας
2492 5180 2584 5253 duo
2622 5183 2696 5250 μὴ
2725 5179 3114 5253 ἐπιᾷεχομὲνης
3156 5183 3248 5233 καὶ
3299 5182 3420 5234 διά-

1847 5250 2207 5323 φοραιίυρίως
2227 5251 2547 5319 ὀνόματα,ἰά
2572 5263 2652 5302 est
2684 5250 2844 5323 quasi
2870 5265 2975 5302 una
2997 5257 3291 5323 substantia
3315 5269 3419 5305 non

1849 5321 2114 5392 reciperet
2164 5326 2271 5376 duo
2313 5331 2364 5373 et
2412 5324 2624 5374 diversa
2669 5321 2881 5390 proprie
2918 5322 3156 5386 nomina,
3199 5323 3242 5374 si
3276 5329 3419 5375 enim

1849 5405 1999 5462 pater
2023 5405 2103 5447 est
2131 5409 2322 5446 nomen
2345 5394 2684 5462 substantiae,
2715 5405 2984 5462 nunquam
3011 5393 3253 5459 ejusdem
3279 5395 3419 5462 sub-

1847 5461 2060 5517 Stautia:
2097 5480 2292 5516 nomen
2331 5465 2434 5515 erit
2473 5461 2664 5514 Filius.
2699 5461 2969 5513 Hactenus
2997 5475 3215 5515 sanctus
3247 5461 3419 5516 Maxi-

1849 5551 1986 5598 mus,
2029 5546 2082 5586 et
2115 5535 2304 5587 beatus
2338 5531 2569 5587 Basilius
2599 5532 2734 5584 libro
2765 5545 2798 5583 ll
2821 5526 3017 5583 Contra
3045 5534 3359 5585 Eunonu‘um
3399 5549 3417 5588 :

1848 5606 2125 5670 Quomodo
2164 5605 2348 5672 igitur,
2395 5605 2588 5671 inqttit,
2631 5618 2662 5655 o
2696 5601 3118 5670 sapientissnnc,
3157 5605 3206 5657 si
3234 5603 3419 5659 diveré

1925 5809 1998 5880 (b)
2035 5811 2088 5864 ω
2107 5819 2216 5875 est,
2257 5808 2460 5877 aliquid
2489 5807 2683 5877 majus,
2713 5825 2872 5877 quam
2907 5817 2963 5861 ιιι
2987 5824 3052 5862 ex
3081 5809 3241 5864 rebus
3271 5822 3418 5862 crcao

1853 5884 1922 5938 tis
1949 5885 2154 5948 d‘dicit,
2178 5899 2242 5935 cx
2297 5881 2490 5950 quibus
2521 5891 2802 5934 scientiam
2837 5880 3001 5941 capit.
