3872 6566
454 409 556 473 ΓῦἹ

1618 406 1945 479 ΙΟΛΝΝΙΞ
1988 413 2022 470 t“

2141 412 2557 474 ARISSIOTzE
2976 383 2985 389 ⁷
3564 414 3654 472 sui

455 541 635 584 motus
677 539 729 583 et
759 537 932 586 status
984 530 1096 586 illic
1157 525 1348 585 salt‘em
1399 547 1496 601 per
1547 547 1605 586 se
1663 530 2024 584 subsistentes
2059 536 2098 587 Α
2131 540 2308 581 autem
2347 531 2412 584 de
2452 530 2636 583 divino
2659 536 2824 592 statu,
2856 527 2935 583 vel
2970 525 3100 583 sede
3129 525 3388 581 dicimus?
3412 525 3527 593 quid
3554 540 3660 578 vero

455 631 604 686 sunt,
656 633 709 675 et
737 623 968 676 virtutes
999 624 1267 688 viventes,
1301 639 1362 677 ac
1395 625 1727 693 superiores,
1768 638 1928 691 quant
1965 629 2024 673 ut

456 712 508 764 in
540 725 633 766 eas
662 712 858 765 cadant
885 714 1218 769 variationes
1251 729 1437 770 eorum
1486 730 1604 783 qua:
1632 713 1774 767 ﬂuxa
1804 725 1858 768 et
1895 728 2021 766 cor-

455 815 621 871 porea
673 811 822 856 sunt.
876 804 1038 860 Potes
1089 815 1268 860 autem
1311 806 1470 860 aliter
1513 807 1676 860 etiam
1723 805 2027 873 intelligere

455 896 712 958 virtutes,
739 905 792 949 et
813 898 1159 965 operationes
1181 939 1195 962 ,
1222 898 1453 952 virtutes
1477 899 1718 967 quidem,
1738 899 1863 968 quia
1895 913 2028 950 non-

458 985 586 1039 dum
623 988 804 1039 omnia
837 997 1021 1041 creata
1061 999 1268 1055 essent,
1305 990 1510 1043 virtute
1541 1000 1719 1043 tamen
1752 991 1934 1043 omnia
1972 989 2026 1042 in

461 1075 569 1130 Deo
596 1078 744 1144 prius
794 1079 1166 1145 exstiterunt,
1199 1095 1321 1147 quae
1367 1081 1712 1148 producenda
1761 1088 1916 1134 erant
1961 1080 2028 1132 ab

459 1167 577 1236 ipso
604 1187 617 1232 ;
650 1170 994 1236 operationes
1025 1185 1172 1234 vero,
1201 1172 1418 1237 quan-do
1439 1173 1548 1239 jam
1579 1179 1825 1223 creatura
1849 1171 1913 1221 ad
1942 1169 2025 1222 ef-

461 1258 665 1314 fectum
695 1261 933 1314 adducta
965 1270 1071 1314 est.
1105 1261 1182 1314 Ex
1213 1260 1297 1314 his
1335 1261 1684 1314 manifestum
1721 1262 1796 1320 fit.
1825 1262 1880 1314 in
1913 1259 2032 1313 uni-

464 1361 595 1415 tate,
639 1366 744 1419 qne
778 1367 938 1420 supra
978 1353 1338 1406 substantiam
1379 1366 1482 1418 eat,
1526 1368 1633 1408 non
1683 1369 1840 1422 posse
1888 1353 2033 1406 acci-

461 1444 596 1494 dens
619 1443 844 1505 versari,
874 1457 1048 1512 neque
1073 1445 1367 1498 secundum
1409 1445 1680 1510 habitum,
1739 1460 1910 1512 neque
1947 1459 2034 1500 se-

461 1535 694 1586 cundum
725 1533 800 1603 (τι)
820 1536 1246 1604 dispositionem,
1293 1553 1466 1604 neque
1514 1537 1808 1592 secundum
1854 1536 2034 1606 operi-

463 1634 705 1680 mentum
729 1627 836 1692 (t),
865 1640 1039 1694 neque
1088 1627 1384 1682 secundum
1424 1629 1896 1684 snbexsistentiam
1935 1629 2034 1698 ib),

464 1735 637 1788 neque
657 1721 948 1774 secundum
971 1722 1436 1789 consequentiam.
1465 1719 1520 1774 Si
1567 1727 1746 1775 autem
1781 1730 2033 1786 tanquam

465 1813 721 1867 accidens
749 1811 988 1874 dicatur,
1020 1825 1152 1866 voce
1182 1823 1340 1866 tenus
1372 1819 1578 1864 tantum
1613 1812 1907 1864 secundum
1939 1826 2032 1864 eo-

464 1904 780 1969 gitatiouem
819 1902 1136 1965 humanam,
1176 1903 1305 1971 quia
1336 1902 1536 1957 dicitur
1579 1911 1813 1967 tantum,
1841 1911 2029 1957 osten-

463 1994 608 2047 ditur
636 2010 649 2046 :
681 2008 854 2060 neque
893 1993 1230 2047 diﬂerentias
1263 1993 1648 2048 substantiales
1681 1993 1826 2063 pium
1860 2003 1942 2048 est
1976 1994 2028 2046 in

467 2088 568 2141 hac
595 2085 864 2140 Trinitate
891 2085 1326 2156 intelligere;est
1349 2094 1529 2140 autem
1557 2094 1813 2140 extremae
1844 2084 2033 2153 impie-

464 2179 591 2232 tatis
621 2179 932 2246 excogitare
961 2177 1102 2234 aliud
1134 2179 1187 2234 in
1209 2179 1340 2243 hac;
1361 2177 1505 2232 aliud
1529 2178 1676 2232 enim
1716 2178 1769 2232 in
1803 2177 1931 2238 alio.
1966 2188 2024 2232 et

461 2282 719 2338 tanquam
752 2269 804 2322 in
830 2267 1092 2339 subjecto,
1122 2270 1353 2338 denique
1378 2271 1630 2324 accidens
1659 2268 1729 2339 (c)
1767 2283 1942 2339 neque
1978 2270 2030 2322 in

462 2357 800 2426 incorporeis
832 2361 1102 2414 caelitibus
1125 2357 1202 2430 (2)
1227 2359 1426 2431 abipsa
1459 2360 1677 2429 creatis,
1695 2360 1786 2431 qui
1806 2360 2032 2415 materia

462 2459 681 2512 vacant,
720 2451 897 2506 locum
940 2449 1127 2506 habet.

1061 2569 1287 2629 CAPUT
1327 2571 1392 2626 Ill
1419 2611 1433 2626 .

465 2656 619 2724 Quod
646 2658 700 2715 in
729 2663 953 2724 unitate,
989 2675 1104 2726 qua:
1138 2675 1298 2726 supra
1331 2658 1678 2713 substantiam
1701 2670 1800 2723 est,
1828 2675 1931 2714 non
1953 2669 2032 2713 est

536 2734 823 2797 quaerenda
846 2730 1033 2798 ubique
1059 2729 1358 2797 differentia
1382 2746 1580 2785 cauare.
1611 2739 1660 2782 et
1692 2746 1904 2782 causam
1936 2734 2036 2781 tia-

537 2799 726 2862 bentis,
750 2800 835 2852 ubi
868 2809 1003 2852 ex'se
1024 2799 1138 2866 ipsa
1167 2801 1360 2852 dicitur
1379 2801 1626 2853 exsistere
1653 2815 1670 2860 ;
1705 2812 1752 2853 et
1790 2802 1875 2853 ubi
1902 2814 1965 2852 ex
1984 2815 2037 2852 se

538 2871 658 2934 ipsa
709 2871 884 2937 prodit
921 2885 1019 2921 suo
1056 2871 1291 2938 euergio,
1328 2870 1430 2922 sive
1459 2871 1690 2938 operatio
1717 2909 1728 2926 .
1774 2879 1821 2921 et
1858 2870 1943 2922 ubi
1975 2884 2037 2922 ex

536 2954 591 2991 se
616 2940 751 3007 ipsa,
782 2948 829 2991 et
851 2953 942 3008 per
965 2955 1020 2992 se
1043 2939 1211 3006 ipsum
1247 2938 1314 2990 ad
1339 2941 1563 3005 seipaam
1595 2949 1816 2994 remeat.

536 3029 766 3099 Magnus
795 3029 1082 3099 Dionysius
1111 3044 1232 3100 cap.
1260 3029 1384 3084 90¢
1417 3031 1608 3084 divinis
1639 3029 1864 3087 uomin.:
1896 3030 2035 3097 Quid

2127 621 2292 684 aliud,
2337 631 2692 690 przclerqnatn
2741 636 2961 674 manere
3014 618 3180 672 Deum
3239 619 3288 671 in
3323 618 3513 685 seipse,
3545 618 3659 668 etin

2126 718 2315 767 eodeni
2372 722 2516 766 statu
2548 711 2810 764 immobili
2871 711 3026 764 ﬁrme
3064 709 3230 763 ﬁxum
3262 723 3382 762 esse
3404 718 3457 761 et
3485 722 3656 774 supra-

2128 819 2290 871 quam
2310 802 2590 856 fundatum
2610 818 2731 857 esse
2757 802 3044 866 stabiliter,
3063 810 3119 854 et
3153 799 3441 854 secundum
3469 799 3663 862 eadem,

2148 907 2203 950 et
2235 897 2376 950 circa
2429 895 2568 949 idem
2604 880 2796 963 ipsum,
2841 904 2894 948 et
2923 893 3175 946 similiter
3202 890 3442 959 operari;
3495 897 3543 940 et
3565 904 3664 940 oin-

2131 991 2259 1042 nino
2287 1003 2406 1042 csse
2426 1004 2452 1040 a
2474 1003 2532 1041 se
2557 991 2672 1054 ipso
2691 987 3098 1045 immutabilem,
3125 991 3180 1037 et
3203 999 3304 1036 non
3343 997 3491 1050 posse
3513 991 3666 1032 trans-

2132 1083 2363 1145 mmeri,
2398 1092 2600 1136 etesse
2630 1097 2696 1134 ex
2734 1093 2845 1134 toto
2875 1079 3224 1141 immobilem,
3260 1087 3419 1144 atque
3442 1079 3543 1127 hate
3563 1075 3664 1138 qui-

2132 1176 2252 1230 dem
2293 1191 2456 1243 supra
2487 1175 2868 1228 substantiam.
2907 1175 3046 1226 Idem
3081 1173 3130 1224 iii
3180 1169 3395 1240 hymnis
3419 1171 3668 1221 amatoriis

2132 1284 2194 1321 ex
2229 1267 2290 1323 S.
2319 1265 2645 1320 Hierotheo:
2672 1263 3011 1327 Producens,
3031 1263 3344 1330 inquit,una
3365 1267 3444 1314 est
3469 1257 3666 1326 simplex

2131 1361 2324 1423 virtus,
2393 1374 2487 1430 per
2533 1373 2593 1412 se
2627 1373 2855 1412 movens
2915 1356 2981 1411 ad
3036 1353 3358 1408 amatorium
3411 1351 3667 1418 quamdam

2135 1454 2443 1508 mistionein
2498 1468 2561 1507 ex
2600 1451 2745 1506 bono
2773 1465 2942 1520 usque
2963 1450 3029 1504 ad
3052 1459 3352 1503 extremum
3375 1459 3548 1499 eorum
3571 1459 3670 1509 qua:

2136 1548 2422 1612 exsistunt,
2453 1558 2506 1600 et
2537 1547 2605 1600 ab
2639 1545 2729 1599 illo
2753 1557 2946 1598 rursus
2973 1539 3372 1610 coiisequenter
3397 1552 3485 1605 per
3509 1539 3666 1589 omnia

2137 1641 2203 1694 ad
2234 1641 2453 1701 bonum,
2508 1652 2572 1692 ex
2609 1652 2668 1691 se
2697 1636 2837 1704 ipsa,
2870 1650 2965 1704 per
3018 1649 3079 1688 se
3110 1633 3306 1702 ipsam,
3345 1641 3396 1684 et
3421 1629 3472 1683 in
3493 1644 3548 1682 se
3575 1627 3668 1694 ipsa

2141 1751 2198 1790 se
2240 1734 2412 1799 ipsam
2458 1733 2766 1795 revolvens,
2795 1741 2848 1785 et
2883 1733 2947 1784 ad
2975 1745 3032 1784 se
3059 1732 3231 1799 ipsam
3280 1741 3490 1794 semper
3506 1725 3670 1780 eodem

2136 1826 2295 1881 modo
2337 1835 2639 1880 revertens.
2689 1820 2860 1884 Idem.
2904 1825 2958 1876 in
2989 1821 3217 1890 epistola
3259 1820 3325 1873 ad
3353 1820 3556 1871 Titum:
3597 1818 3671 1870 Sic

2131 1919 2275 1971 enim
2321 1917 2750 1984 contemplantes
2784 1914 3001 1970 scilicet
3053 1913 3314 1984 mysteria
3367 1911 3501 1964 nuda
3537 1911 3670 1969 velis,

2130 2005 2378 2062 venerari
2400 2005 2697 2074 poterimus
2722 2004 2924 2058 fontem
2948 2005 3073 2056 vitae
3093 2003 3342 2056 videntes
3363 2001 3412 2053 in
3441 2014 3498 2053 se
3525 2000 3670 2067 ipsum

2129 2097 2377 2164 ell‘usum,
2400 2107 2450 2151 et
2473 2097 2526 2150 in
2557 2110 2616 2150 se
2642 2097 2760 2167 ipso
2789 2103 3115 2158 manentem,
3139 2103 3194 2146 et
3217 2108 3384 2147 unam
3412 2090 3671 2156 quamdmi

2132 2195 2382 2248 virtutem
2431 2192 2752 2259 simplicem,
2799 2206 2893 2260 per
2915 2204 2974 2244 se
3012 2189 3288 2250 mobilem,
3353 2202 3444 2253 per
3472 2202 3525 2239 se
3560 2201 3673 2246 Ojlt“

2131 2292 2361 2348 rantem,
2393 2301 2665 2352 nunquam
2681 2298 2739 2337 se
2762 2285 2934 2350 ipsam
2965 2280 3455 2347 dere-linquentem.
3480 2278 3673 2330 sed-cu-

2133 2377 2425 2449 gnitionem
2440 2375 2674 2430 omnium
2689 2374 3051 2444 cognitionum
3072 2371 3403 2434 vincentem,
3419 2379 3467 2420 et
3483 2381 3672 2433 semper

2132 2483 2191 2524 se
2209 2469 2378 2538 ipsam
2397 2485 2488 2538 per
2501 2484 2558 2522 se
2572 2468 2739 2536 ipsam
2765 2465 3055 2529 videntem,
3077 2463 3264 2517 Adhuc
3289 2462 3427 2515 idem
3449 2475 3557 2528 cap.
3573 2457 3600 2510 4
3616 2456 3677 2509 De

2134 2562 2326 2617 divinis
2355 2562 2634 2617 nominib.:
2656 2559 2909 2614 Amorem
2937 2573 3083 2621 vero,
3105 2553 3675 2624 inquit,etcharitatcm

2137 2656 2306 2710 Deum
2331 2663 2544 2717 vocant,
2561 2663 2745 2720 ItlpOle
2764 2652 2871 2706 vim
2898 2649 2963 2703 ad
2988 2665 3047 2704 se
3075 2649 3378 2702 adducendi
3405 2645 3677 2701 habentem.

2139 2750 2237 2819 qui.
2261 2749 2412 2803 solus
2441 2758 2523 2802 est
2555 2746 2730 2814 ipsum
2758 2754 2974 2812 prepter
3001 2756 3058 2796 se
3080 2739 3374 2810 pulchrum
3405 2747 3458 2792 et
3487 2737 3677 2794 bonum,

2138 2849 2194 2894 et
2223 2839 2314 2908 qui
2344 2847 2429 2893 est
2483 2837 2563 2889 sui
2611 2850 2704 2904 per
2727 2850 2785 2890 se
2817 2835 2995 2903 ipsum
3055 2830 3375 2901 patelactio,
3417 2838 3471 2883 et
3496 2826 3681 2881 eximite

2143 2932 2508 3005 copulationis
2553 2946 2604 2982 in
2657 2942 2822 2982 unum
2863 2928 3000 2982 bona
3039 2922 3342 2985 emanatio,
3369 2930 3421 2974 et
3449 2916 3680 2973 amatonia
3719 2935 3722 2939 ι

2143 3026 2333 3092 motio,
2354 3021 2606 3093 simplex,
2648 3035 2748 3091 per
2773 3032 2833 3074 se
2861 3015 3096 3084 mobilis,
3139 3028 3235 3085 per
3267 3028 3333 3070 se
3367 3025 3548 3083 agens,
3577 3022 3681 3078 proo

1982 3169 2260 3234 Scholia.

467 3275 735 3347 potentias
763 3273 879 3341 ejus
911 3272 1266 3347 operatrices,
1297 3285 1427 3347 quae
1461 3271 1694 3342 energiae
1742 3270 2024 3336 dicuntur,
2053 3278 2096 3336 c

466 3343 519 3399 et
553 3354 754 3398 motum
798 3344 1069 3412 proprium
1112 3345 1178 3395 ad
1225 3343 1567 3410 operationes
1608 3353 1810 3394 natura:
1861 3356 2026 3409 ange-

470 3415 606 3475 lieai.
637 3425 688 3466 et
721 3413 958 3482 quietem
999 3412 1196 3482 quibus
1243 3412 1552 3480 angelorum
1593 3422 1778 3463 natura
1843 3413 2032 3464 delini-

468 3495 578 3547 tur,
616 3500 712 3552 per
749 3499 807 3537 se
853 3483 980 3535 dicit
1007 3481 1345 3540 subsistere;
1385 3492 1558 3533 motus
1602 3483 1709 3534 dixi
1743 3483 1808 3533 ad
1840 3495 2034 3548 opera-

470 3556 666 3616 tiones,
681 3553 867 3621 quales
895 3563 1016 3606 sunt
1040 3552 1462 3604 ministrationes
1479 3561 1694 3621 propter
1708 3567 1801 3604 eos
1821 3557 1910 3621 qui
1926 3553 2033 3604 lia}-

470 3618 757 3678 reditate'ni
783 3624 999 3689 capiunt
1032 3621 1244 3681 salutis,
1265 3622 1402 3674 sicut
1426 3618 1716 3688 Apostolus
1742 3621 1816 3672 ait
1839 3618 2030 3688 (Hebr.

469 3707 508 3756 ι,
543 3693 651 3756 Mi;
696 3695 822 3744 item
854 3691 1242 3757 contemplatio
1273 3689 1382 3754 Dei,
1405 3701 1456 3743 et
1489 3701 1740 3760 perpetua
1773 3689 2031 3756 laudatio,

468 3773 522 3815 et
560 3763 610 3814 in
631 3762 709 3815 eis
735 3771 900 3823 stare,
935 3761 1324 3828 acquiescere;
1354 3761 1488 3819 huic,
1521 3762 1760 3827 inquam,
1785 3761 2035 3814 substan-

471 3832 618 3884 tialia
647 3841 791 3894 sunt,
822 3831 870 3882 id
899 3838 983 3882 est
1010 3869 1024 3894 ,
1055 3829 1269 3896 propria
1300 3830 1612 3883 substantiae
1641 3845 1860 3883 eorum:
1893 3830 2035 3883 unde

475 3902 580 3953 illis
613 3901 800 3952 tribuit
846 3909 1064 3952 sanctus
1100 3897 1387 3960 Maximus,
1422 3902 1563 3968 quod
1603 3901 1936 3962 substantiae,
1968 3901 2032 3954 ad

469 3985 630 4037 quam
660 3970 952 4034 pertinent,
983 3970 1257 4031 convenit,
1293 3968 1344 4020 id
1379 3979 1484 4030 est,
1515 3985 1609 4037 per
1641 3984 1699 4022 se
1731 3972 2035 4024 subsistere

469 4051 522 4090 et
557 4040 757 4103 vivere,
800 4049 854 4092 et
891 4054 992 4091 non
1031 4053 1124 4107 per
1170 4037 1458 4107 accidens;
1489 4041 1617 4106 quia
1654 4042 1766 4093 haec
1797 4043 1847 4092 iii
1907 4047 2036 4091 sub-

471 4111 666 4162 stantia
707 4108 1021 4176 angelorum
1044 4107 1291 4176 copulata
1330 4120 1454 4162 sunt
1495 4109 1804 4178 μονοειδῶς,
1832 4111 1882 4162 id
1928 4120 2033 4176 est,

472 4181 524 4231 in
559 4194 718 4250 unam
764 4179 1016 4250 unionem
1066 4180 1356 4250 eumipsa,
1395 4180 1560 4250 salvis
1588 4181 1809 4250 alioqui,
1839 4189 1893 4233 et
1927 4196 2032 4232 non

469 4248 711 4302 confusis
742 4248 988 4317 propriis
1007 4247 1306 4301 ratiOaibus
1335 4249 1692 4317 singulorum,
1715 4247 1787 4303 ἰιι
1839 4253 2035 4304 ibidem

470 4317 546 4372 ait
581 4319 905 4387 Dionysius:
944 4315 1048 4370 alia
1107 4326 1189 4372 est
1231 4318 1376 4372 enim
1429 4315 1568 4372 ratio
1601 4321 1948 4387 proprietatis
1985 4331 2038 4372 et

471 4391 572 4440 alia
603 4389 946 4450 substantias,
970 4389 1128 4456 cujus
1158 4396 1238 4442 est
1271 4389 1591 4457 proprietas,
1629 4404 1747 4456 quin
1773 4399 1854 4443 est
1885 4389 2030 4444 acci-

471 4461 604 4510 dens
623 4471 715 4526 per
737 4471 815 4520 se,
835 4458 948 4510 sive
970 4459 1270 4526 proprium;
1289 4458 1365 4510 sic
1385 4458 1547 4510 etiam
1571 4458 1780 4511 locutus
1797 4470 1878 4512 est
1899 4459 2039 4513 Sim-

473 4524 682 4596 plicius,
706 4541 863 4593 quem
887 4527 944 4579 S.
971 4524 1167 4580 Thom.
1195 4528 1247 4578 in
1279 4529 1370 4579 illo
1387 4535 1490 4579 art.
1519 4528 1852 4596 quaestionis,
1875 4543 2036 4596 quam

2198 3271 2274 3341 (’l)
2299 3267 2561 3341 Accidens
2592 3266 2644 3320 id
2672 3275 2775 3327 est,
2803 3264 2941 3316 κατὰ
2963 3259 3280 3341 ςιεριϐρλὴν,
3321 3260 3372 3313 id
3395 3264 3686 3341 est,_serim-

2135 3327 2270 3395 dninl
2298 3340 2718 3409 operimentum,
2762 3345 2846 3409 est
2875 3333 2977 3400 tegi
3009 3327 3373 3409 eitrinsecns,
3415 3327 3682 3409 lll_!|tl‘i)€l'l',

2136 3397 2533 3472 indumentum,
2580 3407 2721 3474 quod
2766 3405 2833 3459 ad
2870 3397 3199 3475 cziiegoriani
3280 3397 3508 3452 habendi
3545 3407 3684 3475 perti-

2136 3491 2267 3546 net;
2305 3482 2371 3534 de
2417 3467 2878 3546 hoc'Aihanasins
2935 3467 3095 3542 paulo
3141 3479 3290 3546 ante,
3330 3483 3497 3546 cap.i
3553 3467 3686 3531 hujus

2139 3539 2360 3607 decadis
2400 3565 2414 3603 :
2442 3548 2707 3601 Accidens
2741 3545 2884 3598 κατὰ
2937 3539 3370 3612 ἓιιαρυφξσταγσιν,
3407 3539 3455 3588 id
3483 3546 3684 3612 est._5e-

2139 3621 2374 3676 cnndum
2441 3616 2942 3688 subexsistentiam,
2998 3607 3682 3688 e'st'aecidens.setiundum

2141 3692 2544 3759 privationem,
2582 3698 2638 3740 ut
2663 3676 2951 3759 invisibile,
2987 3683 3242 3759 tenebrae,
3269 3689 3326 3759 et
3349 3676 3686 3759 similiaapri-

2135 3749 2286 3812 vatio
2312 3762 2456 3812 enim
2483 3749 2565 3809 est
2591 3757 2816 3812 omnino
2856 3769 2962 3808 non
3000 3767 3116 3815 ens,
3153 3753 3276 3818 quia
3315 3749 3469 3801 habet
3514 3749 3658 3798 suber

2135 3831 2440 3884 sistenliam
2469 3829 2521 3881 in
2542 3827 2750 3886 habitu,
2780 3823 2934 3898 cujus
2962 3833 3045 3898 est
3069 3821 3323 3898 privatio,
3356 3830 3411 3898 et
3437 3827 3682 3898 perquetu

2141 3899 2520 3968 cognoscitur;
2561 3909 2618 3951 ut
2647 3890 2867 3968 tenehra
2902 3896 2952 3947 in
2993 3896 3132 3953 luce,
3156 3890 3317 3968 cujus
3353 3890 3594 3968 absentia
3616 3893 3682 3934 est

2143 3954 2386 4031 teiiebra,
2419 3954 2538 4037 qua:
2563 3965 2908 4037 cognoscitur
2943 3954 3325 4028 cognoscendo
3355 3961 3525 4037 lucem
3552 3954 3685 4037 abes:

2141 4055 2222 4093 se.
2260 4023 2530 4092 Accidens
2570 4023 2714 4090 καῗτὰ
2754 4023 3116 4101 συνέκφανῖιιν
3160 4024 3246 4084 est
3270 4029 3523 4101 accidens
3563 4023 3681 4092 quod

2141 4109 2506 4182 Consequitur
2530 4117 2806 4182 naturam,
2841 4100 2982 4182 quoii
3016 4111 3244 4182 vocatur
3289 4100 3550 4182 accidens
3577 4107 3680 4182 puti:

2143 4172 2343 4248 prium,
2367 4180 2509 4248 quod
2543 4193 2609 4231 ex
2631 4176 2922 4248 principiis
2942 4173 3192 4248 essentia:
3226 4172 3302 4224 rei
3337 4172 3600 4248 nascitur;
3623 4172 3679 4214 ita

2141 4239 2489 4302 utdecl'arata
2520 4239 2737 4309 natura,
2767 4239 2929 4301 simul
2952 4245 3260 4297 declaretur
3280 4239 3422 4307 quod
3448 4249 3684 4314 panico"-

2143 4321 2414 4386 sequitur,
2446 4329 2503 4372 ut
2536 4307 2738 4372 risibile
2768 4315 3118 4386 consequitur
3145 4307 3680 4386 ᾔιιιιιιιηιιιιλιιοιιιὶιιξες

2146 4375 2506 4443 Dainascenus
2530 4398 2681 4441 vocat
2700 4375 3079 4455 παριπόρξενον
3107 4383 3172 4450 τῇ
3205 4379 3387 4447 φύσει.
3407 4375 3550 4454 Quod
3578 4375 3682 4455 alie-

2143 4473 2274 4512 num
2327 4461 2488 4512 etiam
2522 4470 2606 4512 est
2633 4474 2660 4510 a
2691 4444 2823 4520 Deo,
2850 4444 2945 4523 qui
2985 4444 3432 4526 ςειξιῖριῖεηιιιίηυ
3463 4444 3678 4526 ,δίηξνιει

2146 4539 2358 4580 natura.
2389 4529 2526 4582 Cum
2557 4542 2685 4596 ergo
2715 4521 2946 4596 dicimus
2995 4524 3051 4596 in,
3082 4521 3190 4596 Dee
3213 4535 3333 4573 esse
3359 4521 3677 4596 sapientiam,

474 4585 646 4670 paulo
665 4585 790 4670 ante
812 4596 944 4670 dixi,
969 4599 1120 4670 citat,
1139 4596 1237 4650 etsi
1261 4611 1364 4650 non
1394 4585 1614 4670 probat:
1648 4585 1921 4670 Sapientia
1940 4615 2036 4650 an-
2073 4615 2116 4670 ι)
2145 4599 2430 4668 justitiam,
2458 4608 2512 4651 et
2547 4585 2649 4650 alia
2677 4595 2872 4670 similia
2896 4595 2944 4647 ei
2969 4593 3282 4670 tribuimus,
3307 4595 3384 4670 ita
3410 4585 3680 4670 loquimur:

476 4678 604 4730 teni,
636 4665 810 4730 inquit
835 4665 1165 4732 Simplicius,
1195 4682 1311 4734 qua:
1372 4675 1454 4720 est
1486 4665 1540 4718 in
1582 4667 1760 4718 anima
1785 4707 1799 4728 ,
1824 4668 2037 4720 habitus

476 4746 559 4787 est
594 4752 607 4797 ;
650 4750 768 4800 quae
799 4735 1068 4790 auteniin
1102 4735 1375 4790 intellectu
1413 4736 1487 4801 (id
1521 4745 1625 4801 est,
1660 4739 1710 4788 in
1736 4736 2038 4790 substantia

458 4804 846 4875 .intellectuali)
872 4806 1172 4858 substantia
1223 4817 1303 4859 est
1333 4821 1348 4870 ;
1381 4807 1740 4861 substantiam
1783 4808 2042 4876 dixitpro

474 4891 539 4928 eo
555 4875 797 4945 quodest
815 4876 1221 4942 substantialis;
1246 4876 1324 4930 sic
1341 4877 1481 4928 enim
1522 4875 1919 4945 intelligendum
1939 4875 2042 4939 est,

475 4955 534 4996 ut
573 4947 631 4997 5.
666 4943 933 4999 Maximus
996 4945 1292 5010 intellexit,
1332 4945 1596 5014 siquidem
1662 4943 2039 5014 substantialis

476 5014 722 5083 ptiilosop
745 5015 819 5080 bi,
871 5025 930 5068 ut
963 5027 1116 5067 antea
1150 5015 1283 5079 dixi,
1318 5026 1370 5068 et
1399 5012 1467 5067 ut
1496 5014 1635 5068 idem
1666 5012 1724 5067 S.
1778 5014 2040 5069 Maximus

477 5088 700 5146 notavit,
747 5094 810 5136 ait
867 5086 1220 5139 substantiam
1265 5087 1526 5149 referunt,
1572 5093 1624 5136 et
1662 5089 1762 5136 huc
1821 5087 2040 5138 nomine

475 5157 788 5208 substantia:
813 5156 898 5208 illa
927 5155 1388 5220 comprehendunt
1411 5193 1425 5217 ,
1455 5156 1651 5222 altoqui
1676 5156 1814 5208 idem
1846 5157 1906 5210 ὃ.
1932 5154 2043 5207 Ma-

479 5239 652 5278 x'mns
669 5241 786 5293 cap.
821 5241 855 5290 ι,
889 5223 962 5277 De
992 5225 1178 5277 divinis
1199 5225 1475 5287 uominib.,
1505 5222 1793 5276 Setendunt
1825 5237 1931 5286 est,
1961 5227 2042 5277 iii-

478 5305 614 5362 quit.
655 5301 792 5362 quod
813 5295 954 5348 aliud
986 5307 1068 5349 est
1100 5295 1422 5359 substantia,
1451 5295 1594 5346 aliud
1625 5297 1859 5362 putentia
1881 5311 1895 5358 ;
1921 5296 2046 5348 sub-

476 5359 682 5417 stantia
705 5367 846 5418 enim
872 5376 956 5420 est
983 5379 1047 5419 ex
1075 5365 1140 5417 iis
1165 5379 1282 5433 qua:
1303 5368 1486 5433 per'se
1520 5359 1815 5433 exsis‘lunt,
1849 5376 2038 5434 poten-

475 5435 548 5490 tia
585 5449 710 5489 Vero
756 5452 820 5489 ex
853 5436 921 5490 iis
950 5453 1068 5505 qua:
1097 5435 1171 5490 in,
1198 5436 1304 5488 alio
1328 5447 1472 5489 sunt.

546 5645 620 5712 (τι)
667 5643 736 5698 Ut
761 5662 882 5700 cum
918 5645 1055 5702 Deus
1079 5646 1278 5701 dicitur
1307 5647 1542 5713 indutus,
1574 5663 1677 5701 non
1709 5644 2048 5718 significatur

477 5718 722 5787 ιιῡι-ιιιοιιε
745 5733 808 5769 ex
846 5718 1112 5787 categoria
1151 5719 1370 5771 habere.
1718 5743 1720 5745 ν

554 5786 626 5850 ibi
661 5785 730 5839 Ut
760 5785 1092 5854 privationes
1122 5791 1490 5842 suhexsistnnt
1523 5789 1575 5842 in
1617 5788 1907 5842 habilibus.

557 5847 898 5924 (ciAecidens
926 5860 1159 5925 scilicet,
1191 5858 1333 5928 quod
1358 5862 1638 5915 materiam
1669 5847 2061 5927 conscquitnr,‘

2148 4659 2204 4721 ἱιι
2241 4659 2442 4721 assueti
2504 4683 2691 4720 sumus
2741 4664 3008 4735 cu‘gitare;
3039 4663 3166 4730 quia
3193 4659 3490 4735 intellectus
3527 4663 3682 4735 noster

2150 4753 2254 4791 non
2287 4753 2372 4791 res
2423 4739 2720 4791 secundum
2767 4726 2999 4787 modum
3037 4726 3247 4795 earum,
3281 4727 3375 4782 sed
3417 4726 3678 4779 secundum

2153 4808 2368 4860 moduni
2392 4824 2546 4860 suum
2577 4807 2856 4876 intelligit;
2885 4806 3066 4868 itaque
3087 4815 3216 4855 voce
3244 4809 3299 4853 et
3321 4797 3582 4876 locutione
3607 4803 3680 4876 stlt-

2152 4880 2388 4929 cunduni
2425 4882 2714 4930 humanam
2738 4873 3145 4944 cogitationem,
3175 4885 3336 4937 quant
3365 4873 3430 4920 de
3449 4873 3678 4944 creaturis

2155 4947 2339 5008 habet,
2387 4950 2688 5001 accidentia
2723 4935 3014 4998 tribuimus
3047 4935 3323 5007 Deo,_non
3357 4949 3532 4989 autem
3555 4946 3607 4984 re
3637 4935 3679 4980 et

2139 5019 2386 5069 veritate.
3210 5081 3219 5083 _
3307 5077 3335 5083 _
3531 5072 3542 5083 ,

2213 5085 2291 5154 (2)
2334 5087 2592 5140 Accidens
2646 5101 2808 5157 neque
2841 5086 2898 5138 in
2931 5081 3271 5150 incorporeis.
3307 5077 3377 5132 De
3403 5148 3407 5152 ν
3434 5071 3679 5157 accideujf‘

2145 5150 2416 5210 communi
2447 5159 2586 5224 quod
2615 5150 2898 5210 materiam
2917 5162 3292 5222 consequutur,
3319 5150 3458 5216 qui)“
3490 5151 3679 5224 979?“?

2147 5226 2350 5280 dicitur
2383 5213 2505 5282 esse
2524 5229 2576 5281 in
2604 5229 2870 5294 subjecto,
2892 5213 3299 5297 intelligendum
3314 5213 3396 5297 ea}
3416 5213 3678 5297 iam“???

2147 5297 2292 5368 enini
2359 5301 2639 5366 proprium
2679 5290 2852 5366 ipsius
2890 5290 3105 5368 natura:
3141 5290 3546 5368 potiusdieitur

2151 5355 2530 5430 substantiale,
2554 5355 2716 5436 quani
2739 5382 2861 5419 esse
2888 5367 2939 5418 in
2969 5355 3230 5434 subjecto,
3261 5363 3378 5429 quia
3410 5372 3511 5411 non
3532 5355 3681 5422 petesi

2154 5442 2342 5510 adesse
2363 5447 2416 5490 ct
2435 5439 2626 5492 abesse
2654 5455 2681 5490 a
2716 5436 2977 5505 subjecto.

2161 5647 2212 5702 id
2247 5659 2348 5713 est,
2376 5649 2627 5703 accidens
2677 5664 2996 5719 corporeum
3013 5665 3037 5719 7:
3067 5655 3215 5719 quia
3251 5629 3470 5719 angelus
3492 5651 3591 5719 non
3612 5641 3679 5719 est

2159 5708 2474 5800 Cttrtmtcus,
2512 5730 2563 5776 cl
2593 5708 2975 5776 multo-minus
3005 5708 3166 5786 Deus,
3205 5708 3387 5773 inio'in
3435 5708 3672 5767 inﬁnitum

2159 5807 2355 5845 minus.
