3780 6582
201 417 343 495 969

997 399 1238 465 DECAS
1280 400 1354 467 X.
1401 422 1466 438 -
1531 398 1629 459 DE
1669 398 1959 479 DIVINA
1986 394 2546 463 SIMPLICITATE.

3293 402 3402 467 970
3493 356 3505 367 ’

192 542 322 596 diens
354 533 401 587 in
429 527 583 588 bono.
620 526 674 577 et
693 534 756 575 ex
787 515 932 575 bono
960 519 1014 573 in
1040 525 1324 575 creaturas
1370 532 1623 581 manans,
1657 522 1709 571 et
1736 514 1785 576 Α
1813 526 1897 572 est
1925 516 2142 588 prodire
2165 533 2229 574 ex
2260 532 2322 574 se
2349 534 2464 590 ipsa
2491 519 2607 574 sine
2640 517 2921 587 distantia,
2943 525 3000 575 et
3047 518 3165 575 sine
3212 514 3399 587 causa;
3494 514 3500 520 ’

192 641 352 689 rursus
374 623 421 677 in
449 619 637 674 bonum
678 626 948 679 remeans,
982 612 1036 667 in
1070 626 1179 682 quo
1206 622 1259 667 et
1286 612 1394 669 (ine
1425 621 1480 667 et
1506 609 1711 682 princi-

189 724 262 793 pio
285 728 451 773 carere
479 708 689 764 divinus
723 719 877 761 amor
910 704 1128 776 egregie
1166 704 1529 771 demonstrat,
1569 704 1712 760 sicut

186 808 373 881 quidam
398 807 675 872 perpetuus
699 804 753 852 et
779 796 1149 864 sempiternus
1179 796 1334 851 orbis
1350 803 1572 866 propter
1611 796 1710 850 bo-

155 916 292 956 ‘num
318 888 654 950 conversione
685 887 961 941 inerrante
996 902 1059 943 se
1094 885 1556 959 circumvolvens,
1577 894 1631 942 et
1661 886 1712 940 in

183 992 343 1049 eodem
366 982 649 1042 secundum
668 978 809 1035 idem
838 988 893 1034 et
923 980 1223 1051 procedens
1256 993 1489 1050 semper,
1519 988 1574 1035 ct
1597 993 1716 1033 ma-

183 1096 314 1147 nens,
341 1083 698 1134 etrevertens.
743 1071 981 1129 Sanctus
1003 1070 1276 1127 Maximus
1324 1072 1384 1127 in
1406 1070 1634 1127 scholiis
1663 1070 1715 1124 in

181 1170 460 1243 Dionysium
495 1166 614 1230 αἱ,
653 1165 727 1220 De
755 1164 947 1219 divinis
980 1164 1232 1220 nominib.
1256 1181 1271 1218 :
1296 1162 1352 1219 in
1401 1163 1718 1219 universum

181 1268 318 1339 igitur
341 1277 442 1317 non
488 1268 572 1315 est
600 1260 911 1315 audendum
951 1257 1099 1328 loqui
1148 1271 1323 1327 neque
1379 1256 1622 1326 cogitare
1652 1252 1719 1309 de

176 1356 427 1413 divinitate
468 1365 633 1421 supra
664 1351 1052 1417 substantiam,
1090 1360 1146 1407 et
1201 1342 1408 1405 abdita.
1453 1347 1720 1404 Divinitas

176 1452 299 1508 enim
328 1446 484 1504 solius
515 1443 606 1499 Dei
647 1442 906 1499 omnibus
936 1442 1151 1500 occulta
1201 1442 1375 1497 virtus
1411 1450 1496 1497 est
1551 1440 1719 1511 Θεαρ-

178 1541 288 1614 χικὴ
335 1553 515 1594 eorum
556 1536 651 1606 qui
717 1535 790 1592 dii
837 1534 1124 1604 dicuntur,
1188 1544 1303 1589 tum
1342 1532 1551 1605 angeli,
1604 1542 1717 1587 tum

178 1631 417 1696 homines,
498 1632 769 1695 quatenus
840 1622 1090 1679 eﬂ‘ectrix
1184 1630 1268 1677 est
1374 1634 1562 1677 eorum
1628 1618 1718 1689 qui

174 1718 558 1795 participatione
640 1715 950 1772 elliciuntur
1019 1715 1148 1784 dii;
1218 1714 1358 1785 ipsa,
1417 1727 1721 1783 quievere

172 1832 228 1872 ex
251 1828 304 1870 se
327 1822 378 1868 et
403 1813 518 1867 sine
547 1824 719 1866 causa
749 1817 832 1865 est
856 1824 955 1881 per
978 1822 1041 1865 se
1070 1806 1356 1863 divinitas.
1422 1806 1718 1877 Gregorius

172 1906 448 1977 Theologus
476 1921 491 1961 :
521 1903 591 1959 Et
617 1902 684 1958 ad
706 1917 902 1969 unum,
933 1915 1127 1957 eorum
1159 1899 1252 1970 qui
1281 1916 1346 1956 ex
1388 1900 1528 1970 ipso,
1588 1913 1720 1954 con-
1759 1889 1798 1944 Β

167 2015 356 2059 sensus.
383 1998 552 2065 Quem
586 1997 769 2053 locum
804 2009 927 2052 cum
985 1993 1239 2051 edisserit
1281 2003 1503 2049 sanctus
1552 1990 1722 2046 Maxi-

167 2091 449 2151 mus:Nisi
476 2089 663 2157 fallor,
688 2088 888 2158 inquit,
927 2101 1091 2143 unam
1154 2086 1287 2144 dicit
1340 2085 1719 2149 divinitatem;

66 2218 69 2221 -
164 2200 219 2239 ex
250 2184 357 2254 ipso
380 2188 558 2236 autem
582 2194 690 2236 uno
716 2191 826 2236 tres
866 2192 1153 2250 personas.
1215 2175 1444 2233 Divinus
1530 2175 1723 2229 Dama-

166 2289 387 2334 scenus:
439 2272 794 2346 Divinitatem
819 2272 875 2328 in
932 2272 1106 2329 tribus
1160 2270 1559 2345 splendentem.
1616 2285 1724 2323 uno

164 2366 431 2437 splendore
451 2380 515 2422 ex
559 2380 670 2419 una
697 2364 995 2421 Divinitate
1036 2363 1198 2418 trium
1237 2377 1595 2432 personarum
1624 2362 1724 2416 ful-

160 2471 331 2529 gente.
352 2455 571 2512 Patrem
597 2457 719 2512 sine
740 2456 1031 2527 principio,
1056 2455 1301 2525 ejusdem
1335 2466 1545 2513 natura:
1592 2452 1723 2508 Ver-

160 2552 268 2607 bum
292 2548 488 2627 Patris,
522 2558 583 2605 et
615 2560 1044 2620 conregnantem
1103 2548 1350 2618 ejusdem
1402 2548 1725 2604 substantiae

157 2643 416 2715 Spiritum.
445 2642 697 2700 Sanctus
716 2639 1081 2713 Theophanes
1114 2660 1127 2696 :
1154 2639 1334 2695 Unum
1362 2641 1520 2696 trium
1552 2640 1724 2709 fulgo-

156 2751 253 2793 rem
275 2735 663 2792 subsistentem
677 2747 742 2790 ex
757 2748 859 2788 una
884 2734 1239 2803 prodeuntem
1258 2732 1559 2797 divinitate,
1582 2731 1721 2787 idem

152 2830 310 2889 tribus
346 2830 658 2904 fulgoribus
689 2828 981 2900 splendens
1008 2842 1073 2884 ex
1105 2843 1212 2883 una
1253 2827 1539 2884 divinitate
1592 2842 1722 2897 pro-

153 2924 438 2981 deuntibus.
463 2922 531 2978 Et
574 2925 814 2980 iterum:
853 2920 1138 2992 Tanquam
1179 2923 1329 2978 enim
1371 2936 1436 2977 ex
1458 2935 1564 2977 uno
1608 2922 1725 2977 sole

153 3016 370 3075 Trinitas
406 3017 732 3088 splendens.
799 3015 859 3072 In
890 3016 1033 3072 actis
1078 3023 1253 3071 sextae
1308 3015 1501 3087 synodi
1567 3028 1722 3070 oecu-

152 3113 379 3177 Ienicm,
412 3110 725 3182 Utriusque
752 3120 984 3177 natura,
1047 3109 1244 3179 inquit,
1280 3119 1569 3179 utramque
1596 3124 1723 3178 ope-

1819 619 1874 667 et
1902 612 2022 669 sine
2054 612 2352 679 divisione;
2389 622 2447 668 ut
2465 614 2511 668 si
2534 620 2678 669 esset
2702 612 2877 669 virtus
2893 638 2897 642 ι
2912 611 3406 682 (ιυωᾶτιιιιλιδεοιιι.

1824 714 1896 773 ta,
1920 713 1975 762 et
1990 715 2165 764 motus
2190 706 2443 777 simplex:
2468 722 2565 778 per
2578 705 2657 763 sei
2675 720 2825 776 psam
2847 706 3077 771 mobilis,
3090 710 3189 777 per
3201 722 3263 764 se
3277 723 3365 777 opt
3377 733 3406 751 α

1824 813 1972 865 rans,
2003 816 2070 856 ex
2092 815 2150 857 se
2173 802 2308 872 ipsa,
2334 816 2431 871 per
2452 814 2511 856 se
2543 799 2732 871 ipsam,
2754 800 2818 855 ad
2843 815 2903 855 se
2929 800 3100 869 ipsam
3121 812 3404 859 revertens

1823 901 1878 947 et
1897 891 1965 949 ad
1993 894 2167 963 ipsam
2191 906 2406 963 semper
2442 894 2635 948 eodem
2670 893 2829 948 modo
2876 907 2937 949 se
2966 891 3246 949 revolvens
3275 933 3290 959 ,
3344 904 3403 951 et

1825 986 2187 1042 conversione
2225 986 2503 1041 inerrante
2562 985 2913 1041 circumiens.
2981 985 3157 1042 Simul
3219 996 3402 1043 tamen

1826 1083 2263 1136 demonstratum
2296 1090 2507 1135 estnon
2528 1089 2780 1151 oportere
2834 1080 3149 1152 ubicunque
3196 1081 3403 1151 aliquid

1827 1187 1892 1229 es
1921 1172 2106 1241 aliquo
2136 1169 3035 1245 dicitur,qu:erere-dili‘erentiam
3090 1185 3292 1234 causae,
3351 1179 3408 1225 et

1827 1276 1894 1315 ex
1923 1274 2084 1316 causa
2109 1259 2542 1329 proﬁciscentis;
2568 1258 3030 1323 demonstratum,
3056 1260 3298 1329 inquam,
3325 1267 3409 1314 est

1827 1366 1935 1408 non
1961 1351 2135 1408 solum
2171 1366 2237 1407 ex
2273 1352 2340 1406 iis
2364 1365 2484 1420 quae
2506 1350 2659 1420 prius
2689 1349 2951 1416 diximus,
2977 1351 3071 1406 sed
3101 1352 3267 1421 etiam
3333 1365 3403 1406 ex

1830 1446 1897 1501 lis
1925 1460 2044 1515 qua:
2073 1445 2234 1500 modo
2267 1442 2513 1514 subjecta
2554 1450 2707 1510 sunt,
2729 1441 2929 1512 quibus
2952 1442 3259 1498 ostenditur
3274 1456 3408 1497 con-

1828 1537 2092 1594 ntendum
2123 1550 2244 1593 esse
2278 1544 2391 1592 tres
2450 1548 2716 1606 personas
2775 1548 2840 1590 ex
2936 1548 3044 1589 una
3118 1533 3409 1589 divinitate

1828 1630 2069 1701 prodire.
2107 1629 2165 1683 Si
2190 1643 2320 1701 ergo
2350 1628 2457 1685 dici
2489 1643 2555 1686 ex
2577 1628 2782 1698 aliquo,
2814 1627 3019 1698 ubique
3041 1625 3407 1682 differentiam

1828 1737 2029 1787 causae,
2053 1730 2109 1776 et
2160 1736 2384 1777 causam
2421 1719 2709 1787 habentis,
2771 1718 3166 1786 introduceret,
3215 1734 3411 1776 neces-

1830 1815 1975 1872 sario
2005 1824 2115 1869 tota
2141 1812 2385 1868 Trinitas
2407 1826 2631 1869 causam
2662 1812 2933 1876 haberet;
2962 1802 3182 1883 ex'quo
3228 1813 3408 1877 ﬁeret,

1828 1917 1887 1963 ut
1914 1907 2075 1963 Pater
2095 1908 2148 1962 in
2185 1906 2454 1962 Trinitate
2478 1919 2543 1961 ex
2574 1919 2738 1961 causa
2796 1904 3078 1975 proiectus
3118 1915 3303 1970 esset;
3355 1917 3406 1958 :tl

1829 2001 1932 2057 hoc
1960 2000 2259 2055 absurdum
2297 2007 2402 2053 est.
2446 1996 2563 2054 Non
2619 1998 2784 2068 igitur
2826 1998 2936 2067 jam
2991 1997 3308 2069 ubicunque
3341 2012 3407 2052 ex

1828 2091 2033 2161 aliquo,
2060 2089 2115 2145 in
2150 2089 2350 2145 divinis
2375 2088 2597 2155 dicitur,
2637 2088 2713 2144 ibi
2754 2074 3066 2145 dilicrentia
3131 2103 3330 2155 causae,
3359 2097 3412 2143 et

1828 2199 1892 2238 ex
1957 2198 2123 2238 causa
2184 2181 2595 2252 proﬁciscentis
2657 2182 2998 2250 ostenditur;
3040 2198 3106 2239 ac
3145 2191 3407 2253 praeterea

1829 2277 2048 2346 prodire
2071 2276 2124 2330 in
2175 2275 2374 2331 divinis
2420 2276 2539 2329 sine
2590 2274 2863 2331 divisione
2918 2275 3258 2330 tantumdem
3304 2285 3410 2340 est,

1827 2379 2090 2441 quantum
2140 2369 2261 2423 sine
2310 2368 2595 2434 distantia,
2637 2369 2757 2424 sive
2812 2366 3141 2434 diﬂerentia,
3190 2378 3246 2422 et
3297 2358 3416 2423 sine

1828 2477 1993 2516 causa
2015 2475 2159 2527 esse,
2194 2460 2461 2530 siquidem
2486 2460 2663 2528 quoad
2690 2456 3043 2525 Trinitatem,
3088 2473 3210 2535 quae
3245 2474 3410 2529 supra

1827 2553 2188 2610 substantiam
2238 2561 2341 2619 est,
2397 2562 2667 2621 quatenus
2734 2549 2978 2607 Trinitas
3026 2551 3248 2618 colitur,
3305 2568 3411 2606 nnn

1830 2646 1991 2703 habet
2017 2648 2147 2702 inea
2170 2645 2348 2700 locum
2403 2645 2463 2697 τὸ
2519 2642 2850 2712 ἀδιαίρετον,
2878 2643 2935 2699 id
2968 2655 3076 2711 est,
3127 2643 3258 2699 illud
3299 2644 3416 2700 sine

1827 2738 2114 2804 divisione,
2152 2738 2283 2807 quin
2347 2738 2529 2806 potius
2576 2735 2839 2791 dividitur
2875 2735 3152 2792 diviniset
3206 2736 3417 2792 deilicis

1828 2832 2120 2905 personis:
2153 2831 2390 2899 eritque,
2417 2837 2696 2897 quatenus
2736 2826 2979 2883 Trinitas
3005 2838 3111 2895 est,
3139 2842 3270 2884 vere
3303 2830 3416 2886 dis-

1827 2937 1973 2983 creta
2008 2924 2269 2988 Trinitas,
2329 2921 2504 2978 sicubi
2558 2935 2685 2976 vero
2748 2920 2963 2976 dicatur
3010 2920 3255 2978 Trinitas
3303 2936 3415 2976 non

1827 3021 2030 3085 divisa,
2085 3033 2189 3072 non
2227 3026 2497 3087 quatenus
2520 3013 2763 3070 Trinitas
2790 3014 3009 3080 dicitur,
3032 3015 3126 3070 sed
3150 3023 3417 3085 quatenus

1831 3114 1945 3184 ipsa
1974 3110 2216 3164 Trinitas
2240 3110 2424 3165 unitas
2450 3118 2535 3164 est
2564 3124 2579 3173 ;
2611 3107 2780 3177 igitur
2804 3122 2912 3162 non
2941 3121 3064 3164 esse
3094 3108 3416 3165 divisionem

148 3204 396 3261 rationem
418 3206 661 3271 scimus,
693 3202 997 3259 naturalem
1031 3202 1176 3267 dico,
1197 3210 1252 3257 et
1271 3201 1715 3265 substantialem,
1750 3236 1790 3290 ο
1830 3208 1881 3262 in
1899 3204 2083 3261 divina
2113 3205 2343 3264 unitate,
2362 3212 2444 3257 est
2469 3214 2573 3256 non
2592 3211 2713 3254 esse
2734 3197 3099 3256 differentiam
3123 3201 3178 3255 in
3200 3214 3288 3266 ea,
3313 3215 3417 3257 nec

147 3308 194 3353 et
222 3313 512 3369 congruam
555 3298 683 3353 sine
710 3296 976 3353 divisione
999 3296 1076 3370 (i)
1100 3311 1165 3353 ex
1196 3304 1427 3368 utraque
1461 3295 1718 3351 substan-

146 3394 275 3446 tiaet
300 3399 497 3445 natura
560 3389 923 3460 prodeuntem
978 3388 1278 3444 secundum
1346 3388 1721 3458 operationem

144 3491 192 3537 et
217 3483 535 3553 qualitatem
573 3481 899 3538 naturaliter
931 3480 1150 3537 insitam
1190 3479 1265 3552 (a)
1299 3498 1314 3547 ;
1349 3489 1405 3535 et
1436 3480 1596 3535 simul
1626 3496 1725 3534 ne-

142 3592 236 3646 que
262 3575 609 3646 partibilem,
650 3589 825 3647 neque
873 3576 1158 3631 confusam
1224 3574 1538 3630 alterutrius
1595 3575 1726 3630 sub-

88 3656 95 3665 ’
146 3668 347 3724 ειειιιὶιε
382 3668 777 3739 operationem
816 3668 1114 3738 coniuncte
1143 3666 1223 3738 (2)
1261 3667 1566 3733 inductam,
1627 3667 1733 3723 hoc

141 3758 262 3815 facit
296 3758 679 3827 diil'erentiam
703 3760 1085 3829 operationum
1129 3760 1181 3813 in
1216 3758 1459 3827 Christo,
1525 3757 1661 3814 sicut
1680 3769 1736 3814 et

144 3851 501 3909 diﬂ‘erentiam
542 3850 999 3909 naturarum.Ex
1029 3852 1230 3920 quibus
1274 3849 1506 3908 eﬂicitur
1566 3852 1739 3906 mani-

143 3944 352 4012 Iestum,
404 3948 461 4001 in
527 3947 765 4011 unitate,
826 3960 1153 4016 quaesupra
1214 3946 1580 4000 substantiam
1634 3953 1737 4011 est,

142 4052 235 4094 non
286 4052 561 4110 oportere
618 4040 967 4097 considerare
1027 4038 1173 4107 quod
1235 4053 1301 4094 ex
1359 4053 1419 4095 se
1481 4040 1594 4107 ipsa
1648 4055 1743 4094 es-

139 4133 320 4190 sistere
367 4137 586 4192 dicitur
616 4178 630 4201 ,
686 4135 772 4190 vel
830 4150 896 4189 ex
946 4148 1008 4190 se
1059 4134 1175 4203 ipsa
1238 4135 1419 4204 prodit
1462 4139 1742 4205 operatio;

141 4225 215 4280 vel
268 4241 335 4283 ex
406 4243 469 4281 se
527 4230 673 4297 ipsa,
730 4242 825 4297 per
871 4241 930 4283 se
978 4226 1177 4298 ipsam,
1212 4228 1264 4283 in
1307 4243 1367 4283 se
1414 4228 1589 4299 ipsam
1656 4244 1744 4281 rc-

142 4317 369 4375 volvitur
404 4359 422 4384 ,
465 4327 523 4375 et
590 4320 798 4375 idcirco
857 4318 1219 4376 differentiam
1281 4335 1460 4377 causa:
1502 4333 1558 4378 et
1606 4338 1741 4379 cau—

137 4425 244 4466 sam
324 4412 623 4470 habentis
659 4412 874 4483 sequi:
932 4413 1063 4483 quin
1140 4414 1320 4483 potius
1387 4416 1739 4472 manifestum

1824 3292 1945 3355 esse
1973 3310 2191 3352 causam
2216 3295 2351 3363 ejus.

2429 3404 2663 3462 CAPUT
2698 3406 2789 3462 IV.

1836 3550 1988 3617 Quod
2012 3549 2067 3602 in
2094 3546 2296 3600 unitate
2322 3543 2612 3617 Trinitatis
2648 3560 2749 3617 non
2775 3551 2975 3617 oportet
3005 3559 3239 3617 qua'rere
3263 3543 3415 3597 aliud

1903 3620 2278 3678 substantiam,
2318 3626 2363 3667 et
2395 3614 2541 3667 aliud
2571 3614 2838 3676 enerqiam
2862 3615 2967 3667 sive
3017 3615 3369 3682 operationem
3399 3630 3419 3669 :

1906 3705 2068 3757 neque
2094 3689 2198 3757 tegi
2238 3686 2576 3755 homongmia
2612 3682 2753 3738 verbi
2782 3686 3050 3757 energiae,
3085 3699 3177 3737 nec
3235 3685 3421 3738 existi-

1910 3754 2056 3813 mare
2078 3754 2183 3814 non
2245 3759 2383 3813 idem
2434 3754 2546 3811 esse
2566 3757 2621 3810 in
2651 3771 2713 3810 ea
2776 3754 3127 3810 substantiam
3174 3763 3224 3808 et
3273 3772 3421 3809 ener-

1908 3847 2051 3901 gtam
2067 3870 2082 3885 .

1914 3952 2150 4007 Sanctus
2225 3948 2519 4020 Gregorius
2575 3946 2878 4016 Nyssenus,
2944 3944 3165 4000 Iibrorx
3218 3941 3420 3998 Contra

1845 4044 2201 4098 Eunominm:
2232 4041 2367 4107 Quis
2400 4049 2501 4105 est,
2533 4038 2729 4108 inquit,
2753 4037 2839 4092 dic
2868 4036 3024 4101 mihi,
3060 4036 3240 4092 Deus?
3298 4037 3422 4104 qui-

1840 4136 1941 4195 bus
1974 4136 2308 4198 dominatur,
2340 4132 2430 4202 qui
2498 4141 2582 4187 est
2635 4130 2780 4184 aliud
2810 4129 2939 4198 quid
2991 4140 3187 4198 praeter
3237 4140 3427 4198 poten-

1841 4228 2021 4285 tiam?
2056 4226 2115 4283 Si
2138 4225 2474 4288 dominatur,
2522 4232 2578 4278 et
2632 4222 2776 4275 aliud
2800 4229 2887 4276 est
2935 4219 3199 4289 potentia,
3258 4221 3426 4287 igitur

1840 4325 2079 4379 vincitur
2105 4318 2346 4389 potentia
2383 4331 2413 4370 a
2441 4331 2549 4369 nou
2617 4315 2857 4383 potentia
2891 4330 2906 4378 ;
2939 4312 3085 4382 quod
3135 4311 3281 4367 enim
3339 4323 3424 4366 est

1840 4417 1988 4473 aliud
2021 4430 2180 4485 quam
2204 4410 2445 4482 potentia
2478 4408 2581 4479 (5),
2605 4406 2842 4479 potentia
2875 4420 3107 4476 prorsus
3154 4420 3265 4460 non
3287 4414 3373 4460 est
3408 4424 3421 4459 :

1614 4516 1626 4529 ’
1666 4532 1935 4596 Scholia.

206 4634 445 4704 (I)Sitte
475 4633 771 4689 divisione.
837 4632 1057 4688 Scilicet
1104 4646 1391 4704 personae;
1438 4646 1542 4687 non
1599 4633 1745 4687 enim

138 4702 358 4775 propter
394 4705 778 4760 diﬂ‘ereutiam
809 4705 1246 4775 substantiarum
1273 4702 1477 4775 divina
1526 4713 1579 4756 et
1637 4705 1741 4757 hu-

137 4774 303 4862 mana:
337 4777 569 4862 divisus
598 4783 681 4829 est
722 4775 997 4862 ιᾷιιιηὶειιιιε3
1027 4774 1158 4862 quiin
1214 4774 1391 4841 potius
1457 4774 1596 4827 idem
1656 4784 1742 4853 est
1779 4808 1819 4862 D

136 4842 416 4916 perlectus
476 4845 652 4909 Deus,
681 4854 737 4900 et
790 4842 1066 4916 perfectus
1118 4844 1315 4908 homo;
1367 4857 1556 4898 rursus
1598 4846 1739 4898 ‘siue

136 4914 428 4990 divisione,
460 4917 602 4990 quia
633 4915 876 4985 operatio
918 4914 1347 4990 divinaenaturae
1369 4924 1452 4990 est
1489 4916 1735 4983 operatio

138 4986 297 5059 trium
330 4985 731 5059 personarum,
768 4999 997 5059 quarum
1020 4985 1223 5059 unitas
1247 4985 1516 5050 essentia,
1548 4993 1605 5037 ut
1650 4994 1739 5059 est

141 5056 193 5111 in
230 5054 448 5127 synodo
485 5069 671 5124 sexta,
725 5054 942 5127 actione
1013 5056 1101 5120 ii,
1134 5070 1239 5127 non
1289 5064 1491 5127 potest~
1525 5054 1739 5127 partiri,

138 5142 237 5183 nec
259 5125 421 5182 alteri
455 5131 657 5181 unitati
690 5126 965 5201 copulari,_
986 5129 1081 5181 sed
1112 5125 1300 5197 potius
1318 5125 1611 5197 singularis
1635 5137 1738 5189 est,

138 5208 289 5253 extra
322 5211 559 5252 omnem
591 5211 897 5251 numerum.

205 5270 284 5339 t2)
309 5267 714 5338 Operationem
731 5266 1048 5339 alterutrius
1084 5267 1415 5339 substantia:
1443 5267 1741 5336 conjuncta:

134 5337 416 5395 inductam
456 5340 619 5401 dicit,
654 5337 779 5405 quia
808 5340 889 5393 sic
913 5337 1241 5409 operabatur
1266 5350 1498 5409 utraque
1542 5348 1741 5392 natura

94 5406 109 5418 ‘
133 5415 278 5480 quod
311 5412 617 5479 proprium
653 5415 791 5480 erat,
858 5417 915 5462 ut
954 5406 1145 5480 altera
1198 5409 1362 5463 simul
1408 5406 1742 5477 'Operaretur

131 5477 547 5537 eunVenieiiter
571 5477 698 5541 sibi,
732 5489 786 5532 et
817 5487 873 5532 ut
900 5494 961 5534 se
1001 5479 1254 5547 decebat;
1284 5480 1399 5535 sive
1432 5481 1575 5534 enim
1611 5492 1739 5548 ope-

134 5554 388 5608 rationes
426 5559 623 5604 essent
663 5548 775 5604 Deo
824 5549 1235 5614 convenientes,
1287 5560 1344 5605 ut
1376 5550 1734 5613 miraculum,

133 5638 262 5678 caro
284 5622 679 5691 operabatur,
716 5629 775 5673 ut
830 5636 952 5674 cum
1011 5629 1279 5689 potestate
1308 5621 1490 5675 divina
1550 5620 1736 5691 remit-

136 5698 281 5751 tebat
322 5689 589 5763 peccata,
622 5703 673 5745 et
698 5706 791 5747 ore
812 5692 1051 5756 dicebat,
1102 5691 1457 5748 licinittuntur
1497 5689 1593 5745 tibi
1617 5703 1736 5757 pec-

1861 4643 1980 4688 cata
2018 4640 2132 4694 tua,
2164 4639 2217 4683 et
2254 4633 2523 4697 potestate
2550 4622 2730 4697 dlvina
2772 4621 3097 4697 restituebat
3138 4619 3344 4697 visum,
3375 4633 3428 4671 ρι

1858 4719 2020 4758 manu
2051 4690 2292 4768 etsput'n
2324 4696 2521 4750 linihat
2556 4695 2743 4747 oculos
2768 4710 2782 4757 ;
2812 4696 2924 4768 sive
2945 4691 3287 4768 operationes
3324 4690 3424 4768 Iru-

1857 4787 2028 4829 tnuuze
2068 4759 2275 4825 natura:
2306 4768 2682 4829 convenirent,
2718 4775 2774 4817 ut
2835 4765 3005 4825 sitire,
3068 4759 3294 4821 esurire,
3348 4759 3425 4814 fa-

1849 4843 2028 4915 tigari,
2061 4841 2293 4915 Verbum
2325 4836 2654 4914 Operabntur
2695 4831 3075 4915 permittendo,
3104 4839 3167 4915 et
3195 4831 3426 4915 volentia

1849 4900 1962 4969 sise
1984 4900 2327 4981 operationes
2361 4900 2546 4981 essent
2580 4900 2861 4981 inistze,“id
2892 4912 2994 4965 est,
3030 4900 3235 4981 partim
3292 4900 3427 4953 divi-

1852 5002 1952 5048 um,
1987 4972 2184 5064 partim
2223 4980 2493 5064 humanm,
2516 4975 2616 5027 hoc
2664 4984 2749 5027 est
2780 4974 2889 5028 Deo
2918 4972 3324 5064 convi-‘ni'cntcs,
3353 4983 3427 5050 .et

1854 5041 2062 5109 Ιιοιίιὶἰιὶ
2092 5069 2105 5118 ;
2149 5063 2203 5104 ut
2238 5048 2513 5101 ambulare
2547 5058 2720 5118 super
2745 5058 2893 5118 mare
2909 5058 2934 5118 _;
2971 5041 3247 5118 ambulare
3277 5041 3422 5094 enim

1859 5122 2065 5179 liOmini
2089 5109 2467 5181 conveniebat,
2530 5109 2637 5169 non
2692 5113 2921 5181 deprimi
2957 5109 3285 5166 ambulando
3336 5124 3425 5162 su-

1855 5211 1950 5265 per
1992 5205 2159 5265 mare,
2211 5188 2373 5265 Deum
2416 5186 2678 5265 decebat,
2707 5200 2832 5265 qua:
2860 5182 3211 5265 operationes
3240 5181 3427 5265 fis-rw:

1850 5250 2035 5337 δρικαί
2060 5280 2088 5315 a
2112 5250 2366 5331 Dionysio
2400 5256 2675 5319 dicuntur,
2707 5250 2758 5311 id
2812 5250 2916 5319 est,
2948 5251 3109 5309 simul
3142 5250 3339 5307 divinae
3371 5259 3426 5301 ιιι

1850 5338 2125 5392 huutantc.

1922 5408 2000 5478 (5)
2041 5405 2182 5459 Deus
2213 5412 2296 5458 est
2322 5414 2480 5478 suum
2514 5413 2698 5478 posse,
2724 5406 2780 5478 et
2816 5411 2973 5449 suum
3008 5407 3149 5478 esse,
3184 5403 3239 5478 e_t
3268 5408 3426 5478 suum

1848 5463 2082 5546 aperari,
2110 5482 2165 5529 et
2203 5489 2307 5546 non
2343 5481 2422 5546 est
2455 5463 2594 5546 iujeo
2625 5470 2772 5524 aliud
2812 5481 3016 5546 posse,
3049 5463 3218 5546 aliud
3281 5476 3426 5546 esse,

1847 5536 1997 5603 aliud
2033 5536 2270 5617 operari,
2294 5543 2400 5617 sed
2417 5541 2605 5617 potius
2620 5554 2761 5594 unus
2781 5536 3227 5617 simplicissimus
3249 5541 3425 5614 actus,

1843 5627 1899 5672 et
1932 5633 2039 5671 una
2069 5609 2496 5686 simplicissima
2526 5609 2833 5668 substantia
2861 5621 2924 5662 ac
2984 5609 3249 5678 potentia,
3308 5609 3428 5660 sive

1840 5690 2037 5744 virtus.

202 5860 284 5929 (a)
330 5830 677 5923 Qualitatcm
737 5858 1037 5913 naturalem
1089 5864 1246 5909 vocat
1282 5858 1664 5927 proprietatem
1701 5850 1984 5922 utriusque
2010 5864 2234 5908 naturae.

480 5952 758 6015 PaTuOL.
806 5957 924 6015 litt.
971 5950 1153 6013 CLU.

2922 5935 2997 5995 31
