3872 6594
416 490 524 582 975

1570 507 1893 573 JOANNIS
1931 506 2508 593 CYPARISSIQTJE

3529 512 3619 576 976
3642 520 3653 532 '

416 642 539 685 esse
567 626 708 696 quod
744 639 808 682 ex
843 639 911 682 eo
937 624 1081 696 quod
1110 639 1213 681 non
1241 634 1343 693 est,
1381 626 1644 681 nascitur.
1672 625 1809 682 Cum
1840 626 1982 681 enim
2009 621 2062 684 Α
2088 631 2243 678 vetur
2273 637 2287 676 :
2322 631 2378 678 et
2407 622 2498 694 qui
2532 620 2777 678 meminit
2804 621 3102 692 operantie,
3159 622 3445 693 euergiam,
3479 625 3526 679 id
3554 636 3624 682 est

412 722 592 790 ipsum
650 733 756 773 non
805 728 911 784 est,
962 718 1230 786 quomodo
1255 717 1400 772 aliud
1437 731 1501 772 ex
1534 718 1649 786 ipso
1682 732 1780 787 per
1807 730 1868 771 se
1896 729 1987 770 ex-

416 811 605 867 sistet?
637 806 691 863 Si
725 810 864 864 enim
904 826 1008 862 non
1043 820 1126 863 est
1155 810 1206 863 in
1234 809 1537 869 substantia
1575 808 1793 877 propria
1836 822 1989 863 euer-

415 896 522 971 gia,
556 916 677 968 quae
729 900 894 954 Deum
930 900 1147 969 quidem
1179 900 1534 968 consequitur
1560 940 1573 962 ,
1611 896 1806 951 Filium
1861 912 1988 953 vero

415 992 594 1057 efﬁcit,
628 993 747 1061 quis
778 1003 882 1044 tam
914 1007 1089 1046 circus
1119 992 1221 1054 ρει,
1253 1002 1309 1044 ιιι
1341 1006 1443 1044 non
1475 991 1670 1055 videat,
1692 1005 1811 1060 quae
1847 990 1991 1045 blas-

418 1086 633 1154 pbemia
686 1083 1006 1137 conﬁciatur
1037 1083 1159 1156 (a)?
1214 1083 1403 1137 Adhuc
1441 1084 1580 1137 idem
1638 1081 1693 1136 in
1740 1082 1988 1136 eisdem:

419 1175 475 1227 Si
512 1176 654 1229 enim
699 1174 789 1243 qui
839 1177 951 1228 haec
988 1173 1219 1227 absurda
1258 1173 1482 1237 devitat,
1534 1172 1804 1241 ettergiam
1859 1171 1991 1226 dicit

418 1282 537 1319 esse
572 1281 683 1320 rem
716 1268 1004 1335 quamdam
1042 1281 1147 1318 non
1179 1280 1274 1333 per
1304 1278 1362 1317 se
1397 1263 1744 1318 exsistentem
1772 1302 1788 1329 ,
1836 1260 1993 1330 cujus

417 1359 668 1415 ctfectnm
702 1374 817 1413 esse
834 1357 1026 1413 Filium
1056 1357 1322 1419 decernit,
1347 1356 1490 1410 dicet
1513 1369 1699 1409 rursus
1725 1354 1993 1423 quomodo

418 1454 662 1521 sequitur
691 1468 755 1505 ex
791 1466 856 1505 eo
884 1451 1027 1519 quod
1058 1464 1161 1503 non
1190 1459 1297 1515 est,
1326 1448 1377 1501 id
1402 1448 1543 1516 quod
1573 1446 1695 1500 est?
1721 1445 1994 1516 quomodo

417 1545 560 1615 quod
597 1558 701 1597 non
739 1545 951 1597 exsistit
985 1557 1082 1612 per
1114 1554 1192 1606 se,
1237 1548 1497 1610 operatur
1542 1554 1606 1593 ea
1641 1553 1760 1607 qua:
1809 1552 1905 1608 per
1934 1552 1995 1592 se

419 1635 589 1692 sunt?
642 1638 1005 1705 Reperientur
1054 1638 1196 1689 enim
1250 1637 1302 1689 in
1346 1635 1430 1689 his
1468 1633 1725 1702 consequi
1776 1633 1994 1703 quidem

419 1714 588 1782 Deum
620 1744 740 1798 qum
772 1744 878 1782 non
916 1739 1040 1782 sunt
1066 1771 1080 1793 ,
1112 1742 1174 1782 ea
1220 1742 1348 1781 vero
1376 1741 1498 1798 qua:
1528 1740 1634 1780 non
1664 1736 1828 1790 sunt,
1861 1739 1993 1781 cau-

418 1836 532 1875 sam
586 1836 707 1875 esse
746 1836 933 1877 eorum
971 1835 1091 1888 quae
1124 1830 1285 1885 sunt;
1338 1826 1392 1873 et
1426 1833 1546 1888 qua:
1587 1832 1691 1872 non
1724 1816 1997 1872 exsistunt

2090 715 2458 785 operationem
2498 714 2662 773 simul
2703 730 2827 771 cum
2866 730 2932 772 eo
2963 716 3125 772 tacite
3154 715 3498 787 signiﬁcavit;
3543 717 3625 772 sed

2090 805 2455 874 manifestius,
2484 808 2626 879 quod
2656 807 2887 865 dicimus
2914 848 2929 875 ,
2975 807 3237 878 exemplis
3268 807 3374 887 liet.
3420 809 3629 865 Dicimus

2091 900 2383 970 quemdam
2416 898 2783 967 fabrefacere,
2820 909 2912 955 aut
2942 900 3211 955 aediﬁcare
3236 938 3252 964 ,
3304 899 3503 955 aliudve
3542 900 3628 954 ali-

2092 991 2221 1060 quid
2250 1006 2437 1047 eorum
2463 1008 2583 1063 quae
2614 992 2737 1048 talia
2764 1005 2912 1059 sunt,
2944 991 3195 1063 operari:
3222 1007 3326 1046 una
3347 991 3497 1062 igitur
3518 1007 3632 1047 vocs

2091 1092 2145 1139 et
2168 1075 2481 1155 euergiam,
2519 1083 2574 1138 id
2604 1092 2689 1138 est
2722 1084 3118 1155 operationem,
3142 1092 3196 1138 et
3223 1097 3343 1139 eum
3373 1084 3459 1152 qui
3484 1095 3631 1139 artem

2093 1169 2364 1239 exerc’uit,
2402 1190 2497 1245 per
2522 1190 2583 1231 se
2612 1174 2787 1231 oratio
2819 1174 3225 1243 repraesentavit
3269 1191 3284 1227 :
3318 1174 3386 1229 ita
3416 1183 3469 1229 ut
3502 1176 3542 1231 si
3570 1178 3635 1231 al-

2096 1276 2274 1322 terum
2301 1278 2606 1336 separetur,
2639 1282 2746 1323 non
2797 1267 3061 1322 subsistat
3112 1266 3397 1336 reliquum.
3428 1265 3635 1323 Sanctus

2093 1357 2327 1431 Cyrillus
2357 1398 2372 1423 ,
2411 1358 2548 1415 libro
2596 1375 2669 1416 vn
2701 1360 2785 1413 Ad
2827 1358 3103 1413 Hermian
3129 1375 3150 1413 :
3182 1358 3437 1428 Simplex,
3469 1370 3518 1414 et
3544 1376 3635 1415 non

2096 1453 2429 1519 compositus
2468 1453 2686 1523 proprie
2718 1462 2774 1509 et
2802 1452 3037 1523 primum
3073 1451 3233 1517 Deus,
3264 1466 3298 1507 ο
3326 1451 3518 1507 amice!
3550 1468 3639 1507 non

2099 1558 2166 1599 ex
2194 1551 2389 1599 natura
2429 1553 2484 1597 et
2509 1542 2753 1614 energia,
2782 1555 3042 1616 tanquam
3088 1543 3193 1598 alia
3221 1553 3412 1612 prater
3452 1545 3605 1613 ipsqu
3626 1584 3639 1608 ,

2099 1636 2431 1704 compositus
2471 1651 2591 1693 esse
2618 1636 2960 1706 intelligitur,
2999 1638 3093 1692 sed
3135 1638 3315 1707 potius
3349 1651 3504 1689 unum
3535 1637 3644 1705 quid

2098 1743 2222 1785 esse
2257 1744 2441 1785 omne.
2492 1728 2557 1783 Et
2597 1739 2827 1785 sanctus
2875 1726 3143 1783 Maximus
3190 1728 3494 1783 edisserens
3527 1727 3639 1781 haut

2104 1820 2365 1876 rationem
2404 1834 2418 1872 :
2449 1819 2644 1885 Omne,
2677 1820 2875 1890 inquit,
2910 1819 3055 1890 quod
3091 1819 3257 1874 habet
3290 1818 3483 1887 aliquid
3509 1819 3645 1873 simul

418 1929 515 1982 per
540 1929 599 1969 se
629 1924 816 1968 natura
849 1928 969 1978 sua,
1006 1912 1235 1967 delinire
1263 1920 1318 1967 et
1352 1909 1804 1967 circumscribere
1835 1918 1995 1965 natu-
2026 1928 2074 1990 Β
2103 1912 2401 1984 cogitatum
2439 1912 2507 1967 ad
2537 1912 2959 1968 declarationem
2988 1924 3101 1966 sua:
3140 1908 3375 1979 propria:
3401 1906 3638 1963 exsisten-

422 2023 537 2062 ram
573 2023 762 2063 eorum
790 2022 911 2076 quae
942 2015 1065 2061 sunt
1098 2023 1113 2059 :
1146 2016 1200 2061 et
1231 2008 1421 2068 virtus,
1447 2020 1570 2075 quae
1594 2018 1812 2058 omnem
1844 2018 1997 2059 crea-

420 2105 596 2152 turam
629 2079 883 2152 ellicitQt
918 2104 1089 2161 creat,
1118 2096 1510 2165 comprehensa
1536 2096 1640 2150 erit
1667 2095 1720 2149 in
1752 2090 1819 2149 eo
1847 2094 1995 2165 quod

418 2191 718 2244 secundum
760 2190 1034 2259 propriam
1085 2190 1349 2243 rationem
1398 2202 1507 2242 non
1557 2188 1791 2243 exsistit.
1849 2188 1995 2241 Idem

420 2283 594 2338 adhuc
622 2284 672 2336 iu
701 2283 902 2338 eisdem
941 2299 954 2336 :
991 2282 1270 2337 Hactenus
1298 2289 1478 2336 autem
1511 2279 1731 2351 dignum
1763 2288 1845 2336 est
1876 2292 2011 2335 con»

422 2374 752 2429 sideratione
775 2413 791 2438 ,
821 2374 1095 2443 quomodo
1126 2371 1363 2441 energize
1410 2378 1822 2441 consequantur
1873 2373 2003 2428 sub~

423 2466 685 2530 stantias;
717 2474 771 2516 et
802 2465 931 2533 quid
958 2464 1068 2517 sint
1099 2464 1396 2518 secundum
1430 2463 1702 2533 propriam
1727 2472 2000 2530 naturam,

424 2557 640 2610 alimlue
669 2568 863 2625 praeter
907 2555 1260 2619 substantias,
1312 2568 1447 2625 quas
1479 2564 1907 2624 consequuntur,
1935 2568 2003 2607 an

425 2664 551 2714 pars
573 2647 808 2711 illarum,
836 2655 889 2699 et
913 2647 1152 2714 ejusdem
1178 2647 1420 2700 natm-aa?
1440 2646 1582 2716 quod
1606 2647 1651 2700 si
1680 2646 1827 2701 aliud
1854 2656 2005 2711 sunt;

425 2739 719 2808 quomodo,
749 2748 801 2792 et
829 2753 859 2790 a
899 2737 1098 2808 quibus
1146 2738 1464 2807 productae?
1509 2739 1591 2792 sin
1647 2747 1826 2794 autem
1863 2739 2006 2797 idem

427 2837 599 2885 iosum
625 2868 641 2890 ,
693 2829 964 2897 quomodo
995 2827 1219 2885 abscisa
1246 2868 1263 2896 ,
1293 2844 1392 2898 pro
1420 2844 1485 2885 eo
1524 2831 1668 2900 quod
1695 2831 1853 2886 simul
1884 2846 2009 2886 eum

427 2920 508 2973 eis
534 2918 802 2973 exsistere
831 2918 1102 2974 debebant
1129 2959 1146 2986 ,
1178 2935 1270 2975 eas
1298 2921 1637 2976 extrinsecus
1666 2937 2009 2990 consequun~

432 3024 519 3065 tnr
541 3013 773 3081 rutrum
804 3011 1109 3077 necessitas
1158 3014 1404 3082 quaedam
1454 3015 1720 3070 naturalis
1762 3017 1913 3085 cogit
1956 3026 2014 3072 ιιι

438 3100 798 3157 involuntarie
818 3109 1079 3171 sequatur
1103 3103 1462 3159 substantiam
1490 3105 1736 3174 energia,
1759 3119 2015 3174 quaecun-

430 3208 541 3261 que
569 3194 787 3249 tandem
817 3210 880 3249 ea
916 3196 1021 3261 sit;
1065 3196 1212 3250 sicut
1245 3196 1388 3250 ustio
1434 3196 1614 3267 ignem
1664 3199 1928 3265 sequitur,
1962 3209 2015 3253 et

2102 2004 2209 2068 tiae,
2233 2005 2597 2073 compositum
2621 2012 2724 2069 est,
2747 2012 2801 2057 et
2831 2018 2939 2058 non
2969 2001 3195 2073 simplex
3224 2000 3458 2072 proprie.
3486 2000 3554 2054 Ex
3578 2000 3647 2054 bis

2096 2094 2328 2151 edicitur
2361 2094 2707 2151 manifestum
2729 2136 2746 2160 ,
2778 2098 2923 2167 quod
2957 2096 3011 2151 iu
3043 2097 3249 2151 unitate
3278 2133 3296 2161 ,
3345 2108 3463 2164 qua:
3510 2107 3647 2161 supra

2102 2187 2462 2245 substantiam
2495 2195 2599 2254 est,
2625 2188 2846 2243 omnino
2892 2188 3184 2242 absurdum
3235 2182 3358 2253 est,
3404 2185 3648 2255 energiam

2101 2280 2220 2350 ejus
2255 2280 2373 2349 qua:
2402 2279 2644 2333 omnium
2680 2278 3052 2334 efﬁcacissima
3095 2287 3204 2344 est,
3251 2288 3310 2334 et
3352 2292 3649 2347 supraquam

2104 2372 2330 2427 intlnitae
2355 2372 2594 2436 virtutis,
2625 2386 2826 2440 ponere
2854 2387 2963 2426 non
2991 2386 3087 2441 per
3107 2386 3165 2427 se
3190 2373 3456 2428 exsistere
3484 2386 3654 2426 secun-

2105 2463 2232 2520 dum
2270 2465 2540 2536 propriam
2572 2480 2721 2519 suam
2756 2465 3045 2520 rationem.
3075 2462 3171 2519 Sin
3200 2479 3332 2520 vero
3360 2480 3454 2533 per
3473 2479 3528 2520 se
3548 2479 3653 2517 vere

2108 2558 2340 2624 exsistit,
2375 2557 2549 2626 majus
2577 2557 2750 2611 adhuc
2778 2557 3100 2622 absurdum,
3136 2567 3192 2613 et
3242 2558 3415 2628 magis
3460 2557 3655 2627 impium

2107 2657 2408 2720 appareat,
2451 2648 2613 2705 simul
2647 2663 2772 2703 cum
2804 2648 2921 2718 ipsa
2954 2649 3215 2703 unitatem
3248 2689 3265 2713 ,
3316 2663 3432 2718 qua:
3470 2661 3657 2702 omnem

2108 2743 2512 2813 simplicitatem
2549 2742 2737 2809 vincit,
2774 2741 3037 2813 cogitare,
3072 2742 3161 2798 vel
3192 2750 3420 2813 prorsus
3445 2742 3571 2796 hanc
3600 2740 3657 2792 ab

2111 2836 2591 2907 hac-distinguere,
2624 2835 3048 2906 existimareque
3065 2834 3210 2890 aliud
3239 2849 3363 2911 esse
3390 2848 3533 2889 suam
3553 2832 3661 2892 sult-

2114 2931 2399 2997 stantiam,
2435 2928 2582 2985 aliud
2619 2944 2745 2985 vero
2771 2944 2923 2984 suam
2956 2930 3265 3001 euergiam,
3300 2928 3353 2984 id
3386 2938 3467 2983 est
3491 2967 3505 2995 ,
3531 2937 3661 2981 sum

2111 3024 2367 3079 virtutem
2399 3020 2673 3091 propriam
2703 3020 2985 3090 operandi.

2722 3158 2951 3218 CAPUT
2986 3159 3070 3216 Vl.

429 3299 660 3351 vapores
684 3295 845 3354 atque
877 3283 1080 3341 balitus
1114 3300 1343 3355 corpora
1382 3285 1473 3340 illa
1514 3297 1837 3357 sequuntur,
1871 3290 2015 3345 unde
2042 3289 2086 3347 C
2119 3278 2277 3357 Ωιιοιξ
2304 3277 2357 3331 δη
2382 3278 2587 3357 milia"
2619 3274 2899 3357 Τῖίζιὲειζιίξ
2927 3282 3027 3357 ηψπ
3057 3282 3261 3357 9Ρ⁰¹⁹¹α
3294 3271 3662 3357 ιιιιιετξτιμᾷιιά

431 3381 603 3435 ﬁunt?
630 3394 686 3437 at
726 3395 833 3435 non
867 3390 997 3450 puto
1026 3380 1201 3449 ipsutn
1236 3381 1417 3436 dicere
1463 3380 1591 3446 hoc,
1631 3391 1688 3434 ut
1734 3382 2013 3440 existimet

431 3474 635 3529 variam
668 3476 962 3543 quamdam
990 3489 1113 3529 rem
1137 3485 1193 3529 et
1228 3476 1586 3544 compositam
1617 3492 1739 3533 esse
1761 3476 2011 3534 substan-

430 3565 561 3621 tiam
604 3563 720 3631 Dei,
752 3582 870 3636 qute
900 3567 1347 3636 inseparabilem,
1382 3578 1437 3622 et
1466 3582 1648 3623 secum
1674 3570 1834 3625 simul
1866 3573 2014 3642 cogi:

432 3669 595 3715 tatam
634 3658 911 3729 etiet‘giam
936 3659 1157 3724 habeat,
1189 3668 1249 3714 ut
1282 3660 1537 3719 accidens
1562 3660 1615 3714 in
1646 3659 1889 3728 subjecto
1919 3663 2013 3718 de—

430 3762 781 3815 monstretur,
810 3756 901 3806 sed
939 3766 1057 3804 eam
1098 3752 1277 3820 potius
1302 3752 1599 3808 voluntarie
1628 3763 1683 3808 et
1711 3755 1881 3811 libere
1912 3772 2013 3811 ex-

435 3846 686 3909 citatam,
717 3844 965 3914 energies
999 3852 1059 3898 ut
1096 3844 1332 3912 videtur,
1358 3843 1494 3900 dicit
1527 3859 1622 3915 per
1647 3860 1708 3902 se
1737 3861 1860 3903 esse
1895 3832 2014 3903 elli-

430 3955 575 3995 cere.
619 3940 822 4009 Ecquis
868 3938 1011 4007 quod
1057 3952 1124 3993 ex
1177 3938 1518 4007 providentia
1557 3940 1863 3998 voluntarie
1911 3943 2011 4010 tit,

444 4033 594 4102 sequi
630 4034 761 4086 dicit
793 4034 935 4087 sicut
972 4031 1181 4102 aliquid
1228 4046 1417 4087 eorum
1446 4047 1566 4102 quae
1611 4032 1744 4089 foris
1770 4049 2013 4106 sequun-

431 4123 557 4180 tur?
579 4122 689 4179 Nec
717 4123 862 4178 enim
884 4123 1178 4179 secundum
1203 4136 1542 4179 communem
1567 4127 2014 4183 consuetudinem

414 4220 495 4275 in
529 4215 830 4284 huiusmodi
861 4216 1021 4270 rebus
1054 4214 1159 4269 hoc
1196 4214 1516 4271 vocabulum
1552 4218 1737 4271 tritum
1773 4232 1893 4274 esse
1921 4233 2016 4274 co-

432 4311 737 4380 gnovimus,
766 4316 823 4360 ut
852 4306 1092 4376 energia,
1122 4305 1174 4359 id
1199 4314 1309 4371 est,
1336 4307 1581 4375 operatio
1611 4307 1910 4365 laborantis
1935 4309 2015 4381 (i)

435 4407 487 4457 in
519 4404 720 4471 aliquo,
751 4401 962 4455 dicatur
993 4401 1144 4468 sequi
1191 4399 1567 4466 laborantem;
1603 4416 1702 4455 nec
1728 4400 1872 4457 enim
1900 4401 2015 4459 ﬁeri

433 4500 611 4564 potest
636 4502 692 4545 ut
720 4491 811 4560 qui
840 4490 1070 4543 alterum
1108 4491 1174 4544 ab
1212 4489 1385 4544 altero
1417 4487 1715 4559 disjunxit,
1750 4493 1895 4561 quod
1931 4508 2017 4549 re-

431 4584 717 4650 linquitur,
749 4595 842 4649 per
867 4596 927 4635 se
952 4580 1218 4649 intelligat
1243 4596 1259 4633 :
1288 4582 1397 4635 imo
1419 4581 1509 4649 qui
1535 4582 1835 4652 euergiam,
1861 4584 1913 4639 id
1936 4597 2015 4640 est

430 4670 804 4739 operationem
855 4670 1029 4736 dixit,
1085 4670 1246 4723 simul
1301 4673 1718 4740 comprehendit
1758 4678 2015 4746 ratione,

2192 3349 2561 3409 substantiam,
2593 3357 2641 3401 et
2681 3347 2827 3400 aliud
2870 3345 3204 3410 bonitatem;
3259 3360 3352 3397 nec
3396 3343 3534 3395 aliud
3570 3344 3664 3412 fur-

2192 3435 2332 3472 mam
2356 3458 2370 3481 ,
2398 3430 2443 3470 et
2475 3416 2624 3470 aliud
2655 3417 3009 3469 substantiam
3035 3432 3054 3479 ;
3088 3430 3178 3468 nec
3206 3415 3360 3467 aliud
3391 3415 3570 3475 vitam,
3602 3427 3663 3464 tm

2190 3488 2528 3555 sapientiam,
2567 3486 2645 3542 rel
2678 3492 2918 3542 virtutem
2941 3526 2958 3554 ,
2992 3486 3142 3539 aliud
3192 3501 3316 3539 vero
3345 3484 3664 3539 substantiam

2186 3559 2440 3623 ejusdem.

2193 3670 2453 3727 Dominus
2482 3670 2534 3725 in
2566 3668 2855 3738 Evangelia
2878 3670 2955 3725 ait
2985 3668 3193 3725 :‘Nemo
3214 3671 3405 3735 bonus,
3429 3669 3526 3723 nisi
3552 3680 3665 3721 unus

2119 3762 2263 3819 Deus
2293 3764 2365 3818 ".
2402 3765 2461 3820 S.
2490 3762 2742 3834 Cyrillus,
2792 3763 2848 3817 in
2902 3762 3186 3818 Thesauri:
3235 3763 3379 3819 libro
3423 3777 3516 3826 xu,
3566 3771 3662 3824 cap.

2121 3857 2192 3912 14
2228 3874 2242 3910 :
2276 3855 2584 3923 Quomodo,
2620 3854 2815 3925 inquit,
2849 3863 2933 3911 est
2965 3870 3106 3911 unus
3135 3855 3337 3919 bonus,
3380 3864 3438 3909 ut
3482 3854 3666 3923 ipsete-

2120 3950 2331 4006 statur?
2360 3964 2553 4019 nempe
2587 3950 2712 4020 quia
2742 3957 2927 4004 sancta
2953 3948 3194 4005 Trinitas
3220 3949 3278 4004 in
3315 3961 3474 4003 unam
3501 3941 3667 4001 diribi-

2123 4050 2287 4097 tatem
2321 4043 2458 4097 redit
2487 4052 2707 4110 propter
2750 4053 2911 4095 unam
2949 4048 3004 4096 et
3028 4040 3275 4097 eamdem
3313 4036 3663 4097 substantiam,

2122 4144 2184 4189 ut
2230 4143 2438 4188 tantum
2481 4133 2663 4188 divina
2724 4131 3028 4187 substantia
3078 4131 3149 4186 sit
3200 4131 3408 4188 bonum
3457 4125 3663 4197 proprie.

2123 4225 2349 4298 Magnus
2379 4224 2612 4280 Basilius
2642 4240 2657 4280 :
2689 4222 2891 4289 Bonus,
2925 4222 3120 4294 inquit,
3150 4221 3410 4294 Spiritus,
3436 4220 3569 4293 sicut
3592 4219 3666 4271 bo-

2125 4334 2226 4373 nus
2257 4317 2438 4382 Pater,
2477 4323 2535 4371 et
2581 4316 2725 4370 sicut
2761 4317 2938 4372 bonus
2981 4331 3049 4371 ex
3088 4315 3230 4371 bono
3274 4314 3512 4385 genitus,
3539 4308 3667 4379 cujus

2124 4410 2425 4466 substantia
2458 4417 2544 4463 est
2568 4410 2688 4478 ipsa
2718 4408 2955 4473 bonitas.
2982 4406 3217 4464 Sanctus
3244 4406 3539 4478 Gregorius
3556 4394 3678 4473 Nys“

2124 4517 2311 4569 senus,
2352 4503 2406 4556 in
2455 4500 2594 4557 libro
2628 4500 2704 4556 De
2748 4502 2854 4555 vita
2904 4501 3105 4571 Moysi:
3129 4542 3146 4569 ,
3180 4502 3259 4557 ait
3294 4523 3311 4559 :
3342 4502 3589 4564 Primum,
3623 4503 3667 4549 et

2124 4591 2341 4663 proprie
2368 4591 2595 4659 bonum,
2621 4590 2777 4660 cujus
2801 4600 2994 4647 natura
3020 4602 3103 4648 est
3128 4591 3375 4661 bonitas,
3404 4594 3513 4664 ipse
3532 4588 3665 4653 Deus,

2127 4687 2490 4756 quodcunque
2546 4693 2737 4740 natura
2769 4684 3090 4755 intelligitur
3122 4685 3221 4757 (2),
3251 4687 3357 4742 hoc
3388 4697 3490 4749 est,
3516 4696 3563 4739 ει
3591 4697 3667 4735 no-

432 4756 579 4827 quod
609 4758 903 4814 secundum
929 4761 1228 4829 euergiam,
1267 4758 1320 4814 id
1347 4768 1451 4827 est,
1489 4762 1857 4832 operationem
1893 4784 2009 4823 mo-
2042 4788 2090 4849 ι)
2117 4778 2373 4834 minatur.
2417 4777 2484 4833 Et
2513 4792 2737 4850 uiagnus
2765 4778 3054 4849 Apostolus
3084 4795 3099 4832 :
3132 4756 3238 4844 Qui
3270 4796 3391 4834 cum
3418 4780 3473 4834 in
3500 4777 3662 4846 [or-ta,

505 4925 549 4956 "
578 4923 713 4980 an.
749 4939 905 4992 xvm,
938 4924 1025 4979 l9.

432 5131 570 5200 tem,
590 5118 877 5200 Iustitiam,
897 5120 1445 5200 et_alia__ltujusmodi,
1471 5125 1753 5200 nonquod
1787 5141 1882 5195 per
1915 5142 2002 5184 es-

432 5194 668 5267 sentiam
688 5191 831 5245 aliud
864 5193 937 5247 sit
966 5191 1021 5247 ιιι
1047 5191 1340 5267 aliu,'quiu
1373 5198 1549 5267 potius
1579 5191 1719 5251 idem
1751 5191 2002 5267 estquod

432 5273 539 5334 est,
572 5273 627 5315 et
657 5262 710 5315 in
741 5276 847 5334 quo
888 5273 992 5328 est,
1031 5264 1121 5334 sed
1154 5262 1257 5334 per
1308 5265 1743 5334 praedicationem
1797 5262 1888 5321 sie
1926 5269 2001 5323 lo-

432 5281 539 5325 εει,
572 5281 627 5315 ει
657 5281 710 5315 Ill
741 5281 847 5329 quo
888 5281 992 5328 εει,
1031 5281 1121 5317 seu
1195 5281 1257 5319 81⁵
1308 5281 1743 5334 prtemcauonem
1797 5282 1878 5321 SIC
1926 5281 2001 5323 ιο-

432 5329 831 5405 quimur__nutlu
859 5281 1221 5405 periculo._ﬁt
1248 5334 1498 5405 enimgait
1527 5333 1760 5405 Cyrillus
1784 5338 1835 5391 in
1870 5336 2001 5393 The-

431 5401 601 5467 s’aur.,
631 5402 727 5456 lib.
762 5417 818 5465 ιι,
852 5415 972 5471 cap.
1001 5403 1023 5455 Ι
1058 5419 1071 5457 :
1102 5401 1265 5457 Multa
1293 5407 1356 5459 de
1390 5403 1545 5459 Patre
1569 5401 1622 5459 et
1651 5405 1783 5462 Filio
1806 5408 2000 5463 divinte

436 5474 733 5542 Scriptum:
778 5476 1090 5538 pra-dicant,
1127 5490 1300 5542 neque
1344 5484 1521 5531 tamen
1578 5476 1863 5532 diversitas
1906 5492 2003 5531 nu-

436 5540 1044 5613 minumdiversitatem
1090 5540 1405 5613 substantiae
1450 5547 1726 5613 ostendit,
1765 5561 1860 5602 nec
1898 5549 2002 5601 ulla

435 5612 815 5664 dissimilitudo
839 5613 1089 5667 essentia:
1120 5615 1261 5668 inter
1287 5611 1501 5669 Patrem
1531 5628 1585 5670 et
1618 5611 1810 5671 Filium
1845 5620 2004 5673 intel-

434 5683 709 5752 ligitur,at
738 5683 1031 5749 praedicare
1059 5682 1252 5739 Filium
1280 5702 1396 5740 esse
1420 5689 1658 5758 genitum
1684 5703 1748 5742 ex
1784 5704 1889 5743 non
1917 5704 2010 5742 ex-

1925 4952 2203 5070 Sebolia.

2112 5134 2359 5215 sistente,
2398 5148 2586 5215 neque
2630 5137 2710 5193 sic
2748 5136 2966 5208 quidem
3012 5152 3044 5195 a
3094 5138 3342 5215 periculo
3380 5144 3547 5215 vacat,
3588 5131 3662 5200 qui

2111 5207 2255 5282 enim
2300 5207 2378 5259 sic
2420 5207 2702 5282 praedicat,
2740 5207 3139 5282 consequenter
3174 5211 3535 5282 dicturus_est
3578 5220 3662 5257 non

2109 5274 2377 5355 exsistere
2426 5278 2705 5346 genitum,
2738 5274 3096 5348 autgeititum
3148 5293 3269 5335 esse
3318 5274 3660 5350 perlectiomn

2114 5352 2383 5411 genitore.

2181 5414 2257 5483 (t)
2280 5413 2335 5467 In
2356 5414 2421 5469 iis
2437 5430 2557 5486 qua:
2589 5417 2657 5471 ad
2690 5416 2896 5488 aliquid
2917 5417 3191 5485 dicuntur,
3212 5432 3321 5472 non
3350 5414 3660 5488 babetlocatn

2112 5483 2662 5567 alterutnucuitsequi,
2697 5483 2798 5567 sed
2827 5497 3122 5567 utrumque
3147 5483 3312 5543 simul
3345 5502 3495 5567 esse,
3519 5494 3571 5564 et
3597 5483 3656 5567 ξί-

2115 5556 2223 5606 mul
2262 5555 2397 5621 tolli,
2424 5565 2477 5610 et
2504 5552 2708 5629 ideirco
2734 5560 2802 5612 de
2827 5552 3141 5629 operatione
3158 5573 3281 5629 quae
3303 5568 3387 5621 est
3414 5552 3657 5614 habitudo.

2116 5639 2237 5697 non
2260 5628 2474 5697 proprie
2505 5628 2703 5681 dicitur
2728 5628 2969 5697 encrgia.

2190 5693 2268 5765 (Ξ)
2319 5693 2679 5768 Quodcunque
2727 5693 2921 5753 natura
2975 5699 3313 5771 intelligitur,
3359 5700 3455 5753 hoc
3491 5699 3657 5755 est.“

506 5845 1139 5939 (Aa)-§eilicet0c_on_ﬁAc_itt-tr
1166 5832 1357 5905 Filium
1394 5851 1635 5921 genitum
1665 5868 1784 5911 esse
1817 5855 2194 5925 perlectiorem
2221 5862 2489 5932 genitore,
2528 5865 2798 5937 siquidem
2825 5865 2999 5925 Filius
3062 5884 3158 5939 per
3210 5883 3270 5923 se
3335 5874 3450 5929 est,
3499 5869 3549 5916 et
3598 5868 3649 5911 el

436 5930 543 5985 quo
566 5927 667 5983 est,
698 5933 803 5972 non
835 5930 917 5975 est
945 5933 1039 5989 per
1079 5935 1155 5974 se.
