  <div class='ocr_page' id='page_1' title='image "/cluster/home/n/w/nwhite01/storage/ocr_20150623/152/hvd.32044019208404/500.png"; bbox 0 0 3780 6544; ppageno 0'>
   <div class='ocr_carea' id='block_1_1' title="bbox 209 434 299 495">
    <p class='ocr_par' dir='ltr' id='par_1_1' title="bbox 209 434 299 495">
     <span class='ocr_line' id='line_1_1' title="bbox 209 434 299 495; baseline 0 0"><span class='ocrx_word' id='word_1_1' title='bbox 209 434 299 495; x_wconf 69' lang='lat' dir='ltr'><strong>C&#39;77</strong></span> 
     </span>
    </p>
   </div>
   <div class='ocr_carea' id='block_1_2' title="bbox 1018 420 2496 491">
    <p class='ocr_par' dir='ltr' id='par_1_2' title="bbox 1018 420 2496 491">
     <span class='ocr_line' id='line_1_2' title="bbox 1018 420 2496 491; baseline -0.003 0"><span class='ocrx_word' id='word_1_2' title='bbox 1018 428 1253 491; x_wconf 83' lang='lat' dir='ltr'><strong>DECAS</strong></span> <span class='ocrx_word' id='word_1_3' title='bbox 1291 428 1453 489; x_wconf 49' lang='grc' dir='ltr'><strong>χε-</strong></span> <span class='ocrx_word' id='word_1_4' title='bbox 1492 424 1591 486; x_wconf 87' lang='lat' dir='ltr'><strong>DE</strong></span> <span class='ocrx_word' id='word_1_5' title='bbox 1628 420 1896 483; x_wconf 79' lang='lat' dir='ltr'><strong>DIVINA</strong></span> <span class='ocrx_word' id='word_1_6' title='bbox 1934 422 2496 487; x_wconf 73' lang='lat' dir='ltr'><strong>SIMPLICITATE.</strong></span> 
     </span>
    </p>
   </div>
   <div class='ocr_carea' id='block_1_3' title="bbox 3310 366 3421 477">
    <p class='ocr_par' dir='ltr' id='par_1_3' title="bbox 3310 366 3421 477">
     <span class='ocr_line' id='line_1_3' title="bbox 3310 366 3421 477; baseline 0.027 -3"><span class='ocrx_word' id='word_1_7' title='bbox 3310 366 3421 477; x_wconf 72' lang='lat' dir='ltr'><strong>97s</strong></span> 
     </span>
    </p>
   </div>
   <div class='ocr_carea' id='block_1_4' title="bbox 204 527 3425 614">
    <p class='ocr_par' dir='ltr' id='par_1_4' title="bbox 204 527 3425 614">
     <span class='ocr_line' id='line_1_4' title="bbox 204 527 3425 614; baseline -0.006 -13"><span class='ocrx_word' id='word_1_8' title='bbox 204 544 375 614; x_wconf 81' lang='lat' dir='ltr'><strong>inquit,</strong></span> <span class='ocrx_word' id='word_1_9' title='bbox 398 538 486 595; x_wconf 82' lang='lat' dir='ltr'><strong>Dei</strong></span> <span class='ocrx_word' id='word_1_10' title='bbox 517 549 663 604; x_wconf 90' lang='lat' dir='ltr'><strong>esset,</strong></span> <span class='ocrx_word' id='word_1_11' title='bbox 694 555 798 594; x_wconf 80' lang='lat' dir='ltr'><strong>non</strong></span> <span class='ocrx_word' id='word_1_12' title='bbox 828 543 1073 610; x_wconf 79' lang='lat' dir='ltr'><strong>rapinam</strong></span> <span class='ocrx_word' id='word_1_13' title='bbox 1103 542 1395 611; x_wconf 83' lang='lat' dir='ltr'><strong>arbitratus</strong></span> <span class='ocrx_word' id='word_1_14' title='bbox 1429 550 1505 596; x_wconf 88' lang='lat' dir='ltr'><strong>est</strong></span> <span class='ocrx_word' id='word_1_15' title='bbox 1546 536 1737 605; x_wconf 63' lang='lat' dir='ltr'><strong>sefesse</strong></span> <span class='ocrx_word' id='word_1_16' title='bbox 1764 532 1810 593; x_wconf 85' lang='lat' dir='ltr'><strong>A</strong></span> <span class='ocrx_word' id='word_1_17' title='bbox 1840 538 2012 609; x_wconf 80' lang='lat' dir='ltr'><strong>ipsius</strong></span> <span class='ocrx_word' id='word_1_18' title='bbox 2040 553 2263 609; x_wconf 58' lang='lat' dir='ltr'><strong>.sneque</strong></span> <span class='ocrx_word' id='word_1_19' title='bbox 2304 537 2478 593; x_wconf 88' lang='lat' dir='ltr'><strong>forma</strong></span> <span class='ocrx_word' id='word_1_20' title='bbox 2513 533 2711 605; x_wconf 81' lang='lat' dir='ltr'><strong>ipsius,</strong></span> <span class='ocrx_word' id='word_1_21' title='bbox 2742 544 2919 602; x_wconf 84' lang='lat' dir='ltr'><strong>neque</strong></span> <span class='ocrx_word' id='word_1_22' title='bbox 2954 529 3058 584; x_wconf 75' lang='lat' dir='ltr'><strong>vita</strong></span> <span class='ocrx_word' id='word_1_23' title='bbox 3095 527 3301 598; x_wconf 79' lang='lat' dir='ltr'><strong>ipsius,</strong></span> <span class='ocrx_word' id='word_1_24' title='bbox 3323 542 3425 583; x_wconf 78' lang='lat' dir='ltr'><strong>ne-</strong></span> 
     </span>
    </p>
   </div>
   <div class='ocr_carea' id='block_1_5' title="bbox 202 632 1735 706">
    <p class='ocr_par' dir='ltr' id='par_1_5' title="bbox 202 632 1735 706">
     <span class='ocr_line' id='line_1_5' title="bbox 202 632 1735 706; baseline -0.004 -14"><span class='ocrx_word' id='word_1_25' title='bbox 202 633 427 706; x_wconf 74' lang='lat' dir='ltr'><strong>aqualem</strong></span> <span class='ocrx_word' id='word_1_26' title='bbox 462 632 564 687; x_wconf 72' lang='lat' dir='ltr'><strong>Deo</strong></span> <span class='ocrx_word' id='word_1_27' title='bbox 600 634 666 688; x_wconf 82' lang='lat'><strong>&quot;.</strong></span> <span class='ocrx_word' id='word_1_28' title='bbox 700 632 920 688; x_wconf 82' lang='lat' dir='ltr'><strong>Divinos</strong></span> <span class='ocrx_word' id='word_1_29' title='bbox 952 632 1370 704; x_wconf 83' lang='lat' dir='ltr'><strong>Cbrysostomus</strong></span> <span class='ocrx_word' id='word_1_30' title='bbox 1404 634 1456 687; x_wconf 91' lang='lat' dir='ltr'><strong>in</strong></span> <span class='ocrx_word' id='word_1_31' title='bbox 1489 632 1735 687; x_wconf 82' lang='lat' dir='ltr'><strong>oratione</strong></span> 
     </span>
    </p>
   </div>
   <div class='ocr_carea' id='block_1_6' title="bbox 202 722 1735 793">
    <p class='ocr_par' dir='ltr' id='par_1_6' title="bbox 202 722 1735 793">
     <span class='ocr_line' id='line_1_6' title="bbox 202 722 1735 793; baseline -0.002 -13"><span class='ocrx_word' id='word_1_32' title='bbox 202 735 356 788; x_wconf 65' lang='lat' dir='ltr'><strong>sexta,</strong></span> <span class='ocrx_word' id='word_1_33' title='bbox 388 724 449 779; x_wconf 92' lang='lat' dir='ltr'><strong>de</strong></span> <span class='ocrx_word' id='word_1_34' title='bbox 482 722 951 793; x_wconf 83' lang='lat' dir='ltr'><strong>lncomprebenso,</strong></span> <span class='ocrx_word' id='word_1_35' title='bbox 1000 724 1081 780; x_wconf 88' lang='lat' dir='ltr'><strong>sic</strong></span> <span class='ocrx_word' id='word_1_36' title='bbox 1125 724 1202 779; x_wconf 89' lang='lat' dir='ltr'><strong>ait</strong></span> <span class='ocrx_word' id='word_1_37' title='bbox 1238 744 1254 780; x_wconf 89' lang='lat'><strong>:</strong></span> <span class='ocrx_word' id='word_1_38' title='bbox 1284 722 1420 779; x_wconf 90' lang='lat' dir='ltr'><strong>Cum</strong></span> <span class='ocrx_word' id='word_1_39' title='bbox 1446 764 1463 788; x_wconf 91' lang='lat'><strong>,</strong></span> <span class='ocrx_word' id='word_1_40' title='bbox 1494 722 1735 793; x_wconf 87' lang='lat' dir='ltr'><strong>inquit,</strong></span> 
     </span>
    </p>
   </div>
   <div class='ocr_carea' id='block_1_7' title="bbox 202 810 1738 885">
    <p class='ocr_par' dir='ltr' id='par_1_7' title="bbox 202 810 1738 885">
     <span class='ocr_line' id='line_1_7' title="bbox 202 810 1738 885; baseline -0.003 -15"><span class='ocrx_word' id='word_1_41' title='bbox 202 813 417 885; x_wconf 75' lang='lat' dir='ltr'><strong>ejusdem</strong></span> <span class='ocrx_word' id='word_1_42' title='bbox 453 812 655 879; x_wconf 61' lang='lat' dir='ltr'><strong>formae,</strong></span> <span class='ocrx_word' id='word_1_43' title='bbox 693 819 747 868; x_wconf 90' lang='lat' dir='ltr'><strong>et</strong></span> <span class='ocrx_word' id='word_1_44' title='bbox 784 812 1025 882; x_wconf 82' lang='lat' dir='ltr'><strong>ejusdem</strong></span> <span class='ocrx_word' id='word_1_45' title='bbox 1060 812 1246 884; x_wconf 68' lang='lat' dir='ltr'><strong>ﬁgurat</strong></span> <span class='ocrx_word' id='word_1_46' title='bbox 1272 827 1397 869; x_wconf 87' lang='lat' dir='ltr'><strong>esse</strong></span> <span class='ocrx_word' id='word_1_47' title='bbox 1426 810 1581 878; x_wconf 83' lang='lat' dir='ltr'><strong>dicit,</strong></span> <span class='ocrx_word' id='word_1_48' title='bbox 1607 810 1738 880; x_wconf 92' lang='lat' dir='ltr'><strong>quid</strong></span> 
     </span>
    </p>
   </div>
   <div class='ocr_carea' id='block_1_8' title="bbox 198 898 1736 970">
    <p class='ocr_par' dir='ltr' id='par_1_8' title="bbox 198 898 1736 970">
     <span class='ocr_line' id='line_1_8' title="bbox 198 898 1736 970; baseline -0.003 -11"><span class='ocrx_word' id='word_1_49' title='bbox 198 902 623 967; x_wconf 60' lang='lat' dir='ltr'><strong>aliudideclarat,</strong></span> <span class='ocrx_word' id='word_1_50' title='bbox 664 915 827 970; x_wconf 88' lang='lat' dir='ltr'><strong>quam</strong></span> <span class='ocrx_word' id='word_1_51' title='bbox 867 901 1225 958; x_wconf 88' lang='lat' dir='ltr'><strong>substantiam</strong></span> <span class='ocrx_word' id='word_1_52' title='bbox 1267 914 1431 955; x_wconf 86' lang='lat' dir='ltr'><strong>unam</strong></span> <span class='ocrx_word' id='word_1_53' title='bbox 1475 900 1594 956; x_wconf 83' lang='lat' dir='ltr'><strong>sine</strong></span> <span class='ocrx_word' id='word_1_54' title='bbox 1631 898 1736 954; x_wconf 89' lang='lat' dir='ltr'><strong>ulla</strong></span> 
     </span>
    </p>
   </div>
   <div class='ocr_carea' id='block_1_9' title="bbox 142 992 1737 1065">
    <p class='ocr_par' dir='ltr' id='par_1_9' title="bbox 142 992 1737 1065">
     <span class='ocr_line' id='line_1_9' title="bbox 142 992 1737 1065; baseline 0.002 -21"><span class='ocrx_word' id='word_1_55' title='bbox 142 1064 145 1065; x_wconf 15' lang='grc' dir='ltr'><em>ν</em></span> <span class='ocrx_word' id='word_1_56' title='bbox 200 994 474 1050; x_wconf 71' lang='lat' dir='ltr'><strong>varietate?</strong></span> <span class='ocrx_word' id='word_1_57' title='bbox 498 992 611 1047; x_wconf 82' lang='lat' dir='ltr'><strong>Non</strong></span> <span class='ocrx_word' id='word_1_58' title='bbox 641 992 786 1049; x_wconf 88' lang='lat' dir='ltr'><strong>enim</strong></span> <span class='ocrx_word' id='word_1_59' title='bbox 816 1003 901 1050; x_wconf 86' lang='lat' dir='ltr'><strong>est</strong></span> <span class='ocrx_word' id='word_1_60' title='bbox 929 994 1076 1050; x_wconf 85' lang='lat' dir='ltr'><strong>circa</strong></span> <span class='ocrx_word' id='word_1_61' title='bbox 1114 994 1278 1048; x_wconf 91' lang='lat' dir='ltr'><strong>Deum</strong></span> <span class='ocrx_word' id='word_1_62' title='bbox 1312 994 1506 1056; x_wconf 84' lang='lat' dir='ltr'><strong>forma,</strong></span> <span class='ocrx_word' id='word_1_63' title='bbox 1540 993 1623 1048; x_wconf 83' lang='lat' dir='ltr'><strong>vel</strong></span> <span class='ocrx_word' id='word_1_64' title='bbox 1654 992 1737 1063; x_wconf 44' lang='lat' dir='ltr'><strong>fa:</strong></span> 
     </span>
    </p>
   </div>
   <div class='ocr_carea' id='block_1_10' title="bbox 197 1084 1745 1158">
    <p class='ocr_par' dir='ltr' id='par_1_10' title="bbox 197 1084 1745 1158">
     <span class='ocr_line' id='line_1_10' title="bbox 197 1084 1745 1158; baseline -0.001 -13"><span class='ocrx_word' id='word_1_65' title='bbox 197 1088 313 1145; x_wconf 83' lang='lat' dir='ltr'><strong>cies.</strong></span> <span class='ocrx_word' id='word_1_66' title='bbox 344 1086 569 1143; x_wconf 89' lang='lat' dir='ltr'><strong>Sanctus</strong></span> <span class='ocrx_word' id='word_1_67' title='bbox 591 1085 823 1158; x_wconf 81' lang='lat' dir='ltr'><strong>Cyrillus</strong></span> <span class='ocrx_word' id='word_1_68' title='bbox 856 1106 871 1141; x_wconf 92' lang='lat'><strong>:</strong></span> <span class='ocrx_word' id='word_1_69' title='bbox 909 1085 1124 1154; x_wconf 83' lang='lat' dir='ltr'><strong>Forma,</strong></span> <span class='ocrx_word' id='word_1_70' title='bbox 1150 1085 1345 1155; x_wconf 90' lang='lat' dir='ltr'><strong>inquit,</strong></span> <span class='ocrx_word' id='word_1_71' title='bbox 1376 1085 1430 1139; x_wconf 90' lang='lat' dir='ltr'><strong>in</strong></span> <span class='ocrx_word' id='word_1_72' title='bbox 1467 1085 1574 1142; x_wconf 86' lang='lat' dir='ltr'><strong>Deo</strong></span> <span class='ocrx_word' id='word_1_73' title='bbox 1613 1084 1745 1143; x_wconf 56' lang='grc' dir='ltr'><strong>σοι».</strong></span> 
     </span>
    </p>
   </div>
   <div class='ocr_carea' id='block_1_11' title="bbox 197 1177 1740 1258">
    <p class='ocr_par' dir='ltr' id='par_1_11' title="bbox 197 1177 1740 1258">
     <span class='ocr_line' id='line_1_11' title="bbox 197 1177 1740 1258; baseline -0.003 -21"><span class='ocrx_word' id='word_1_74' title='bbox 197 1180 382 1258; x_wconf 60' lang='lat' dir='ltr'><strong>stantia</strong></span> <span class='ocrx_word' id='word_1_75' title='bbox 405 1180 665 1248; x_wconf 85' lang='lat' dir='ltr'><strong>accipitur</strong></span> <span class='ocrx_word' id='word_1_76' title='bbox 690 1194 719 1235; x_wconf 90' lang='lat' dir='ltr'><strong>a</strong></span> <span class='ocrx_word' id='word_1_77' title='bbox 743 1178 1013 1245; x_wconf 86' lang='lat' dir='ltr'><strong>Patribus,</strong></span> <span class='ocrx_word' id='word_1_78' title='bbox 1033 1180 1176 1236; x_wconf 90' lang='lat' dir='ltr'><strong>sicut</strong></span> <span class='ocrx_word' id='word_1_79' title='bbox 1197 1178 1266 1235; x_wconf 92' lang='lat' dir='ltr'><strong>ab</strong></span> <span class='ocrx_word' id='word_1_80' title='bbox 1289 1177 1563 1250; x_wconf 83' lang='lat' dir='ltr'><strong>Apostolo;</strong></span> <span class='ocrx_word' id='word_1_81' title='bbox 1588 1177 1740 1233; x_wconf 85' lang='lat' dir='ltr'><strong>nefas</strong></span> 
     </span>
    </p>
   </div>
   <div class='ocr_carea' id='block_1_12' title="bbox 197 1270 1738 1341">
    <p class='ocr_par' dir='ltr' id='par_1_12' title="bbox 197 1270 1738 1341">
     <span class='ocr_line' id='line_1_12' title="bbox 197 1270 1738 1341; baseline -0.001 -16"><span class='ocrx_word' id='word_1_82' title='bbox 197 1270 324 1325; x_wconf 88' lang='lat' dir='ltr'><strong>enim</strong></span> <span class='ocrx_word' id='word_1_83' title='bbox 363 1276 440 1325; x_wconf 90' lang='lat' dir='ltr'><strong>est</strong></span> <span class='ocrx_word' id='word_1_84' title='bbox 476 1279 531 1325; x_wconf 91' lang='lat' dir='ltr'><strong>et</strong></span> <span class='ocrx_word' id='word_1_85' title='bbox 560 1270 810 1340; x_wconf 87' lang='lat' dir='ltr'><strong>impium,</strong></span> <span class='ocrx_word' id='word_1_86' title='bbox 843 1270 900 1326; x_wconf 90' lang='lat' dir='ltr'><strong>in</strong></span> <span class='ocrx_word' id='word_1_87' title='bbox 931 1272 1060 1339; x_wconf 87' lang='lat' dir='ltr'><strong>Deo,</strong></span> <span class='ocrx_word' id='word_1_88' title='bbox 1090 1270 1181 1341; x_wconf 93' lang='lat' dir='ltr'><strong>qui</strong></span> <span class='ocrx_word' id='word_1_89' title='bbox 1223 1270 1279 1326; x_wconf 88' lang='lat' dir='ltr'><strong>in</strong></span> <span class='ocrx_word' id='word_1_90' title='bbox 1308 1276 1584 1341; x_wconf 80' lang='lat' dir='ltr'><strong>aspectum</strong></span> <span class='ocrx_word' id='word_1_91' title='bbox 1630 1284 1738 1326; x_wconf 90' lang='lat' dir='ltr'><strong>non</strong></span> 
     </span>
    </p>
   </div>
   <div class='ocr_carea' id='block_1_13' title="bbox 192 1362 1740 1432">
    <p class='ocr_par' dir='ltr' id='par_1_13' title="bbox 192 1362 1740 1432">
     <span class='ocr_line' id='line_1_13' title="bbox 192 1362 1740 1432; baseline -0.001 -14"><span class='ocrx_word' id='word_1_92' title='bbox 192 1363 340 1427; x_wconf 80' lang='lat' dir='ltr'><strong>cadit,</strong></span> <span class='ocrx_word' id='word_1_93' title='bbox 374 1362 594 1417; x_wconf 85' lang='lat' dir='ltr'><strong>formam</strong></span> <span class='ocrx_word' id='word_1_94' title='bbox 624 1364 806 1420; x_wconf 83' lang='lat' dir='ltr'><strong>dicere</strong></span> <span class='ocrx_word' id='word_1_95' title='bbox 833 1363 1091 1432; x_wconf 83' lang='lat' dir='ltr'><strong>speciem.</strong></span> <span class='ocrx_word' id='word_1_96' title='bbox 1122 1362 1382 1419; x_wconf 84' lang='lat' dir='ltr'><strong>Dominus</strong></span> <span class='ocrx_word' id='word_1_97' title='bbox 1409 1363 1463 1418; x_wconf 92' lang='lat' dir='ltr'><strong>in</strong></span> <span class='ocrx_word' id='word_1_98' title='bbox 1495 1363 1740 1432; x_wconf 83' lang='lat' dir='ltr'><strong>Evange-</strong></span> 
     </span>
    </p>
   </div>
   <div class='ocr_carea' id='block_1_14' title="bbox 192 1449 1743 1520">
    <p class='ocr_par' dir='ltr' id='par_1_14' title="bbox 192 1449 1743 1520">
     <span class='ocr_line' id='line_1_14' title="bbox 192 1449 1743 1520; baseline 0.005 -16"><span class='ocrx_word' id='word_1_99' title='bbox 192 1449 255 1504; x_wconf 90' lang='lat' dir='ltr'><strong>lio</strong></span> <span class='ocrx_word' id='word_1_100' title='bbox 282 1466 296 1503; x_wconf 91' lang='lat'><strong>:</strong></span> <span class='ocrx_word' id='word_1_101' title='bbox 323 1449 449 1519; x_wconf 80' lang='lat' dir='ltr'><strong>Ego,</strong></span> <span class='ocrx_word' id='word_1_102' title='bbox 484 1450 677 1520; x_wconf 81' lang='lat' dir='ltr'><strong>inquit,</strong></span> <span class='ocrx_word' id='word_1_103' title='bbox 701 1468 821 1508; x_wconf 87' lang='lat' dir='ltr'><strong>sum</strong></span> <span class='ocrx_word' id='word_1_104' title='bbox 848 1454 1161 1509; x_wconf 72' lang='lat' dir='ltr'><strong>resurrectio</strong></span> <span class='ocrx_word' id='word_1_105' title='bbox 1206 1462 1258 1509; x_wconf 87' lang='lat' dir='ltr'><strong>et</strong></span> <span class='ocrx_word' id='word_1_106' title='bbox 1282 1455 1389 1510; x_wconf 74' lang='lat' dir='ltr'><strong>vita</strong></span> <span class='ocrx_word' id='word_1_107' title='bbox 1410 1453 1477 1509; x_wconf 85' lang='lat'><strong>&quot;.</strong></span> <span class='ocrx_word' id='word_1_108' title='bbox 1504 1452 1743 1511; x_wconf 85' lang='lat' dir='ltr'><strong>Sanctus</strong></span> 
     </span>
    </p>
   </div>
   <div class='ocr_carea' id='block_1_15' title="bbox 190 1541 1742 1621">
    <p class='ocr_par' dir='ltr' id='par_1_15' title="bbox 190 1541 1742 1621">
     <span class='ocr_line' id='line_1_15' title="bbox 190 1541 1742 1621; baseline 0.005 -25"><span class='ocrx_word' id='word_1_109' title='bbox 190 1541 399 1612; x_wconf 84' lang='lat' dir='ltr'><strong>Cyrillus</strong></span> <span class='ocrx_word' id='word_1_110' title='bbox 431 1542 482 1596; x_wconf 91' lang='lat' dir='ltr'><strong>in</strong></span> <span class='ocrx_word' id='word_1_111' title='bbox 528 1544 665 1601; x_wconf 91' lang='lat' dir='ltr'><strong>actis</strong></span> <span class='ocrx_word' id='word_1_112' title='bbox 697 1554 900 1602; x_wconf 71' lang='lat' dir='ltr'><strong>sanctae</strong></span> <span class='ocrx_word' id='word_1_113' title='bbox 945 1555 999 1601; x_wconf 89' lang='lat' dir='ltr'><strong>et</strong></span> <span class='ocrx_word' id='word_1_114' title='bbox 1046 1547 1400 1604; x_wconf 67' lang='lat' dir='ltr'><strong>meumeniea</strong></span> <span class='ocrx_word' id='word_1_115' title='bbox 1432 1555 1601 1603; x_wconf 71' lang='lat' dir='ltr'><strong>sexta:</strong></span> <span class='ocrx_word' id='word_1_116' title='bbox 1648 1562 1742 1621; x_wconf 84' lang='lat' dir='ltr'><strong>sy-</strong></span> 
     </span>
    </p>
   </div>
   <div class='ocr_carea' id='block_1_16' title="bbox 191 1626 1741 1710">
    <p class='ocr_par' dir='ltr' id='par_1_16' title="bbox 191 1626 1741 1710">
     <span class='ocr_line' id='line_1_16' title="bbox 191 1626 1741 1710; baseline 0.006 -23"><span class='ocrx_word' id='word_1_117' title='bbox 191 1632 512 1689; x_wconf 85' lang='lat' dir='ltr'><strong>nodi:Sicut</strong></span> <span class='ocrx_word' id='word_1_118' title='bbox 564 1637 769 1700; x_wconf 84' lang='lat' dir='ltr'><strong>unitas,</strong></span> <span class='ocrx_word' id='word_1_119' title='bbox 832 1637 1029 1708; x_wconf 90' lang='lat' dir='ltr'><strong>inquit,</strong></span> <span class='ocrx_word' id='word_1_120' title='bbox 1087 1654 1194 1694; x_wconf 89' lang='lat' dir='ltr'><strong>non</strong></span> <span class='ocrx_word' id='word_1_121' title='bbox 1248 1626 1424 1710; x_wconf 84' lang='lat' dir='ltr'><strong>potest</strong></span> <span class='ocrx_word' id='word_1_122' title='bbox 1470 1640 1634 1697; x_wconf 80' lang='lat' dir='ltr'><strong>dividi</strong></span> <span class='ocrx_word' id='word_1_123' title='bbox 1685 1640 1741 1697; x_wconf 92' lang='lat' dir='ltr'><strong>in</strong></span> 
     </span>
    </p>
   </div>
   <div class='ocr_carea' id='block_1_17' title="bbox 191 1724 1746 1800">
    <p class='ocr_par' dir='ltr' id='par_1_17' title="bbox 191 1724 1746 1800">
     <span class='ocr_line' id='line_1_17' title="bbox 191 1724 1746 1800; baseline 0.006 -19"><span class='ocrx_word' id='word_1_124' title='bbox 191 1724 310 1782; x_wconf 85' lang='lat' dir='ltr'><strong>duas</strong></span> <span class='ocrx_word' id='word_1_125' title='bbox 334 1727 561 1784; x_wconf 85' lang='lat' dir='ltr'><strong>unitates</strong></span> <span class='ocrx_word' id='word_1_126' title='bbox 591 1730 877 1800; x_wconf 84' lang='lat' dir='ltr'><strong>(siquidem</strong></span> <span class='ocrx_word' id='word_1_127' title='bbox 901 1730 1083 1787; x_wconf 90' lang='lat' dir='ltr'><strong>unitas</strong></span> <span class='ocrx_word' id='word_1_128' title='bbox 1112 1731 1168 1786; x_wconf 89' lang='lat' dir='ltr'><strong>in</strong></span> <span class='ocrx_word' id='word_1_129' title='bbox 1190 1731 1286 1787; x_wconf 87' lang='lat' dir='ltr'><strong>bas</strong></span> <span class='ocrx_word' id='word_1_130' title='bbox 1305 1732 1478 1789; x_wconf 84' lang='lat' dir='ltr'><strong>divisa</strong></span> <span class='ocrx_word' id='word_1_131' title='bbox 1508 1748 1617 1789; x_wconf 92' lang='lat' dir='ltr'><strong>non</strong></span> <span class='ocrx_word' id='word_1_132' title='bbox 1641 1734 1746 1791; x_wconf 90' lang='lat' dir='ltr'><strong>erit</strong></span> 
     </span>
    </p>
   </div>
   <div class='ocr_carea' id='block_1_18' title="bbox 189 1818 1740 1898">
    <p class='ocr_par' dir='ltr' id='par_1_18' title="bbox 189 1818 1740 1898">
     <span class='ocr_line' id='line_1_18' title="bbox 189 1818 1740 1898; baseline 0.006 -26"><span class='ocrx_word' id='word_1_133' title='bbox 189 1818 369 1887; x_wconf 89' lang='lat' dir='ltr'><strong>unitas,</strong></span> <span class='ocrx_word' id='word_1_134' title='bbox 407 1822 499 1877; x_wconf 84' lang='lat' dir='ltr'><strong>sed</strong></span> <span class='ocrx_word' id='word_1_135' title='bbox 547 1820 700 1892; x_wconf 87' lang='lat' dir='ltr'><strong>duo),</strong></span> <span class='ocrx_word' id='word_1_136' title='bbox 732 1821 810 1877; x_wconf 87' lang='lat' dir='ltr'><strong>sic</strong></span> <span class='ocrx_word' id='word_1_137' title='bbox 837 1822 981 1895; x_wconf 90' lang='lat' dir='ltr'><strong>quod</strong></span> <span class='ocrx_word' id='word_1_138' title='bbox 1017 1835 1101 1879; x_wconf 88' lang='lat' dir='ltr'><strong>est</strong></span> <span class='ocrx_word' id='word_1_139' title='bbox 1132 1836 1295 1879; x_wconf 90' lang='lat' dir='ltr'><strong>unum</strong></span> <span class='ocrx_word' id='word_1_140' title='bbox 1327 1838 1535 1881; x_wconf 87' lang='lat' dir='ltr'><strong>summa</strong></span> <span class='ocrx_word' id='word_1_141' title='bbox 1570 1841 1740 1898; x_wconf 84' lang='lat' dir='ltr'><strong>copu-</strong></span> 
     </span>
    </p>
   </div>
   <div class='ocr_carea' id='block_1_19' title="bbox 1842 625 3420 708">
    <p class='ocr_par' dir='ltr' id='par_1_19' title="bbox 1842 625 3420 708">
     <span class='ocr_line' id='line_1_19' title="bbox 1842 625 3420 708; baseline -0.006 -20"><span class='ocrx_word' id='word_1_142' title='bbox 1842 651 1947 708; x_wconf 85' lang='lat' dir='ltr'><strong>que</strong></span> <span class='ocrx_word' id='word_1_143' title='bbox 1971 636 2257 703; x_wconf 76' lang='lat' dir='ltr'><strong>sapientia,</strong></span> <span class='ocrx_word' id='word_1_144' title='bbox 2292 648 2465 706; x_wconf 88' lang='lat' dir='ltr'><strong>neque</strong></span> <span class='ocrx_word' id='word_1_145' title='bbox 2490 633 2662 687; x_wconf 77' lang='lat' dir='ltr'><strong>virtus</strong></span> <span class='ocrx_word' id='word_1_146' title='bbox 2686 629 2858 699; x_wconf 89' lang='lat' dir='ltr'><strong>ipsius</strong></span> <span class='ocrx_word' id='word_1_147' title='bbox 2879 627 2982 682; x_wconf 80' lang='lat' dir='ltr'><strong>alia</strong></span> <span class='ocrx_word' id='word_1_148' title='bbox 3018 625 3260 696; x_wconf 59' lang='lat' dir='ltr'><strong>quadam</strong></span> <span class='ocrx_word' id='word_1_149' title='bbox 3291 632 3420 681; x_wconf 90' lang='lat' dir='ltr'><strong>sunt</strong></span> 
     </span>
    </p>
   </div>
   <div class='ocr_carea' id='block_1_20' title="bbox 1842 717 3417 807">
    <p class='ocr_par' dir='ltr' id='par_1_20' title="bbox 1842 717 3417 807">
     <span class='ocr_line' id='line_1_20' title="bbox 1842 717 3417 807; baseline -0.008 -22"><span class='ocrx_word' id='word_1_150' title='bbox 1842 740 2040 798; x_wconf 61' lang='lat' dir='ltr'><strong>praeter</strong></span> <span class='ocrx_word' id='word_1_151' title='bbox 2074 728 2432 785; x_wconf 78' lang='lat' dir='ltr'><strong>substantiam</strong></span> <span class='ocrx_word' id='word_1_152' title='bbox 2462 725 2678 807; x_wconf 57' lang='lat' dir='ltr'><strong>ipsius:</strong></span> <span class='ocrx_word' id='word_1_153' title='bbox 2710 723 2839 793; x_wconf 82' lang='lat' dir='ltr'><strong>quin</strong></span> <span class='ocrx_word' id='word_1_154' title='bbox 2876 721 3055 789; x_wconf 84' lang='lat' dir='ltr'><strong>potius</strong></span> <span class='ocrx_word' id='word_1_155' title='bbox 3087 720 3202 775; x_wconf 71' lang='lat' dir='ltr'><strong>haec</strong></span> <span class='ocrx_word' id='word_1_156' title='bbox 3234 717 3417 774; x_wconf 80' lang='lat' dir='ltr'><strong>omnia</strong></span> 
     </span>
    </p>
   </div>
   <div class='ocr_carea' id='block_1_21' title="bbox 1844 818 2661 889">
    <p class='ocr_par' dir='ltr' id='par_1_21' title="bbox 1844 818 2661 889">
     <span class='ocr_line' id='line_1_21' title="bbox 1844 818 2661 889; baseline -0.005 -16"><span class='ocrx_word' id='word_1_157' title='bbox 1844 819 2000 874; x_wconf 86' lang='lat' dir='ltr'><strong>unica</strong></span> <span class='ocrx_word' id='word_1_158' title='bbox 2035 818 2151 889; x_wconf 84' lang='lat' dir='ltr'><strong>ejus</strong></span> <span class='ocrx_word' id='word_1_159' title='bbox 2177 818 2474 874; x_wconf 81' lang='lat' dir='ltr'><strong>substantia</strong></span> <span class='ocrx_word' id='word_1_160' title='bbox 2516 824 2661 872; x_wconf 91' lang='lat' dir='ltr'><strong>sunt.</strong></span> 
     </span>
    </p>
   </div>
   <div class='ocr_carea' id='block_1_22' title="bbox 2433 900 2832 960">
    <p class='ocr_par' dir='ltr' id='par_1_22' title="bbox 2433 900 2832 960">
     <span class='ocr_line' id='line_1_22' title="bbox 2433 900 2832 960; baseline -0.015 0"><span class='ocrx_word' id='word_1_161' title='bbox 2433 901 2664 960; x_wconf 77' lang='lat' dir='ltr'><strong>CAPUT</strong></span> <span class='ocrx_word' id='word_1_162' title='bbox 2718 900 2832 955; x_wconf 72' lang='grc' dir='ltr'><strong>νη.</strong></span> 
     </span>
    </p>
   </div>
   <div class='ocr_carea' id='block_1_23' title="bbox 1849 993 3423 1067">
    <p class='ocr_par' dir='ltr' id='par_1_23' title="bbox 1849 993 3423 1067">
     <span class='ocr_line' id='line_1_23' title="bbox 1849 993 3423 1067; baseline -0.007 -13"><span class='ocrx_word' id='word_1_163' title='bbox 1849 998 2003 1066; x_wconf 79' lang='lat' dir='ltr'><strong>Quod</strong></span> <span class='ocrx_word' id='word_1_164' title='bbox 2030 998 2091 1055; x_wconf 81' lang='lat' dir='ltr'><strong>in</strong></span> <span class='ocrx_word' id='word_1_165' title='bbox 2117 998 2342 1058; x_wconf 83' lang='lat' dir='ltr'><strong>unitate,</strong></span> <span class='ocrx_word' id='word_1_166' title='bbox 2376 1013 2493 1067; x_wconf 61' lang='lat' dir='ltr'><strong>quat</strong></span> <span class='ocrx_word' id='word_1_167' title='bbox 2521 1012 2684 1066; x_wconf 80' lang='lat' dir='ltr'><strong>supra</strong></span> <span class='ocrx_word' id='word_1_168' title='bbox 2713 993 3059 1067; x_wconf 76' lang='lat' dir='ltr'><strong>substantiam</strong></span> <span class='ocrx_word' id='word_1_169' title='bbox 3088 999 3186 1052; x_wconf 88' lang='lat' dir='ltr'><strong>est,</strong></span> <span class='ocrx_word' id='word_1_170' title='bbox 3209 998 3423 1067; x_wconf 69' lang='lat' dir='ltr'><strong>nonest</strong></span> 
     </span>
    </p>
   </div>
   <div class='ocr_carea' id='block_1_24' title="bbox 1913 1060 3422 1139">
    <p class='ocr_par' dir='ltr' id='par_1_24' title="bbox 1913 1060 3422 1139">
     <span class='ocr_line' id='line_1_24' title="bbox 1913 1060 3422 1139; baseline -0.009 -16"><span class='ocrx_word' id='word_1_171' title='bbox 1913 1067 2249 1139; x_wconf 72' lang='lat' dir='ltr'><strong>quwreudum</strong></span> <span class='ocrx_word' id='word_1_172' title='bbox 2280 1060 2428 1139; x_wconf 60' lang='lat' dir='ltr'><strong>aliud</strong></span> <span class='ocrx_word' id='word_1_173' title='bbox 2456 1084 2568 1139; x_wconf 81' lang='lat' dir='ltr'><strong>esse</strong></span> <span class='ocrx_word' id='word_1_174' title='bbox 2588 1060 2941 1139; x_wconf 74' lang='lat' dir='ltr'><strong>cognitionem</strong></span> <span class='ocrx_word' id='word_1_175' title='bbox 2978 1079 3113 1139; x_wconf 70' lang='lat' dir='ltr'><strong>ejus,</strong></span> <span class='ocrx_word' id='word_1_176' title='bbox 3142 1060 3219 1113; x_wconf 79' lang='lat' dir='ltr'><strong>sel</strong></span> <span class='ocrx_word' id='word_1_177' title='bbox 3246 1061 3422 1139; x_wconf 57' lang='lat' dir='ltr'><strong>chari-</strong></span> 
     </span>
    </p>
   </div>
   <div class='ocr_carea' id='block_1_25' title="bbox 1917 1130 3424 1209">
    <p class='ocr_par' dir='ltr' id='par_1_25' title="bbox 1917 1130 3424 1209">
     <span class='ocr_line' id='line_1_25' title="bbox 1917 1130 3424 1209; baseline -0.009 -16"><span class='ocrx_word' id='word_1_178' title='bbox 1917 1130 2077 1195; x_wconf 75' lang='lat' dir='ltr'><strong>iatent</strong></span> <span class='ocrx_word' id='word_1_179' title='bbox 2092 1137 2330 1209; x_wconf 56' lang='grc' dir='ltr'><strong>ἠπείθει</strong></span> <span class='ocrx_word' id='word_1_180' title='bbox 2342 1130 2775 1209; x_wconf 50' lang='lat' dir='ltr'><strong>pulchritudinem</strong></span> <span class='ocrx_word' id='word_1_181' title='bbox 2798 1136 2934 1209; x_wconf 83' lang='lat' dir='ltr'><strong>eius,</strong></span> <span class='ocrx_word' id='word_1_182' title='bbox 2958 1133 3033 1209; x_wconf 63' lang='lat' dir='ltr'><strong>uel</strong></span> <span class='ocrx_word' id='word_1_183' title='bbox 3049 1130 3424 1209; x_wconf 64' lang='lat' dir='ltr'><strong>immortalita.</strong></span> 
     </span>
    </p>
   </div>
   <div class='ocr_carea' id='block_1_26' title="bbox 1920 1199 3425 1279">
    <p class='ocr_par' dir='ltr' id='par_1_26' title="bbox 1920 1199 3425 1279">
     <span class='ocr_line' id='line_1_26' title="bbox 1920 1199 3425 1279; baseline -0.008 -17"><span class='ocrx_word' id='word_1_184' title='bbox 1920 1218 2019 1264; x_wconf 84' lang='lat' dir='ltr'><strong>tem</strong></span> <span class='ocrx_word' id='word_1_185' title='bbox 2040 1199 2177 1279; x_wconf 66' lang='lat' dir='ltr'><strong>ejus,</strong></span> <span class='ocrx_word' id='word_1_186' title='bbox 2201 1199 2247 1262; x_wconf 83' lang='lat' dir='ltr'><strong>et</strong></span> <span class='ocrx_word' id='word_1_187' title='bbox 2277 1199 2389 1261; x_wconf 81' lang='lat' dir='ltr'><strong>alia</strong></span> <span class='ocrx_word' id='word_1_188' title='bbox 2409 1199 2813 1279; x_wconf 61' lang='lat' dir='ltr'><strong>ejusdemmliud</strong></span> <span class='ocrx_word' id='word_1_189' title='bbox 2831 1220 2950 1257; x_wconf 86' lang='lat' dir='ltr'><strong>vero</strong></span> <span class='ocrx_word' id='word_1_190' title='bbox 2976 1202 3297 1279; x_wconf 57' lang='lat' dir='ltr'><strong>singularem</strong></span> <span class='ocrx_word' id='word_1_191' title='bbox 3314 1199 3425 1265; x_wconf 87' lang='lat' dir='ltr'><strong>ejus</strong></span> 
     </span>
    </p>
   </div>
   <div class='ocr_carea' id='block_1_27' title="bbox 1914 1270 3373 1344">
    <p class='ocr_par' dir='ltr' id='par_1_27' title="bbox 1914 1270 3373 1344">
     <span class='ocr_line' id='line_1_27' title="bbox 1914 1270 3373 1344; baseline -0.008 -9"><span class='ocrx_word' id='word_1_192' title='bbox 1914 1270 2294 1344; x_wconf 77' lang='lat' dir='ltr'><strong>substantiam,</strong></span> <span class='ocrx_word' id='word_1_193' title='bbox 2313 1288 2360 1333; x_wconf 88' lang='lat' dir='ltr'><strong>et</strong></span> <span class='ocrx_word' id='word_1_194' title='bbox 2388 1270 2744 1333; x_wconf 59' lang='lat' dir='ltr'><strong>eisistentiam</strong></span> <span class='ocrx_word' id='word_1_195' title='bbox 2774 1270 3093 1343; x_wconf 71' lang='lat' dir='ltr'><strong>supraquam</strong></span> <span class='ocrx_word' id='word_1_196' title='bbox 3116 1270 3373 1331; x_wconf 68' lang='lat' dir='ltr'><strong>diuinam.</strong></span> 
     </span>
    </p>
   </div>
   <div class='ocr_carea' id='block_1_28' title="bbox 1917 1362 3421 1442">
    <p class='ocr_par' dir='ltr' id='par_1_28' title="bbox 1917 1362 3421 1442">
     <span class='ocr_line' id='line_1_28' title="bbox 1917 1362 3421 1442; baseline -0.009 -14"><span class='ocrx_word' id='word_1_197' title='bbox 1917 1370 2153 1428; x_wconf 86' lang='lat' dir='ltr'><strong>Sanctus</strong></span> <span class='ocrx_word' id='word_1_198' title='bbox 2172 1369 2430 1442; x_wconf 82' lang='lat' dir='ltr'><strong>Cyrillus,</strong></span> <span class='ocrx_word' id='word_1_199' title='bbox 2456 1369 2515 1424; x_wconf 90' lang='lat' dir='ltr'><strong>in</strong></span> <span class='ocrx_word' id='word_1_200' title='bbox 2543 1366 2849 1431; x_wconf 76' lang='lat' dir='ltr'><strong>Thcsauris,</strong></span> <span class='ocrx_word' id='word_1_201' title='bbox 2874 1365 3015 1419; x_wconf 86' lang='lat' dir='ltr'><strong>libro</strong></span> <span class='ocrx_word' id='word_1_202' title='bbox 3030 1378 3193 1418; x_wconf 80' lang='lat' dir='ltr'><strong>xsxtv</strong></span> <span class='ocrx_word' id='word_1_203' title='bbox 3218 1378 3232 1416; x_wconf 89' lang='lat'><strong>:</strong></span> <span class='ocrx_word' id='word_1_204' title='bbox 3252 1362 3421 1417; x_wconf 86' lang='lat' dir='ltr'><strong>Deum</strong></span> 
     </span>
    </p>
   </div>
   <div class='ocr_carea' id='block_1_29' title="bbox 1848 1460 3424 1533">
    <p class='ocr_par' dir='ltr' id='par_1_29' title="bbox 1848 1460 3424 1533">
     <span class='ocr_line' id='line_1_29' title="bbox 1848 1460 3424 1533; baseline -0.008 -12"><span class='ocrx_word' id='word_1_205' title='bbox 1848 1479 1973 1521; x_wconf 88' lang='lat' dir='ltr'><strong>esse</strong></span> <span class='ocrx_word' id='word_1_206' title='bbox 2014 1462 2344 1533; x_wconf 83' lang='lat' dir='ltr'><strong>simplicem,</strong></span> <span class='ocrx_word' id='word_1_207' title='bbox 2374 1471 2429 1518; x_wconf 89' lang='lat' dir='ltr'><strong>et</strong></span> <span class='ocrx_word' id='word_1_208' title='bbox 2460 1460 2871 1531; x_wconf 86' lang='lat' dir='ltr'><strong>compositionis</strong></span> <span class='ocrx_word' id='word_1_209' title='bbox 2924 1466 3200 1528; x_wconf 80' lang='lat' dir='ltr'><strong>expertem</strong></span> <span class='ocrx_word' id='word_1_210' title='bbox 3234 1469 3424 1511; x_wconf 88' lang='lat' dir='ltr'><strong>omnes</strong></span> 
     </span>
    </p>
   </div>
   <div class='ocr_carea' id='block_1_30' title="bbox 1850 1546 3421 1621">
    <p class='ocr_par' dir='ltr' id='par_1_30' title="bbox 1850 1546 3421 1621">
     <span class='ocr_line' id='line_1_30' title="bbox 1850 1546 3421 1621; baseline -0.005 -13"><span class='ocrx_word' id='word_1_211' title='bbox 1850 1553 2196 1619; x_wconf 81' lang='lat' dir='ltr'><strong>fatebuntur;</strong></span> <span class='ocrx_word' id='word_1_212' title='bbox 2226 1552 2523 1609; x_wconf 88' lang='lat' dir='ltr'><strong>absurdum</strong></span> <span class='ocrx_word' id='word_1_213' title='bbox 2554 1552 2720 1621; x_wconf 77' lang='lat' dir='ltr'><strong>igitur</strong></span> <span class='ocrx_word' id='word_1_214' title='bbox 2743 1559 2825 1606; x_wconf 80' lang='lat' dir='ltr'><strong>est</strong></span> <span class='ocrx_word' id='word_1_215' title='bbox 2867 1549 3050 1606; x_wconf 79' lang='lat' dir='ltr'><strong>dicere</strong></span> <span class='ocrx_word' id='word_1_216' title='bbox 3072 1546 3272 1602; x_wconf 83' lang='lat' dir='ltr'><strong>habere</strong></span> <span class='ocrx_word' id='word_1_217' title='bbox 3294 1559 3421 1600; x_wconf 87' lang='lat' dir='ltr'><strong>eum</strong></span> 
     </span>
    </p>
   </div>
   <div class='ocr_carea' id='block_1_31' title="bbox 1851 1637 3422 1717">
    <p class='ocr_par' dir='ltr' id='par_1_31' title="bbox 1851 1637 3422 1717">
     <span class='ocr_line' id='line_1_31' title="bbox 1851 1637 3422 1717; baseline -0.008 -16"><span class='ocrx_word' id='word_1_218' title='bbox 1851 1644 2158 1715; x_wconf 74' lang='lat' dir='ltr'><strong>huiusmodi</strong></span> <span class='ocrx_word' id='word_1_219' title='bbox 2190 1646 2557 1717; x_wconf 75' lang='lat' dir='ltr'><strong>cognitionem</strong></span> <span class='ocrx_word' id='word_1_220' title='bbox 2586 1644 2672 1701; x_wconf 91' lang='lat' dir='ltr'><strong>sui</strong></span> <span class='ocrx_word' id='word_1_221' title='bbox 2695 1682 2712 1709; x_wconf 89' lang='lat'><strong>,</strong></span> <span class='ocrx_word' id='word_1_222' title='bbox 2742 1641 2957 1713; x_wconf 82' lang='lat' dir='ltr'><strong>qualem</strong></span> <span class='ocrx_word' id='word_1_223' title='bbox 2993 1655 3111 1703; x_wconf 84' lang='lat' dir='ltr'><strong>nos;</strong></span> <span class='ocrx_word' id='word_1_224' title='bbox 3146 1638 3351 1694; x_wconf 82' lang='lat' dir='ltr'><strong>etenim</strong></span> <span class='ocrx_word' id='word_1_225' title='bbox 3377 1637 3422 1691; x_wconf 88' lang='lat' dir='ltr'><strong>si</strong></span> 
     </span>
    </p>
   </div>
   <div class='ocr_carea' id='block_1_32' title="bbox 1849 1727 3453 1806">
    <p class='ocr_par' dir='ltr' id='par_1_32' title="bbox 1849 1727 3453 1806">
     <span class='ocr_line' id='line_1_32' title="bbox 1849 1727 3453 1806; baseline -0.006 -15"><span class='ocrx_word' id='word_1_226' title='bbox 1849 1736 1995 1792; x_wconf 88' lang='lat' dir='ltr'><strong>aliud</strong></span> <span class='ocrx_word' id='word_1_227' title='bbox 2028 1744 2112 1794; x_wconf 90' lang='lat' dir='ltr'><strong>est</strong></span> <span class='ocrx_word' id='word_1_228' title='bbox 2154 1737 2293 1806; x_wconf 86' lang='lat' dir='ltr'><strong>ipse,</strong></span> <span class='ocrx_word' id='word_1_229' title='bbox 2334 1744 2390 1792; x_wconf 90' lang='lat' dir='ltr'><strong>et</strong></span> <span class='ocrx_word' id='word_1_230' title='bbox 2441 1735 2587 1791; x_wconf 89' lang='lat' dir='ltr'><strong>aliud</strong></span> <span class='ocrx_word' id='word_1_231' title='bbox 2627 1742 2824 1804; x_wconf 63' lang='lat' dir='ltr'><strong>prater</strong></span> <span class='ocrx_word' id='word_1_232' title='bbox 2859 1733 3039 1803; x_wconf 87' lang='lat' dir='ltr'><strong>ipsum</strong></span> <span class='ocrx_word' id='word_1_233' title='bbox 3078 1730 3320 1801; x_wconf 76' lang='lat' dir='ltr'><strong>cognitio</strong></span> <span class='ocrx_word' id='word_1_234' title='bbox 3366 1727 3453 1783; x_wconf 74' lang='lat' dir='ltr'><strong>in.</strong></span> 
     </span>
    </p>
   </div>
   <div class='ocr_carea' id='block_1_33' title="bbox 1852 1822 3429 1900">
    <p class='ocr_par' dir='ltr' id='par_1_33' title="bbox 1852 1822 3429 1900">
     <span class='ocr_line' id='line_1_33' title="bbox 1852 1822 3429 1900; baseline -0.008 -16"><span class='ocrx_word' id='word_1_235' title='bbox 1852 1830 1989 1900; x_wconf 86' lang='lat' dir='ltr'><strong>ipso,</strong></span> <span class='ocrx_word' id='word_1_236' title='bbox 2015 1832 2351 1899; x_wconf 86' lang='lat' dir='ltr'><strong>compositus</strong></span> <span class='ocrx_word' id='word_1_237' title='bbox 2376 1839 2482 1894; x_wconf 75' lang='lat' dir='ltr'><strong>est,</strong></span> <span class='ocrx_word' id='word_1_238' title='bbox 2513 1837 2569 1885; x_wconf 89' lang='lat' dir='ltr'><strong>et</strong></span> <span class='ocrx_word' id='word_1_239' title='bbox 2599 1843 2708 1884; x_wconf 87' lang='lat' dir='ltr'><strong>non</strong></span> <span class='ocrx_word' id='word_1_240' title='bbox 2740 1826 2966 1895; x_wconf 88' lang='lat' dir='ltr'><strong>simplex</strong></span> <span class='ocrx_word' id='word_1_241' title='bbox 2996 1842 3011 1891; x_wconf 93' lang='lat'><strong>;</strong></span> <span class='ocrx_word' id='word_1_242' title='bbox 3046 1835 3102 1879; x_wconf 86' lang='lat' dir='ltr'><strong>at</strong></span> <span class='ocrx_word' id='word_1_243' title='bbox 3132 1824 3256 1895; x_wconf 85' lang='lat' dir='ltr'><strong>quia</strong></span> <span class='ocrx_word' id='word_1_244' title='bbox 3290 1822 3429 1878; x_wconf 68' lang='lat' dir='ltr'><strong>sint-</strong></span> 
     </span>
    </p>
   </div>
   <div class='ocr_carea' id='block_1_34' title="bbox 186 1894 3431 1992">
    <p class='ocr_par' dir='ltr' id='par_1_34' title="bbox 186 1894 3431 1992">
     <span class='ocr_line' id='line_1_34' title="bbox 186 1894 3431 1992; baseline 0.002 -29"><span class='ocrx_word' id='word_1_245' title='bbox 186 1908 391 1975; x_wconf 89' lang='lat' dir='ltr'><strong>latione,</strong></span> <span class='ocrx_word' id='word_1_246' title='bbox 420 1926 525 1968; x_wconf 90' lang='lat' dir='ltr'><strong>non</strong></span> <span class='ocrx_word' id='word_1_247' title='bbox 555 1922 736 1983; x_wconf 83' lang='lat' dir='ltr'><strong>potest</strong></span> <span class='ocrx_word' id='word_1_248' title='bbox 762 1915 928 1971; x_wconf 80' lang='lat' dir='ltr'><strong>dividi</strong></span> <span class='ocrx_word' id='word_1_249' title='bbox 966 1914 1021 1971; x_wconf 91' lang='lat' dir='ltr'><strong>in</strong></span> <span class='ocrx_word' id='word_1_250' title='bbox 1054 1915 1198 1983; x_wconf 84' lang='lat' dir='ltr'><strong>duo;</strong></span> <span class='ocrx_word' id='word_1_251' title='bbox 1233 1916 1434 1988; x_wconf 89' lang='lat' dir='ltr'><strong>alioqui</strong></span> <span class='ocrx_word' id='word_1_252' title='bbox 1475 1933 1583 1973; x_wconf 92' lang='lat' dir='ltr'><strong>non</strong></span> <span class='ocrx_word' id='word_1_253' title='bbox 1622 1894 1737 1974; x_wconf 77' lang='lat' dir='ltr'><strong>am-</strong></span> <span class='ocrx_word' id='word_1_254' title='bbox 1779 1894 1824 1952; x_wconf 71' lang='grc' dir='ltr'><strong>Β</strong></span> <span class='ocrx_word' id='word_1_255' title='bbox 1852 1894 1983 1992; x_wconf 77' lang='lat' dir='ltr'><strong>plex</strong></span> <span class='ocrx_word' id='word_1_256' title='bbox 2004 1894 2346 1979; x_wconf 77' lang='lat' dir='ltr'><strong>confessione</strong></span> <span class='ocrx_word' id='word_1_257' title='bbox 2375 1922 2616 1983; x_wconf 84' lang='lat' dir='ltr'><strong>omnium</strong></span> <span class='ocrx_word' id='word_1_258' title='bbox 2649 1928 2763 1986; x_wconf 85' lang='lat' dir='ltr'><strong>est,</strong></span> <span class='ocrx_word' id='word_1_259' title='bbox 2800 1894 2906 1975; x_wconf 88' lang='lat' dir='ltr'><strong>non</strong></span> <span class='ocrx_word' id='word_1_260' title='bbox 2940 1927 3025 1974; x_wconf 88' lang='lat' dir='ltr'><strong>est</strong></span> <span class='ocrx_word' id='word_1_261' title='bbox 3056 1894 3200 1973; x_wconf 87' lang='lat' dir='ltr'><strong>aliud</strong></span> <span class='ocrx_word' id='word_1_262' title='bbox 3233 1925 3431 1985; x_wconf 74' lang='lat' dir='ltr'><strong>praeter</strong></span> 
     </span>
    </p>
   </div>
   <div class='ocr_carea' id='block_1_35' title="bbox 190 2002 1737 2080">
    <p class='ocr_par' dir='ltr' id='par_1_35' title="bbox 190 2002 1737 2080">
     <span class='ocr_line' id='line_1_35' title="bbox 190 2002 1737 2080; baseline 0.006 -23"><span class='ocrx_word' id='word_1_263' title='bbox 190 2002 313 2072; x_wconf 86' lang='lat' dir='ltr'><strong>plins</strong></span> <span class='ocrx_word' id='word_1_264' title='bbox 333 2004 429 2059; x_wconf 90' lang='lat' dir='ltr'><strong>erit</strong></span> <span class='ocrx_word' id='word_1_265' title='bbox 473 2003 613 2062; x_wconf 87' lang='lat' dir='ltr'><strong>Deus</strong></span> <span class='ocrx_word' id='word_1_266' title='bbox 647 2008 884 2063; x_wconf 82' lang='lat' dir='ltr'><strong>universi</strong></span> <span class='ocrx_word' id='word_1_267' title='bbox 930 2008 1161 2077; x_wconf 81' lang='lat' dir='ltr'><strong>simplex</strong></span> <span class='ocrx_word' id='word_1_268' title='bbox 1193 2010 1385 2066; x_wconf 86' lang='lat' dir='ltr'><strong>natura</strong></span> <span class='ocrx_word' id='word_1_269' title='bbox 1410 2051 1425 2076; x_wconf 94' lang='lat'><strong>,</strong></span> <span class='ocrx_word' id='word_1_270' title='bbox 1473 2010 1737 2080; x_wconf 89' lang='lat' dir='ltr'><strong>siquidem</strong></span> 
     </span>
    </p>
   </div>
   <div class='ocr_carea' id='block_1_36' title="bbox 188 2095 1732 2173">
    <p class='ocr_par' dir='ltr' id='par_1_36' title="bbox 188 2095 1732 2173">
     <span class='ocr_line' id='line_1_36' title="bbox 188 2095 1732 2173; baseline 0.006 -23"><span class='ocrx_word' id='word_1_271' title='bbox 188 2102 262 2151; x_wconf 86' lang='lat' dir='ltr'><strong>est</strong></span> <span class='ocrx_word' id='word_1_272' title='bbox 286 2095 384 2150; x_wconf 89' lang='lat' dir='ltr'><strong>alia</strong></span> <span class='ocrx_word' id='word_1_273' title='bbox 418 2104 613 2165; x_wconf 73' lang='lat' dir='ltr'><strong>prmter</strong></span> <span class='ocrx_word' id='word_1_274' title='bbox 646 2098 841 2169; x_wconf 86' lang='lat' dir='ltr'><strong>ipsum,</strong></span> <span class='ocrx_word' id='word_1_275' title='bbox 871 2114 990 2169; x_wconf 70' lang='lat' dir='ltr'><strong>quas</strong></span> <span class='ocrx_word' id='word_1_276' title='bbox 1018 2110 1100 2157; x_wconf 88' lang='lat' dir='ltr'><strong>est</strong></span> <span class='ocrx_word' id='word_1_277' title='bbox 1132 2100 1185 2157; x_wconf 91' lang='lat' dir='ltr'><strong>in</strong></span> <span class='ocrx_word' id='word_1_278' title='bbox 1218 2101 1335 2173; x_wconf 85' lang='lat' dir='ltr'><strong>ipso</strong></span> <span class='ocrx_word' id='word_1_279' title='bbox 1358 2102 1488 2158; x_wconf 79' lang='lat' dir='ltr'><strong>vita.</strong></span> <span class='ocrx_word' id='word_1_280' title='bbox 1519 2102 1585 2159; x_wconf 80' lang='lat' dir='ltr'><strong>Et</strong></span> <span class='ocrx_word' id='word_1_281' title='bbox 1617 2119 1732 2159; x_wconf 83' lang='lat' dir='ltr'><strong>rur-</strong></span> 
     </span>
    </p>
   </div>
   <div class='ocr_carea' id='block_1_37' title="bbox 188 2188 1769 2263">
    <p class='ocr_par' dir='ltr' id='par_1_37' title="bbox 188 2188 1769 2263">
     <span class='ocr_line' id='line_1_37' title="bbox 188 2188 1769 2263; baseline 0.008 -24"><span class='ocrx_word' id='word_1_282' title='bbox 188 2200 270 2242; x_wconf 88' lang='lat' dir='ltr'><strong>sus</strong></span> <span class='ocrx_word' id='word_1_283' title='bbox 301 2189 434 2244; x_wconf 91' lang='lat' dir='ltr'><strong>idem</strong></span> <span class='ocrx_word' id='word_1_284' title='bbox 467 2207 482 2245; x_wconf 90' lang='lat'><strong>:</strong></span> <span class='ocrx_word' id='word_1_285' title='bbox 508 2188 748 2247; x_wconf 83' lang='lat' dir='ltr'><strong>Primum</strong></span> <span class='ocrx_word' id='word_1_286' title='bbox 779 2192 1021 2263; x_wconf 86' lang='lat' dir='ltr'><strong>quidem,</strong></span> <span class='ocrx_word' id='word_1_287' title='bbox 1046 2208 1152 2257; x_wconf 86' lang='lat' dir='ltr'><strong>non</strong></span> <span class='ocrx_word' id='word_1_288' title='bbox 1177 2202 1261 2248; x_wconf 89' lang='lat' dir='ltr'><strong>est</strong></span> <span class='ocrx_word' id='word_1_289' title='bbox 1284 2192 1510 2262; x_wconf 82' lang='lat' dir='ltr'><strong>simplex</strong></span> <span class='ocrx_word' id='word_1_290' title='bbox 1542 2203 1740 2251; x_wconf 89' lang='lat' dir='ltr'><strong>natura</strong></span> <span class='ocrx_word' id='word_1_291' title='bbox 1766 2242 1769 2243; x_wconf 40' lang='grc' dir='ltr'><em>ν</em></span> 
     </span>
    </p>
   </div>
   <div class='ocr_carea' id='block_1_38' title="bbox 190 2278 1771 2354">
    <p class='ocr_par' dir='ltr' id='par_1_38' title="bbox 190 2278 1771 2354">
     <span class='ocr_line' id='line_1_38' title="bbox 190 2278 1771 2354; baseline 0.008 -21"><span class='ocrx_word' id='word_1_292' title='bbox 190 2278 315 2334; x_wconf 87' lang='lat' dir='ltr'><strong>Deus</strong></span> <span class='ocrx_word' id='word_1_293' title='bbox 357 2281 759 2348; x_wconf 82' lang='lat' dir='ltr'><strong>universorum,</strong></span> <span class='ocrx_word' id='word_1_294' title='bbox 809 2286 905 2339; x_wconf 87' lang='lat' dir='ltr'><strong>sed</strong></span> <span class='ocrx_word' id='word_1_295' title='bbox 950 2285 1128 2353; x_wconf 86' lang='lat' dir='ltr'><strong>potius</strong></span> <span class='ocrx_word' id='word_1_296' title='bbox 1172 2286 1529 2354; x_wconf 87' lang='lat' dir='ltr'><strong>compositus,</strong></span> <span class='ocrx_word' id='word_1_297' title='bbox 1571 2294 1622 2341; x_wconf 89' lang='lat' dir='ltr'><strong>et</strong></span> <span class='ocrx_word' id='word_1_298' title='bbox 1673 2300 1771 2345; x_wconf 85' lang='lat' dir='ltr'><strong>ex.</strong></span> 
     </span>
    </p>
   </div>
   <div class='ocr_carea' id='block_1_39' title="bbox 187 2365 1747 2445">
    <p class='ocr_par' dir='ltr' id='par_1_39' title="bbox 187 2365 1747 2445">
     <span class='ocr_line' id='line_1_39' title="bbox 187 2365 1747 2445; baseline 0.008 -24"><span class='ocrx_word' id='word_1_299' title='bbox 187 2365 376 2424; x_wconf 89' lang='lat' dir='ltr'><strong>duobus</strong></span> <span class='ocrx_word' id='word_1_300' title='bbox 402 2380 696 2440; x_wconf 83' lang='lat' dir='ltr'><strong>constans;</strong></span> <span class='ocrx_word' id='word_1_301' title='bbox 726 2374 996 2444; x_wconf 83' lang='lat' dir='ltr'><strong>siquidem</strong></span> <span class='ocrx_word' id='word_1_302' title='bbox 1053 2382 1138 2431; x_wconf 89' lang='lat' dir='ltr'><strong>est</strong></span> <span class='ocrx_word' id='word_1_303' title='bbox 1190 2375 1297 2432; x_wconf 88' lang='lat' dir='ltr'><strong>alia</strong></span> <span class='ocrx_word' id='word_1_304' title='bbox 1334 2385 1530 2445; x_wconf 82' lang='lat' dir='ltr'><strong>praeter</strong></span> <span class='ocrx_word' id='word_1_305' title='bbox 1570 2391 1698 2433; x_wconf 90' lang='lat' dir='ltr'><strong>eum</strong></span> <span class='ocrx_word' id='word_1_306' title='bbox 1724 2417 1747 2445; x_wconf 84' lang='lat'><strong>,</strong></span> 
     </span>
    </p>
   </div>
   <div class='ocr_carea' id='block_1_40' title="bbox 189 2462 1743 2540">
    <p class='ocr_par' dir='ltr' id='par_1_40' title="bbox 189 2462 1743 2540">
     <span class='ocr_line' id='line_1_40' title="bbox 189 2462 1743 2540; baseline 0.01 -27"><span class='ocrx_word' id='word_1_307' title='bbox 189 2475 293 2527; x_wconf 70' lang='lat' dir='ltr'><strong>quae</strong></span> <span class='ocrx_word' id='word_1_308' title='bbox 344 2462 397 2518; x_wconf 90' lang='lat' dir='ltr'><strong>in</strong></span> <span class='ocrx_word' id='word_1_309' title='bbox 455 2478 519 2519; x_wconf 90' lang='lat' dir='ltr'><strong>eo</strong></span> <span class='ocrx_word' id='word_1_310' title='bbox 571 2475 658 2523; x_wconf 87' lang='lat' dir='ltr'><strong>est</strong></span> <span class='ocrx_word' id='word_1_311' title='bbox 705 2467 835 2524; x_wconf 78' lang='lat' dir='ltr'><strong>vita.</strong></span> <span class='ocrx_word' id='word_1_312' title='bbox 869 2467 1164 2540; x_wconf 76' lang='lat' dir='ltr'><strong>Gregorius</strong></span> <span class='ocrx_word' id='word_1_313' title='bbox 1206 2469 1485 2540; x_wconf 81' lang='lat' dir='ltr'><strong>Nyssenus</strong></span> <span class='ocrx_word' id='word_1_314' title='bbox 1514 2471 1571 2527; x_wconf 87' lang='lat' dir='ltr'><strong>in</strong></span> <span class='ocrx_word' id='word_1_315' title='bbox 1616 2470 1743 2528; x_wconf 82' lang='lat' dir='ltr'><strong>.Vita</strong></span> 
     </span>
    </p>
   </div>
   <div class='ocr_carea' id='block_1_41' title="bbox 189 2551 1744 2627">
    <p class='ocr_par' dir='ltr' id='par_1_41' title="bbox 189 2551 1744 2627">
     <span class='ocr_line' id='line_1_41' title="bbox 189 2551 1744 2627; baseline 0.008 -20"><span class='ocrx_word' id='word_1_316' title='bbox 189 2551 363 2624; x_wconf 84' lang='lat' dir='ltr'><strong>Iioysis</strong></span> <span class='ocrx_word' id='word_1_317' title='bbox 395 2570 409 2608; x_wconf 94' lang='lat'><strong>:</strong></span> <span class='ocrx_word' id='word_1_318' title='bbox 445 2554 553 2614; x_wconf 85' lang='lat' dir='ltr'><strong>Ens</strong></span> <span class='ocrx_word' id='word_1_319' title='bbox 596 2559 805 2615; x_wconf 89' lang='lat' dir='ltr'><strong>entium</strong></span> <span class='ocrx_word' id='word_1_320' title='bbox 835 2568 918 2617; x_wconf 83' lang='lat' dir='ltr'><strong>est</strong></span> <span class='ocrx_word' id='word_1_321' title='bbox 944 2576 1075 2616; x_wconf 78' lang='lat' dir='ltr'><strong>vera</strong></span> <span class='ocrx_word' id='word_1_322' title='bbox 1104 2561 1212 2616; x_wconf 80' lang='lat' dir='ltr'><strong>vita</strong></span> <span class='ocrx_word' id='word_1_323' title='bbox 1239 2578 1253 2627; x_wconf 89' lang='lat'><strong>;</strong></span> <span class='ocrx_word' id='word_1_324' title='bbox 1286 2561 1391 2619; x_wconf 89' lang='lat' dir='ltr'><strong>hoc</strong></span> <span class='ocrx_word' id='word_1_325' title='bbox 1421 2573 1607 2619; x_wconf 87' lang='lat' dir='ltr'><strong>autem</strong></span> <span class='ocrx_word' id='word_1_326' title='bbox 1646 2578 1744 2620; x_wconf 83' lang='lat' dir='ltr'><strong>co-</strong></span> 
     </span>
    </p>
   </div>
   <div class='ocr_carea' id='block_1_42' title="bbox 188 2648 1748 2726">
    <p class='ocr_par' dir='ltr' id='par_1_42' title="bbox 188 2648 1748 2726">
     <span class='ocr_line' id='line_1_42' title="bbox 188 2648 1748 2726; baseline 0.008 -27"><span class='ocrx_word' id='word_1_327' title='bbox 188 2648 353 2715; x_wconf 89' lang='lat' dir='ltr'><strong>gnosci</strong></span> <span class='ocrx_word' id='word_1_328' title='bbox 399 2664 502 2703; x_wconf 90' lang='lat' dir='ltr'><strong>non</strong></span> <span class='ocrx_word' id='word_1_329' title='bbox 553 2660 775 2719; x_wconf 87' lang='lat' dir='ltr'><strong>potest;</strong></span> <span class='ocrx_word' id='word_1_330' title='bbox 819 2653 948 2724; x_wconf 88' lang='lat' dir='ltr'><strong>quia</strong></span> <span class='ocrx_word' id='word_1_331' title='bbox 976 2653 1143 2724; x_wconf 89' lang='lat' dir='ltr'><strong>igitur</strong></span> <span class='ocrx_word' id='word_1_332' title='bbox 1180 2655 1545 2726; x_wconf 79' lang='lat' dir='ltr'><strong>cognitionem</strong></span> <span class='ocrx_word' id='word_1_333' title='bbox 1580 2657 1748 2712; x_wconf 84' lang='lat' dir='ltr'><strong>vineit</strong></span> 
     </span>
    </p>
   </div>
   <div class='ocr_carea' id='block_1_43' title="bbox 189 2739 1742 2822">
    <p class='ocr_par' dir='ltr' id='par_1_43' title="bbox 189 2739 1742 2822">
     <span class='ocr_line' id='line_1_43' title="bbox 189 2739 1742 2822; baseline 0.008 -29"><span class='ocrx_word' id='word_1_334' title='bbox 189 2739 287 2794; x_wconf 77' lang='lat' dir='ltr'><strong>vita</strong></span> <span class='ocrx_word' id='word_1_335' title='bbox 312 2739 537 2822; x_wconf 74' lang='lat' dir='ltr'><strong>viviiica,</strong></span> <span class='ocrx_word' id='word_1_336' title='bbox 569 2758 733 2799; x_wconf 90' lang='lat' dir='ltr'><strong>omne</strong></span> <span class='ocrx_word' id='word_1_337' title='bbox 769 2744 910 2813; x_wconf 90' lang='lat' dir='ltr'><strong>quod</strong></span> <span class='ocrx_word' id='word_1_338' title='bbox 942 2746 1310 2815; x_wconf 88' lang='lat' dir='ltr'><strong>cognoscitur,</strong></span> <span class='ocrx_word' id='word_1_339' title='bbox 1343 2761 1447 2803; x_wconf 90' lang='lat' dir='ltr'><strong>non</strong></span> <span class='ocrx_word' id='word_1_340' title='bbox 1495 2757 1579 2803; x_wconf 88' lang='lat' dir='ltr'><strong>est</strong></span> <span class='ocrx_word' id='word_1_341' title='bbox 1611 2749 1742 2805; x_wconf 83' lang='lat' dir='ltr'><strong>vita.</strong></span> 
     </span>
    </p>
   </div>
   <div class='ocr_carea' id='block_1_44' title="bbox 188 2829 1746 2909">
    <p class='ocr_par' dir='ltr' id='par_1_44' title="bbox 188 2829 1746 2909">
     <span class='ocr_line' id='line_1_44' title="bbox 188 2829 1746 2909; baseline 0.008 -24"><span class='ocrx_word' id='word_1_342' title='bbox 188 2829 388 2888; x_wconf 80' lang='lat' dir='ltr'><strong>Divinos</strong></span> <span class='ocrx_word' id='word_1_343' title='bbox 412 2834 741 2902; x_wconf 78' lang='lat' dir='ltr'><strong>Apostolus:</strong></span> <span class='ocrx_word' id='word_1_344' title='bbox 771 2834 1030 2901; x_wconf 79' lang='lat' dir='ltr'><strong>Christus,</strong></span> <span class='ocrx_word' id='word_1_345' title='bbox 1079 2838 1299 2909; x_wconf 88' lang='lat' dir='ltr'><strong>inquit,</strong></span> <span class='ocrx_word' id='word_1_346' title='bbox 1353 2838 1451 2895; x_wconf 89' lang='lat' dir='ltr'><strong>Dei</strong></span> <span class='ocrx_word' id='word_1_347' title='bbox 1479 2842 1665 2907; x_wconf 82' lang='lat' dir='ltr'><strong>virtus,</strong></span> <span class='ocrx_word' id='word_1_348' title='bbox 1698 2851 1746 2898; x_wconf 88' lang='lat' dir='ltr'><strong>et</strong></span> 
     </span>
    </p>
   </div>
   <div class='ocr_carea' id='block_1_45' title="bbox 191 2919 1748 3001">
    <p class='ocr_par' dir='ltr' id='par_1_45' title="bbox 191 2919 1748 3001">
     <span class='ocr_line' id='line_1_45' title="bbox 191 2919 1748 3001; baseline 0.01 -26"><span class='ocrx_word' id='word_1_349' title='bbox 191 2919 545 2993; x_wconf 77' lang='lat' dir='ltr'><strong>Deisnpieutia</strong></span> <span class='ocrx_word' id='word_1_350' title='bbox 579 2924 650 2981; x_wconf 73' lang='lat'><strong>&quot;.</strong></span> <span class='ocrx_word' id='word_1_351' title='bbox 682 2925 923 2983; x_wconf 84' lang='lat' dir='ltr'><strong>Sanctus</strong></span> <span class='ocrx_word' id='word_1_352' title='bbox 960 2928 1256 2998; x_wconf 80' lang='lat' dir='ltr'><strong>Gregorius</strong></span> <span class='ocrx_word' id='word_1_353' title='bbox 1291 2929 1568 3001; x_wconf 83' lang='lat' dir='ltr'><strong>Nyssenus</strong></span> <span class='ocrx_word' id='word_1_354' title='bbox 1607 2934 1748 2991; x_wconf 89' lang='lat' dir='ltr'><strong>libro</strong></span> 
     </span>
    </p>
   </div>
   <div class='ocr_carea' id='block_1_46' title="bbox 185 3012 1746 3091">
    <p class='ocr_par' dir='ltr' id='par_1_46' title="bbox 185 3012 1746 3091">
     <span class='ocr_line' id='line_1_46' title="bbox 185 3012 1746 3091; baseline 0.008 -26"><span class='ocrx_word' id='word_1_355' title='bbox 185 3028 247 3068; x_wconf 80' lang='lat' dir='ltr'><strong>rtt</strong></span> <span class='ocrx_word' id='word_1_356' title='bbox 272 3014 320 3066; x_wconf 84' lang='lat' dir='ltr'><strong>in</strong></span> <span class='ocrx_word' id='word_1_357' title='bbox 347 3012 566 3070; x_wconf 83' lang='lat' dir='ltr'><strong>Cantica</strong></span> <span class='ocrx_word' id='word_1_358' title='bbox 592 3016 917 3070; x_wconf 83' lang='lat' dir='ltr'><strong>canticorum</strong></span> <span class='ocrx_word' id='word_1_359' title='bbox 952 3034 972 3073; x_wconf 90' lang='lat'><strong><em>:</em></strong></span> <span class='ocrx_word' id='word_1_360' title='bbox 1001 3017 1286 3087; x_wconf 87' lang='lat' dir='ltr'><strong>Dominus,</strong></span> <span class='ocrx_word' id='word_1_361' title='bbox 1317 3012 1516 3091; x_wconf 84' lang='lat' dir='ltr'><strong>inquit,</strong></span> <span class='ocrx_word' id='word_1_362' title='bbox 1552 3032 1746 3079; x_wconf 87' lang='lat' dir='ltr'><strong>natura</strong></span> 
     </span>
    </p>
   </div>
   <div class='ocr_carea' id='block_1_47' title="bbox 1843 2010 3430 2092">
    <p class='ocr_par' dir='ltr' id='par_1_47' title="bbox 1843 2010 3430 2092">
     <span class='ocr_line' id='line_1_47' title="bbox 1843 2010 3430 2092; baseline -0.005 -24"><span class='ocrx_word' id='word_1_363' title='bbox 1843 2029 2016 2092; x_wconf 64' lang='lat' dir='ltr'><strong>ipsum</strong></span> <span class='ocrx_word' id='word_1_364' title='bbox 2050 2015 2285 2086; x_wconf 87' lang='lat' dir='ltr'><strong>cognitio</strong></span> <span class='ocrx_word' id='word_1_365' title='bbox 2308 2014 2362 2070; x_wconf 91' lang='lat' dir='ltr'><strong>in</strong></span> <span class='ocrx_word' id='word_1_366' title='bbox 2397 2014 2536 2082; x_wconf 89' lang='lat' dir='ltr'><strong>ipso.</strong></span> <span class='ocrx_word' id='word_1_367' title='bbox 2583 2012 2693 2068; x_wconf 84' lang='lat' dir='ltr'><strong>Nos</strong></span> <span class='ocrx_word' id='word_1_368' title='bbox 2725 2019 2907 2067; x_wconf 81' lang='lat' dir='ltr'><strong>autent</strong></span> <span class='ocrx_word' id='word_1_369' title='bbox 2940 2025 3045 2064; x_wconf 90' lang='lat' dir='ltr'><strong>non</strong></span> <span class='ocrx_word' id='word_1_370' title='bbox 3080 2010 3199 2074; x_wconf 88' lang='lat' dir='ltr'><strong>sic;</strong></span> <span class='ocrx_word' id='word_1_371' title='bbox 3236 2021 3430 2063; x_wconf 81' lang='lat' dir='ltr'><strong>sumus</strong></span> 
     </span>
    </p>
   </div>
   <div class='ocr_carea' id='block_1_48' title="bbox 1842 2101 3429 2177">
    <p class='ocr_par' dir='ltr' id='par_1_48' title="bbox 1842 2101 3429 2177">
     <span class='ocr_line' id='line_1_48' title="bbox 1842 2101 3429 2177; baseline -0.006 -14"><span class='ocrx_word' id='word_1_372' title='bbox 1842 2106 1988 2163; x_wconf 89' lang='lat' dir='ltr'><strong>enim</strong></span> <span class='ocrx_word' id='word_1_373' title='bbox 2016 2106 2217 2175; x_wconf 86' lang='lat' dir='ltr'><strong>aliquid</strong></span> <span class='ocrx_word' id='word_1_374' title='bbox 2244 2105 2461 2177; x_wconf 82' lang='lat' dir='ltr'><strong>prepric</strong></span> <span class='ocrx_word' id='word_1_375' title='bbox 2489 2107 2786 2161; x_wconf 87' lang='lat' dir='ltr'><strong>secundum</strong></span> <span class='ocrx_word' id='word_1_376' title='bbox 2806 2102 3186 2165; x_wconf 74' lang='lat' dir='ltr'><strong>substantiam;</strong></span> <span class='ocrx_word' id='word_1_377' title='bbox 3222 2103 3273 2155; x_wconf 88' lang='lat' dir='ltr'><strong>in</strong></span> <span class='ocrx_word' id='word_1_378' title='bbox 3300 2101 3429 2156; x_wconf 89' lang='lat' dir='ltr'><strong>sub-</strong></span> 
     </span>
    </p>
   </div>
   <div class='ocr_carea' id='block_1_49' title="bbox 1842 2192 3424 2265">
    <p class='ocr_par' dir='ltr' id='par_1_49' title="bbox 1842 2192 3424 2265">
     <span class='ocr_line' id='line_1_49' title="bbox 1842 2192 3424 2265; baseline -0.008 -13"><span class='ocrx_word' id='word_1_379' title='bbox 1842 2199 2041 2253; x_wconf 84' lang='lat' dir='ltr'><strong>stantia</strong></span> <span class='ocrx_word' id='word_1_380' title='bbox 2079 2204 2263 2252; x_wconf 90' lang='lat' dir='ltr'><strong>autem</strong></span> <span class='ocrx_word' id='word_1_381' title='bbox 2292 2197 2555 2255; x_wconf 80' lang='lat' dir='ltr'><strong>habemus</strong></span> <span class='ocrx_word' id='word_1_382' title='bbox 2610 2197 2844 2265; x_wconf 87' lang='lat' dir='ltr'><strong>positam</strong></span> <span class='ocrx_word' id='word_1_383' title='bbox 2903 2192 3295 2262; x_wconf 83' lang='lat' dir='ltr'><strong>cognitionem,</strong></span> <span class='ocrx_word' id='word_1_384' title='bbox 3363 2200 3424 2243; x_wconf 90' lang='lat' dir='ltr'><strong>ut</strong></span> 
     </span>
    </p>
   </div>
   <div class='ocr_carea' id='block_1_50' title="bbox 1843 2280 3448 2355">
    <p class='ocr_par' dir='ltr' id='par_1_50' title="bbox 1843 2280 3448 2355">
     <span class='ocr_line' id='line_1_50' title="bbox 1843 2280 3448 2355; baseline -0.006 -12"><span class='ocrx_word' id='word_1_385' title='bbox 1843 2288 2079 2344; x_wconf 90' lang='lat' dir='ltr'><strong>colorem</strong></span> <span class='ocrx_word' id='word_1_386' title='bbox 2109 2286 2163 2342; x_wconf 90' lang='lat' dir='ltr'><strong>in</strong></span> <span class='ocrx_word' id='word_1_387' title='bbox 2190 2300 2437 2355; x_wconf 82' lang='lat' dir='ltr'><strong>corpore.</strong></span> <span class='ocrx_word' id='word_1_388' title='bbox 2473 2286 2708 2342; x_wconf 85' lang='lat' dir='ltr'><strong>Sanctus</strong></span> <span class='ocrx_word' id='word_1_389' title='bbox 2738 2284 3023 2347; x_wconf 76' lang='lat' dir='ltr'><strong>Maximus,</strong></span> <span class='ocrx_word' id='word_1_390' title='bbox 3082 2284 3135 2338; x_wconf 90' lang='lat' dir='ltr'><strong>in</strong></span> <span class='ocrx_word' id='word_1_391' title='bbox 3174 2280 3448 2349; x_wconf 60' lang='lat' dir='ltr'><strong>centuria;</strong></span> 
     </span>
    </p>
   </div>
   <div class='ocr_carea' id='block_1_51' title="bbox 1845 2374 3427 2446">
    <p class='ocr_par' dir='ltr' id='par_1_51' title="bbox 1845 2374 3427 2446">
     <span class='ocr_line' id='line_1_51' title="bbox 1845 2374 3427 2446; baseline -0.003 -14"><span class='ocrx_word' id='word_1_392' title='bbox 1845 2376 2031 2442; x_wconf 89' lang='lat' dir='ltr'><strong>tertia,</strong></span> <span class='ocrx_word' id='word_1_393' title='bbox 2068 2389 2191 2446; x_wconf 87' lang='lat' dir='ltr'><strong>cap.</strong></span> <span class='ocrx_word' id='word_1_394' title='bbox 2223 2376 2257 2431; x_wconf 84' lang='lat'><strong>5</strong></span> <span class='ocrx_word' id='word_1_395' title='bbox 2291 2391 2308 2430; x_wconf 88' lang='lat'><strong>:</strong></span> <span class='ocrx_word' id='word_1_396' title='bbox 2351 2374 2566 2441; x_wconf 86' lang='lat' dir='ltr'><strong>Omnis,</strong></span> <span class='ocrx_word' id='word_1_397' title='bbox 2594 2375 2792 2445; x_wconf 88' lang='lat' dir='ltr'><strong>inquit,</strong></span> <span class='ocrx_word' id='word_1_398' title='bbox 2830 2374 3073 2444; x_wconf 80' lang='lat' dir='ltr'><strong>cognitio</strong></span> <span class='ocrx_word' id='word_1_399' title='bbox 3107 2388 3313 2443; x_wconf 83' lang='lat' dir='ltr'><strong>earum</strong></span> <span class='ocrx_word' id='word_1_400' title='bbox 3341 2388 3427 2427; x_wconf 80' lang='lat' dir='ltr'><strong>re—</strong></span> 
     </span>
    </p>
   </div>
   <div class='ocr_carea' id='block_1_52' title="bbox 1846 2466 3428 2537">
    <p class='ocr_par' dir='ltr' id='par_1_52' title="bbox 1846 2466 3428 2537">
     <span class='ocr_line' id='line_1_52' title="bbox 1846 2466 3428 2537; baseline -0.004 -14"><span class='ocrx_word' id='word_1_401' title='bbox 1846 2484 1965 2523; x_wconf 89' lang='lat' dir='ltr'><strong>rum</strong></span> <span class='ocrx_word' id='word_1_402' title='bbox 1996 2483 2117 2537; x_wconf 69' lang='lat' dir='ltr'><strong>qua:</strong></span> <span class='ocrx_word' id='word_1_403' title='bbox 2140 2477 2293 2532; x_wconf 75' lang='lat' dir='ltr'><strong>eunt,</strong></span> <span class='ocrx_word' id='word_1_404' title='bbox 2343 2466 2615 2523; x_wconf 85' lang='lat' dir='ltr'><strong>habitudo</strong></span> <span class='ocrx_word' id='word_1_405' title='bbox 2641 2474 2727 2522; x_wconf 86' lang='lat' dir='ltr'><strong>est</strong></span> <span class='ocrx_word' id='word_1_406' title='bbox 2757 2482 2877 2535; x_wconf 67' lang='lat' dir='ltr'><strong>quae</strong></span> <span class='ocrx_word' id='word_1_407' title='bbox 2901 2475 3147 2521; x_wconf 83' lang='lat' dir='ltr'><strong>extrema</strong></span> <span class='ocrx_word' id='word_1_408' title='bbox 3177 2466 3428 2534; x_wconf 65' lang='lat' dir='ltr'><strong>quaedam</strong></span> 
     </span>
    </p>
   </div>
   <div class='ocr_carea' id='block_1_53' title="bbox 1846 2559 3432 2630">
    <p class='ocr_par' dir='ltr' id='par_1_53' title="bbox 1846 2559 3432 2630">
     <span class='ocr_line' id='line_1_53' title="bbox 1846 2559 3432 2630; baseline -0.005 -16"><span class='ocrx_word' id='word_1_409' title='bbox 1846 2560 2094 2630; x_wconf 84' lang='lat' dir='ltr'><strong>colligat;</strong></span> <span class='ocrx_word' id='word_1_410' title='bbox 2127 2575 2221 2615; x_wconf 90' lang='lat' dir='ltr'><strong>eos</strong></span> <span class='ocrx_word' id='word_1_411' title='bbox 2247 2560 2371 2615; x_wconf 88' lang='lat' dir='ltr'><strong>dico</strong></span> <span class='ocrx_word' id='word_1_412' title='bbox 2402 2559 2493 2627; x_wconf 91' lang='lat' dir='ltr'><strong>qui</strong></span> <span class='ocrx_word' id='word_1_413' title='bbox 2520 2567 2883 2627; x_wconf 79' lang='lat' dir='ltr'><strong>cognoscunt,</strong></span> <span class='ocrx_word' id='word_1_414' title='bbox 2906 2567 2961 2613; x_wconf 93' lang='lat' dir='ltr'><strong>et</strong></span> <span class='ocrx_word' id='word_1_415' title='bbox 2980 2572 3045 2611; x_wconf 89' lang='lat' dir='ltr'><strong>ea</strong></span> <span class='ocrx_word' id='word_1_416' title='bbox 3081 2572 3201 2626; x_wconf 75' lang='lat' dir='ltr'><strong>qure</strong></span> <span class='ocrx_word' id='word_1_417' title='bbox 3231 2570 3432 2625; x_wconf 74' lang='lat' dir='ltr'><strong>ceguo-</strong></span> 
     </span>
    </p>
   </div>
   <div class='ocr_carea' id='block_1_54' title="bbox 1847 2648 3428 2723">
    <p class='ocr_par' dir='ltr' id='par_1_54' title="bbox 1847 2648 3428 2723">
     <span class='ocr_line' id='line_1_54' title="bbox 1847 2648 3428 2723; baseline -0.005 -16"><span class='ocrx_word' id='word_1_418' title='bbox 1847 2662 2102 2717; x_wconf 86' lang='lat' dir='ltr'><strong>scuntur;</strong></span> <span class='ocrx_word' id='word_1_419' title='bbox 2141 2655 2256 2709; x_wconf 73' lang='lat' dir='ltr'><strong>haec</strong></span> <span class='ocrx_word' id='word_1_420' title='bbox 2282 2661 2464 2708; x_wconf 89' lang='lat' dir='ltr'><strong>autem</strong></span> <span class='ocrx_word' id='word_1_421' title='bbox 2491 2667 2597 2707; x_wconf 89' lang='lat' dir='ltr'><strong>non</strong></span> <span class='ocrx_word' id='word_1_422' title='bbox 2622 2652 2700 2722; x_wconf 87' lang='lat' dir='ltr'><strong>(l)</strong></span> <span class='ocrx_word' id='word_1_423' title='bbox 2725 2652 3074 2723; x_wconf 82' lang='lat' dir='ltr'><strong>cognoscitur</strong></span> <span class='ocrx_word' id='word_1_424' title='bbox 3098 2648 3167 2703; x_wconf 93' lang='lat' dir='ltr'><strong>ab</strong></span> <span class='ocrx_word' id='word_1_425' title='bbox 3193 2648 3314 2704; x_wconf 83' lang='lat' dir='ltr'><strong>istis</strong></span> <span class='ocrx_word' id='word_1_426' title='bbox 3337 2649 3428 2718; x_wconf 88' lang='lat' dir='ltr'><strong>qui</strong></span> 
     </span>
    </p>
   </div>
   <div class='ocr_carea' id='block_1_55' title="bbox 1846 2740 3431 2817">
    <p class='ocr_par' dir='ltr' id='par_1_55' title="bbox 1846 2740 3431 2817">
     <span class='ocr_line' id='line_1_55' title="bbox 1846 2740 3431 2817; baseline -0.004 -18"><span class='ocrx_word' id='word_1_427' title='bbox 1846 2754 2205 2815; x_wconf 88' lang='lat' dir='ltr'><strong>cognoscunt,</strong></span> <span class='ocrx_word' id='word_1_428' title='bbox 2240 2758 2414 2814; x_wconf 90' lang='lat' dir='ltr'><strong>neque</strong></span> <span class='ocrx_word' id='word_1_429' title='bbox 2442 2744 2607 2798; x_wconf 86' lang='lat' dir='ltr'><strong>simul</strong></span> <span class='ocrx_word' id='word_1_430' title='bbox 2636 2744 2997 2817; x_wconf 17' lang='lat' dir='ltr'><strong>cognoscitur,</strong></span> <span class='ocrx_word' id='word_1_431' title='bbox 3024 2757 3145 2795; x_wconf 89' lang='lat' dir='ltr'><strong>cum</strong></span> <span class='ocrx_word' id='word_1_432' title='bbox 3171 2740 3431 2811; x_wconf 80' lang='lat' dir='ltr'><strong>cognitis;</strong></span> 
     </span>
    </p>
   </div>
   <div class='ocr_carea' id='block_1_56' title="bbox 1848 2832 3428 2905">
    <p class='ocr_par' dir='ltr' id='par_1_56' title="bbox 1848 2832 3428 2905">
     <span class='ocr_line' id='line_1_56' title="bbox 1848 2832 3428 2905; baseline -0.006 -12"><span class='ocrx_word' id='word_1_433' title='bbox 1848 2850 1955 2893; x_wconf 85' lang='lat' dir='ltr'><strong>nou</strong></span> <span class='ocrx_word' id='word_1_434' title='bbox 1984 2837 2126 2891; x_wconf 90' lang='lat' dir='ltr'><strong>enim</strong></span> <span class='ocrx_word' id='word_1_435' title='bbox 2155 2835 2395 2905; x_wconf 89' lang='lat' dir='ltr'><strong>cognitio</strong></span> <span class='ocrx_word' id='word_1_436' title='bbox 2422 2844 2543 2904; x_wconf 86' lang='lat' dir='ltr'><strong>apta</strong></span> <span class='ocrx_word' id='word_1_437' title='bbox 2568 2844 2649 2890; x_wconf 90' lang='lat' dir='ltr'><strong>est</strong></span> <span class='ocrx_word' id='word_1_438' title='bbox 2671 2845 2864 2889; x_wconf 84' lang='lat' dir='ltr'><strong>natura</strong></span> <span class='ocrx_word' id='word_1_439' title='bbox 2897 2849 2991 2886; x_wconf 84' lang='lat' dir='ltr'><strong>sua</strong></span> <span class='ocrx_word' id='word_1_440' title='bbox 3018 2832 3125 2885; x_wconf 84' lang='lat' dir='ltr'><strong>ulla</strong></span> <span class='ocrx_word' id='word_1_441' title='bbox 3155 2848 3218 2885; x_wconf 88' lang='lat' dir='ltr'><strong>ex</strong></span> <span class='ocrx_word' id='word_1_442' title='bbox 3252 2841 3428 2896; x_wconf 81' lang='lat' dir='ltr'><strong>parte,</strong></span> 
     </span>
    </p>
   </div>
   <div class='ocr_carea' id='block_1_57' title="bbox 1848 2924 3428 3001">
    <p class='ocr_par' dir='ltr' id='par_1_57' title="bbox 1848 2924 3428 3001">
     <span class='ocr_line' id='line_1_57' title="bbox 1848 2924 3428 3001; baseline -0.005 -16"><span class='ocrx_word' id='word_1_443' title='bbox 1848 2939 1910 2985; x_wconf 93' lang='lat' dir='ltr'><strong>ut</strong></span> <span class='ocrx_word' id='word_1_444' title='bbox 1941 2938 2306 3001; x_wconf 83' lang='lat' dir='ltr'><strong>cognoscatur</strong></span> <span class='ocrx_word' id='word_1_445' title='bbox 2344 2948 2358 2985; x_wconf 88' lang='lat'>:</span> <span class='ocrx_word' id='word_1_446' title='bbox 2393 2928 2534 2985; x_wconf 89' lang='lat' dir='ltr'><strong>Deus</strong></span> <span class='ocrx_word' id='word_1_447' title='bbox 2568 2936 2752 2982; x_wconf 89' lang='lat' dir='ltr'><strong>autem</strong></span> <span class='ocrx_word' id='word_1_448' title='bbox 2789 2926 3091 2981; x_wconf 85' lang='lat' dir='ltr'><strong>secundum</strong></span> <span class='ocrx_word' id='word_1_449' title='bbox 3129 2924 3428 2978; x_wconf 83' lang='lat' dir='ltr'><strong>essentiam</strong></span> 
     </span>
    </p>
   </div>
   <div class='ocr_carea' id='block_1_58' title="bbox 1850 3017 3431 3093">
    <p class='ocr_par' dir='ltr' id='par_1_58' title="bbox 1850 3017 3431 3093">
     <span class='ocr_line' id='line_1_58' title="bbox 1850 3017 3431 3093; baseline -0.007 -15"><span class='ocrx_word' id='word_1_450' title='bbox 1850 3037 2025 3085; x_wconf 89' lang='lat' dir='ltr'><strong>suam,</strong></span> <span class='ocrx_word' id='word_1_451' title='bbox 2059 3022 2425 3093; x_wconf 83' lang='lat' dir='ltr'><strong>quodcunque</strong></span> <span class='ocrx_word' id='word_1_452' title='bbox 2455 3028 2541 3074; x_wconf 86' lang='lat' dir='ltr'><strong>est</strong></span> <span class='ocrx_word' id='word_1_453' title='bbox 2565 3018 2864 3075; x_wconf 86' lang='lat' dir='ltr'><strong>secundum</strong></span> <span class='ocrx_word' id='word_1_454' title='bbox 2897 3017 3257 3079; x_wconf 79' lang='lat' dir='ltr'><strong>substantiam</strong></span> <span class='ocrx_word' id='word_1_455' title='bbox 3282 3056 3297 3075; x_wconf 90' lang='lat'><strong>,</strong></span> <span class='ocrx_word' id='word_1_456' title='bbox 3333 3030 3431 3069; x_wconf 81' lang='lat' dir='ltr'><strong>co-</strong></span> 
     </span>
    </p>
   </div>
   <div class='ocr_carea' id='block_1_59' title="bbox 185 3100 3432 3188">
    <p class='ocr_par' dir='ltr' id='par_1_59' title="bbox 185 3100 3432 3188">
     <span class='ocr_line' id='line_1_59' title="bbox 185 3100 3432 3188; baseline 0.001 -30"><span class='ocrx_word' id='word_1_457' title='bbox 185 3118 270 3158; x_wconf 91' lang='lat' dir='ltr'><strong>sua</strong></span> <span class='ocrx_word' id='word_1_458' title='bbox 315 3105 365 3158; x_wconf 92' lang='lat' dir='ltr'><strong>id</strong></span> <span class='ocrx_word' id='word_1_459' title='bbox 409 3104 585 3174; x_wconf 87' lang='lat' dir='ltr'><strong>ipsum</strong></span> <span class='ocrx_word' id='word_1_460' title='bbox 636 3100 924 3176; x_wconf 81' lang='lat' dir='ltr'><strong>quodest,</strong></span> <span class='ocrx_word' id='word_1_461' title='bbox 973 3108 1239 3175; x_wconf 78' lang='lat' dir='ltr'><strong>veritatis,</strong></span> <span class='ocrx_word' id='word_1_462' title='bbox 1283 3119 1338 3166; x_wconf 91' lang='lat' dir='ltr'><strong>et</strong></span> <span class='ocrx_word' id='word_1_463' title='bbox 1363 3112 1667 3181; x_wconf 63' lang='lat' dir='ltr'><strong>sapientiae,</strong></span> <span class='ocrx_word' id='word_1_464' title='bbox 1694 3122 1754 3169; x_wconf 89' lang='lat' dir='ltr'><strong>et</strong></span> <span class='ocrx_word' id='word_1_465' title='bbox 1811 3117 2021 3188; x_wconf 75' lang='lat' dir='ltr'><strong>,guitio</strong></span> <span class='ocrx_word' id='word_1_466' title='bbox 2055 3124 2139 3171; x_wconf 88' lang='lat' dir='ltr'><strong>est</strong></span> <span class='ocrx_word' id='word_1_467' title='bbox 2168 3111 2475 3177; x_wconf 83' lang='lat' dir='ltr'><strong>inetl&#39;abilis,</strong></span> <span class='ocrx_word' id='word_1_468' title='bbox 2497 3126 2617 3182; x_wconf 84' lang='lat' dir='ltr'><strong>quae</strong></span> <span class='ocrx_word' id='word_1_469' title='bbox 2642 3110 2699 3165; x_wconf 87' lang='lat' dir='ltr'><strong>in</strong></span> <span class='ocrx_word' id='word_1_470' title='bbox 2733 3106 2912 3164; x_wconf 76' lang='lat' dir='ltr'><strong>Mente</strong></span> <span class='ocrx_word' id='word_1_471' title='bbox 2939 3118 2993 3163; x_wconf 90' lang='lat' dir='ltr'><strong>et</strong></span> <span class='ocrx_word' id='word_1_472' title='bbox 3024 3108 3197 3163; x_wconf 69' lang='lat' dir='ltr'><strong>Verbo</strong></span> <span class='ocrx_word' id='word_1_473' title='bbox 3223 3118 3276 3162; x_wconf 92' lang='lat' dir='ltr'><strong>et</strong></span> <span class='ocrx_word' id='word_1_474' title='bbox 3305 3107 3432 3175; x_wconf 85' lang='lat' dir='ltr'><strong>Spi-</strong></span> 
     </span>
    </p>
   </div>
   <div class='ocr_carea' id='block_1_60' title="bbox 184 3194 3431 3298">
    <p class='ocr_par' dir='ltr' id='par_1_60' title="bbox 184 3194 3431 3298">
     <span class='ocr_line' id='line_1_60' title="bbox 184 3194 3431 3298; baseline 0 -49"><span class='ocrx_word' id='word_1_475' title='bbox 184 3194 379 3298; x_wconf 54' lang='lat' dir='ltr'><strong>ttirtutis</strong></span> <span class='ocrx_word' id='word_1_476' title='bbox 410 3198 710 3255; x_wconf 84' lang='lat' dir='ltr'><strong>substantia</strong></span> <span class='ocrx_word' id='word_1_477' title='bbox 735 3207 865 3283; x_wconf 68' lang='lat' dir='ltr'><strong>est;</strong></span> <span class='ocrx_word' id='word_1_478' title='bbox 908 3199 1113 3257; x_wconf 90' lang='lat' dir='ltr'><strong>idcirco</strong></span> <span class='ocrx_word' id='word_1_479' title='bbox 1154 3203 1299 3274; x_wconf 88' lang='lat' dir='ltr'><strong>quod</strong></span> <span class='ocrx_word' id='word_1_480' title='bbox 1341 3202 1509 3259; x_wconf 82' lang='lat' dir='ltr'><strong>David</strong></span> <span class='ocrx_word' id='word_1_481' title='bbox 1543 3205 1683 3260; x_wconf 81' lang='lat' dir='ltr'><strong>dixit</strong></span> <span class='ocrx_word' id='word_1_482' title='bbox 1725 3221 1741 3261; x_wconf 92' lang='lat'><strong>:</strong></span> <span class='ocrx_word' id='word_1_483' title='bbox 1771 3236 1817 3298; x_wconf 68' lang='grc' dir='ltr'>α</span> <span class='ocrx_word' id='word_1_484' title='bbox 1851 3208 1961 3264; x_wconf 88' lang='lat' dir='ltr'><strong>ritu</strong></span> <span class='ocrx_word' id='word_1_485' title='bbox 1991 3222 2086 3277; x_wconf 89' lang='lat' dir='ltr'><strong>per</strong></span> <span class='ocrx_word' id='word_1_486' title='bbox 2115 3221 2175 3263; x_wconf 87' lang='lat' dir='ltr'><strong>se</strong></span> <span class='ocrx_word' id='word_1_487' title='bbox 2218 3204 2455 3261; x_wconf 80' lang='lat' dir='ltr'><strong>exsistit.</strong></span> <span class='ocrx_word' id='word_1_488' title='bbox 2511 3204 2652 3256; x_wconf 82' lang='lat' dir='ltr'><strong>Deus</strong></span> <span class='ocrx_word' id='word_1_489' title='bbox 2710 3201 2875 3272; x_wconf 85' lang='lat' dir='ltr'><strong>igitur</strong></span> <span class='ocrx_word' id='word_1_490' title='bbox 2902 3196 3128 3255; x_wconf 82' lang='lat' dir='ltr'><strong>ottinino</strong></span> <span class='ocrx_word' id='word_1_491' title='bbox 3160 3208 3241 3253; x_wconf 88' lang='lat' dir='ltr'><strong>est</strong></span> <span class='ocrx_word' id='word_1_492' title='bbox 3271 3213 3431 3252; x_wconf 83' lang='lat' dir='ltr'><strong>crea-</strong></span> 
     </span>
    </p>
   </div>
   <div class='ocr_carea' id='block_1_61' title="bbox 185 3284 1748 3367">
    <p class='ocr_par' dir='ltr' id='par_1_61' title="bbox 185 3284 1748 3367">
     <span class='ocr_line' id='line_1_61' title="bbox 185 3284 1748 3367; baseline 0.008 -27"><span class='ocrx_word' id='word_1_493' title='bbox 185 3284 362 3343; x_wconf 81' lang='lat' dir='ltr'><strong>Omuia</strong></span> <span class='ocrx_word' id='word_1_494' title='bbox 408 3291 465 3344; x_wconf 79' lang='lat' dir='ltr'><strong>in</strong></span> <span class='ocrx_word' id='word_1_495' title='bbox 493 3291 760 3360; x_wconf 83' lang='lat' dir='ltr'><strong>sapientia</strong></span> <span class='ocrx_word' id='word_1_496' title='bbox 800 3293 1062 3363; x_wconf 54' lang='grc' dir='ltr'><strong>μείδησε,</strong></span> <span class='ocrx_word' id='word_1_497' title='bbox 1099 3293 1491 3366; x_wconf 86' lang='lat' dir='ltr'><strong>interpretatus</strong></span> <span class='ocrx_word' id='word_1_498' title='bbox 1516 3298 1748 3367; x_wconf 82' lang='lat' dir='ltr'><strong>Aposto-</strong></span> 
     </span>
    </p>
   </div>
   <div class='ocr_carea' id='block_1_62' title="bbox 188 3378 1748 3454">
    <p class='ocr_par' dir='ltr' id='par_1_62' title="bbox 188 3378 1748 3454">
     <span class='ocr_line' id='line_1_62' title="bbox 188 3378 1748 3454; baseline 0.009 -22"><span class='ocrx_word' id='word_1_499' title='bbox 188 3378 259 3433; x_wconf 86' lang='lat' dir='ltr'><strong>lus</strong></span> <span class='ocrx_word' id='word_1_500' title='bbox 289 3379 630 3450; x_wconf 83' lang='lat' dir='ltr'><strong>Prophetam.</strong></span> <span class='ocrx_word' id='word_1_501' title='bbox 666 3383 718 3437; x_wconf 89' lang='lat' dir='ltr'><strong>in</strong></span> <span class='ocrx_word' id='word_1_502' title='bbox 760 3383 879 3454; x_wconf 92' lang='lat' dir='ltr'><strong>ipso</strong></span> <span class='ocrx_word' id='word_1_503' title='bbox 928 3385 1009 3440; x_wconf 85' lang='lat' dir='ltr'><strong>ait</strong></span> <span class='ocrx_word' id='word_1_504' title='bbox 1056 3388 1238 3441; x_wconf 86' lang='lat' dir='ltr'><strong>omnia</strong></span> <span class='ocrx_word' id='word_1_505' title='bbox 1292 3397 1473 3442; x_wconf 87' lang='lat' dir='ltr'><strong>creata</strong></span> <span class='ocrx_word' id='word_1_506' title='bbox 1528 3403 1651 3445; x_wconf 86' lang='lat' dir='ltr'><strong>esse</strong></span> <span class='ocrx_word' id='word_1_507' title='bbox 1680 3389 1748 3454; x_wconf 83' lang='lat'><strong>&quot;.</strong></span> 
     </span>
    </p>
   </div>
   <div class='ocr_carea' id='block_1_63' title="bbox 188 3474 1747 3547">
    <p class='ocr_par' dir='ltr' id='par_1_63' title="bbox 188 3474 1747 3547">
     <span class='ocr_line' id='line_1_63' title="bbox 188 3474 1747 3547; baseline 0.006 -21"><span class='ocrx_word' id='word_1_508' title='bbox 188 3480 419 3543; x_wconf 74' lang='lat' dir='ltr'><strong>tauquam</strong></span> <span class='ocrx_word' id='word_1_509' title='bbox 450 3474 553 3530; x_wconf 80' lang='lat' dir='ltr'><strong>ltoc</strong></span> <span class='ocrx_word' id='word_1_510' title='bbox 605 3474 877 3546; x_wconf 83' lang='lat' dir='ltr'><strong>Propbeta</strong></span> <span class='ocrx_word' id='word_1_511' title='bbox 911 3478 1316 3547; x_wconf 72' lang='lat' dir='ltr'><strong>fsignificaverit</strong></span> <span class='ocrx_word' id='word_1_512' title='bbox 1351 3480 1615 3535; x_wconf 85' lang='lat' dir='ltr'><strong>vocabulo</strong></span> <span class='ocrx_word' id='word_1_513' title='bbox 1654 3498 1747 3536; x_wconf 85' lang='lat' dir='ltr'><strong>sa-</strong></span> 
     </span>
    </p>
   </div>
   <div class='ocr_carea' id='block_1_64' title="bbox 186 3565 1748 3639">
    <p class='ocr_par' dir='ltr' id='par_1_64' title="bbox 186 3565 1748 3639">
     <span class='ocr_line' id='line_1_64' title="bbox 186 3565 1748 3639; baseline 0.008 -23"><span class='ocrx_word' id='word_1_514' title='bbox 186 3565 396 3630; x_wconf 69' lang='lat' dir='ltr'><strong>pientiae.</strong></span> <span class='ocrx_word' id='word_1_515' title='bbox 431 3566 578 3623; x_wconf 88' lang='lat' dir='ltr'><strong>Idem</strong></span> <span class='ocrx_word' id='word_1_516' title='bbox 631 3568 923 3639; x_wconf 86' lang='lat' dir='ltr'><strong>Gregorius</strong></span> <span class='ocrx_word' id='word_1_517' title='bbox 970 3570 1022 3624; x_wconf 94' lang='lat' dir='ltr'><strong>iu</strong></span> <span class='ocrx_word' id='word_1_518' title='bbox 1072 3570 1323 3625; x_wconf 81' lang='lat' dir='ltr'><strong>eisdem:</strong></span> <span class='ocrx_word' id='word_1_519' title='bbox 1355 3570 1456 3639; x_wconf 87' lang='lat' dir='ltr'><strong>Qui</strong></span> <span class='ocrx_word' id='word_1_520' title='bbox 1503 3574 1748 3630; x_wconf 88' lang='lat' dir='ltr'><strong>omnium</strong></span> 
     </span>
    </p>
   </div>
   <div class='ocr_carea' id='block_1_65' title="bbox 186 3659 1751 3735">
    <p class='ocr_par' dir='ltr' id='par_1_65' title="bbox 186 3659 1751 3735">
     <span class='ocr_line' id='line_1_65' title="bbox 186 3659 1751 3735; baseline 0.008 -24"><span class='ocrx_word' id='word_1_521' title='bbox 186 3659 528 3727; x_wconf 84' lang='lat' dir='ltr'><strong>cognitionem</strong></span> <span class='ocrx_word' id='word_1_522' title='bbox 561 3660 616 3714; x_wconf 93' lang='lat' dir='ltr'><strong>in</strong></span> <span class='ocrx_word' id='word_1_523' title='bbox 650 3676 709 3716; x_wconf 91' lang='lat' dir='ltr'><strong>se</strong></span> <span class='ocrx_word' id='word_1_524' title='bbox 734 3662 863 3729; x_wconf 78' lang='lat' dir='ltr'><strong>ipso</strong></span> <span class='ocrx_word' id='word_1_525' title='bbox 893 3663 1347 3733; x_wconf 77' lang='lat' dir='ltr'><strong>comprehensam</strong></span> <span class='ocrx_word' id='word_1_526' title='bbox 1378 3664 1559 3731; x_wconf 87' lang='lat' dir='ltr'><strong>habet,</strong></span> <span class='ocrx_word' id='word_1_527' title='bbox 1592 3664 1751 3735; x_wconf 86' lang='lat' dir='ltr'><strong>cujus</strong></span> 
     </span>
    </p>
   </div>
   <div class='ocr_carea' id='block_1_66' title="bbox 188 3748 1747 3829">
    <p class='ocr_par' dir='ltr' id='par_1_66' title="bbox 188 3748 1747 3829">
     <span class='ocr_line' id='line_1_66' title="bbox 188 3748 1747 3829; baseline 0.006 -24"><span class='ocrx_word' id='word_1_528' title='bbox 188 3748 376 3805; x_wconf 81' lang='lat' dir='ltr'><strong>inﬁnita</strong></span> <span class='ocrx_word' id='word_1_529' title='bbox 407 3753 695 3823; x_wconf 84' lang='lat' dir='ltr'><strong>sapientia,</strong></span> <span class='ocrx_word' id='word_1_530' title='bbox 716 3754 843 3822; x_wconf 87' lang='lat' dir='ltr'><strong>quin</strong></span> <span class='ocrx_word' id='word_1_531' title='bbox 878 3756 1057 3825; x_wconf 78' lang='lat' dir='ltr'><strong>potius</strong></span> <span class='ocrx_word' id='word_1_532' title='bbox 1087 3756 1241 3825; x_wconf 85' lang='lat' dir='ltr'><strong>cujus</strong></span> <span class='ocrx_word' id='word_1_533' title='bbox 1265 3757 1500 3813; x_wconf 88' lang='lat' dir='ltr'><strong>essentia</strong></span> <span class='ocrx_word' id='word_1_534' title='bbox 1530 3760 1747 3829; x_wconf 90' lang='lat' dir='ltr'><strong>sapien-</strong></span> 
     </span>
    </p>
   </div>
   <div class='ocr_carea' id='block_1_67' title="bbox 186 3842 1744 3921">
    <p class='ocr_par' dir='ltr' id='par_1_67' title="bbox 186 3842 1744 3921">
     <span class='ocr_line' id='line_1_67' title="bbox 186 3842 1744 3921; baseline 0.006 -23"><span class='ocrx_word' id='word_1_535' title='bbox 186 3842 247 3898; x_wconf 87' lang='lat' dir='ltr'><strong>tia</strong></span> <span class='ocrx_word' id='word_1_536' title='bbox 276 3851 371 3898; x_wconf 87' lang='lat' dir='ltr'><strong>est.</strong></span> <span class='ocrx_word' id='word_1_537' title='bbox 402 3844 633 3915; x_wconf 85' lang='lat' dir='ltr'><strong>Cyrillus</strong></span> <span class='ocrx_word' id='word_1_538' title='bbox 664 3846 716 3900; x_wconf 92' lang='lat' dir='ltr'><strong>in</strong></span> <span class='ocrx_word' id='word_1_539' title='bbox 754 3846 1028 3903; x_wconf 65' lang='lat' dir='ltr'><strong>Thcsauris</strong></span> <span class='ocrx_word' id='word_1_540' title='bbox 1080 3864 1096 3903; x_wconf 88' lang='lat'><strong>:</strong></span> <span class='ocrx_word' id='word_1_541' title='bbox 1134 3848 1252 3904; x_wconf 80' lang='lat' dir='ltr'><strong>Non</strong></span> <span class='ocrx_word' id='word_1_542' title='bbox 1304 3848 1435 3919; x_wconf 86' lang='lat' dir='ltr'><strong>quia</strong></span> <span class='ocrx_word' id='word_1_543' title='bbox 1477 3851 1744 3921; x_wconf 87' lang='lat' dir='ltr'><strong>sapientia</strong></span> 
     </span>
    </p>
   </div>
   <div class='ocr_carea' id='block_1_68' title="bbox 187 3934 1746 4012">
    <p class='ocr_par' dir='ltr' id='par_1_68' title="bbox 187 3934 1746 4012">
     <span class='ocr_line' id='line_1_68' title="bbox 187 3934 1746 4012; baseline 0.008 -24"><span class='ocrx_word' id='word_1_544' title='bbox 187 3934 234 3988; x_wconf 94' lang='lat' dir='ltr'><strong>in</strong></span> <span class='ocrx_word' id='word_1_545' title='bbox 265 3936 431 4002; x_wconf 87' lang='lat' dir='ltr'><strong>nobis,</strong></span> <span class='ocrx_word' id='word_1_546' title='bbox 460 3947 514 3993; x_wconf 74' lang='lat' dir='ltr'><strong>ct</strong></span> <span class='ocrx_word' id='word_1_547' title='bbox 546 3936 774 3993; x_wconf 90' lang='lat' dir='ltr'><strong>scientia</strong></span> <span class='ocrx_word' id='word_1_548' title='bbox 809 3955 913 3995; x_wconf 91' lang='lat' dir='ltr'><strong>non</strong></span> <span class='ocrx_word' id='word_1_549' title='bbox 944 3940 1156 3996; x_wconf 83' lang='lat' dir='ltr'><strong>exsistit</strong></span> <span class='ocrx_word' id='word_1_550' title='bbox 1193 3956 1291 4012; x_wconf 88' lang='lat' dir='ltr'><strong>per</strong></span> <span class='ocrx_word' id='word_1_551' title='bbox 1317 3956 1398 4010; x_wconf 88' lang='lat' dir='ltr'><strong>se,</strong></span> <span class='ocrx_word' id='word_1_552' title='bbox 1426 3942 1628 3999; x_wconf 84' lang='lat' dir='ltr'><strong>ideirco</strong></span> <span class='ocrx_word' id='word_1_553' title='bbox 1653 3959 1746 4000; x_wconf 85' lang='lat' dir='ltr'><strong>sa-</strong></span> 
     </span>
    </p>
   </div>
   <div class='ocr_carea' id='block_1_69' title="bbox 186 4026 1743 4104">
    <p class='ocr_par' dir='ltr' id='par_1_69' title="bbox 186 4026 1743 4104">
     <span class='ocr_line' id='line_1_69' title="bbox 186 4026 1743 4104; baseline 0.01 -27"><span class='ocrx_word' id='word_1_554' title='bbox 186 4026 386 4093; x_wconf 69' lang='lat' dir='ltr'><strong>pientia,</strong></span> <span class='ocrx_word' id='word_1_555' title='bbox 419 4043 539 4098; x_wconf 76' lang='lat' dir='ltr'><strong>qure</strong></span> <span class='ocrx_word' id='word_1_556' title='bbox 571 4030 623 4083; x_wconf 92' lang='lat' dir='ltr'><strong>in</strong></span> <span class='ocrx_word' id='word_1_557' title='bbox 650 4031 757 4085; x_wconf 88' lang='lat' dir='ltr'><strong>Deo</strong></span> <span class='ocrx_word' id='word_1_558' title='bbox 790 4042 892 4096; x_wconf 88' lang='lat' dir='ltr'><strong>est,</strong></span> <span class='ocrx_word' id='word_1_559' title='bbox 927 4049 1029 4088; x_wconf 89' lang='lat' dir='ltr'><strong>non</strong></span> <span class='ocrx_word' id='word_1_560' title='bbox 1063 4048 1158 4104; x_wconf 89' lang='lat' dir='ltr'><strong>per</strong></span> <span class='ocrx_word' id='word_1_561' title='bbox 1188 4049 1248 4091; x_wconf 90' lang='lat' dir='ltr'><strong>se</strong></span> <span class='ocrx_word' id='word_1_562' title='bbox 1280 4034 1528 4103; x_wconf 89' lang='lat' dir='ltr'><strong>exsistet,</strong></span> <span class='ocrx_word' id='word_1_563' title='bbox 1566 4035 1664 4091; x_wconf 90' lang='lat' dir='ltr'><strong>sed</strong></span> <span class='ocrx_word' id='word_1_564' title='bbox 1698 4037 1743 4093; x_wconf 92' lang='lat' dir='ltr'><strong>si</strong></span> 
     </span>
    </p>
   </div>
   <div class='ocr_carea' id='block_1_70' title="bbox 184 4119 1743 4197">
    <p class='ocr_par' dir='ltr' id='par_1_70' title="bbox 184 4119 1743 4197">
     <span class='ocr_line' id='line_1_70' title="bbox 184 4119 1743 4197; baseline 0.008 -27"><span class='ocrx_word' id='word_1_565' title='bbox 184 4119 435 4176; x_wconf 82' lang='lat' dir='ltr'><strong>confiteris</strong></span> <span class='ocrx_word' id='word_1_566' title='bbox 465 4134 573 4175; x_wconf 88' lang='lat' dir='ltr'><strong>non</strong></span> <span class='ocrx_word' id='word_1_567' title='bbox 604 4136 725 4177; x_wconf 83' lang='lat' dir='ltr'><strong>esse</strong></span> <span class='ocrx_word' id='word_1_568' title='bbox 752 4130 958 4178; x_wconf 73' lang='lat' dir='ltr'><strong>natura:</strong></span> <span class='ocrx_word' id='word_1_569' title='bbox 982 4133 1178 4181; x_wconf 61' lang='lat' dir='ltr'><strong>nostra</strong></span> <span class='ocrx_word' id='word_1_570' title='bbox 1206 4125 1397 4189; x_wconf 89' lang='lat' dir='ltr'><strong>Deum,</strong></span> <span class='ocrx_word' id='word_1_571' title='bbox 1424 4126 1583 4197; x_wconf 89' lang='lat' dir='ltr'><strong>plane</strong></span> <span class='ocrx_word' id='word_1_572' title='bbox 1611 4142 1743 4183; x_wconf 89' lang='lat' dir='ltr'><strong>con-</strong></span> 
     </span>
    </p>
   </div>
   <div class='ocr_carea' id='block_1_71' title="bbox 185 4210 1741 4287">
    <p class='ocr_par' dir='ltr' id='par_1_71' title="bbox 185 4210 1741 4287">
     <span class='ocr_line' id='line_1_71' title="bbox 185 4210 1741 4287; baseline 0.008 -25"><span class='ocrx_word' id='word_1_573' title='bbox 185 4210 357 4275; x_wconf 80' lang='lat' dir='ltr'><strong>literis,</strong></span> <span class='ocrx_word' id='word_1_574' title='bbox 389 4213 571 4268; x_wconf 87' lang='lat' dir='ltr'><strong>omnia</strong></span> <span class='ocrx_word' id='word_1_575' title='bbox 599 4228 720 4282; x_wconf 70' lang='lat' dir='ltr'><strong>qua:</strong></span> <span class='ocrx_word' id='word_1_576' title='bbox 747 4214 869 4282; x_wconf 86' lang='lat' dir='ltr'><strong>ejus</strong></span> <span class='ocrx_word' id='word_1_577' title='bbox 912 4226 1058 4281; x_wconf 91' lang='lat' dir='ltr'><strong>sunt,</strong></span> <span class='ocrx_word' id='word_1_578' title='bbox 1090 4230 1198 4272; x_wconf 92' lang='lat' dir='ltr'><strong>non</strong></span> <span class='ocrx_word' id='word_1_579' title='bbox 1243 4231 1369 4273; x_wconf 89' lang='lat' dir='ltr'><strong>esse</strong></span> <span class='ocrx_word' id='word_1_580' title='bbox 1405 4232 1472 4273; x_wconf 86' lang='lat' dir='ltr'><strong>ex</strong></span> <span class='ocrx_word' id='word_1_581' title='bbox 1517 4219 1741 4287; x_wconf 88' lang='lat' dir='ltr'><strong>nostris,</strong></span> 
     </span>
    </p>
   </div>
   <div class='ocr_carea' id='block_1_72' title="bbox 184 4303 1741 4381">
    <p class='ocr_par' dir='ltr' id='par_1_72' title="bbox 184 4303 1741 4381">
     <span class='ocr_line' id='line_1_72' title="bbox 184 4303 1741 4381; baseline 0.008 -26"><span class='ocrx_word' id='word_1_582' title='bbox 184 4303 267 4358; x_wconf 85' lang='lat' dir='ltr'><strong>sed</strong></span> <span class='ocrx_word' id='word_1_583' title='bbox 295 4305 466 4372; x_wconf 88' lang='lat' dir='ltr'><strong>potius</strong></span> <span class='ocrx_word' id='word_1_584' title='bbox 499 4314 691 4361; x_wconf 91' lang='lat' dir='ltr'><strong>nostra</strong></span> <span class='ocrx_word' id='word_1_585' title='bbox 723 4319 1003 4376; x_wconf 80' lang='lat' dir='ltr'><strong>superant,</strong></span> <span class='ocrx_word' id='word_1_586' title='bbox 1057 4323 1122 4365; x_wconf 90' lang='lat' dir='ltr'><strong>ac</strong></span> <span class='ocrx_word' id='word_1_587' title='bbox 1171 4319 1382 4367; x_wconf 88' lang='lat' dir='ltr'><strong>tantum</strong></span> <span class='ocrx_word' id='word_1_588' title='bbox 1434 4321 1741 4381; x_wconf 90' lang='lat' dir='ltr'><strong>superant,</strong></span> 
     </span>
    </p>
   </div>
   <div class='ocr_carea' id='block_1_73' title="bbox 183 4401 1740 4471">
    <p class='ocr_par' dir='ltr' id='par_1_73' title="bbox 183 4401 1740 4471">
     <span class='ocr_line' id='line_1_73' title="bbox 183 4401 1740 4471; baseline 0.011 -24"><span class='ocrx_word' id='word_1_589' title='bbox 183 4408 421 4463; x_wconf 86' lang='lat' dir='ltr'><strong>quantum</strong></span> <span class='ocrx_word' id='word_1_590' title='bbox 451 4409 715 4471; x_wconf 87' lang='lat' dir='ltr'><strong>superant</strong></span> <span class='ocrx_word' id='word_1_591' title='bbox 758 4410 815 4459; x_wconf 90' lang='lat' dir='ltr'><strong>et</strong></span> <span class='ocrx_word' id='word_1_592' title='bbox 845 4401 1102 4459; x_wconf 82' lang='lat' dir='ltr'><strong>diti‘erunt</strong></span> <span class='ocrx_word' id='word_1_593' title='bbox 1135 4407 1435 4461; x_wconf 87' lang='lat' dir='ltr'><strong>secundum</strong></span> <span class='ocrx_word' id='word_1_594' title='bbox 1471 4408 1740 4465; x_wconf 87' lang='lat' dir='ltr'><strong>rationem</strong></span> 
     </span>
    </p>
   </div>
   <div class='ocr_carea' id='block_1_74' title="bbox 185 4489 1744 4571">
    <p class='ocr_par' dir='ltr' id='par_1_74' title="bbox 185 4489 1744 4571">
     <span class='ocr_line' id='line_1_74' title="bbox 185 4489 1744 4571; baseline 0.008 -28"><span class='ocrx_word' id='word_1_595' title='bbox 185 4489 497 4551; x_wconf 71' lang='lat' dir='ltr'><strong>substantiae.</strong></span> <span class='ocrx_word' id='word_1_596' title='bbox 539 4494 617 4550; x_wconf 80' lang='lat' dir='ltr'><strong>Ex</strong></span> <span class='ocrx_word' id='word_1_597' title='bbox 651 4495 848 4565; x_wconf 90' lang='lat' dir='ltr'><strong>quibus</strong></span> <span class='ocrx_word' id='word_1_598' title='bbox 875 4496 934 4551; x_wconf 82' lang='lat' dir='ltr'><strong>iit</strong></span> <span class='ocrx_word' id='word_1_599' title='bbox 964 4496 1335 4567; x_wconf 84' lang='lat' dir='ltr'><strong>manifestum,</strong></span> <span class='ocrx_word' id='word_1_600' title='bbox 1357 4498 1500 4571; x_wconf 87' lang='lat' dir='ltr'><strong>quod</strong></span> <span class='ocrx_word' id='word_1_601' title='bbox 1530 4500 1584 4553; x_wconf 89' lang='lat' dir='ltr'><strong>in</strong></span> <span class='ocrx_word' id='word_1_602' title='bbox 1622 4500 1744 4555; x_wconf 89' lang='lat' dir='ltr'><strong>uni-</strong></span> 
     </span>
    </p>
   </div>
   <div class='ocr_carea' id='block_1_75' title="bbox 1853 3290 3430 3369">
    <p class='ocr_par' dir='ltr' id='par_1_75' title="bbox 1853 3290 3430 3369">
     <span class='ocr_line' id='line_1_75' title="bbox 1853 3290 3430 3369; baseline -0.01 -13"><span class='ocrx_word' id='word_1_603' title='bbox 1853 3303 1989 3356; x_wconf 90' lang='lat' dir='ltr'><strong>turis</strong></span> <span class='ocrx_word' id='word_1_604' title='bbox 2022 3298 2260 3369; x_wconf 89' lang='lat' dir='ltr'><strong>ignotus,</strong></span> <span class='ocrx_word' id='word_1_605' title='bbox 2293 3305 2478 3367; x_wconf 87' lang='lat' dir='ltr'><strong>utpote</strong></span> <span class='ocrx_word' id='word_1_606' title='bbox 2511 3294 2624 3363; x_wconf 84' lang='lat' dir='ltr'><strong>ipsa</strong></span> <span class='ocrx_word' id='word_1_607' title='bbox 2672 3308 2769 3364; x_wconf 87' lang='lat' dir='ltr'><strong>per</strong></span> <span class='ocrx_word' id='word_1_608' title='bbox 2797 3307 2857 3349; x_wconf 90' lang='lat' dir='ltr'><strong>se</strong></span> <span class='ocrx_word' id='word_1_609' title='bbox 2896 3291 3155 3362; x_wconf 88' lang='lat' dir='ltr'><strong>cognitio,</strong></span> <span class='ocrx_word' id='word_1_610' title='bbox 3206 3290 3308 3345; x_wconf 88' lang='lat' dir='ltr'><strong>nisi</strong></span> <span class='ocrx_word' id='word_1_611' title='bbox 3345 3291 3430 3345; x_wconf 90' lang='lat' dir='ltr'><strong>cui</strong></span> 
     </span>
    </p>
   </div>
   <div class='ocr_carea' id='block_1_76' title="bbox 1850 3383 3434 3463">
    <p class='ocr_par' dir='ltr' id='par_1_76' title="bbox 1850 3383 3434 3463">
     <span class='ocr_line' id='line_1_76' title="bbox 1850 3383 3434 3463; baseline -0.008 -17"><span class='ocrx_word' id='word_1_612' title='bbox 1850 3392 2060 3463; x_wconf 86' lang='lat' dir='ltr'><strong>placeat</strong></span> <span class='ocrx_word' id='word_1_613' title='bbox 2109 3390 2292 3447; x_wconf 87' lang='lat' dir='ltr'><strong>dicere</strong></span> <span class='ocrx_word' id='word_1_614' title='bbox 2345 3403 2465 3444; x_wconf 87' lang='lat' dir='ltr'><strong>esse</strong></span> <span class='ocrx_word' id='word_1_615' title='bbox 2498 3388 2666 3443; x_wconf 88' lang='lat' dir='ltr'><strong>etiam</strong></span> <span class='ocrx_word' id='word_1_616' title='bbox 2716 3386 2885 3443; x_wconf 86' lang='lat' dir='ltr'><strong>Deum</strong></span> <span class='ocrx_word' id='word_1_617' title='bbox 2915 3401 3080 3457; x_wconf 88' lang='lat' dir='ltr'><strong>supra</strong></span> <span class='ocrx_word' id='word_1_618' title='bbox 3136 3383 3280 3439; x_wconf 84' lang='lat' dir='ltr'><strong>hanc</strong></span> <span class='ocrx_word' id='word_1_619' title='bbox 3332 3383 3434 3439; x_wconf 85' lang='lat' dir='ltr'><strong>im-</strong></span> 
     </span>
    </p>
   </div>
   <div class='ocr_carea' id='block_1_77' title="bbox 1852 3473 3429 3551">
    <p class='ocr_par' dir='ltr' id='par_1_77' title="bbox 1852 3473 3429 3551">
     <span class='ocr_line' id='line_1_77' title="bbox 1852 3473 3429 3551; baseline -0.008 -11"><span class='ocrx_word' id='word_1_620' title='bbox 1852 3498 2055 3540; x_wconf 87' lang='lat' dir='ltr'><strong>mense.</strong></span> <span class='ocrx_word' id='word_1_621' title='bbox 2102 3483 2171 3539; x_wconf 83' lang='lat' dir='ltr'><strong>Et</strong></span> <span class='ocrx_word' id='word_1_622' title='bbox 2220 3496 2414 3537; x_wconf 88' lang='lat' dir='ltr'><strong>rursus</strong></span> <span class='ocrx_word' id='word_1_623' title='bbox 2444 3478 2685 3551; x_wconf 69' lang='lat' dir='ltr'><strong>Cyrillu‘s</strong></span> <span class='ocrx_word' id='word_1_624' title='bbox 2720 3479 2771 3534; x_wconf 83' lang='lat' dir='ltr'><strong>iit</strong></span> <span class='ocrx_word' id='word_1_625' title='bbox 2807 3477 3077 3550; x_wconf 86' lang='lat' dir='ltr'><strong>capitibus</strong></span> <span class='ocrx_word' id='word_1_626' title='bbox 3106 3476 3175 3531; x_wconf 89' lang='lat' dir='ltr'><strong>de</strong></span> <span class='ocrx_word' id='word_1_627' title='bbox 3222 3473 3429 3545; x_wconf 89' lang='lat' dir='ltr'><strong>Spiritu</strong></span> 
     </span>
    </p>
   </div>
   <div class='ocr_carea' id='block_1_78' title="bbox 1849 3567 3427 3644">
    <p class='ocr_par' dir='ltr' id='par_1_78' title="bbox 1849 3567 3427 3644">
     <span class='ocr_line' id='line_1_78' title="bbox 1849 3567 3427 3644; baseline -0.009 -11"><span class='ocrx_word' id='word_1_628' title='bbox 1849 3586 2078 3634; x_wconf 89' lang='lat' dir='ltr'><strong>sancto:</strong></span> <span class='ocrx_word' id='word_1_629' title='bbox 2106 3574 2271 3637; x_wconf 86' lang='lat' dir='ltr'><strong>Deus,</strong></span> <span class='ocrx_word' id='word_1_630' title='bbox 2300 3573 2498 3644; x_wconf 90' lang='lat' dir='ltr'><strong>inquit,</strong></span> <span class='ocrx_word' id='word_1_631' title='bbox 2524 3570 2764 3626; x_wconf 69' lang='lat' dir='ltr'><strong>cluat-itas</strong></span> <span class='ocrx_word' id='word_1_632' title='bbox 2786 3578 2892 3636; x_wconf 89' lang='lat' dir='ltr'><strong>est,</strong></span> <span class='ocrx_word' id='word_1_633' title='bbox 2916 3579 2972 3622; x_wconf 92' lang='lat' dir='ltr'><strong>ut</strong></span> <span class='ocrx_word' id='word_1_634' title='bbox 2995 3567 3234 3625; x_wconf 79' lang='lat' dir='ltr'><strong>Joannes</strong></span> <span class='ocrx_word' id='word_1_635' title='bbox 3264 3567 3427 3631; x_wconf 82' lang='lat' dir='ltr'><strong>ait&quot;;</strong></span> 
     </span>
    </p>
   </div>
   <div class='ocr_carea' id='block_1_79' title="bbox 1848 3660 3428 3735">
    <p class='ocr_par' dir='ltr' id='par_1_79' title="bbox 1848 3660 3428 3735">
     <span class='ocr_line' id='line_1_79' title="bbox 1848 3660 3428 3735; baseline -0.01 -9"><span class='ocrx_word' id='word_1_636' title='bbox 1848 3679 1905 3726; x_wconf 86' lang='lat' dir='ltr'><strong>et</strong></span> <span class='ocrx_word' id='word_1_637' title='bbox 1939 3683 2044 3723; x_wconf 90' lang='lat' dir='ltr'><strong>non</strong></span> <span class='ocrx_word' id='word_1_638' title='bbox 2075 3676 2158 3723; x_wconf 90' lang='lat' dir='ltr'><strong>est</strong></span> <span class='ocrx_word' id='word_1_639' title='bbox 2187 3665 2481 3735; x_wconf 87' lang='lat' dir='ltr'><strong>quidquam</strong></span> <span class='ocrx_word' id='word_1_640' title='bbox 2511 3663 2658 3718; x_wconf 87' lang='lat' dir='ltr'><strong>aliud</strong></span> <span class='ocrx_word' id='word_1_641' title='bbox 2683 3666 2821 3733; x_wconf 85' lang='lat' dir='ltr'><strong>ipse,</strong></span> <span class='ocrx_word' id='word_1_642' title='bbox 2848 3670 2903 3717; x_wconf 88' lang='lat' dir='ltr'><strong>et</strong></span> <span class='ocrx_word' id='word_1_643' title='bbox 2932 3661 3079 3715; x_wconf 83' lang='lat' dir='ltr'><strong>aliud</strong></span> <span class='ocrx_word' id='word_1_644' title='bbox 3107 3660 3256 3729; x_wconf 88' lang='lat' dir='ltr'><strong>quid,</strong></span> <span class='ocrx_word' id='word_1_645' title='bbox 3284 3660 3428 3731; x_wconf 90' lang='lat' dir='ltr'><strong>quod</strong></span> 
     </span>
    </p>
   </div>
   <div class='ocr_carea' id='block_1_80' title="bbox 1849 3754 3419 3828">
    <p class='ocr_par' dir='ltr' id='par_1_80' title="bbox 1849 3754 3419 3828">
     <span class='ocr_line' id='line_1_80' title="bbox 1849 3754 3419 3828; baseline -0.011 -10"><span class='ocrx_word' id='word_1_646' title='bbox 1849 3762 1905 3818; x_wconf 90' lang='lat' dir='ltr'><strong>in</strong></span> <span class='ocrx_word' id='word_1_647' title='bbox 1938 3761 2053 3828; x_wconf 81' lang='lat' dir='ltr'><strong>ipso</strong></span> <span class='ocrx_word' id='word_1_648' title='bbox 2080 3767 2199 3818; x_wconf 81' lang='lat' dir='ltr'><strong>est;</strong></span> <span class='ocrx_word' id='word_1_649' title='bbox 2230 3757 2459 3826; x_wconf 84' lang='lat' dir='ltr'><strong>simplex</strong></span> <span class='ocrx_word' id='word_1_650' title='bbox 2492 3756 2635 3810; x_wconf 88' lang='lat' dir='ltr'><strong>enim</strong></span> <span class='ocrx_word' id='word_1_651' title='bbox 2658 3763 2714 3809; x_wconf 88' lang='lat' dir='ltr'><strong>et</strong></span> <span class='ocrx_word' id='word_1_652' title='bbox 2740 3754 2857 3809; x_wconf 90' lang='lat' dir='ltr'><strong>sine</strong></span> <span class='ocrx_word' id='word_1_653' title='bbox 2889 3754 3283 3820; x_wconf 81' lang='lat' dir='ltr'><strong>compositione</strong></span> <span class='ocrx_word' id='word_1_654' title='bbox 3314 3760 3419 3807; x_wconf 83' lang='lat' dir='ltr'><strong>est.</strong></span> 
     </span>
    </p>
   </div>
   <div class='ocr_carea' id='block_1_81' title="bbox 1848 3842 3430 3907">
    <p class='ocr_par' dir='ltr' id='par_1_81' title="bbox 1848 3842 3430 3907">
     <span class='ocr_line' id='line_1_81' title="bbox 1848 3842 3430 3907; baseline -0.008 1"><span class='ocrx_word' id='word_1_655' title='bbox 1848 3852 1994 3907; x_wconf 88' lang='lat' dir='ltr'><strong>idem</strong></span> <span class='ocrx_word' id='word_1_656' title='bbox 2023 3850 2200 3905; x_wconf 83' lang='lat' dir='ltr'><strong>adhuc</strong></span> <span class='ocrx_word' id='word_1_657' title='bbox 2222 3849 2364 3904; x_wconf 91' lang='lat' dir='ltr'><strong>libro</strong></span> <span class='ocrx_word' id='word_1_658' title='bbox 2396 3862 2564 3903; x_wconf 84' lang='grc' dir='ltr'><strong>χχχιιι</strong></span> <span class='ocrx_word' id='word_1_659' title='bbox 2608 3844 3002 3901; x_wconf 84' lang='lat' dir='ltr'><strong>Tltesaurorum</strong></span> <span class='ocrx_word' id='word_1_660' title='bbox 3030 3861 3049 3900; x_wconf 90' lang='lat'><strong><em>:</em></strong></span> <span class='ocrx_word' id='word_1_661' title='bbox 3080 3843 3266 3901; x_wconf 83' lang='lat' dir='ltr'><strong>Omnia</strong></span> <span class='ocrx_word' id='word_1_662' title='bbox 3301 3842 3430 3897; x_wconf 80' lang='lat' dir='ltr'><strong>mihi</strong></span> 
     </span>
    </p>
   </div>
   <div class='ocr_carea' id='block_1_82' title="bbox 1847 3933 3432 4007">
    <p class='ocr_par' dir='ltr' id='par_1_82' title="bbox 1847 3933 3432 4007">
     <span class='ocr_line' id='line_1_82' title="bbox 1847 3933 3432 4007; baseline -0.009 -9"><span class='ocrx_word' id='word_1_663' title='bbox 1847 3944 2048 3998; x_wconf 84' lang='lat' dir='ltr'><strong>tradita</strong></span> <span class='ocrx_word' id='word_1_664' title='bbox 2071 3952 2190 3999; x_wconf 83' lang='lat' dir='ltr'><strong>sunt</strong></span> <span class='ocrx_word' id='word_1_665' title='bbox 2219 3957 2252 3996; x_wconf 89' lang='lat' dir='ltr'><strong>a</strong></span> <span class='ocrx_word' id='word_1_666' title='bbox 2284 3937 2448 3994; x_wconf 86' lang='lat' dir='ltr'><strong>Patre</strong></span> <span class='ocrx_word' id='word_1_667' title='bbox 2481 3955 2613 4007; x_wconf 73' lang='lat' dir='ltr'><strong>meo,</strong></span> <span class='ocrx_word' id='word_1_668' title='bbox 2638 3948 2687 3994; x_wconf 88' lang='lat' dir='ltr'><strong>et</strong></span> <span class='ocrx_word' id='word_1_669' title='bbox 2720 3953 2870 3991; x_wconf 80' lang='lat' dir='ltr'><strong>nemo</strong></span> <span class='ocrx_word' id='word_1_670' title='bbox 2904 3937 3166 4006; x_wconf 84' lang='lat' dir='ltr'><strong>cognoscit</strong></span> <span class='ocrx_word' id='word_1_671' title='bbox 3204 3933 3250 3986; x_wconf 85' lang='lat' dir='ltr'><em>F</em></span> <span class='ocrx_word' id='word_1_672' title='bbox 3254 3934 3432 4003; x_wconf 77' lang='lat' dir='ltr'><strong>ilium,</strong></span> 
     </span>
    </p>
   </div>
   <div class='ocr_carea' id='block_1_83' title="bbox 1848 4023 3432 4103">
    <p class='ocr_par' dir='ltr' id='par_1_83' title="bbox 1848 4023 3432 4103">
     <span class='ocr_line' id='line_1_83' title="bbox 1848 4023 3432 4103; baseline -0.008 -14"><span class='ocrx_word' id='word_1_673' title='bbox 1848 4035 1949 4090; x_wconf 80' lang='lat' dir='ltr'><strong>nisi</strong></span> <span class='ocrx_word' id='word_1_674' title='bbox 1980 4033 2174 4100; x_wconf 83' lang='lat' dir='ltr'><strong>Pater;</strong></span> <span class='ocrx_word' id='word_1_675' title='bbox 2208 4048 2371 4103; x_wconf 82' lang='lat' dir='ltr'><strong>neque</strong></span> <span class='ocrx_word' id='word_1_676' title='bbox 2408 4028 2630 4085; x_wconf 85' lang='lat' dir='ltr'><strong>Patrem</strong></span> <span class='ocrx_word' id='word_1_677' title='bbox 2659 4030 2774 4099; x_wconf 78' lang='lat' dir='ltr'><strong>quis</strong></span> <span class='ocrx_word' id='word_1_678' title='bbox 2804 4027 2945 4081; x_wconf 78' lang='lat' dir='ltr'><strong>novit</strong></span> <span class='ocrx_word' id='word_1_679' title='bbox 2996 4028 3098 4081; x_wconf 82' lang='lat' dir='ltr'><strong>nisi</strong></span> <span class='ocrx_word' id='word_1_680' title='bbox 3134 4023 3183 4080; x_wconf 83' lang='lat' dir='ltr'><em>F</em></span> <span class='ocrx_word' id='word_1_681' title='bbox 3186 4026 3313 4081; x_wconf 80' lang='lat' dir='ltr'><strong>ilius</strong></span> <span class='ocrx_word' id='word_1_682' title='bbox 3349 4024 3432 4087; x_wconf 81' lang='lat'><strong>&quot;;</strong></span> 
     </span>
    </p>
   </div>
   <div class='ocr_carea' id='block_1_84' title="bbox 1846 4119 3469 4197">
    <p class='ocr_par' dir='ltr' id='par_1_84' title="bbox 1846 4119 3469 4197">
     <span class='ocr_line' id='line_1_84' title="bbox 1846 4119 3469 4197; baseline -0.002 -17"><span class='ocrx_word' id='word_1_683' title='bbox 1846 4127 1972 4197; x_wconf 88' lang='lat' dir='ltr'><strong>quia</strong></span> <span class='ocrx_word' id='word_1_684' title='bbox 2004 4124 2214 4182; x_wconf 88' lang='lat' dir='ltr'><strong>scilicet</strong></span> <span class='ocrx_word' id='word_1_685' title='bbox 2236 4123 2381 4179; x_wconf 88' lang='lat' dir='ltr'><strong>nulla</strong></span> <span class='ocrx_word' id='word_1_686' title='bbox 2414 4136 2568 4178; x_wconf 83' lang='lat' dir='ltr'><strong>mens</strong></span> <span class='ocrx_word' id='word_1_687' title='bbox 2589 4130 2770 4177; x_wconf 87' lang='lat' dir='ltr'><strong>creata</strong></span> <span class='ocrx_word' id='word_1_688' title='bbox 2802 4128 2981 4190; x_wconf 90' lang='lat' dir='ltr'><strong>potest</strong></span> <span class='ocrx_word' id='word_1_689' title='bbox 3014 4119 3124 4174; x_wconf 88' lang='lat' dir='ltr'><strong>ulla</strong></span> <span class='ocrx_word' id='word_1_690' title='bbox 3163 4120 3319 4175; x_wconf 90' lang='lat' dir='ltr'><strong>modo</strong></span> <span class='ocrx_word' id='word_1_691' title='bbox 3348 4122 3432 4176; x_wconf 74' lang='grc' dir='ltr'><strong>ὧ-</strong></span> <span class='ocrx_word' id='word_1_692' title='bbox 3464 4190 3469 4195; x_wconf 20' lang='grc' dir='ltr'><strong>ι</strong></span> 
     </span>
    </p>
   </div>
   <div class='ocr_carea' id='block_1_85' title="bbox 1844 4213 3428 4285">
    <p class='ocr_par' dir='ltr' id='par_1_85' title="bbox 1844 4213 3428 4285">
     <span class='ocr_line' id='line_1_85' title="bbox 1844 4213 3428 4285; baseline -0.003 -13"><span class='ocrx_word' id='word_1_693' title='bbox 1844 4218 2027 4273; x_wconf 63' lang='lat' dir='ltr'><strong>sinam</strong></span> <span class='ocrx_word' id='word_1_694' title='bbox 2058 4218 2422 4274; x_wconf 87' lang='lat' dir='ltr'><strong>substantiam</strong></span> <span class='ocrx_word' id='word_1_695' title='bbox 2450 4214 2763 4285; x_wconf 89' lang='lat' dir='ltr'><strong>complecti,</strong></span> <span class='ocrx_word' id='word_1_696' title='bbox 2790 4213 2919 4283; x_wconf 90' lang='lat' dir='ltr'><strong>quia</strong></span> <span class='ocrx_word' id='word_1_697' title='bbox 2945 4227 3165 4268; x_wconf 88' lang='lat' dir='ltr'><strong>omnem</strong></span> <span class='ocrx_word' id='word_1_698' title='bbox 3193 4222 3428 4269; x_wconf 86' lang='lat' dir='ltr'><strong>mentem</strong></span> 
     </span>
    </p>
   </div>
   <div class='ocr_carea' id='block_1_86' title="bbox 1845 4304 3432 4381">
    <p class='ocr_par' dir='ltr' id='par_1_86' title="bbox 1845 4304 3432 4381">
     <span class='ocr_line' id='line_1_86' title="bbox 1845 4304 3432 4381; baseline -0.003 -16"><span class='ocrx_word' id='word_1_699' title='bbox 1845 4312 2013 4367; x_wconf 78' lang='lat' dir='ltr'><strong>vincit</strong></span> <span class='ocrx_word' id='word_1_700' title='bbox 2036 4320 2126 4366; x_wconf 88' lang='lat' dir='ltr'><strong>:et</strong></span> <span class='ocrx_word' id='word_1_701' title='bbox 2147 4325 2309 4381; x_wconf 84' lang='lat' dir='ltr'><strong>supra</strong></span> <span class='ocrx_word' id='word_1_702' title='bbox 2330 4322 2547 4364; x_wconf 88' lang='lat' dir='ltr'><strong>omnem</strong></span> <span class='ocrx_word' id='word_1_703' title='bbox 2577 4308 2850 4363; x_wconf 89' lang='lat' dir='ltr'><strong>notionem</strong></span> <span class='ocrx_word' id='word_1_704' title='bbox 2880 4304 3055 4361; x_wconf 82' lang='lat' dir='ltr'><strong>fertur</strong></span> <span class='ocrx_word' id='word_1_705' title='bbox 3084 4304 3432 4375; x_wconf 89' lang='lat' dir='ltr'><strong>pulchritudo</strong></span> 
     </span>
    </p>
   </div>
   <div class='ocr_carea' id='block_1_87' title="bbox 1845 4397 3430 4475">
    <p class='ocr_par' dir='ltr' id='par_1_87' title="bbox 1845 4397 3430 4475">
     <span class='ocr_line' id='line_1_87' title="bbox 1845 4397 3430 4475; baseline -0.004 -15"><span class='ocrx_word' id='word_1_706' title='bbox 1845 4404 1965 4475; x_wconf 88' lang='lat' dir='ltr'><strong>ejus</strong></span> <span class='ocrx_word' id='word_1_707' title='bbox 1990 4418 2115 4473; x_wconf 62' lang='lat' dir='ltr'><strong>quae</strong></span> <span class='ocrx_word' id='word_1_708' title='bbox 2144 4416 2306 4473; x_wconf 84' lang='lat' dir='ltr'><strong>supra</strong></span> <span class='ocrx_word' id='word_1_709' title='bbox 2341 4409 2589 4455; x_wconf 87' lang='lat' dir='ltr'><strong>naturam</strong></span> <span class='ocrx_word' id='word_1_710' title='bbox 2621 4406 2742 4464; x_wconf 88' lang='lat' dir='ltr'><strong>est,</strong></span> <span class='ocrx_word' id='word_1_711' title='bbox 2775 4406 2829 4454; x_wconf 89' lang='lat' dir='ltr'><strong>et</strong></span> <span class='ocrx_word' id='word_1_712' title='bbox 2862 4397 3031 4454; x_wconf 87' lang='lat' dir='ltr'><strong>deleri</strong></span> <span class='ocrx_word' id='word_1_713' title='bbox 3064 4411 3173 4454; x_wconf 89' lang='lat' dir='ltr'><strong>non</strong></span> <span class='ocrx_word' id='word_1_714' title='bbox 3205 4406 3383 4469; x_wconf 89' lang='lat' dir='ltr'><strong>potest</strong></span> <span class='ocrx_word' id='word_1_715' title='bbox 3414 4416 3430 4453; x_wconf 87' lang='lat'><strong>:</strong></span> 
     </span>
    </p>
   </div>
   <div class='ocr_carea' id='block_1_88' title="bbox 1844 4490 3432 4564">
    <p class='ocr_par' dir='ltr' id='par_1_88' title="bbox 1844 4490 3432 4564">
     <span class='ocr_line' id='line_1_88' title="bbox 1844 4490 3432 4564; baseline -0.004 -13"><span class='ocrx_word' id='word_1_716' title='bbox 1844 4504 1899 4551; x_wconf 88' lang='lat' dir='ltr'><strong>et</strong></span> <span class='ocrx_word' id='word_1_717' title='bbox 1927 4510 1959 4551; x_wconf 87' lang='lat' dir='ltr'><strong>a</strong></span> <span class='ocrx_word' id='word_1_718' title='bbox 1994 4509 2055 4551; x_wconf 87' lang='lat' dir='ltr'><strong>se</strong></span> <span class='ocrx_word' id='word_1_719' title='bbox 2082 4493 2197 4551; x_wconf 86' lang='lat' dir='ltr'><strong>sola</strong></span> <span class='ocrx_word' id='word_1_720' title='bbox 2228 4492 2359 4564; x_wconf 91' lang='lat' dir='ltr'><strong>quid</strong></span> <span class='ocrx_word' id='word_1_721' title='bbox 2389 4491 2465 4548; x_wconf 88' lang='lat' dir='ltr'><strong>sit</strong></span> <span class='ocrx_word' id='word_1_722' title='bbox 2491 4490 2791 4548; x_wconf 85' lang='lat' dir='ltr'><strong>secundum</strong></span> <span class='ocrx_word' id='word_1_723' title='bbox 2822 4502 3109 4558; x_wconf 86' lang='lat' dir='ltr'><strong>naturam,</strong></span> <span class='ocrx_word' id='word_1_724' title='bbox 3139 4491 3432 4562; x_wconf 84' lang='lat' dir='ltr'><strong>cognosci-</strong></span> 
     </span>
    </p>
   </div>
   <div class='ocr_carea' id='block_1_89' title="bbox 188 4582 3434 4664">
    <p class='ocr_par' dir='ltr' id='par_1_89' title="bbox 188 4582 3434 4664">
     <span class='ocr_line' id='line_1_89' title="bbox 188 4582 3434 4664; baseline 0.003 -29"><span class='ocrx_word' id='word_1_725' title='bbox 188 4590 301 4650; x_wconf 87' lang='lat' dir='ltr'><strong>tate,</strong></span> <span class='ocrx_word' id='word_1_726' title='bbox 332 4600 449 4655; x_wconf 65' lang='lat' dir='ltr'><strong>qua</strong></span> <span class='ocrx_word' id='word_1_727' title='bbox 503 4600 671 4657; x_wconf 84' lang='lat' dir='ltr'><strong>supra</strong></span> <span class='ocrx_word' id='word_1_728' title='bbox 719 4589 1086 4646; x_wconf 88' lang='lat' dir='ltr'><strong>substantiam</strong></span> <span class='ocrx_word' id='word_1_729' title='bbox 1136 4598 1243 4658; x_wconf 90' lang='lat' dir='ltr'><strong>est,</strong></span> <span class='ocrx_word' id='word_1_730' title='bbox 1298 4605 1474 4662; x_wconf 89' lang='lat' dir='ltr'><strong>neque</strong></span> <span class='ocrx_word' id='word_1_731' title='bbox 1528 4590 1744 4649; x_wconf 88' lang='lat' dir='ltr'><strong>bonitas</strong></span> <span class='ocrx_word' id='word_1_732' title='bbox 1777 4606 1822 4664; x_wconf 80' lang='grc' dir='ltr'><strong>ι)</strong></span> <span class='ocrx_word' id='word_1_733' title='bbox 1851 4598 1960 4644; x_wconf 90' lang='lat' dir='ltr'><strong>tur.</strong></span> <span class='ocrx_word' id='word_1_734' title='bbox 1992 4588 2226 4644; x_wconf 88' lang='lat' dir='ltr'><strong>Sanctus</strong></span> <span class='ocrx_word' id='word_1_735' title='bbox 2258 4584 2554 4658; x_wconf 85' lang='lat' dir='ltr'><strong>Gregorius</strong></span> <span class='ocrx_word' id='word_1_736' title='bbox 2580 4582 2884 4657; x_wconf 81' lang='lat' dir='ltr'><strong>Nyssenus,</strong></span> <span class='ocrx_word' id='word_1_737' title='bbox 2923 4584 2979 4638; x_wconf 92' lang='lat' dir='ltr'><strong>in</strong></span> <span class='ocrx_word' id='word_1_738' title='bbox 3015 4584 3434 4644; x_wconf 84' lang='lat' dir='ltr'><strong>Commentariis</strong></span> 
     </span>
    </p>
   </div>
   <div class='ocr_carea' id='block_1_90' title="bbox 247 4742 1758 4843">
    <p class='ocr_par' dir='ltr' id='par_1_90' title="bbox 247 4761 1758 4843">
     <span class='ocr_line' id='line_1_90' title="bbox 247 4761 1758 4843; baseline -0.007 -3"><span class='ocrx_word' id='word_1_739' title='bbox 247 4761 738 4843; x_wconf 53' lang='grc' dir='ltr'><strong>ἷῖΡὲιίιίρρεῃοϐο</strong></span> <span class='ocrx_word' id='word_1_740' title='bbox 814 4767 861 4802; x_wconf 76' lang='grc'><strong>’³</strong></span> <span class='ocrx_word' id='word_1_741' title='bbox 917 4770 1077 4831; x_wconf 81' lang='lat' dir='ltr'><strong>toan.</strong></span> <span class='ocrx_word' id='word_1_742' title='bbox 1102 4790 1179 4841; x_wconf 83' lang='grc' dir='ltr'><strong>χι,</strong></span> <span class='ocrx_word' id='word_1_743' title='bbox 1220 4774 1312 4832; x_wconf 76' lang='lat' dir='ltr'><strong>es.</strong></span> <span class='ocrx_word' id='word_1_744' title='bbox 1389 4776 1758 4842; x_wconf 70' lang='lat' dir='ltr'><strong>&quot;iCor.t,2</strong></span> 
     </span>
    </p>
   </div>
   <div class='ocr_carea' id='block_1_91' title="bbox 1916 4742 3424 4843">
    <p class='ocr_par' dir='ltr' id='par_1_91' title="bbox 1916 4742 3424 4843">
     <span class='ocr_line' id='line_1_91' title="bbox 1916 4742 3424 4843; baseline -0.002 -12"><span class='ocrx_word' id='word_1_745' title='bbox 1916 4777 1945 4808; x_wconf 77' lang='grc'><strong><em>³</em></strong></span> <span class='ocrx_word' id='word_1_746' title='bbox 1970 4774 2353 4843; x_wconf 63' lang='lat' dir='ltr'><strong>Psal.cm,‘2‘.</strong></span> <span class='ocrx_word' id='word_1_747' title='bbox 2430 4774 2480 4809; x_wconf 85' lang='lat'>&quot;</span> <span class='ocrx_word' id='word_1_748' title='bbox 2510 4772 2724 4829; x_wconf 88' lang='lat' dir='ltr'><strong>Coloss.</strong></span> <span class='ocrx_word' id='word_1_749' title='bbox 2748 4784 2789 4831; x_wconf 83' lang='grc' dir='ltr'><strong>ι,</strong></span> <span class='ocrx_word' id='word_1_750' title='bbox 2814 4768 2901 4825; x_wconf 86' lang='lat' dir='ltr'><strong>l6.</strong></span> <span class='ocrx_word' id='word_1_751' title='bbox 2980 4768 3061 4825; x_wconf 85' lang='lat' dir='ltr'><strong>&#39;&quot;l</strong></span> <span class='ocrx_word' id='word_1_752' title='bbox 3085 4767 3247 4826; x_wconf 77' lang='lat' dir='ltr'><strong>Joan.</strong></span> <span class='ocrx_word' id='word_1_753' title='bbox 3282 4742 3424 4843; x_wconf 78' lang='lat' dir='ltr'><strong>xt,8.</strong></span> 
     </span>
    </p>
   </div>
   <div class='ocr_carea' id='block_1_92' title="bbox 186 4828 648 4906">
    <p class='ocr_par' dir='ltr' id='par_1_92' title="bbox 186 4828 648 4906">
     <span class='ocr_line' id='line_1_92' title="bbox 186 4828 648 4906; baseline 0.017 -18"><span class='ocrx_word' id='word_1_754' title='bbox 186 4828 227 4861; x_wconf 81' lang='lat'><em>&quot;</em></span> <span class='ocrx_word' id='word_1_755' title='bbox 250 4830 426 4890; x_wconf 78' lang='lat' dir='ltr'><strong>Matth.</strong></span> <span class='ocrx_word' id='word_1_756' title='bbox 454 4828 533 4906; x_wconf 74' lang='lat' dir='ltr'><strong>ii,</strong></span> <span class='ocrx_word' id='word_1_757' title='bbox 554 4828 648 4896; x_wconf 73' lang='lat' dir='ltr'><strong>s7;</strong></span> 
     </span>
    </p>
   </div>
   <div class='ocr_carea' id='block_1_93' title="bbox 1650 4931 1923 4997">
    <p class='ocr_par' dir='ltr' id='par_1_93' title="bbox 1650 4931 1923 4997">
     <span class='ocr_line' id='line_1_93' title="bbox 1650 4931 1923 4997; baseline 0 -2"><span class='ocrx_word' id='word_1_758' title='bbox 1650 4931 1923 4997; x_wconf 85' lang='lat' dir='ltr'><strong>Scholia.</strong></span> 
     </span>
    </p>
   </div>
   <div class='ocr_carea' id='block_1_94' title="bbox 190 5058 1738 5135">
    <p class='ocr_par' dir='ltr' id='par_1_94' title="bbox 190 5058 1738 5135">
     <span class='ocr_line' id='line_1_94' title="bbox 190 5058 1738 5135; baseline 0.008 -26"><span class='ocrx_word' id='word_1_759' title='bbox 190 5058 496 5135; x_wconf 73' lang='lat' dir='ltr'><strong>nominatur.</strong></span> <span class='ocrx_word' id='word_1_760' title='bbox 523 5061 671 5135; x_wconf 77' lang='lat' dir='ltr'><strong>Quid</strong></span> <span class='ocrx_word' id='word_1_761' title='bbox 700 5070 892 5135; x_wconf 87' lang='lat' dir='ltr'><strong>natura</strong></span> <span class='ocrx_word' id='word_1_762' title='bbox 926 5065 999 5119; x_wconf 88' lang='lat' dir='ltr'><strong>sit</strong></span> <span class='ocrx_word' id='word_1_763' title='bbox 1030 5062 1209 5135; x_wconf 66' lang='lat' dir='ltr'><strong>Deus.</strong></span> <span class='ocrx_word' id='word_1_764' title='bbox 1229 5063 1461 5135; x_wconf 84' lang='lat' dir='ltr'><strong>intelligi</strong></span> <span class='ocrx_word' id='word_1_765' title='bbox 1492 5078 1598 5119; x_wconf 87' lang='lat' dir='ltr'><strong>non</strong></span> <span class='ocrx_word' id='word_1_766' title='bbox 1635 5078 1738 5135; x_wconf 86' lang='lat' dir='ltr'><strong>p0-</strong></span> 
     </span>
    </p>
   </div>
   <div class='ocr_carea' id='block_1_95' title="bbox 192 5131 1739 5206">
    <p class='ocr_par' dir='ltr' id='par_1_95' title="bbox 192 5131 1739 5206">
     <span class='ocr_line' id='line_1_95' title="bbox 192 5131 1739 5206; baseline 0.005 -26"><span class='ocrx_word' id='word_1_767' title='bbox 192 5136 320 5206; x_wconf 72' lang='lat' dir='ltr'><strong>test;</strong></span> <span class='ocrx_word' id='word_1_768' title='bbox 350 5144 445 5206; x_wconf 78' lang='lat' dir='ltr'><strong>nec</strong></span> <span class='ocrx_word' id='word_1_769' title='bbox 483 5131 579 5206; x_wconf 69' lang='lat' dir='ltr'><strong>bie</strong></span> <span class='ocrx_word' id='word_1_770' title='bbox 598 5133 890 5206; x_wconf 87' lang='lat' dir='ltr'><strong>Gregorius</strong></span> <span class='ocrx_word' id='word_1_771' title='bbox 918 5134 1273 5206; x_wconf 39' lang='lat' dir='ltr'><strong>contradicit;</strong></span> <span class='ocrx_word' id='word_1_772' title='bbox 1302 5131 1501 5205; x_wconf 55' lang='lat' dir='ltr'><strong>qui&#39;in</strong></span> <span class='ocrx_word' id='word_1_773' title='bbox 1548 5131 1739 5189; x_wconf 88' lang='lat' dir='ltr'><strong>eodem</strong></span> 
     </span>
    </p>
   </div>
   <div class='ocr_carea' id='block_1_96' title="bbox 191 5194 1740 5280">
    <p class='ocr_par' dir='ltr' id='par_1_96' title="bbox 191 5194 1740 5280">
     <span class='ocr_line' id='line_1_96' title="bbox 191 5194 1740 5280; baseline 0.002 -27"><span class='ocrx_word' id='word_1_774' title='bbox 191 5194 315 5280; x_wconf 64' lang='lat' dir='ltr'><strong>libro</strong></span> <span class='ocrx_word' id='word_1_775' title='bbox 344 5200 417 5254; x_wconf 89' lang='lat' dir='ltr'><strong>ait</strong></span> <span class='ocrx_word' id='word_1_776' title='bbox 443 5202 620 5280; x_wconf 66' lang='lat' dir='ltr'><strong>;_Q_uid</strong></span> <span class='ocrx_word' id='word_1_777' title='bbox 649 5194 897 5273; x_wconf 74' lang='lat' dir='ltr'><strong>oporteat</strong></span> <span class='ocrx_word' id='word_1_778' title='bbox 949 5203 1121 5280; x_wconf 80' lang='lat' dir='ltr'><strong>solum</strong></span> <span class='ocrx_word' id='word_1_779' title='bbox 1152 5206 1216 5257; x_wconf 89' lang='lat' dir='ltr'><strong>de</strong></span> <span class='ocrx_word' id='word_1_780' title='bbox 1246 5194 1356 5259; x_wconf 75' lang='lat' dir='ltr'><strong>Deo</strong></span> <span class='ocrx_word' id='word_1_781' title='bbox 1384 5216 1740 5272; x_wconf 87' lang='lat' dir='ltr'><strong>cognoscere,</strong></span> 
     </span>
    </p>
   </div>
   <div class='ocr_carea' id='block_1_97' title="bbox 192 5268 1742 5342">
    <p class='ocr_par' dir='ltr' id='par_1_97' title="bbox 192 5268 1742 5342">
     <span class='ocr_line' id='line_1_97' title="bbox 192 5268 1742 5342; baseline 0.004 -21"><span class='ocrx_word' id='word_1_782' title='bbox 192 5268 377 5324; x_wconf 83' lang='lat' dir='ltr'><strong>scilicet</strong></span> <span class='ocrx_word' id='word_1_783' title='bbox 408 5273 539 5326; x_wconf 84' lang='lat' dir='ltr'><strong>nihil</strong></span> <span class='ocrx_word' id='word_1_784' title='bbox 569 5268 756 5327; x_wconf 77' lang='lat' dir='ltr'><strong>eorum</strong></span> <span class='ocrx_word' id='word_1_785' title='bbox 789 5288 914 5329; x_wconf 90' lang='lat' dir='ltr'><strong>esse</strong></span> <span class='ocrx_word' id='word_1_786' title='bbox 944 5288 1065 5342; x_wconf 66' lang='lat' dir='ltr'><strong>qua:</strong></span> <span class='ocrx_word' id='word_1_787' title='bbox 1096 5273 1330 5328; x_wconf 86' lang='lat' dir='ltr'><strong>humana</strong></span> <span class='ocrx_word' id='word_1_788' title='bbox 1365 5268 1517 5327; x_wconf 77' lang='lat' dir='ltr'><strong>tuens</strong></span> <span class='ocrx_word' id='word_1_789' title='bbox 1539 5287 1742 5337; x_wconf 83' lang='lat' dir='ltr'><strong>cogno-</strong></span> 
     </span>
    </p>
   </div>
   <div class='ocr_carea' id='block_1_98' title="bbox 193 5342 1740 5414">
    <p class='ocr_par' dir='ltr' id='par_1_98' title="bbox 193 5342 1740 5414">
     <span class='ocr_line' id='line_1_98' title="bbox 193 5342 1740 5414; baseline 0.005 -25"><span class='ocrx_word' id='word_1_790' title='bbox 193 5348 331 5392; x_wconf 88' lang='lat' dir='ltr'><strong>scere</strong></span> <span class='ocrx_word' id='word_1_791' title='bbox 358 5352 553 5408; x_wconf 88' lang='lat' dir='ltr'><strong>potest.</strong></span> <span class='ocrx_word' id='word_1_792' title='bbox 588 5342 868 5414; x_wconf 86' lang='lat' dir='ltr'><strong>Signiticat</strong></span> <span class='ocrx_word' id='word_1_793' title='bbox 899 5344 1063 5414; x_wconf 87' lang='lat' dir='ltr'><strong>igitur</strong></span> <span class='ocrx_word' id='word_1_794' title='bbox 1113 5344 1200 5414; x_wconf 88' lang='lat' dir='ltr'><strong>hic</strong></span> <span class='ocrx_word' id='word_1_795' title='bbox 1244 5342 1539 5414; x_wconf 81' lang='lat' dir='ltr'><strong>Gregorius</strong></span> <span class='ocrx_word' id='word_1_796' title='bbox 1572 5342 1740 5414; x_wconf 89' lang='lat' dir='ltr'><strong>Deum</strong></span> 
     </span>
    </p>
   </div>
   <div class='ocr_carea' id='block_1_99' title="bbox 192 5411 1740 5489">
    <p class='ocr_par' dir='ltr' id='par_1_99' title="bbox 192 5411 1740 5489">
     <span class='ocr_line' id='line_1_99' title="bbox 192 5411 1740 5489; baseline 0.004 -30"><span class='ocrx_word' id='word_1_797' title='bbox 192 5414 558 5489; x_wconf 58' lang='lat' dir='ltr'><strong>excreaturis,</strong></span> <span class='ocrx_word' id='word_1_798' title='bbox 588 5411 723 5489; x_wconf 76' lang='lat' dir='ltr'><strong>quas</strong></span> <span class='ocrx_word' id='word_1_799' title='bbox 757 5411 1130 5482; x_wconf 74' lang='lat' dir='ltr'><strong>intelligimus,</strong></span> <span class='ocrx_word' id='word_1_800' title='bbox 1182 5411 1406 5489; x_wconf 71' lang='lat' dir='ltr'><strong>intelligi</strong></span> <span class='ocrx_word' id='word_1_801' title='bbox 1439 5414 1581 5489; x_wconf 82' lang='lat' dir='ltr'><strong>quod</strong></span> <span class='ocrx_word' id='word_1_802' title='bbox 1628 5413 1699 5466; x_wconf 91' lang='lat' dir='ltr'><strong>sit</strong></span> <span class='ocrx_word' id='word_1_803' title='bbox 1726 5452 1740 5474; x_wconf 89' lang='lat'><strong>,</strong></span> 
     </span>
    </p>
   </div>
   <div class='ocr_carea' id='block_1_100' title="bbox 192 5476 1752 5560">
    <p class='ocr_par' dir='ltr' id='par_1_100' title="bbox 192 5476 1752 5560">
     <span class='ocr_line' id='line_1_100' title="bbox 192 5476 1752 5560; baseline 0.006 -31"><span class='ocrx_word' id='word_1_804' title='bbox 192 5476 344 5560; x_wconf 67' lang='lat' dir='ltr'><strong>etilla</strong></span> <span class='ocrx_word' id='word_1_805' title='bbox 375 5496 492 5560; x_wconf 63' lang='lat' dir='ltr'><strong>esse</strong></span> <span class='ocrx_word' id='word_1_806' title='bbox 516 5476 821 5560; x_wconf 70' lang='lat' dir='ltr'><strong>scentulum</strong></span> <span class='ocrx_word' id='word_1_807' title='bbox 845 5476 1087 5560; x_wconf 70' lang='lat' dir='ltr'><strong>cau:sam,</strong></span> <span class='ocrx_word' id='word_1_808' title='bbox 1116 5476 1233 5538; x_wconf 85' lang='lat' dir='ltr'><strong>esto</strong></span> <span class='ocrx_word' id='word_1_809' title='bbox 1259 5476 1624 5560; x_wconf 75' lang='lat' dir='ltr'><strong>perfectiones</strong></span> <span class='ocrx_word' id='word_1_810' title='bbox 1660 5498 1752 5539; x_wconf 90' lang='lat' dir='ltr'><strong>no-</strong></span> 
     </span>
    </p>
   </div>
   <div class='ocr_carea' id='block_1_101' title="bbox 194 5550 1752 5622">
    <p class='ocr_par' dir='ltr' id='par_1_101' title="bbox 194 5550 1752 5622">
     <span class='ocr_line' id='line_1_101' title="bbox 194 5550 1752 5622; baseline 0.006 -25"><span class='ocrx_word' id='word_1_811' title='bbox 194 5550 531 5622; x_wconf 17' lang='lat' dir='ltr'><strong>minibusgDei</strong></span> <span class='ocrx_word' id='word_1_812' title='bbox 560 5552 889 5619; x_wconf 84' lang='lat' dir='ltr'><strong>signiﬁcatas</strong></span> <span class='ocrx_word' id='word_1_813' title='bbox 933 5554 1043 5609; x_wconf 83' lang='lat' dir='ltr'><strong>Duo</strong></span> <span class='ocrx_word' id='word_1_814' title='bbox 1090 5550 1330 5621; x_wconf 31' lang='lat' dir='ltr'><strong>pr0pri‘e,</strong></span> <span class='ocrx_word' id='word_1_815' title='bbox 1376 5560 1431 5607; x_wconf 93' lang='lat' dir='ltr'><strong>et</strong></span> <span class='ocrx_word' id='word_1_816' title='bbox 1480 5554 1653 5622; x_wconf 89' lang='lat' dir='ltr'><strong>prius,</strong></span> <span class='ocrx_word' id='word_1_817' title='bbox 1698 5560 1752 5609; x_wconf 90' lang='lat' dir='ltr'><strong>et</strong></span> 
     </span>
    </p>
   </div>
   <div class='ocr_carea' id='block_1_102' title="bbox 192 5619 1745 5691">
    <p class='ocr_par' dir='ltr' id='par_1_102' title="bbox 192 5619 1745 5691">
     <span class='ocr_line' id='line_1_102' title="bbox 192 5619 1745 5691; baseline 0.004 -20"><span class='ocrx_word' id='word_1_818' title='bbox 192 5619 537 5677; x_wconf 78' lang='lat' dir='ltr'><strong>essentialiter</strong></span> <span class='ocrx_word' id='word_1_819' title='bbox 574 5622 900 5688; x_wconf 84' lang='lat' dir='ltr'><strong>convenire,</strong></span> <span class='ocrx_word' id='word_1_820' title='bbox 934 5633 987 5677; x_wconf 90' lang='lat' dir='ltr'><strong>et</strong></span> <span class='ocrx_word' id='word_1_821' title='bbox 1036 5638 1065 5675; x_wconf 87' lang='lat' dir='ltr'><strong>a</strong></span> <span class='ocrx_word' id='word_1_822' title='bbox 1095 5619 1384 5677; x_wconf 74' lang='lat' dir='ltr'><strong>creaturis</strong></span> <span class='ocrx_word' id='word_1_823' title='bbox 1429 5619 1745 5691; x_wconf 78' lang='lat' dir='ltr'><strong>participari</strong></span> 
     </span>
    </p>
   </div>
   <div class='ocr_carea' id='block_1_103' title="bbox 196 5691 1749 5767">
    <p class='ocr_par' dir='ltr' id='par_1_103' title="bbox 196 5691 1749 5767">
     <span class='ocr_line' id='line_1_103' title="bbox 196 5691 1749 5767; baseline 0.003 -25"><span class='ocrx_word' id='word_1_824' title='bbox 196 5694 385 5767; x_wconf 61' lang='lat' dir='ltr'><strong>certum</strong></span> <span class='ocrx_word' id='word_1_825' title='bbox 426 5701 528 5757; x_wconf 89' lang='lat' dir='ltr'><strong>est,</strong></span> <span class='ocrx_word' id='word_1_826' title='bbox 573 5702 628 5747; x_wconf 90' lang='lat' dir='ltr'><strong>et</strong></span> <span class='ocrx_word' id='word_1_827' title='bbox 661 5693 712 5747; x_wconf 92' lang='lat' dir='ltr'><strong>in</strong></span> <span class='ocrx_word' id='word_1_828' title='bbox 743 5707 806 5747; x_wconf 88' lang='lat' dir='ltr'><strong>ea</strong></span> <span class='ocrx_word' id='word_1_829' title='bbox 836 5693 1176 5767; x_wconf 69' lang='lat' dir='ltr'><strong>excellentia,</strong></span> <span class='ocrx_word' id='word_1_830' title='bbox 1220 5694 1282 5767; x_wconf 28' lang='lat' dir='ltr'><strong>Ain</strong></span> <span class='ocrx_word' id='word_1_831' title='bbox 1326 5707 1431 5764; x_wconf 89' lang='lat' dir='ltr'><strong>qua</strong></span> <span class='ocrx_word' id='word_1_832' title='bbox 1480 5691 1590 5748; x_wconf 88' lang='lat' dir='ltr'><strong>Deo</strong></span> <span class='ocrx_word' id='word_1_833' title='bbox 1622 5710 1749 5748; x_wconf 83' lang='lat' dir='ltr'><strong>con-</strong></span> 
     </span>
    </p>
   </div>
   <div class='ocr_carea' id='block_1_104' title="bbox 197 5762 1256 5832">
    <p class='ocr_par' dir='ltr' id='par_1_104' title="bbox 197 5762 1256 5832">
     <span class='ocr_line' id='line_1_104' title="bbox 197 5762 1256 5832; baseline 0.008 -23"><span class='ocrx_word' id='word_1_834' title='bbox 197 5762 425 5832; x_wconf 73' lang='lat' dir='ltr'><strong>Veniunt,</strong></span> <span class='ocrx_word' id='word_1_835' title='bbox 454 5776 559 5816; x_wconf 88' lang='lat' dir='ltr'><strong>non</strong></span> <span class='ocrx_word' id='word_1_836' title='bbox 590 5778 745 5832; x_wconf 86' lang='lat' dir='ltr'><strong>posse</strong></span> <span class='ocrx_word' id='word_1_837' title='bbox 766 5778 797 5818; x_wconf 85' lang='lat' dir='ltr'><strong>a</strong></span> <span class='ocrx_word' id='word_1_838' title='bbox 828 5764 984 5819; x_wconf 89' lang='lat' dir='ltr'><strong>nobis</strong></span> <span class='ocrx_word' id='word_1_839' title='bbox 1013 5762 1256 5832; x_wconf 88' lang='lat' dir='ltr'><strong>intelligi.</strong></span> 
     </span>
    </p>
   </div>
   <div class='ocr_carea' id='block_1_105' title="bbox 265 5825 1744 5911">
    <p class='ocr_par' dir='ltr' id='par_1_105' title="bbox 265 5825 1744 5911">
     <span class='ocr_line' id='line_1_105' title="bbox 265 5825 1744 5911; baseline 0.003 -25"><span class='ocrx_word' id='word_1_840' title='bbox 265 5825 337 5897; x_wconf 84' lang='grc' dir='ltr'><strong>(ι)</strong></span> <span class='ocrx_word' id='word_1_841' title='bbox 365 5825 605 5903; x_wconf 73' lang='lat' dir='ltr'><strong>Cognitid</strong></span> <span class='ocrx_word' id='word_1_842' title='bbox 632 5848 739 5891; x_wconf 89' lang='lat' dir='ltr'><strong>non</strong></span> <span class='ocrx_word' id='word_1_843' title='bbox 773 5834 1123 5911; x_wconf 84' lang='lat' dir='ltr'><strong>cognoscitur</strong></span> <span class='ocrx_word' id='word_1_844' title='bbox 1154 5825 1330 5910; x_wconf 67' lang='lat' dir='ltr'><strong>primo</strong></span> <span class='ocrx_word' id='word_1_845' title='bbox 1365 5834 1431 5889; x_wconf 86' lang='lat' dir='ltr'><strong>ab</strong></span> <span class='ocrx_word' id='word_1_846' title='bbox 1469 5833 1744 5896; x_wconf 88' lang='lat' dir='ltr'><strong>intellectu</strong></span> 
     </span>
    </p>
   </div>
   <div class='ocr_carea' id='block_1_106' title="bbox 1840 5052 3436 5129">
    <p class='ocr_par' dir='ltr' id='par_1_106' title="bbox 1840 5052 3436 5129">
     <span class='ocr_line' id='line_1_106' title="bbox 1840 5052 3436 5129; baseline -0.006 -14"><span class='ocrx_word' id='word_1_847' title='bbox 1840 5062 2077 5116; x_wconf 86' lang='lat' dir='ltr'><strong>humano</strong></span> <span class='ocrx_word' id='word_1_848' title='bbox 2106 5070 2496 5129; x_wconf 81' lang='lat' dir='ltr'><strong>cognoscente,</strong></span> <span class='ocrx_word' id='word_1_849' title='bbox 2529 5057 2657 5128; x_wconf 88' lang='lat' dir='ltr'><strong>quia</strong></span> <span class='ocrx_word' id='word_1_850' title='bbox 2681 5059 2916 5128; x_wconf 85' lang='lat' dir='ltr'><strong>primum</strong></span> <span class='ocrx_word' id='word_1_851' title='bbox 2965 5056 3238 5127; x_wconf 85' lang='lat' dir='ltr'><strong>objeclum</strong></span> <span class='ocrx_word' id='word_1_852' title='bbox 3276 5052 3436 5109; x_wconf 84' lang='lat' dir='ltr'><strong>intel-</strong></span> 
     </span>
    </p>
   </div>
   <div class='ocr_carea' id='block_1_107' title="bbox 1842 5129 3438 5198">
    <p class='ocr_par' dir='ltr' id='par_1_107' title="bbox 1842 5129 3438 5198">
     <span class='ocr_line' id='line_1_107' title="bbox 1842 5129 3438 5198; baseline -0.006 -14"><span class='ocrx_word' id='word_1_853' title='bbox 1842 5131 2012 5185; x_wconf 85' lang='lat' dir='ltr'><strong>lectus</strong></span> <span class='ocrx_word' id='word_1_854' title='bbox 2040 5131 2207 5186; x_wconf 90' lang='lat' dir='ltr'><strong>nostri</strong></span> <span class='ocrx_word' id='word_1_855' title='bbox 2245 5130 2299 5184; x_wconf 91' lang='lat' dir='ltr'><strong>in</strong></span> <span class='ocrx_word' id='word_1_856' title='bbox 2328 5129 2579 5198; x_wconf 81' lang='lat' dir='ltr'><strong>praesenti</strong></span> <span class='ocrx_word' id='word_1_857' title='bbox 2605 5139 2749 5185; x_wconf 87' lang='lat' dir='ltr'><strong>statu</strong></span> <span class='ocrx_word' id='word_1_858' title='bbox 2784 5138 2867 5185; x_wconf 91' lang='lat' dir='ltr'><strong>est</strong></span> <span class='ocrx_word' id='word_1_859' title='bbox 2890 5144 2988 5185; x_wconf 87' lang='lat' dir='ltr'><strong>ens</strong></span> <span class='ocrx_word' id='word_1_860' title='bbox 3016 5138 3069 5181; x_wconf 90' lang='lat' dir='ltr'><strong>et</strong></span> <span class='ocrx_word' id='word_1_861' title='bbox 3097 5138 3282 5198; x_wconf 77' lang='lat' dir='ltr'><strong>verum</strong></span> <span class='ocrx_word' id='word_1_862' title='bbox 3306 5138 3438 5176; x_wconf 83' lang='lat' dir='ltr'><strong>con-</strong></span> 
     </span>
    </p>
   </div>
   <div class='ocr_carea' id='block_1_108' title="bbox 1841 5196 3426 5274">
    <p class='ocr_par' dir='ltr' id='par_1_108' title="bbox 1841 5196 3426 5274">
     <span class='ocr_line' id='line_1_108' title="bbox 1841 5196 3426 5274; baseline -0.006 -19"><span class='ocrx_word' id='word_1_863' title='bbox 1841 5202 2138 5274; x_wconf 77' lang='lat' dir='ltr'><strong>sitleratum</strong></span> <span class='ocrx_word' id='word_1_864' title='bbox 2201 5196 2908 5274; x_wconf 3' lang='lat' dir='ltr'><strong>itt‘rebusematerialibus;</strong></span> <span class='ocrx_word' id='word_1_865' title='bbox 2970 5196 3426 5274; x_wconf 60' lang='lat' dir='ltr'><strong>cognitioautem</strong></span> 
     </span>
    </p>
   </div>
   <div class='ocr_carea' id='block_1_109' title="bbox 1843 5265 3421 5339">
    <p class='ocr_par' dir='ltr' id='par_1_109' title="bbox 1843 5265 3421 5339">
     <span class='ocr_line' id='line_1_109' title="bbox 1843 5265 3421 5339; baseline -0.01 -13"><span class='ocrx_word' id='word_1_866' title='bbox 1843 5280 1927 5326; x_wconf 90' lang='lat' dir='ltr'><strong>est</strong></span> <span class='ocrx_word' id='word_1_867' title='bbox 1958 5269 2358 5334; x_wconf 85' lang='lat' dir='ltr'><strong>itumaterialis,</strong></span> <span class='ocrx_word' id='word_1_868' title='bbox 2389 5279 2443 5323; x_wconf 88' lang='lat' dir='ltr'><strong>et</strong></span> <span class='ocrx_word' id='word_1_869' title='bbox 2480 5271 2607 5325; x_wconf 86' lang='lat' dir='ltr'><strong>ideo</strong></span> <span class='ocrx_word' id='word_1_870' title='bbox 2620 5269 2969 5339; x_wconf 84' lang='lat' dir='ltr'><strong>cognoscitur</strong></span> <span class='ocrx_word' id='word_1_871' title='bbox 2999 5265 3421 5339; x_wconf 62' lang='lat' dir='ltr'><strong>postobjectmn</strong></span> 
     </span>
    </p>
   </div>
   <div class='ocr_carea' id='block_1_110' title="bbox 1846 5333 3428 5411">
    <p class='ocr_par' dir='ltr' id='par_1_110' title="bbox 1846 5333 3428 5411">
     <span class='ocr_line' id='line_1_110' title="bbox 1846 5333 3428 5411; baseline -0.004 -17"><span class='ocrx_word' id='word_1_872' title='bbox 1846 5340 2127 5411; x_wconf 86' lang='lat' dir='ltr'><strong>materiale</strong></span> <span class='ocrx_word' id='word_1_873' title='bbox 2151 5342 2301 5411; x_wconf 90' lang='lat' dir='ltr'><strong>prius</strong></span> <span class='ocrx_word' id='word_1_874' title='bbox 2322 5340 2600 5409; x_wconf 89' lang='lat' dir='ltr'><strong>cognitum</strong></span> <span class='ocrx_word' id='word_1_875' title='bbox 2625 5358 2639 5405; x_wconf 87' lang='lat'>;</span> <span class='ocrx_word' id='word_1_876' title='bbox 2667 5333 2841 5411; x_wconf 68' lang='lat' dir='ltr'><strong>neque</strong></span> <span class='ocrx_word' id='word_1_877' title='bbox 2873 5333 3237 5411; x_wconf 71' lang='lat' dir='ltr'><strong>cognoscitur</strong></span> <span class='ocrx_word' id='word_1_878' title='bbox 3266 5333 3428 5387; x_wconf 80' lang='lat' dir='ltr'><strong>simul</strong></span> 
     </span>
    </p>
   </div>
   <div class='ocr_carea' id='block_1_111' title="bbox 1846 5407 3431 5481">
    <p class='ocr_par' dir='ltr' id='par_1_111' title="bbox 1846 5407 3431 5481">
     <span class='ocr_line' id='line_1_111' title="bbox 1846 5407 3431 5481; baseline -0.008 -16"><span class='ocrx_word' id='word_1_879' title='bbox 1846 5423 1970 5465; x_wconf 91' lang='lat' dir='ltr'><strong>cum</strong></span> <span class='ocrx_word' id='word_1_880' title='bbox 1998 5407 2221 5481; x_wconf 9' lang='lat' dir='ltr'><strong>objector</strong></span> <span class='ocrx_word' id='word_1_881' title='bbox 2235 5407 2479 5481; x_wconf 80' lang='lat' dir='ltr'><strong>cognito,</strong></span> <span class='ocrx_word' id='word_1_882' title='bbox 2516 5418 2583 5481; x_wconf 83' lang='lat' dir='ltr'><strong>ut</strong></span> <span class='ocrx_word' id='word_1_883' title='bbox 2602 5410 2840 5481; x_wconf 84' lang='lat' dir='ltr'><strong>cognitio</strong></span> <span class='ocrx_word' id='word_1_884' title='bbox 2872 5407 3069 5477; x_wconf 89' lang='lat' dir='ltr'><strong>lapidis</strong></span> <span class='ocrx_word' id='word_1_885' title='bbox 3098 5415 3431 5481; x_wconf 70' lang='lat' dir='ltr'><strong>noncogno-</strong></span> 
     </span>
    </p>
   </div>
   <div class='ocr_carea' id='block_1_112' title="bbox 1851 5441 3433 5549">
    <p class='ocr_par' dir='ltr' id='par_1_112' title="bbox 1851 5441 3433 5549">
     <span class='ocr_line' id='line_1_112' title="bbox 1851 5441 3402 5481; baseline -0.003 -16"><span class='ocrx_word' id='word_1_886' title='bbox 1851 5441 1970 5465; x_wconf 72' lang='grc' dir='ltr'>ωιυι</span> <span class='ocrx_word' id='word_1_887' title='bbox 1998 5441 2213 5480; x_wconf 61' lang='grc' dir='ltr'><strong>υυδῦυιυ</strong></span> <span class='ocrx_word' id='word_1_888' title='bbox 2235 5441 2479 5481; x_wconf 64' lang='grc' dir='ltr'><strong>υυδηιιυ,</strong></span> <span class='ocrx_word' id='word_1_889' title='bbox 2516 5441 2572 5461; x_wconf 70' lang='grc' dir='ltr'><strong>ΙΙΙ»</strong></span> <span class='ocrx_word' id='word_1_890' title='bbox 2602 5441 2840 5479; x_wconf 70' lang='grc' dir='ltr'><strong>ιυδιιιιιυ</strong></span> <span class='ocrx_word' id='word_1_891' title='bbox 2872 5441 3069 5477; x_wconf 58' lang='lat' dir='ltr'><strong>&quot;IVNI&quot;!</strong></span> <span class='ocrx_word' id='word_1_892' title='bbox 3098 5441 3203 5458; x_wconf 78' lang='lat' dir='ltr'><strong>&quot;&quot;Il</strong></span> <span class='ocrx_word' id='word_1_893' title='bbox 3225 5441 3288 5454; x_wconf 65' lang='grc' dir='ltr'><strong>ιν</strong></span> <span class='ocrx_word' id='word_1_894' title='bbox 3332 5441 3402 5454; x_wconf 81' lang='grc' dir='ltr'>ἰν</span> 
     </span>
     <span class='ocr_line' id='line_1_113' title="bbox 1851 5441 3433 5549; baseline -0.007 -15"><span class='ocrx_word' id='word_1_895' title='bbox 1851 5481 2021 5534; x_wconf 79' lang='lat' dir='ltr'><strong>Scitur</strong></span> <span class='ocrx_word' id='word_1_896' title='bbox 2068 5480 2227 5535; x_wconf 87' lang='lat' dir='ltr'><strong>simul</strong></span> <span class='ocrx_word' id='word_1_897' title='bbox 2275 5496 2397 5536; x_wconf 89' lang='lat' dir='ltr'><strong>cum</strong></span> <span class='ocrx_word' id='word_1_898' title='bbox 2446 5479 2646 5549; x_wconf 88' lang='lat' dir='ltr'><strong>lapide,</strong></span> <span class='ocrx_word' id='word_1_899' title='bbox 2677 5480 2800 5547; x_wconf 91' lang='lat' dir='ltr'><strong>quia</strong></span> <span class='ocrx_word' id='word_1_900' title='bbox 2829 5476 3159 5549; x_wconf 79' lang='lat' dir='ltr'><strong>cognoscere</strong></span> <span class='ocrx_word' id='word_1_901' title='bbox 3204 5441 3433 5538; x_wconf 51' lang='lat' dir='ltr'><strong>lapidein</strong></span> 
     </span>
    </p>
   </div>
   <div class='ocr_carea' id='block_1_113' title="bbox 1851 5547 3434 5621">
    <p class='ocr_par' dir='ltr' id='par_1_113' title="bbox 1851 5547 3434 5621">
     <span class='ocr_line' id='line_1_114' title="bbox 1851 5547 3434 5621; baseline -0.006 -20"><span class='ocrx_word' id='word_1_902' title='bbox 1851 5563 1955 5602; x_wconf 91' lang='lat' dir='ltr'><strong>non</strong></span> <span class='ocrx_word' id='word_1_903' title='bbox 1985 5560 2068 5604; x_wconf 89' lang='lat' dir='ltr'><strong>est</strong></span> <span class='ocrx_word' id='word_1_904' title='bbox 2102 5549 2366 5621; x_wconf 88' lang='lat' dir='ltr'><strong>perfectio</strong></span> <span class='ocrx_word' id='word_1_905' title='bbox 2416 5547 2616 5618; x_wconf 86' lang='lat' dir='ltr'><strong>lapidis</strong></span> <span class='ocrx_word' id='word_1_906' title='bbox 2655 5547 3127 5621; x_wconf 44' lang='lat' dir='ltr'><strong>cogniti;&#39;ailoqui</strong></span> <span class='ocrx_word' id='word_1_907' title='bbox 3157 5558 3267 5597; x_wconf 84' lang='lat' dir='ltr'><strong>uno</strong></span> <span class='ocrx_word' id='word_1_908' title='bbox 3310 5552 3434 5595; x_wconf 85' lang='lat' dir='ltr'><strong>actu</strong></span> 
     </span>
    </p>
   </div>
   <div class='ocr_carea' id='block_1_114' title="bbox 1849 5620 3435 5690">
    <p class='ocr_par' dir='ltr' id='par_1_114' title="bbox 1849 5620 3435 5690">
     <span class='ocr_line' id='line_1_115' title="bbox 1849 5620 3435 5690; baseline -0.011 -12"><span class='ocrx_word' id='word_1_909' title='bbox 1849 5620 2287 5690; x_wconf 78' lang='lat' dir='ltr'><strong>cognosceretur,</strong></span> <span class='ocrx_word' id='word_1_910' title='bbox 2324 5621 2470 5676; x_wconf 90' lang='lat' dir='ltr'><strong>sicut</strong></span> <span class='ocrx_word' id='word_1_911' title='bbox 2525 5620 2873 5690; x_wconf 90' lang='lat' dir='ltr'><strong>cognoscitur</strong></span> <span class='ocrx_word' id='word_1_912' title='bbox 2899 5633 3006 5671; x_wconf 90' lang='lat' dir='ltr'><strong>uno</strong></span> <span class='ocrx_word' id='word_1_913' title='bbox 3037 5624 3279 5690; x_wconf 87' lang='lat' dir='ltr'><strong>actu_res</strong></span> <span class='ocrx_word' id='word_1_914' title='bbox 3299 5626 3435 5690; x_wconf 64' lang='lat' dir='ltr'><strong>cunt</strong></span> 
     </span>
    </p>
   </div>
   <div class='ocr_carea' id='block_1_115' title="bbox 1847 5683 3439 5759">
    <p class='ocr_par' dir='ltr' id='par_1_115' title="bbox 1847 5683 3439 5759">
     <span class='ocr_line' id='line_1_116' title="bbox 1847 5683 3439 5759; baseline -0.008 -15"><span class='ocrx_word' id='word_1_915' title='bbox 1847 5683 2178 5757; x_wconf 68' lang='lat' dir='ltr'><strong>perfectione</strong></span> <span class='ocrx_word' id='word_1_916' title='bbox 2228 5683 2368 5759; x_wconf 83' lang='lat' dir='ltr'><strong>sua;</strong></span> <span class='ocrx_word' id='word_1_917' title='bbox 2400 5691 2541 5746; x_wconf 89' lang='lat' dir='ltr'><strong>sicut</strong></span> <span class='ocrx_word' id='word_1_918' title='bbox 2590 5683 2813 5759; x_wconf 72' lang='lat' dir='ltr'><strong>angelus</strong></span> <span class='ocrx_word' id='word_1_919' title='bbox 2867 5702 2977 5742; x_wconf 91' lang='lat' dir='ltr'><strong>uno</strong></span> <span class='ocrx_word' id='word_1_920' title='bbox 3008 5683 3439 5759; x_wconf 26' lang='lat' dir='ltr'><strong>actu‘iutelliglt</strong></span> 
     </span>
    </p>
   </div>
   <div class='ocr_carea' id='block_1_116' title="bbox 1845 5756 3435 5829">
    <p class='ocr_par' dir='ltr' id='par_1_116' title="bbox 1845 5756 3435 5829">
     <span class='ocr_line' id='line_1_117' title="bbox 1845 5756 3435 5829; baseline -0.003 -16"><span class='ocrx_word' id='word_1_921' title='bbox 1845 5756 1999 5813; x_wconf 83' lang='lat' dir='ltr'><strong>suam</strong></span> <span class='ocrx_word' id='word_1_922' title='bbox 2024 5756 2362 5829; x_wconf 70' lang='lat' dir='ltr'><strong>essentiam,</strong></span> <span class='ocrx_word' id='word_1_923' title='bbox 2390 5770 2445 5815; x_wconf 90' lang='lat' dir='ltr'><strong>et</strong></span> <span class='ocrx_word' id='word_1_924' title='bbox 2470 5774 2627 5829; x_wconf 79' lang='lat' dir='ltr'><strong>suum</strong></span> <span class='ocrx_word' id='word_1_925' title='bbox 2668 5756 2993 5829; x_wconf 53' lang='lat' dir='ltr'><strong>intelligere,</strong></span> <span class='ocrx_word' id='word_1_926' title='bbox 3022 5756 3185 5829; x_wconf 60' lang='lat' dir='ltr'><strong>quod</strong></span> <span class='ocrx_word' id='word_1_927' title='bbox 3196 5765 3279 5809; x_wconf 88' lang='lat' dir='ltr'><strong>est</strong></span> <span class='ocrx_word' id='word_1_928' title='bbox 3308 5767 3435 5829; x_wconf 57' lang='lat' dir='ltr'><strong>pc:-</strong></span> 
     </span>
    </p>
   </div>
   <div class='ocr_carea' id='block_1_117' title="bbox 1843 5820 3429 5901">
    <p class='ocr_par' dir='ltr' id='par_1_117' title="bbox 1843 5820 3429 5901">
     <span class='ocr_line' id='line_1_118' title="bbox 1843 5820 3429 5901; baseline -0.006 -14"><span class='ocrx_word' id='word_1_929' title='bbox 1843 5831 2006 5887; x_wconf 85' lang='lat' dir='ltr'><strong>l’eetio</strong></span> <span class='ocrx_word' id='word_1_930' title='bbox 2033 5832 2285 5895; x_wconf 67' lang='grc' dir='ltr'><strong>εεεοιιιίω</strong></span> <span class='ocrx_word' id='word_1_931' title='bbox 2331 5820 2471 5901; x_wconf 76' lang='lat' dir='ltr'><strong>ejus,</strong></span> <span class='ocrx_word' id='word_1_932' title='bbox 2491 5845 2558 5888; x_wconf 89' lang='lat' dir='ltr'><strong>ex</strong></span> <span class='ocrx_word' id='word_1_933' title='bbox 2576 5820 2634 5885; x_wconf 86' lang='lat' dir='ltr'><strong>S.</strong></span> <span class='ocrx_word' id='word_1_934' title='bbox 2658 5820 2897 5889; x_wconf 51' lang='lat' dir='ltr'><strong>Thomft</strong></span> <span class='ocrx_word' id='word_1_935' title='bbox 2932 5820 3011 5899; x_wconf 53' lang='lat' dir='ltr'><strong>p.&#39;,</strong></span> <span class='ocrx_word' id='word_1_936' title='bbox 3040 5820 3097 5899; x_wconf 67' lang='grc' dir='ltr'><strong>ξι.</strong></span> <span class='ocrx_word' id='word_1_937' title='bbox 3117 5826 3205 5893; x_wconf 87' lang='grc'><strong>87,</strong></span> <span class='ocrx_word' id='word_1_938' title='bbox 3238 5820 3345 5883; x_wconf 83' lang='lat' dir='ltr'><strong>ari.</strong></span> <span class='ocrx_word' id='word_1_939' title='bbox 3373 5820 3429 5877; x_wconf 65' lang='grc' dir='ltr'><strong>ὃ.</strong></span> 
     </span>
    </p>
   </div>
  </div>
