3872 6554
217 443 323 510 983

1377 433 1699 501 JOANNIS
1738 432 2305 503 CYPARISSIOT/E

3372 434 3476 500 98$

218 572 380 628 quam
408 555 498 627 qui
522 544 640 615 cst:
683 567 854 627 quare
879 553 925 610 si
954 567 1077 611 cum
1108 549 1362 624 intelligit
1384 564 1444 606 se
1476 550 1675 619 ipsum,
1709 546 1791 601 ln-
1822 545 1867 603 Α
1897 566 2073 624 neque
2120 571 2379 624 movens;
2417 571 2593 629 neque
2632 556 2982 629 principium,
3022 556 3102 611 vel
3158 554 3343 621 linem,
3390 554 3473 607 vel

220 650 407 721 tellig'tt
438 664 557 721 quae
606 635 763 716 sunt,
786 648 900 718 ipse
928 656 1014 703 est
1069 659 1132 701 ea
1161 658 1282 716 qum
1306 651 1474 709 sunt;
1524 649 1620 699 aut
1649 638 1796 695 enim

218 742 479 812 intelliget
494 756 554 797 ea
573 755 692 812 quae
705 739 833 798 alibi
851 747 998 807 sunt,
1016 748 1109 795 aut
1123 752 1242 810 quae
1261 736 1317 793 in
1332 752 1391 794 se
1407 735 1525 805 ipso
1540 743 1798 803 tanquam

216 851 351 891 sua:
385 850 505 906 qua:
538 834 667 891 alibi
701 843 849 899 sunt,
883 849 993 890 non
1022 839 1203 905 potest
1254 830 1372 887 ﬁeri
1403 836 1464 885 ut
1492 823 1796 895 intelligat;

218 929 307 981 ubi
344 928 487 983 enim
519 928 682 984 sunt?
717 942 787 982 an
811 925 864 986 in
897 926 967 983 iis
1001 939 1123 996 quae
1162 924 1263 981 sub
1304 934 1528 979 sensum
1559 914 1798 975 cadunt?

219 1030 275 1074 at
298 1034 418 1091 quae
439 1018 538 1082 sub
565 1033 794 1079 sensum
823 1020 1051 1085 cadunt,
1077 1032 1184 1077 non
1208 1023 1360 1079 sunt,
1406 1021 1596 1081 utpote
1620 1016 1797 1065 mnta~

170 1138 173 1145 ι
216 1112 369 1177 bilia,
391 1120 445 1167 et
470 1120 650 1167 ortum
686 1118 849 1181 atque
870 1109 1149 1167 interitum
1185 1105 1479 1179 capientia.
1508 1103 1579 1158 Se
1613 1102 1793 1173 igitur,

216 1216 270 1259 et
297 1204 348 1259 in
371 1219 431 1259 se
458 1203 739 1275 intelligit;
768 1204 897 1276 quia
936 1217 1066 1258 vero
1091 1200 1233 1257 Dens
1269 1206 1463 1255 auctor
1492 1203 1576 1252 est
1608 1207 1796 1249 eorum

214 1311 336 1365 qua:
358 1303 491 1352 sunt
519 1339 533 1365 ,
563 1296 608 1352 si
636 1296 690 1351 in
718 1309 780 1351 se
825 1308 889 1350 ea
932 1309 1037 1350 non
1070 1291 1341 1362 intelligit,
1374 1285 1714 1358 intelligeqin
1735 1297 1799 1338 eo

214 1389 362 1458 quod
385 1388 632 1445 nondum
669 1397 776 1444 est.
802 1391 871 1442 At
921 1387 1037 1457 ipse
1072 1386 1426 1455 archetypum
1467 1388 1575 1446 est,
1606 1377 1659 1433 id
1692 1384 1795 1442 est,

216 1481 449 1551 primum
493 1480 770 1550 exemplar
816 1478 1078 1536 universi.
1112 1484 1163 1532 et
1192 1489 1312 1546 quae
1370 1471 1650 1539 intelligit,
1686 1482 1793 1522 non

216 1572 415 1644 accipit
448 1586 633 1628 eorum
667 1580 842 1643 typos,
876 1570 928 1624 id
966 1576 1050 1624 cst
1073 1570 1308 1637 species,
1336 1563 1453 1619 sive
1496 1560 1699 1615 formas
1731 1558 1798 1612 ab

216 1666 361 1732 aliis,
397 1666 497 1722 sed
546 1663 727 1736 potius
787 1663 902 1733 ipse
941 1670 1023 1717 est
1056 1657 1335 1728 exemplar
1368 1669 1573 1712 rerum.
1620 1651 1801 1718 Quare
1834 1726 1835 1729 η

216 1774 319 1815 nec
339 1759 456 1827 ipse
472 1766 556 1814 est
570 1756 626 1813 in
654 1756 798 1822 loco,
825 1769 1001 1824 neque
1021 1768 1140 1823 qua:
1158 1752 1211 1807 in
1237 1750 1355 1822 ipso
1374 1755 1521 1813 sunt,
1545 1738 1798 1817 tanquam

219 1852 275 1907 in
312 1849 434 1907 loco
485 1858 632 1914 sunt,
669 1848 767 1905 sed
802 1847 965 1905 habet
998 1860 1061 1902 ea
1094 1852 1152 1900 ut
1183 1858 1240 1900 se
1270 1842 1450 1911 ipsum
1488 1838 1721 1901 habens,
1746 1843 1802 1890 et

218 1942 273 1998 in
296 1942 375 1998 eis
401 1940 701 2007 exsistens;
723 1939 975 1996 omnibus
1005 1936 1225 2007 quidem
1278 1933 1440 1990 simul
1480 1928 1796 1987 exsistenti-

216 2033 342 2102 bus,
406 2016 541 2090 etin
594 2030 906 2102 impartibili
975 2029 1027 2085 in
1060 2028 1176 2097 ipso
1231 2018 1796 2086 exsistentibus,dis-

219 2125 403 2182 tinctis
448 2139 581 2182 vero
626 2125 679 2180 in
708 2121 1020 2195 impartibili
1051 2116 1473 2190 impartibiliter.
1509 2113 1675 2186 Igitur
1701 2125 1799 2168 no-

218 2217 396 2273 tiones
425 2220 544 2286 eius
559 2225 686 2272 sunt
717 2230 828 2282 res,
850 2231 940 2272 res
961 2222 1142 2270 autem
1165 2212 1352 2268 formae
1375 2220 1522 2277 sunt,
1549 2210 1798 2265 notiones

217 2322 349 2363 vero
372 2322 477 2363 non
517 2307 956 2377 sic'accipiendaa
1006 2313 1154 2373 sunt,
1192 2313 1253 2359 ut
1292 2301 1420 2372 quia
1453 2302 1556 2357 hoc
1586 2297 1798 2355 intelle-

218 2399 318 2465 xit,
352 2398 453 2453 l’nit
489 2398 629 2466 hoc;
662 2396 972 2466 huiusmodi
1001 2396 1144 2451 enim
1174 2392 1455 2449 notionem
1494 2397 1708 2461 oportet
1740 2398 1802 2443 ιιι

221 2500 595 2556 antegressum
632 2490 702 2545 sit
728 2488 935 2557 aliquid
964 2489 1107 2558 quod
1144 2486 1489 2559 intelligitur,
1540 2483 1687 2554 quod
1724 2482 1803 2537 fe-

221 2581 298 2638 cit
326 2590 382 2636 ut
412 2581 531 2651 ipse
557 2580 925 2650 intelligeret;
982 2579 1075 2635 sed
1133 2579 1315 2649 potius
1369 2575 1641 2647 intelligit,
1682 2589 1804 2645 quae

224 2685 376 2739 sunt,
400 2688 595 2745 nempe
614 2674 924 2745 intelligens
949 2687 1008 2728 se
1041 2672 1244 2742 ipsum,
1272 2680 1472 2727 etcum
1501 2671 1568 2726 iis
1591 2684 1711 2739 quae
1747 2669 1802 2724 in

224 2766 347 2836 ipso
390 2764 595 2830 insunt,
619 2763 925 2834 copulatus.
978 2763 1054 2818 Ex
1087 2763 1171 2820 his
1200 2762 1393 2832 liquet,
1423 2762 1567 2831 quod
1605 2761 1657 2813 in
1680 2758 1806 2814 nni-

228 2869 357 2925 tate,
389 2873 510 2929 qnae
539 2873 703 2928 supra
727 2856 1089 2915 substantiam
1121 2864 1226 2921 est,
1256 2869 1365 2910 non
1411 2860 1629 2925 oportet
1656 2869 1805 2922 quae-

230 2966 352 3008 rere
382 2950 633 3019 multa,et
658 2950 900 3014 diversa,
921 2963 1043 3018 quae
1078 2949 1131 3002 in
1163 2946 1279 3017 ipsa
1321 2954 1670 3017 spectantur:
1697 2944 1806 3014 pri-

227 3057 377 3098 mum
409 3043 650 3111 quidem,
670 3042 796 3113 quia
821 3051 1012 3097 natura
1034 3039 1424 3106 differentium,
1448 3037 1805 3109 quantitatem

227 3140 283 3190 et
314 3121 603 3191 numerum
638 3133 845 3189 inducit
869 3134 922 3192 in
944 3132 1272 3203 simplici,et
1301 3131 1418 3187 sine
1460 3129 1809 3198 confusione,

1832 1890 1875 1946 Β

1901 652 2137 707 medium
2174 650 2402 716 habens,
2444 665 2542 706 nec
2577 652 2629 706 in
2673 649 2925 723 quopiam
2952 664 3138 706 eorum
3178 663 3301 717 qua:
3327 658 3475 712 sunt,

1900 751 2017 810 est;
2045 752 2220 813 neque
2248 743 2545 814 quidquam
2577 758 2765 800 eorum
2800 749 2922 808 est;
2963 755 3137 811 neque
3182 740 3400 811 penitus
3424 740 3474 794 ei

1902 836 2157 893 convenit
2184 835 2477 906 quidquam
2505 849 2693 891 eorum
2729 848 2849 906 qua:
2880 833 2935 889 in
2962 848 3078 889 aevo
3117 839 3214 889 ant
3243 832 3297 886 in
3341 842 3481 886 tem-

1901 945 2031 998 pore
2057 930 2359 997 exsistunt;
2392 929 2522 1000 quin
2558 927 2738 1000 potius
2762 937 2918 984 extra
2952 936 3190 998 tempus,
3216 934 3269 982 et
3303 940 3480 980 saecu—

1900 1021 2032 1087 lum,
2080 1021 2197 1078 sive
2238 1035 2436 1087 aevum,
2482 1029 2538 1076 et
2581 1028 2733 1077 extra
2765 1019 2949 1075 omnia
2997 1033 3118 1089 quae
3151 1020 3206 1072 in
3252 1018 3480 1083 saeculo,

1901 1120 1991 1166 aut
2021 1121 2266 1181 tempore
2297 1120 2445 1175 sunt,
2469 1119 2551 1168 est
2578 1130 2592 1179 ;
2618 1111 2744 1182 quia
2776 1110 2951 1180 ipsum
2981 1125 3077 1181 per
3106 1124 3165 1164 se
3193 1124 3393 1173 aevum,
3425 1117 3483 1165 ct

1902 1204 2079 1273 ipsum
2113 1217 2209 1276 per
2241 1219 2300 1260 se
2338 1213 2575 1274 tempus,
2605 1212 2660 1261 et
2689 1219 2812 1273 quae
2836 1212 2983 1269 sunt,
3007 1211 3062 1259 et
3093 1217 3214 1271 qua:
3238 1202 3329 1257 illa
3362 1215 3487 1271 quae

1902 1306 2048 1361 sunt,
2084 1296 2406 1362 metiuntur,
2429 1296 2613 1353 omnia
2646 1311 2742 1365 per
2772 1296 2974 1367 ipsum,
3001 1305 3056 1352 et
3079 1297 3146 1351 ab
3174 1294 3313 1365 ipso.
3342 1294 3488 1349 San-

1904 1402 2022 1446 ctus
2061 1390 2346 1459 Maximus,
2370 1392 2422 1447 in
2445 1392 2692 1447 centuria
2713 1391 2912 1461 prima,
2939 1406 3058 1462 cap.
3076 1391 3134 1457 'l,
3163 1391 3241 1445 ait
3266 1408 3279 1445 :
3307 1388 3485 1444 Omne

1902 1484 2221 1555 principium
2269 1493 2325 1539 et
2362 1484 2625 1552 medium,
2652 1493 2708 1539 et
2754 1483 2876 1539 linis
2932 1498 3039 1539 non
3085 1495 3489 1551 usquequaque

1903 1585 2103 1646 negant
2149 1575 2279 1647 quin
2324 1575 2621 1631 secundum
2671 1572 3044 1631 habitudinem
3091 1572 3489 1642 praedicentnr,

1904 1668 2045 1724 Dens
2075 1678 2256 1723 autem
2290 1670 2343 1723 in
2379 1666 2690 1724 universum
2718 1667 2865 1722 omni
2916 1666 3234 1722 habitudine
3266 1662 3489 1717 inﬁnite

1904 1760 1957 1817 in
2003 1760 2272 1816 inﬁnitum
2321 1760 2569 1829 superior
2619 1774 2741 1815 cum
2795 1760 2886 1825 sit,
2924 1768 3357 1814 consentaneum
3396 1766 3489 1811 est

1903 1861 1965 1909 nt
2015 1866 2189 1923 neque
2221 1850 2569 1923 principium,
2608 1866 2782 1921 neque
2830 1849 3093 1915 medium,
3144 1862 3322 1918 neque
3354 1847 3488 1902 ﬁnis

1904 1946 2009 2011 sit;
2046 1958 2221 2013 neque
2249 1942 2541 2013 quidquam
2576 1941 2799 1997 omnino
2833 1940 2998 1997 habet
3025 1953 3240 2005 eorum,
3287 1937 3340 1992 in
3364 1937 3496 2008 qui-

1904 2039 2005 2094 bus
2057 2046 2248 2094 natura
2288 2035 2587 2093 secundum
2643 2033 3014 2091 habitudinem
3068 2030 3384 2102 praedicatio
3414 2028 3489 2083 ad

1905 2130 2109 2202 aliquid
2147 2130 2295 2186 cerni
2328 2137 2526 2199 potest.
2557 2127 2702 2183 idem
2736 2126 2791 2181 in
2821 2125 3012 2181 eadem
3039 2123 3313 2185 centuria,
3353 2136 3484 2191 cap.

1906 2224 1976 2281 εἰ
2005 2242 2018 2279 :
2054 2222 2246 2280 Omnis
2279 2222 2514 2293 cognitio
2542 2219 2707 2276 habet
2738 2218 3194 2290 signiﬁcationem
3232 2214 3494 2271 multitu-

1907 2314 2049 2371 dinis
2074 2323 2132 2369 ut
2163 2312 2443 2369 minimum
2482 2310 2752 2377 duorum;
2804 2308 2983 2365 media
3027 2307 3174 2363 enim
3211 2314 3295 2362 est
3323 2303 3495 2360 habi-

1911 2411 2039 2487 tudo
2061 2409 2289 2462 duorum
2326 2414 2719 2467 extremorum,
2748 2416 2871 2473 quae
2902 2401 3045 2457 inter
3071 2415 3130 2457 se
3152 2398 3368 2469 copulat
3404 2396 3500 2452 in-

1911 2503 2261 2573 telligentem,
2312 2507 2369 2556 et
2428 2512 2542 2557 rem
2604 2495 2937 2553 intellectam
2974 2511 2988 2548 :
3025 2501 3279 2548 neutrum
3338 2490 3497 2546 enisa

1910 2602 2086 2666 potest
2107 2605 2498 2662 usquequaque
2518 2600 2737 2647 servare
2763 2584 3190 2656 simplicitatem,
3217 2585 3340 2654 quia
3361 2597 3493 2638 cum

1914 2701 1979 2743 eo
2022 2686 2113 2757 qui
2146 2694 2251 2750 est,
2286 2683 2522 2754 aliquam
2556 2696 2671 2738 rem
2710 2678 3014 2749 subiectam
3052 2676 3382 2746 intelligens,
3419 2675 3507 2730 εἰς

1915 2778 2025 2837 mul
2067 2778 2339 2848 cOgitatur
2384 2776 2590 2831 habere
2642 2781 2968 2844 potestatem
3022 2769 3354 2839 intelligendi
3385 2785 3401 2821 :
3437 2776 3503 2823 et

1915 2870 2057 2941 quod
2109 2869 2431 2938 intelligitur
2482 2866 2789 2937 subjectum
2842 2863 3115 2934 quoddam
3166 2870 3269 2924 est,
3304 2860 3389 2914 rei
3438 2858 3503 2912 in

1916 2962 2179 3030 subjecto,
2219 2976 2339 3015 cum
2367 2973 2475 3030 quo
2520 2958 2682 3015 simul
2725 2956 2994 3027 cogitatur
3020 2953 3161 3021 quod
3192 2953 3362 3022 possit
3414 2951 3511 3004 in-

1919 3053 2108 3125 telligi,
2130 3060 2221 3107 aut
2253 3051 2520 3123 cogitatur
2564 3049 2725 3106 simul
2761 3046 3121 3119 praesubjecta
3167 3042 3508 3108 substantia,

1918 3150 2069 3215 cujus
2097 3152 2180 3200 est
2209 3150 2486 3212 potestas;
2522 3155 2627 3197 non
2654 3139 2797 3196 enim
2821 3147 2907 3194 est
2932 3150 3019 3192 res
3042 3135 3226 3205 aliqua
3252 3134 3507 3199 omnino,

228 3236 284 3281 et
310 3225 578 3279 divisione
606 3241 712 3279 unu
735 3234 791 3280 et
828 3233 975 3290 toto;
1006 3222 1273 3289 secundo,
1305 3224 1431 3293 quia
1463 3222 1647 3278 omnia
1689 3238 1810 3293 quas
1840 3246 1884 3307 ο
1918 3249 2037 3305 qua;
2062 3233 2179 3302 ipsa
2208 3245 2305 3300 per
2334 3243 2394 3286 se
2424 3229 2496 3287 git
2541 3229 2773 3300 simplex
2805 3223 3137 3288 substamia.
3175 3232 3276 3280 aut,
3312 3221 3516 3293 cogni-

235 3318 293 3372 in
323 3318 437 3387 ipsa
470 3319 749 3384 dicuntur,
784 3326 908 3372 sunt
936 3317 1113 3371 divina
1147 3326 1199 3372 et
1224 3316 1376 3371 beata
1410 3316 1526 3387 ejus
1557 3317 1814 3372 substan-

233 3411 334 3479 tia,
370 3421 560 3481 utpote
592 3426 711 3481 qna:
750 3422 835 3467 est
858 3411 1092 3465 essentia
1147 3425 1212 3465 ex
1249 3411 1494 3481 pluribus
1534 3411 1587 3465 in
1651 3426 1815 3465 unam

230 3506 499 3563 unitatem
532 3502 1366 3573 congregatis,omnidifferentia
1401 3504 1655 3559 omnibus
1689 3518 1811 3559 mo-

234 3597 321 3657 dis
380 3598 433 3653 in
476 3596 816 3668 congregatis
844 3597 1086 3651 Sublata:
1112 3605 1166 3650 et
1192 3611 1314 3664 quae
1343 3596 1482 3651 inest
1509 3596 1562 3650 in
1595 3595 1678 3650 his
1705 3595 1822 3649 sine

236 3690 575 3755 habitudine,
598 3698 655 3746 et
687 3688 1063 3758 singulariter,
1095 3698 1269 3744 etnon
1300 3700 1558 3759 tanquam
1587 3688 1816 3741 alterum

233 3786 294 3845 in
311 3784 503 3847 altero,
521 3785 616 3840 sed
645 3784 877 3841 maxime
901 3797 1229 3853 supraqnam
1253 3781 1520 3852 copulate,
1550 3781 1697 3836 nulla
1724 3781 1825 3837 du-

236 3866 533 3946 plicatione
552 3875 756 3944 posita;
809 3890 908 3929 nec
933 3875 1078 3928 enim
1129 3875 1605 3945 tanquaminloco
1641 3876 1823 3930 omnia

239 3967 577 4037 exemplaria
616 3982 797 4022 rerum
834 3967 996 4021 habet
1033 3966 1212 4021 unitas
1230 3980 1393 4035 supra
1430 3966 1817 4035 substantiam,

242 4075 346 4117 nec
380 4060 495 4130 ipsa
535 4061 727 4115 horum
759 4059 913 4115 locus
951 4059 1205 4125 eliicitur,
1242 4058 1334 4114 sed
1364 4043 1544 4130 potius
1581 4059 1744 4116 habet
1765 4074 1825 4115 ea

240 4164 497 4221 tanquam
529 4154 774 4223 seipsam
800 4151 991 4216 habet;
1023 4160 1077 4205 et
1097 4150 1238 4207 inest
1266 4150 1402 4221 ipsis
1430 4162 1683 4222 tanquam
1702 4154 1831 4208 sub-

132 4260 145 4271 ν’
237 4244 439 4300 stantia
480 4253 535 4299 et
568 4245 824 4310 essentia,
879 4242 1107 4312 quorum
1170 4255 1255 4301 est
1296 4245 1601 4299 substantia
1639 4253 1693 4301 et
1742 4261 1832 4301 es-

241 4337 436 4404 sentia,
454 4336 675 4409 solaque
698 4336 1007 4407 purissima,
1024 4346 1077 4390 et
1094 4337 1212 4393 sine
1240 4338 1383 4397 omni
1402 4338 1642 4407 subjecto
1658 4347 1829 4393 actus.

831 4426 1067 4487 CAPUT
1130 4428 1224 4483 lx.

244 4541 398 4610 Quod
427 4542 482 4596 in
514 4542 739 4604 unitate.
767 4558 884 4611 qua:
915 4558 1076 4609 supra
1120 4539 1472 4611 substantiam
1526 4548 1626 4599 est,
1664 4554 1826 4611 neque

309 4612 631 4681 principium
684 4609 799 4679 ejus
859 4612 1086 4676 reperire
1145 4609 1313 4681 ιὶιτει,Δ
1347 4625 1507 4678 neque
1569 4609 1822 4681 medium,

313 4677 492 4751 neque
528 4677 729 4747 linem;
787 4696 954 4750 neque
993 4689 1067 4734 est
1111 4678 1314 4751 aliquid
1373 4689 1561 4739 totum.
1593 4677 1719 4747 quia
1773 4686 1826 4731 ιη

315 4750 623 4820 unoquoque
672 4766 853 4805 eorum
901 4766 1019 4819 quis
1069 4750 1459 4819 intelliguntur,
1495 4756 1572 4801 est
1610 4756 1740 4809 tota,
1784 4758 1829 4820 ει

322 4817 468 4885 sold;
520 4817 609 4874 nec
665 4830 741 4875 est
799 4817 1004 4888 ah’qiu'd
1068 4817 1257 4874 eorum
1323 4834 1440 4889 quae
1492 4825 1647 4879 sunt,
1710 4817 1833 4885 quia

318 4893 433 4960 ipsa
473 4891 832 5012 lesuomnia;
894 4906 1056 4963 neque
1120 4889 1242 4945 licet
1303 4904 1406 4942 uno
1464 4890 1673 4943 nomine
1718 4903 1835 4943 eam

320 4975 469 5012 como
493 4969 617 5012 ecta.

320 4969 617 5029 complecti.

331 5074 561 5143 Magnus
592 5074 908 5146 Dionysius,
957 5073 1010 5129 in
1052 5073 1242 5145 quinto
1273 5071 1347 5127 De
1382 5072 1577 5126 divinis
1607 5072 1834 5126 nomini—

264 5167 384 5233 bus,
434 5164 489 5235 In
527 5180 634 5219 uno
674 5164 842 5231 enim,
892 5164 1089 5233 inquit,
1124 5174 1182 5218 ut
1218 5176 1590 5230 saepenumero
1634 5162 1835 5217 dictum

274 5269 383 5323 est,
413 5260 598 5317 omnia
636 5274 757 5328 quae
801 5266 947 5323 sunt,
974 5257 1273 5325 praebabet.
1303 5266 1360 5313 et
1391 5258 1655 5313 exsistere
1683 5255 1833 5321 fecit,

274 5366 521 5423 praesens
555 5351 809 5407 omnibus
829 5350 1031 5420 ubique
1056 5352 1353 5406 secundum
1383 5366 1549 5406 unum
1577 5360 1632 5405 et
1670 5349 1836 5416 idem,

269 5454 325 5507 et
361 5444 656 5499 secundum
709 5442 871 5509 idem,
902 5455 1091 5508 omne;
1146 5442 1197 5497 in
1229 5442 1409 5497 omnia
1460 5456 1669 5508 means,
1700 5452 1751 5495 et
1781 5440 1834 5494 in

267 5548 327 5593 se
364 5549 615 5599 manens,
638 5544 691 5589 et
712 5544 887 5599 stans,
916 5544 972 5588 et
1000 5547 1060 5589 se
1083 5548 1342 5601 movens;
1374 5540 1427 5589 et
1457 5547 1636 5604 neque
1665 5542 1839 5596 stans,

268 5671 378 5719 ait.
399 5664 450 5718 ϐ.
477 5664 590 5718 lmo
620 5664 749 5718 dicit
805 5664 968 5718 Deum
999 5665 1180 5719 omnia
1204 5664 1306 5717 alia
1355 5678 1383 5717 a
1416 5678 1471 5719 se
1495 5675 1841 5731 cognoscere,

272 5751 394 5786 rllttt
431 5750 488 5787 sc
520 5734 1027 5804 ipstnu‘cognoscit,
1073 5745 1129 5788 at
1154 5749 1213 5789 se
1244 5735 1419 5804 ipsum
1452 5732 1842 5804 perfectissime

272 5800 582 5872 cognoscit;
604 5803 769 5872 igitur
798 5800 1095 5871 'cognoscit
1134 5804 1313 5858 omnia
1348 5800 1465 5856 alia
1511 5817 1542 5855 ε
1571 5816 1629 5856 se
1664 5800 1845 5872 perfe-

276 5870 536 5941 ctissime,
568 5870 872 5942 et‘quidem
893 5870 1121 5943 propria
1152 5875 1476 5943 cognitione,
1497 5872 1619 5942 quia
1643 5870 1693 5925 in
1726 5870 1844 5940 ipso

1923 3325 2018 3389 tio,
2050 3324 2141 3378 ubi
2186 3330 2246 3378 et
2272 3322 2455 3379 unitas
2488 3321 2557 3376 sit
2606 3319 2907 3376 individua.
2956 3316 3098 3375 Dens
3141 3324 3346 3381 autem,
3383 3314 3514 3371 sive

1893 3417 2283 3475 substantiam
2318 3414 2589 3479 dicamus,
2637 3426 2741 3468 non
2790 3409 2955 3468 habet
2989 3417 3310 3480 potestatem
3340 3405 3511 3461 intel-

1925 3511 2143 3582 ligendi,
2179 3524 2299 3579 qnaa
2332 3506 2655 3563 naturaliter
2700 3520 2825 3561 cum
2887 3519 2954 3585 eo
3007 3502 3384 3571 intelligatur;
3434 3516 3513 3555 ne

1927 3604 2190 3659 habeatur
2231 3600 2589 3671 compositus,
2641 3598 2761 3654 sive
2808 3586 3062 3665 dicamus
3114 3594 3513 3666 cognitionem,

1930 3711 2035 3751 non
2071 3695 2232 3749 habet
2265 3692 2563 3760 subiectam
2598 3690 2982 3754 substantiam,
3023 3702 3145 3759 quae
3180 3685 3513 3741 naturaliter

1929 3788 2157 3856 recipiat
2185 3784 2579 3857 cognitionem,
2609 3784 2702 3838 sed
2733 3782 2786 3838 id
2816 3785 2994 3851 ipsum
3030 3781 3175 3851 quod
3204 3777 3507 3835 secundum

1930 3878 2290 3936 substantiam
2322 3885 2424 3942 est,
2468 3875 2706 3945 cognitio
2733 3884 2817 3931 est
2850 3874 3014 3937 Dens,
3040 3880 3097 3928 et
3143 3881 3290 3927 totus
3341 3870 3507 3934 Deus,

1932 3968 2190 4029 et.solum
2214 3984 2230 4034 ;
2272 3975 2326 4022 et
2352 3968 2468 4037 ipsa
2497 3965 2737 4037 cognitio
2766 3962 3092 4026 substantia,
3116 3972 3172 4016 et
3198 3969 3346 4015 totus
3373 3961 3515 4012 sub-

1934 4061 2153 4127 stantia,
2195 4069 2249 4115 et
2288 4058 2481 4124 solum,
2528 4066 2583 4113 et
2628 4070 2791 4126 supra
2838 4053 3204 4111 substantiam
3249 4062 3420 4114 tutus,
3454 4058 3517 4104 et

1934 4167 2095 4221 supra
2131 4148 2495 4219 cognitionem
2547 4147 2731 4211 solus;
2762 4144 2889 4215 quia
2944 4144 3127 4199 unitas
3172 4148 3260 4197 est
3311 4139 3521 4195 indivi-

1938 4247 2066 4309 dua,
2104 4256 2303 4312 expers
2356 4240 2548 4312 partis,
2585 4248 2636 4293 et
2680 4238 2927 4308 simplex.
2981 4235 3047 4292 Et
3086 4234 3264 4291 adhuc
3310 4233 3458 4287 idem
3496 4249 3517 4288 :
3566 4234 3570 4235 ⁷

1938 4338 2081 4393 Deus
2125 4336 2179 4390 in
2214 4343 2445 4403 utroque
2479 4330 2693 4402 penitus
2742 4332 2994 4398 simplex,
3032 4326 3342 4384 substantia
3386 4325 3518 4379 sine

1939 4428 2209 4496 subjecto,
2238 4434 2291 4480 et
2319 4424 2560 4493 cognitio
2590 4437 2695 4477 non
2727 4422 2933 4477 habens
2975 4420 3143 4476 ullum
3178 4419 3339 4489 plane
3379 4418 3518 4473 sub-

1935 4519 2165 4589 jectum.
2210 4517 2445 4573 Sanctus
2485 4514 2740 4587 Cyrillus,
2790 4515 2844 4570 in
2879 4511 3188 4576 Thesauris,
3235 4510 3377 4565 libro
3425 4525 3515 4575 tn,

1861 4595 1901 4650 θ
1930 4627 2052 4682 cap.
2087 4610 2120 4665 4
2146 4628 2161 4665 :
2189 4609 2431 4665 Primum
2461 4607 2699 4677 quidem,
2726 4606 2922 4676 inquit,
2957 4618 3181 4660 necesse
3213 4612 3299 4656 est
3330 4601 3523 4655 dicere

1932 4703 2290 4772 compositum
2317 4715 2439 4756 esse
2483 4697 2651 4755 Deum
2695 4713 2760 4752 ex
2802 4697 3055 4761 diversis,
3087 4695 3280 4763 eisque
3323 4707 3516 4748 secum

1934 4801 2075 4855 inter
2104 4810 2163 4853 se
2190 4795 2344 4850 valde
2377 4793 2767 4865 pugnantibus,
2802 4790 2965 4847 simili
3008 4789 3220 4845 scilicet
3268 4796 3325 4843 et
3357 4787 3524 4842 dissi-

1936 4889 2087 4954 mili;
2130 4900 2251 4957 qnae
2278 4883 2497 4955 quidem
2531 4882 2674 4938 inter
2700 4897 2760 4939 se
2788 4881 2842 4936 in
2864 4894 2975 4935 uno
3008 4877 3255 4948 subjecto
3298 4876 3519 4932 misceri

1935 4990 1991 5036 et
2020 4980 2300 5036 cohaerere
2333 4991 2438 5031 non
2474 4984 2720 5046 possunt,
2744 4986 2797 5031 et
2829 4973 2874 5030 si
2899 4989 2963 5028 ex
2995 4980 3151 5043 parte
3185 4970 3404 5033 similis,
3449 4984 3513 5023 ex

1940 5070 2237 5147 parte‘alia
2280 5084 2386 5123 non
2433 5068 2539 5121 erit
2576 5066 2793 5131 similis,
2827 5080 2935 5120 non
2975 5064 3082 5119 erit
3127 5069 3273 5116 totus
3312 5060 3517 5121 lumen,

1942 5177 2114 5231 neque
2144 5169 2292 5217 totus
2323 5160 2547 5225 veritas,
2584 5173 2759 5228 neque
2795 5166 2988 5212 natura
3038 5153 3200 5207 Deus.
3249 5151 3519 5205 Praeterea

1940 5254 2105 5313 etiam
2140 5253 2206 5307 ad
2243 5252 2419 5321 ipsqu
2477 5250 2570 5320 qui
2627 5247 2837 5320 genuit,
2887 5242 3132 5301 manabit
3178 5240 3517 5309 blasphemia

1941 5343 2123 5415 gravis
2162 5359 2177 5398 :
2214 5343 2319 5397 erit
2347 5342 2491 5402 enim
2534 5338 2869 5409 compositus
2911 5335 3071 5390 Pater
3101 5348 3167 5389 ex
3211 5332 3521 5389 substantia

1945 5443 1998 5487 et
2018 5441 2282 5502 conceptu
2318 5433 2539 5489 mentis.
2571 5431 2802 5501 Magnus
2827 5428 3082 5492 Basilius,
3111 5425 3253 5481 libro
3285 5423 3523 5479 secundo

1944 5524 2063 5578 Τῶν
2128 5523 2552 5597 ἀντιρρητικῶν,
2625 5520 2929 5591 Siquidem,
3001 5515 3198 5587 inquit,
3264 5523 3525 5585 tanquam
3590 5544 3603 5553 ι

1952 5668 2079 5716 Sttnl
2114 5657 2525 5725 perfectissime,
2565 5656 2675 5711 imo
2706 5656 2820 5723 ipse
2849 5664 2937 5709 est
2984 5653 3072 5708 illa
3101 5646 3432 5725 ipsa‘omnia
3469 5654 3527 5697 ut

1952 5720 2390 5790 causa'elliciens,
2440 5720 2873 5793 etexemplaris;
2909 5734 2961 5780 et
2996 5726 3107 5791 ipsa
3128 5720 3317 5774 divina
3333 5729 3524 5771 essen-

1952 5799 2022 5850 tia
2054 5807 2137 5852 est
2172 5798 2385 5866 propria
2425 5798 2564 5852 ratio
2618 5795 3040 5864 uniuscujusque
3075 5798 3365 5855 creaturae,
3406 5798 3526 5858 qua

1950 5867 2115 5922 Deum
2148 5866 2634 5938 quomodocnuque
2665 5866 2974 5937 participat.
