  <div class='ocr_page' id='page_1' title='image "/cluster/home/n/w/nwhite01/storage/ocr_20150623/152/hvd.32044019208404/504.png"; bbox 0 0 3780 6564; ppageno 0'>
   <div class='ocr_carea' id='block_1_1' title="bbox 213 402 2550 526">
    <p class='ocr_par' dir='ltr' id='par_1_1' title="bbox 213 402 2550 526">
     <span class='ocr_line' id='line_1_1' title="bbox 213 402 2550 526; baseline 0.008 -23"><span class='ocrx_word' id='word_1_1' title='bbox 213 461 302 526; x_wconf 69' lang='grc' dir='ltr'><strong>ρςε,</strong></span> <span class='ocrx_word' id='word_1_2' title='bbox 976 402 987 409; x_wconf 49' lang='grc'>’</span> <span class='ocrx_word' id='word_1_3' title='bbox 1042 446 1388 508; x_wconf 80' lang='lat' dir='ltr'><strong>DECASX.</strong></span> <span class='ocrx_word' id='word_1_4' title='bbox 1432 475 1496 484; x_wconf 93' lang='lat'><strong>—</strong></span> <span class='ocrx_word' id='word_1_5' title='bbox 1534 448 1631 508; x_wconf 89' lang='lat' dir='ltr'><strong>DE</strong></span> <span class='ocrx_word' id='word_1_6' title='bbox 1666 449 1934 511; x_wconf 85' lang='lat' dir='ltr'><strong>DIVINA</strong></span> <span class='ocrx_word' id='word_1_7' title='bbox 1981 454 2550 521; x_wconf 80' lang='lat' dir='ltr'><strong>SlMI‘LiClTATE.</strong></span> 
     </span>
    </p>
   </div>
   <div class='ocr_carea' id='block_1_2' title="bbox 3304 466 3411 529">
    <p class='ocr_par' dir='ltr' id='par_1_2' title="bbox 3304 466 3411 529">
     <span class='ocr_line' id='line_1_2' title="bbox 3304 466 3411 529; baseline 0.037 -4"><span class='ocrx_word' id='word_1_8' title='bbox 3304 466 3411 529; x_wconf 85' lang='lat'><strong>986</strong></span> 
     </span>
    </p>
   </div>
   <div class='ocr_carea' id='block_1_3' title="bbox 210 561 3411 652">
    <p class='ocr_par' dir='ltr' id='par_1_3' title="bbox 210 561 3411 652">
     <span class='ocr_line' id='line_1_3' title="bbox 210 561 3411 652; baseline 0.002 -22"><span class='ocrx_word' id='word_1_9' title='bbox 210 585 386 652; x_wconf 83' lang='lat' dir='ltr'><strong>parlt‘m</strong></span> <span class='ocrx_word' id='word_1_10' title='bbox 424 562 725 624; x_wconf 83' lang='lat' dir='ltr'><strong>substantiae</strong></span> <span class='ocrx_word' id='word_1_11' title='bbox 753 561 1126 631; x_wconf 85' lang='lat' dir='ltr'><strong>acciperemus</strong></span> <span class='ocrx_word' id='word_1_12' title='bbox 1171 563 1495 635; x_wconf 82' lang='lat' dir='ltr'><strong>ingenitum,</strong></span> <span class='ocrx_word' id='word_1_13' title='bbox 1547 564 1723 618; x_wconf 90' lang='lat' dir='ltr'><strong>locuut</strong></span> <span class='ocrx_word' id='word_1_14' title='bbox 1759 566 1802 621; x_wconf 78' lang='grc' dir='ltr'><strong>Α</strong></span> <span class='ocrx_word' id='word_1_15' title='bbox 1834 569 2015 623; x_wconf 88' lang='lat' dir='ltr'><strong>tundis</strong></span> <span class='ocrx_word' id='word_1_16' title='bbox 2047 571 2228 626; x_wconf 80' lang='lat' dir='ltr'><strong>evenit</strong></span> <span class='ocrx_word' id='word_1_17' title='bbox 2267 590 2281 627; x_wconf 89' lang='lat'><strong>:</strong></span> <span class='ocrx_word' id='word_1_18' title='bbox 2316 586 2492 641; x_wconf 88' lang='lat' dir='ltr'><strong>neque</strong></span> <span class='ocrx_word' id='word_1_19' title='bbox 2526 589 2716 632; x_wconf 85' lang='lat' dir='ltr'><strong>rursus</strong></span> <span class='ocrx_word' id='word_1_20' title='bbox 2749 577 2818 632; x_wconf 89' lang='lat' dir='ltr'><strong>ab</strong></span> <span class='ocrx_word' id='word_1_21' title='bbox 2851 583 3096 634; x_wconf 84' lang='lat' dir='ltr'><strong>extremo</strong></span> <span class='ocrx_word' id='word_1_22' title='bbox 3122 579 3188 637; x_wconf 87' lang='lat' dir='ltr'><strong>ad</strong></span> <span class='ocrx_word' id='word_1_23' title='bbox 3229 591 3411 639; x_wconf 80' lang='lat' dir='ltr'><strong>extre—</strong></span> 
     </span>
    </p>
   </div>
   <div class='ocr_carea' id='block_1_4' title="bbox 208 653 1726 727">
    <p class='ocr_par' dir='ltr' id='par_1_4' title="bbox 208 653 1726 727">
     <span class='ocr_line' id='line_1_4' title="bbox 208 653 1726 727; baseline -0.007 -5"><span class='ocrx_word' id='word_1_24' title='bbox 208 670 399 727; x_wconf 68' lang='lat' dir='ltr'><strong>liaberet</strong></span> <span class='ocrx_word' id='word_1_25' title='bbox 450 658 598 715; x_wconf 77' lang='lat' dir='ltr'><strong>istius</strong></span> <span class='ocrx_word' id='word_1_26' title='bbox 642 669 845 720; x_wconf 95' lang='lat' dir='ltr'><strong>sermo,</strong></span> <span class='ocrx_word' id='word_1_27' title='bbox 886 669 1008 709; x_wconf 91' lang='lat' dir='ltr'><strong>cum</strong></span> <span class='ocrx_word' id='word_1_28' title='bbox 1049 653 1145 719; x_wconf 93' lang='lat' dir='ltr'><strong>ait,</strong></span> <span class='ocrx_word' id='word_1_29' title='bbox 1194 657 1554 727; x_wconf 90' lang='lat' dir='ltr'><strong>compositum</strong></span> <span class='ocrx_word' id='word_1_30' title='bbox 1606 671 1726 712; x_wconf 88' lang='lat' dir='ltr'><strong>esse</strong></span> 
     </span>
    </p>
   </div>
   <div class='ocr_carea' id='block_1_5' title="bbox 202 746 1720 831">
    <p class='ocr_par' dir='ltr' id='par_1_5' title="bbox 202 746 1720 831">
     <span class='ocr_line' id='line_1_5' title="bbox 202 746 1720 831; baseline -0.006 -20"><span class='ocrx_word' id='word_1_31' title='bbox 202 757 323 831; x_wconf 86' lang='lat' dir='ltr'><strong>quod</strong></span> <span class='ocrx_word' id='word_1_32' title='bbox 358 770 417 809; x_wconf 79' lang='lat' dir='ltr'><strong>ex</strong></span> <span class='ocrx_word' id='word_1_33' title='bbox 462 746 681 805; x_wconf 81' lang='lat' dir='ltr'><strong>diversis</strong></span> <span class='ocrx_word' id='word_1_34' title='bbox 734 753 949 829; x_wconf 72' lang='lat' dir='ltr'><strong>constat</strong></span> <span class='ocrx_word' id='word_1_35' title='bbox 995 764 1010 801; x_wconf 90' lang='lat'><strong>:</strong></span> <span class='ocrx_word' id='word_1_36' title='bbox 1054 746 1137 801; x_wconf 90' lang='lat' dir='ltr'><strong>sin</strong></span> <span class='ocrx_word' id='word_1_37' title='bbox 1180 760 1306 831; x_wconf 73' lang='lat' dir='ltr'><strong>vero</strong></span> <span class='ocrx_word' id='word_1_38' title='bbox 1362 747 1720 802; x_wconf 78' lang='lat' dir='ltr'><strong>substantiam</strong></span> 
     </span>
    </p>
   </div>
   <div class='ocr_carea' id='block_1_6' title="bbox 204 819 1721 910">
    <p class='ocr_par' dir='ltr' id='par_1_6' title="bbox 204 819 1721 910">
     <span class='ocr_line' id='line_1_6' title="bbox 204 819 1721 910; baseline -0.009 -6"><span class='ocrx_word' id='word_1_39' title='bbox 204 819 279 904; x_wconf 54' lang='lat' dir='ltr'><strong>[iui</strong></span> <span class='ocrx_word' id='word_1_40' title='bbox 317 847 476 900; x_wconf 81' lang='lat' dir='ltr'><strong>lumen</strong></span> <span class='ocrx_word' id='word_1_41' title='bbox 510 838 682 910; x_wconf 89' lang='lat' dir='ltr'><strong>ipsum</strong></span> <span class='ocrx_word' id='word_1_42' title='bbox 718 819 995 909; x_wconf 76' lang='lat' dir='ltr'><strong>ponimus,</strong></span> <span class='ocrx_word' id='word_1_43' title='bbox 1046 837 1131 893; x_wconf 86' lang='lat' dir='ltr'><strong>vel</strong></span> <span class='ocrx_word' id='word_1_44' title='bbox 1170 819 1360 900; x_wconf 58' lang='lat' dir='ltr'><strong>vit&#39;am.</strong></span> <span class='ocrx_word' id='word_1_45' title='bbox 1395 838 1478 892; x_wconf 89' lang='lat' dir='ltr'><strong>vel</strong></span> <span class='ocrx_word' id='word_1_46' title='bbox 1522 839 1721 892; x_wconf 93' lang='lat' dir='ltr'><strong>bonum</strong></span> 
     </span>
    </p>
   </div>
   <div class='ocr_carea' id='block_1_7' title="bbox 201 930 1723 1007">
    <p class='ocr_par' dir='ltr' id='par_1_7' title="bbox 201 930 1723 1007">
     <span class='ocr_line' id='line_1_7' title="bbox 201 930 1723 1007; baseline -0.007 -11"><span class='ocrx_word' id='word_1_47' title='bbox 201 953 364 1003; x_wconf 89' lang='lat' dir='ltr'><strong>totum,</strong></span> <span class='ocrx_word' id='word_1_48' title='bbox 389 933 519 1007; x_wconf 91' lang='lat' dir='ltr'><strong>quod</strong></span> <span class='ocrx_word' id='word_1_49' title='bbox 547 932 761 1001; x_wconf 84' lang='lat' dir='ltr'><strong>quidem</strong></span> <span class='ocrx_word' id='word_1_50' title='bbox 808 940 893 987; x_wconf 89' lang='lat' dir='ltr'><strong>est</strong></span> <span class='ocrx_word' id='word_1_51' title='bbox 930 938 1102 986; x_wconf 88' lang='lat' dir='ltr'><strong>totum</strong></span> <span class='ocrx_word' id='word_1_52' title='bbox 1141 930 1274 995; x_wconf 88' lang='lat' dir='ltr'><strong>vita,</strong></span> <span class='ocrx_word' id='word_1_53' title='bbox 1312 939 1483 986; x_wconf 83' lang='lat' dir='ltr'><strong>totum</strong></span> <span class='ocrx_word' id='word_1_54' title='bbox 1517 931 1723 997; x_wconf 88' lang='lat' dir='ltr'><strong>ltnnen,</strong></span> 
     </span>
    </p>
   </div>
   <div class='ocr_carea' id='block_1_8' title="bbox 197 1022 1728 1094">
    <p class='ocr_par' dir='ltr' id='par_1_8' title="bbox 197 1022 1728 1094">
     <span class='ocr_line' id='line_1_8' title="bbox 197 1022 1728 1094; baseline -0.01 -3"><span class='ocrx_word' id='word_1_55' title='bbox 197 1043 241 1091; x_wconf 89' lang='lat' dir='ltr'><strong>et</strong></span> <span class='ocrx_word' id='word_1_56' title='bbox 264 1040 412 1087; x_wconf 91' lang='lat' dir='ltr'><strong>totum</strong></span> <span class='ocrx_word' id='word_1_57' title='bbox 442 1027 672 1092; x_wconf 89' lang='lat' dir='ltr'><strong>bonum;</strong></span> <span class='ocrx_word' id='word_1_58' title='bbox 712 1022 877 1078; x_wconf 89' lang='lat' dir='ltr'><strong>habet</strong></span> <span class='ocrx_word' id='word_1_59' title='bbox 905 1033 1087 1078; x_wconf 91' lang='lat' dir='ltr'><strong>autem</strong></span> <span class='ocrx_word' id='word_1_60' title='bbox 1126 1023 1237 1078; x_wconf 88' lang='lat' dir='ltr'><strong>vita</strong></span> <span class='ocrx_word' id='word_1_61' title='bbox 1269 1023 1567 1094; x_wconf 88' lang='lat' dir='ltr'><strong>ingenitum</strong></span> <span class='ocrx_word' id='word_1_62' title='bbox 1596 1037 1728 1077; x_wconf 92' lang='lat' dir='ltr'><strong>con-</strong></span> 
     </span>
    </p>
   </div>
   <div class='ocr_carea' id='block_1_9' title="bbox 198 1113 1727 1194">
    <p class='ocr_par' dir='ltr' id='par_1_9' title="bbox 198 1113 1727 1194">
     <span class='ocr_line' id='line_1_9' title="bbox 198 1113 1727 1194; baseline -0.009 -14"><span class='ocrx_word' id='word_1_63' title='bbox 198 1134 422 1194; x_wconf 85' lang='lat' dir='ltr'><strong>sequens,</strong></span> <span class='ocrx_word' id='word_1_64' title='bbox 469 1115 734 1187; x_wconf 90' lang='lat' dir='ltr'><strong>quomodo</strong></span> <span class='ocrx_word' id='word_1_65' title='bbox 773 1130 881 1170; x_wconf 90' lang='lat' dir='ltr'><strong>non</strong></span> <span class='ocrx_word' id='word_1_66' title='bbox 918 1125 1001 1170; x_wconf 90' lang='lat' dir='ltr'><strong>est</strong></span> <span class='ocrx_word' id='word_1_67' title='bbox 1048 1114 1462 1184; x_wconf 78' lang='lat' dir='ltr'><strong>incompositus,</strong></span> <span class='ocrx_word' id='word_1_68' title='bbox 1497 1113 1589 1184; x_wconf 90' lang='lat' dir='ltr'><strong>qui</strong></span> <span class='ocrx_word' id='word_1_69' title='bbox 1643 1122 1727 1168; x_wconf 89' lang='lat' dir='ltr'><strong>est</strong></span> 
     </span>
    </p>
   </div>
   <div class='ocr_carea' id='block_1_10' title="bbox 193 1204 1724 1277">
    <p class='ocr_par' dir='ltr' id='par_1_10' title="bbox 193 1204 1724 1277">
     <span class='ocr_line' id='line_1_10' title="bbox 193 1204 1724 1277; baseline -0.008 -4"><span class='ocrx_word' id='word_1_70' title='bbox 193 1213 456 1274; x_wconf 87' lang='lat' dir='ltr'><strong>secundum</strong></span> <span class='ocrx_word' id='word_1_71' title='bbox 501 1208 861 1265; x_wconf 90' lang='lat' dir='ltr'><strong>substantiam</strong></span> <span class='ocrx_word' id='word_1_72' title='bbox 898 1206 1165 1277; x_wconf 82' lang='lat' dir='ltr'><strong>simplex?</strong></span> <span class='ocrx_word' id='word_1_73' title='bbox 1213 1205 1329 1260; x_wconf 84' lang='lat' dir='ltr'><strong>Non</strong></span> <span class='ocrx_word' id='word_1_74' title='bbox 1378 1205 1522 1261; x_wconf 91' lang='lat' dir='ltr'><strong>enim</strong></span> <span class='ocrx_word' id='word_1_75' title='bbox 1577 1204 1724 1260; x_wconf 90' lang='lat' dir='ltr'><strong>modi</strong></span> 
     </span>
    </p>
   </div>
   <div class='ocr_carea' id='block_1_11' title="bbox 193 1296 1726 1378">
    <p class='ocr_par' dir='ltr' id='par_1_11' title="bbox 193 1296 1726 1378">
     <span class='ocr_line' id='line_1_11' title="bbox 193 1296 1726 1378; baseline -0.007 -17"><span class='ocrx_word' id='word_1_76' title='bbox 193 1305 540 1378; x_wconf 83' lang='lat' dir='ltr'><strong>preprietatem</strong></span> <span class='ocrx_word' id='word_1_77' title='bbox 570 1299 689 1370; x_wconf 88' lang='lat' dir='ltr'><strong>ejus</strong></span> <span class='ocrx_word' id='word_1_78' title='bbox 720 1299 1179 1363; x_wconf 89' lang='lat' dir='ltr'><strong>demonstrantes,</strong></span> <span class='ocrx_word' id='word_1_79' title='bbox 1216 1298 1484 1352; x_wconf 89' lang='lat' dir='ltr'><strong>rationem</strong></span> <span class='ocrx_word' id='word_1_80' title='bbox 1518 1296 1726 1366; x_wconf 83' lang='lat' dir='ltr'><strong>simpli-</strong></span> 
     </span>
    </p>
   </div>
   <div class='ocr_carea' id='block_1_12' title="bbox 191 1389 1726 1462">
    <p class='ocr_par' dir='ltr' id='par_1_12' title="bbox 191 1389 1726 1462">
     <span class='ocr_line' id='line_1_12' title="bbox 191 1389 1726 1462; baseline -0.005 -7"><span class='ocrx_word' id='word_1_81' title='bbox 191 1398 345 1455; x_wconf 81' lang='lat' dir='ltr'><strong>citatis</strong></span> <span class='ocrx_word' id='word_1_82' title='bbox 376 1394 581 1449; x_wconf 66' lang='lat' dir='ltr'><strong>lazdent.</strong></span> <span class='ocrx_word' id='word_1_83' title='bbox 642 1391 941 1462; x_wconf 82' lang='lat' dir='ltr'><strong>Gregorius</strong></span> <span class='ocrx_word' id='word_1_84' title='bbox 994 1389 1298 1461; x_wconf 85' lang='lat' dir='ltr'><strong>Nyssenus,</strong></span> <span class='ocrx_word' id='word_1_85' title='bbox 1353 1390 1494 1445; x_wconf 91' lang='lat' dir='ltr'><strong>libro</strong></span> <span class='ocrx_word' id='word_1_86' title='bbox 1546 1391 1726 1462; x_wconf 92' lang='lat' dir='ltr'><strong>primo</strong></span> 
     </span>
    </p>
   </div>
   <div class='ocr_carea' id='block_1_13' title="bbox 187 1485 1724 1559">
    <p class='ocr_par' dir='ltr' id='par_1_13' title="bbox 187 1485 1724 1559">
     <span class='ocr_line' id='line_1_13' title="bbox 187 1485 1724 1559; baseline -0.005 -11"><span class='ocrx_word' id='word_1_87' title='bbox 187 1495 358 1548; x_wconf 74' lang='lat' dir='ltr'><strong>Contra</strong></span> <span class='ocrx_word' id='word_1_88' title='bbox 398 1488 735 1554; x_wconf 83' lang='lat' dir='ltr'><strong>Eunomium,</strong></span> <span class='ocrx_word' id='word_1_89' title='bbox 767 1503 888 1559; x_wconf 86' lang='lat' dir='ltr'><strong>cap.</strong></span> <span class='ocrx_word' id='word_1_90' title='bbox 920 1486 981 1544; x_wconf 73' lang='grc' dir='ltr'><strong>«Η</strong></span> <span class='ocrx_word' id='word_1_91' title='bbox 1017 1503 1033 1541; x_wconf 89' lang='lat'><strong>:</strong></span> <span class='ocrx_word' id='word_1_92' title='bbox 1066 1485 1399 1557; x_wconf 84' lang='lat' dir='ltr'><strong>Simplicitas</strong></span> <span class='ocrx_word' id='word_1_93' title='bbox 1432 1487 1601 1552; x_wconf 91' lang='lat' dir='ltr'><strong>enim,</strong></span> <span class='ocrx_word' id='word_1_94' title='bbox 1638 1486 1724 1540; x_wconf 84' lang='lat' dir='ltr'><strong>in-</strong></span> 
     </span>
    </p>
   </div>
   <div class='ocr_carea' id='block_1_14' title="bbox 185 1579 1723 1657">
    <p class='ocr_par' dir='ltr' id='par_1_14' title="bbox 185 1579 1723 1657">
     <span class='ocr_line' id='line_1_14' title="bbox 185 1579 1723 1657; baseline -0.002 -20"><span class='ocrx_word' id='word_1_95' title='bbox 185 1587 303 1657; x_wconf 85' lang='lat' dir='ltr'><strong>quit,</strong></span> <span class='ocrx_word' id='word_1_96' title='bbox 332 1584 629 1652; x_wconf 90' lang='lat' dir='ltr'><strong>dogmatum</strong></span> <span class='ocrx_word' id='word_1_97' title='bbox 691 1579 938 1636; x_wconf 84' lang='lat' dir='ltr'><strong>veritatis</strong></span> <span class='ocrx_word' id='word_1_98' title='bbox 997 1591 1254 1652; x_wconf 84' lang='lat' dir='ltr'><strong>tanquam</strong></span> <span class='ocrx_word' id='word_1_99' title='bbox 1311 1579 1723 1637; x_wconf 78' lang='lat' dir='ltr'><strong>fundamentum</strong></span> 
     </span>
    </p>
   </div>
   <div class='ocr_carea' id='block_1_15' title="bbox 180 1674 1723 1751">
    <p class='ocr_par' dir='ltr' id='par_1_15' title="bbox 180 1674 1723 1751">
     <span class='ocr_line' id='line_1_15' title="bbox 180 1674 1723 1751; baseline -0.002 -20"><span class='ocrx_word' id='word_1_100' title='bbox 180 1678 308 1751; x_wconf 80' lang='lat' dir='ltr'><strong>jacit,</strong></span> <span class='ocrx_word' id='word_1_101' title='bbox 341 1675 524 1740; x_wconf 88' lang='lat' dir='ltr'><strong>Deum,</strong></span> <span class='ocrx_word' id='word_1_102' title='bbox 566 1674 698 1746; x_wconf 92' lang='lat' dir='ltr'><strong>quid</strong></span> <span class='ocrx_word' id='word_1_103' title='bbox 747 1684 848 1736; x_wconf 90' lang='lat' dir='ltr'><strong>est.</strong></span> <span class='ocrx_word' id='word_1_104' title='bbox 888 1688 1064 1745; x_wconf 89' lang='lat' dir='ltr'><strong>neque</strong></span> <span class='ocrx_word' id='word_1_105' title='bbox 1103 1674 1347 1742; x_wconf 88' lang='lat' dir='ltr'><strong>nomine,</strong></span> <span class='ocrx_word' id='word_1_106' title='bbox 1394 1690 1571 1745; x_wconf 89' lang='lat' dir='ltr'><strong>neque</strong></span> <span class='ocrx_word' id='word_1_107' title='bbox 1618 1674 1723 1730; x_wconf 91' lang='lat' dir='ltr'><strong>alia</strong></span> 
     </span>
    </p>
   </div>
   <div class='ocr_carea' id='block_1_16' title="bbox 182 1766 1725 1842">
    <p class='ocr_par' dir='ltr' id='par_1_16' title="bbox 182 1766 1725 1842">
     <span class='ocr_line' id='line_1_16' title="bbox 182 1766 1725 1842; baseline -0.003 -16"><span class='ocrx_word' id='word_1_108' title='bbox 182 1770 402 1842; x_wconf 86' lang='lat' dir='ltr'><strong>quapiam</strong></span> <span class='ocrx_word' id='word_1_109' title='bbox 447 1767 777 1838; x_wconf 73' lang='lat' dir='ltr'><strong>cogitatione</strong></span> <span class='ocrx_word' id='word_1_110' title='bbox 826 1775 881 1823; x_wconf 89' lang='lat' dir='ltr'><strong>et</strong></span> <span class='ocrx_word' id='word_1_111' title='bbox 920 1767 1274 1839; x_wconf 89' lang='lat' dir='ltr'><strong>intelligentia</strong></span> <span class='ocrx_word' id='word_1_112' title='bbox 1329 1766 1725 1836; x_wconf 78' lang='lat' dir='ltr'><strong>comprehendi</strong></span> 
     </span>
    </p>
   </div>
   <div class='ocr_carea' id='block_1_17' title="bbox 180 1857 1723 1935">
    <p class='ocr_par' dir='ltr' id='par_1_17' title="bbox 180 1857 1723 1935">
     <span class='ocr_line' id='line_1_17' title="bbox 180 1857 1723 1935; baseline -0.003 -16"><span class='ocrx_word' id='word_1_113' title='bbox 180 1876 330 1935; x_wconf 89' lang='lat' dir='ltr'><strong>posse.</strong></span> <span class='ocrx_word' id='word_1_114' title='bbox 365 1860 594 1915; x_wconf 87' lang='lat' dir='ltr'><strong>Sanctus</strong></span> <span class='ocrx_word' id='word_1_115' title='bbox 643 1857 1002 1931; x_wconf 86' lang='lat' dir='ltr'><strong>Epiphanius,</strong></span> <span class='ocrx_word' id='word_1_116' title='bbox 1038 1860 1090 1913; x_wconf 94' lang='lat' dir='ltr'><strong>in</strong></span> <span class='ocrx_word' id='word_1_117' title='bbox 1137 1859 1332 1915; x_wconf 72' lang='lat' dir='ltr'><strong>hmresi</strong></span> <span class='ocrx_word' id='word_1_118' title='bbox 1367 1870 1559 1913; x_wconf 87' lang='lat' dir='ltr'><strong>contra</strong></span> <span class='ocrx_word' id='word_1_119' title='bbox 1596 1859 1723 1915; x_wconf 87' lang='lat' dir='ltr'><strong>Pto-</strong></span> 
     </span>
    </p>
   </div>
   <div class='ocr_carea' id='block_1_18' title="bbox 178 1952 1725 2023">
    <p class='ocr_par' dir='ltr' id='par_1_18' title="bbox 178 1952 1725 2023">
     <span class='ocr_line' id='line_1_18' title="bbox 178 1952 1725 2023; baseline -0.002 -11"><span class='ocrx_word' id='word_1_120' title='bbox 178 1954 397 2012; x_wconf 83' lang='lat' dir='ltr'><strong>lemaitas</strong></span> <span class='ocrx_word' id='word_1_121' title='bbox 429 1970 442 2009; x_wconf 91' lang='lat'><strong>:</strong></span> <span class='ocrx_word' id='word_1_122' title='bbox 481 1952 611 2021; x_wconf 78' lang='lat' dir='ltr'><strong>Quae</strong></span> <span class='ocrx_word' id='word_1_123' title='bbox 644 1961 822 2023; x_wconf 88' lang='lat' dir='ltr'><strong>potest</strong></span> <span class='ocrx_word' id='word_1_124' title='bbox 866 1953 932 2007; x_wconf 89' lang='lat' dir='ltr'><strong>ab</strong></span> <span class='ocrx_word' id='word_1_125' title='bbox 980 1953 1088 2008; x_wconf 93' lang='lat' dir='ltr'><strong>ullo</strong></span> <span class='ocrx_word' id='word_1_126' title='bbox 1127 1953 1235 2009; x_wconf 89' lang='lat' dir='ltr'><strong>dici</strong></span> <span class='ocrx_word' id='word_1_127' title='bbox 1275 1962 1421 2009; x_wconf 89' lang='lat' dir='ltr'><strong>tanta</strong></span> <span class='ocrx_word' id='word_1_128' title='bbox 1452 1953 1597 2009; x_wconf 87' lang='lat' dir='ltr'><strong>illius</strong></span> <span class='ocrx_word' id='word_1_129' title='bbox 1627 1969 1725 2009; x_wconf 88' lang='lat' dir='ltr'><strong>au-</strong></span> 
     </span>
    </p>
   </div>
   <div class='ocr_carea' id='block_1_19' title="bbox 176 2045 1725 2117">
    <p class='ocr_par' dir='ltr' id='par_1_19' title="bbox 176 2045 1725 2117">
     <span class='ocr_line' id='line_1_19' title="bbox 176 2045 1725 2117; baseline -0.001 -14"><span class='ocrx_word' id='word_1_130' title='bbox 176 2050 325 2109; x_wconf 84' lang='lat' dir='ltr'><strong>dacia,</strong></span> <span class='ocrx_word' id='word_1_131' title='bbox 350 2061 505 2117; x_wconf 89' lang='lat' dir='ltr'><strong>quam</strong></span> <span class='ocrx_word' id='word_1_132' title='bbox 540 2046 605 2098; x_wconf 85' lang='lat' dir='ltr'><strong>de</strong></span> <span class='ocrx_word' id='word_1_133' title='bbox 649 2045 877 2101; x_wconf 88' lang='lat' dir='ltr'><strong>Domino</strong></span> <span class='ocrx_word' id='word_1_134' title='bbox 914 2045 1154 2103; x_wconf 79' lang='lat' dir='ltr'><strong>universi</strong></span> <span class='ocrx_word' id='word_1_135' title='bbox 1190 2046 1474 2102; x_wconf 79' lang='lat' dir='ltr'><strong>evomuit?</strong></span> <span class='ocrx_word' id='word_1_136' title='bbox 1507 2047 1610 2114; x_wconf 88' lang='lat' dir='ltr'><strong>Qui</strong></span> <span class='ocrx_word' id='word_1_137' title='bbox 1655 2048 1725 2102; x_wconf 81' lang='lat' dir='ltr'><strong>si-</strong></span> 
     </span>
    </p>
   </div>
   <div class='ocr_carea' id='block_1_20' title="bbox 176 2138 1721 2210">
    <p class='ocr_par' dir='ltr' id='par_1_20' title="bbox 176 2138 1721 2210">
     <span class='ocr_line' id='line_1_20' title="bbox 176 2138 1721 2210; baseline 0 -15"><span class='ocrx_word' id='word_1_138' title='bbox 176 2140 270 2195; x_wconf 88' lang='lat' dir='ltr'><strong>mul</strong></span> <span class='ocrx_word' id='word_1_139' title='bbox 299 2149 351 2194; x_wconf 92' lang='lat' dir='ltr'><strong>ut</strong></span> <span class='ocrx_word' id='word_1_140' title='bbox 375 2138 661 2205; x_wconf 72' lang='lat' dir='ltr'><strong>intellexit,</strong></span> <span class='ocrx_word' id='word_1_141' title='bbox 686 2138 912 2210; x_wconf 79' lang='lat' dir='ltr'><strong>perfecit</strong></span> <span class='ocrx_word' id='word_1_142' title='bbox 947 2140 1070 2204; x_wconf 91' lang='lat' dir='ltr'><strong>hoc,</strong></span> <span class='ocrx_word' id='word_1_143' title='bbox 1091 2140 1234 2210; x_wconf 86' lang='lat' dir='ltr'><strong>quod</strong></span> <span class='ocrx_word' id='word_1_144' title='bbox 1261 2139 1479 2210; x_wconf 83' lang='lat' dir='ltr'><strong>quidem</strong></span> <span class='ocrx_word' id='word_1_145' title='bbox 1509 2140 1681 2197; x_wconf 89' lang='lat' dir='ltr'><strong>voluit</strong></span> <span class='ocrx_word' id='word_1_146' title='bbox 1706 2159 1721 2210; x_wconf 89' lang='lat'><strong>;</strong></span> 
     </span>
    </p>
   </div>
   <div class='ocr_carea' id='block_1_21' title="bbox 174 2228 1722 2300">
    <p class='ocr_par' dir='ltr' id='par_1_21' title="bbox 174 2228 1722 2300">
     <span class='ocr_line' id='line_1_21' title="bbox 174 2228 1722 2300; baseline 0.001 -14"><span class='ocrx_word' id='word_1_147' title='bbox 174 2230 259 2286; x_wconf 91' lang='lat' dir='ltr'><strong>hoc</strong></span> <span class='ocrx_word' id='word_1_148' title='bbox 305 2230 626 2299; x_wconf 78' lang='lat' dir='ltr'><strong>intelligens,</strong></span> <span class='ocrx_word' id='word_1_149' title='bbox 663 2230 805 2300; x_wconf 89' lang='lat' dir='ltr'><strong>quod</strong></span> <span class='ocrx_word' id='word_1_150' title='bbox 856 2228 1007 2294; x_wconf 90' lang='lat' dir='ltr'><strong>vult;</strong></span> <span class='ocrx_word' id='word_1_151' title='bbox 1050 2238 1105 2284; x_wconf 91' lang='lat' dir='ltr'><strong>ct</strong></span> <span class='ocrx_word' id='word_1_152' title='bbox 1164 2238 1295 2286; x_wconf 90' lang='lat' dir='ltr'><strong>tunc</strong></span> <span class='ocrx_word' id='word_1_153' title='bbox 1346 2230 1557 2298; x_wconf 88' lang='lat' dir='ltr'><strong>volens,</strong></span> <span class='ocrx_word' id='word_1_154' title='bbox 1597 2247 1722 2287; x_wconf 87' lang='lat' dir='ltr'><strong>cum</strong></span> 
     </span>
    </p>
   </div>
   <div class='ocr_carea' id='block_1_22' title="bbox 171 2306 1723 2393">
    <p class='ocr_par' dir='ltr' id='par_1_22' title="bbox 171 2306 1723 2393">
     <span class='ocr_line' id='line_1_22' title="bbox 171 2306 1723 2393; baseline 0.001 -14"><span class='ocrx_word' id='word_1_155' title='bbox 171 2306 414 2392; x_wconf 70' lang='lat' dir='ltr'><strong>intelligit,</strong></span> <span class='ocrx_word' id='word_1_156' title='bbox 453 2331 600 2379; x_wconf 89' lang='lat' dir='ltr'><strong>totus</strong></span> <span class='ocrx_word' id='word_1_157' title='bbox 649 2322 1029 2393; x_wconf 81' lang='lat' dir='ltr'><strong>intelligentia,</strong></span> <span class='ocrx_word' id='word_1_158' title='bbox 1079 2331 1224 2379; x_wconf 91' lang='lat' dir='ltr'><strong>totus</strong></span> <span class='ocrx_word' id='word_1_159' title='bbox 1258 2322 1540 2393; x_wconf 84' lang='lat' dir='ltr'><strong>voluntas,</strong></span> <span class='ocrx_word' id='word_1_160' title='bbox 1576 2333 1723 2381; x_wconf 89' lang='lat' dir='ltr'><strong>totus</strong></span> 
     </span>
    </p>
   </div>
   <div class='ocr_carea' id='block_1_23' title="bbox 171 2412 1721 2486">
    <p class='ocr_par' dir='ltr' id='par_1_23' title="bbox 171 2412 1721 2486">
     <span class='ocr_line' id='line_1_23' title="bbox 171 2412 1721 2486; baseline 0.001 -18"><span class='ocrx_word' id='word_1_161' title='bbox 171 2430 324 2481; x_wconf 87' lang='lat' dir='ltr'><strong>mens,</strong></span> <span class='ocrx_word' id='word_1_162' title='bbox 346 2423 487 2469; x_wconf 91' lang='lat' dir='ltr'><strong>totns</strong></span> <span class='ocrx_word' id='word_1_163' title='bbox 520 2412 728 2469; x_wconf 89' lang='lat' dir='ltr'><strong>lumen.</strong></span> <span class='ocrx_word' id='word_1_164' title='bbox 761 2412 837 2468; x_wconf 79' lang='lat' dir='ltr'><strong>Ex</strong></span> <span class='ocrx_word' id='word_1_165' title='bbox 866 2412 1066 2484; x_wconf 78' lang='lat' dir='ltr'><strong>quibus</strong></span> <span class='ocrx_word' id='word_1_166' title='bbox 1100 2412 1156 2469; x_wconf 88' lang='lat' dir='ltr'><strong>ﬁt</strong></span> <span class='ocrx_word' id='word_1_167' title='bbox 1182 2414 1553 2481; x_wconf 80' lang='lat' dir='ltr'><strong>manifestum,</strong></span> <span class='ocrx_word' id='word_1_168' title='bbox 1579 2417 1721 2486; x_wconf 88' lang='lat' dir='ltr'><strong>quod</strong></span> 
     </span>
    </p>
   </div>
   <div class='ocr_carea' id='block_1_24' title="bbox 168 2505 1719 2581">
    <p class='ocr_par' dir='ltr' id='par_1_24' title="bbox 168 2505 1719 2581">
     <span class='ocr_line' id='line_1_24' title="bbox 168 2505 1719 2581; baseline 0.003 -20"><span class='ocrx_word' id='word_1_169' title='bbox 168 2509 212 2561; x_wconf 91' lang='lat' dir='ltr'><strong>in</strong></span> <span class='ocrx_word' id='word_1_170' title='bbox 258 2506 454 2563; x_wconf 88' lang='lat' dir='ltr'><strong>unitate</strong></span> <span class='ocrx_word' id='word_1_171' title='bbox 504 2505 798 2562; x_wconf 83' lang='lat' dir='ltr'><strong>Trinitatis</strong></span> <span class='ocrx_word' id='word_1_172' title='bbox 837 2522 1013 2577; x_wconf 89' lang='lat' dir='ltr'><strong>neque</strong></span> <span class='ocrx_word' id='word_1_173' title='bbox 1060 2509 1329 2578; x_wconf 88' lang='lat' dir='ltr'><strong>reperitur</strong></span> <span class='ocrx_word' id='word_1_174' title='bbox 1362 2510 1719 2581; x_wconf 87' lang='lat' dir='ltr'><strong>principium,</strong></span> 
     </span>
    </p>
   </div>
   <div class='ocr_carea' id='block_1_25' title="bbox 165 2599 1721 2676">
    <p class='ocr_par' dir='ltr' id='par_1_25' title="bbox 165 2599 1721 2676">
     <span class='ocr_line' id='line_1_25' title="bbox 165 2599 1721 2676; baseline 0.003 -19"><span class='ocrx_word' id='word_1_175' title='bbox 165 2616 319 2672; x_wconf 89' lang='lat' dir='ltr'><strong>neque</strong></span> <span class='ocrx_word' id='word_1_176' title='bbox 361 2599 620 2666; x_wconf 88' lang='lat' dir='ltr'><strong>medium,</strong></span> <span class='ocrx_word' id='word_1_177' title='bbox 654 2614 831 2668; x_wconf 86' lang='lat' dir='ltr'><strong>neque</strong></span> <span class='ocrx_word' id='word_1_178' title='bbox 880 2599 1044 2667; x_wconf 84' lang='lat' dir='ltr'><strong>linis;</strong></span> <span class='ocrx_word' id='word_1_179' title='bbox 1080 2601 1124 2656; x_wconf 81' lang='lat' dir='ltr'><strong>si</strong></span> <span class='ocrx_word' id='word_1_180' title='bbox 1168 2602 1290 2672; x_wconf 84' lang='lat' dir='ltr'><strong>quis</strong></span> <span class='ocrx_word' id='word_1_181' title='bbox 1326 2618 1457 2658; x_wconf 91' lang='lat' dir='ltr'><strong>vero</strong></span> <span class='ocrx_word' id='word_1_182' title='bbox 1510 2604 1721 2676; x_wconf 88' lang='lat' dir='ltr'><strong>aliquid</strong></span> 
     </span>
    </p>
   </div>
   <div class='ocr_carea' id='block_1_26' title="bbox 165 2692 1719 2767">
    <p class='ocr_par' dir='ltr' id='par_1_26' title="bbox 165 2692 1719 2767">
     <span class='ocr_line' id='line_1_26' title="bbox 165 2692 1719 2767; baseline 0.003 -18"><span class='ocrx_word' id='word_1_183' title='bbox 165 2694 336 2749; x_wconf 85' lang='lat' dir='ltr'><strong>horum</strong></span> <span class='ocrx_word' id='word_1_184' title='bbox 369 2701 596 2764; x_wconf 72' lang='lat' dir='ltr'><strong>quaerat,</strong></span> <span class='ocrx_word' id='word_1_185' title='bbox 632 2692 801 2747; x_wconf 89' lang='lat' dir='ltr'><strong>multa</strong></span> <span class='ocrx_word' id='word_1_186' title='bbox 845 2693 1208 2762; x_wconf 87' lang='lat' dir='ltr'><strong>reperientur,</strong></span> <span class='ocrx_word' id='word_1_187' title='bbox 1251 2703 1302 2750; x_wconf 94' lang='lat' dir='ltr'><strong>et</strong></span> <span class='ocrx_word' id='word_1_188' title='bbox 1341 2710 1448 2751; x_wconf 92' lang='lat' dir='ltr'><strong>non</strong></span> <span class='ocrx_word' id='word_1_189' title='bbox 1496 2699 1719 2767; x_wconf 87' lang='lat' dir='ltr'><strong>unitas;</strong></span> 
     </span>
    </p>
   </div>
   <div class='ocr_carea' id='block_1_27' title="bbox 164 2785 1721 2859">
    <p class='ocr_par' dir='ltr' id='par_1_27' title="bbox 164 2785 1721 2859">
     <span class='ocr_line' id='line_1_27' title="bbox 164 2785 1721 2859; baseline 0.005 -18"><span class='ocrx_word' id='word_1_190' title='bbox 164 2786 463 2857; x_wconf 88' lang='lat' dir='ltr'><strong>principium</strong></span> <span class='ocrx_word' id='word_1_191' title='bbox 502 2787 680 2852; x_wconf 91' lang='lat' dir='ltr'><strong>enim,</strong></span> <span class='ocrx_word' id='word_1_192' title='bbox 708 2797 764 2843; x_wconf 91' lang='lat' dir='ltr'><strong>et</strong></span> <span class='ocrx_word' id='word_1_193' title='bbox 797 2785 1062 2851; x_wconf 90' lang='lat' dir='ltr'><strong>medium,</strong></span> <span class='ocrx_word' id='word_1_194' title='bbox 1091 2795 1146 2840; x_wconf 91' lang='lat' dir='ltr'><strong>et</strong></span> <span class='ocrx_word' id='word_1_195' title='bbox 1184 2785 1306 2843; x_wconf 88' lang='lat' dir='ltr'><strong>ﬁnis</strong></span> <span class='ocrx_word' id='word_1_196' title='bbox 1339 2802 1528 2843; x_wconf 90' lang='lat' dir='ltr'><strong>eorum</strong></span> <span class='ocrx_word' id='word_1_197' title='bbox 1561 2789 1721 2859; x_wconf 82' lang='lat' dir='ltr'><strong>plane</strong></span> 
     </span>
    </p>
   </div>
   <div class='ocr_carea' id='block_1_28' title="bbox 160 2880 1717 2953">
    <p class='ocr_par' dir='ltr' id='par_1_28' title="bbox 160 2880 1717 2953">
     <span class='ocr_line' id='line_1_28' title="bbox 160 2880 1717 2953; baseline 0.003 -18"><span class='ocrx_word' id='word_1_198' title='bbox 160 2890 289 2947; x_wconf 87' lang='lat' dir='ltr'><strong>sunt,</strong></span> <span class='ocrx_word' id='word_1_199' title='bbox 311 2896 427 2950; x_wconf 67' lang='lat' dir='ltr'><strong>qua:</strong></span> <span class='ocrx_word' id='word_1_200' title='bbox 453 2880 626 2937; x_wconf 87' lang='lat' dir='ltr'><strong>dividi</strong></span> <span class='ocrx_word' id='word_1_201' title='bbox 648 2890 912 2949; x_wconf 87' lang='lat' dir='ltr'><strong>possunt;</strong></span> <span class='ocrx_word' id='word_1_202' title='bbox 943 2880 1124 2937; x_wconf 87' lang='lat' dir='ltr'><strong>unitas</strong></span> <span class='ocrx_word' id='word_1_203' title='bbox 1150 2896 1279 2936; x_wconf 90' lang='lat' dir='ltr'><strong>vero</strong></span> <span class='ocrx_word' id='word_1_204' title='bbox 1302 2881 1579 2939; x_wconf 88' lang='lat' dir='ltr'><strong>individua</strong></span> <span class='ocrx_word' id='word_1_205' title='bbox 1601 2896 1717 2953; x_wconf 85' lang='lat' dir='ltr'><strong>est;</strong></span> 
     </span>
    </p>
   </div>
   <div class='ocr_carea' id='block_1_29' title="bbox 157 2976 1720 3049">
    <p class='ocr_par' dir='ltr' id='par_1_29' title="bbox 157 2976 1720 3049">
     <span class='ocr_line' id='line_1_29' title="bbox 157 2976 1720 3049; baseline 0.002 -18"><span class='ocrx_word' id='word_1_206' title='bbox 157 2976 385 3032; x_wconf 81' lang='lat' dir='ltr'><strong>similiter</strong></span> <span class='ocrx_word' id='word_1_207' title='bbox 412 2977 557 3047; x_wconf 90' lang='lat' dir='ltr'><strong>quod</strong></span> <span class='ocrx_word' id='word_1_208' title='bbox 592 2976 759 3034; x_wconf 86' lang='lat' dir='ltr'><strong>habet</strong></span> <span class='ocrx_word' id='word_1_209' title='bbox 788 2978 1140 3049; x_wconf 87' lang='lat' dir='ltr'><strong>principium,</strong></span> <span class='ocrx_word' id='word_1_210' title='bbox 1166 2987 1220 3035; x_wconf 90' lang='lat' dir='ltr'><strong>et</strong></span> <span class='ocrx_word' id='word_1_211' title='bbox 1255 2980 1517 3048; x_wconf 91' lang='lat' dir='ltr'><strong>medium,</strong></span> <span class='ocrx_word' id='word_1_212' title='bbox 1558 2989 1612 3038; x_wconf 92' lang='lat' dir='ltr'><strong>et</strong></span> <span class='ocrx_word' id='word_1_213' title='bbox 1655 2979 1720 3034; x_wconf 82' lang='lat' dir='ltr'><strong>ﬁ-</strong></span> 
     </span>
    </p>
   </div>
   <div class='ocr_carea' id='block_1_30' title="bbox 122 3054 1717 3145">
    <p class='ocr_par' dir='ltr' id='par_1_30' title="bbox 122 3054 1717 3145">
     <span class='ocr_line' id='line_1_30' title="bbox 122 3054 1717 3145; baseline 0.003 -23"><span class='ocrx_word' id='word_1_214' title='bbox 122 3054 127 3059; x_wconf 58' lang='grc'><em>’</em></span> <span class='ocrx_word' id='word_1_215' title='bbox 156 3084 286 3134; x_wconf 85' lang='lat' dir='ltr'><strong>nent,</strong></span> <span class='ocrx_word' id='word_1_216' title='bbox 308 3077 473 3124; x_wconf 88' lang='lat' dir='ltr'><strong>totum</strong></span> <span class='ocrx_word' id='word_1_217' title='bbox 510 3069 723 3140; x_wconf 83' lang='lat' dir='ltr'><strong>aliquid</strong></span> <span class='ocrx_word' id='word_1_218' title='bbox 750 3078 833 3126; x_wconf 89' lang='lat' dir='ltr'><strong>est</strong></span> <span class='ocrx_word' id='word_1_219' title='bbox 867 3084 932 3125; x_wconf 84' lang='lat' dir='ltr'><strong>ex</strong></span> <span class='ocrx_word' id='word_1_220' title='bbox 961 3071 1045 3126; x_wconf 90' lang='lat' dir='ltr'><strong>his</strong></span> <span class='ocrx_word' id='word_1_221' title='bbox 1070 3082 1547 3141; x_wconf 80' lang='lat' dir='ltr'><strong>coagmentatum;</strong></span> <span class='ocrx_word' id='word_1_222' title='bbox 1575 3074 1717 3145; x_wconf 80' lang='lat' dir='ltr'><strong>quod</strong></span> 
     </span>
    </p>
   </div>
   <div class='ocr_carea' id='block_1_31' title="bbox 155 3162 1716 3232">
    <p class='ocr_par' dir='ltr' id='par_1_31' title="bbox 155 3162 1716 3232">
     <span class='ocr_line' id='line_1_31' title="bbox 155 3162 1716 3232; baseline 0.003 -18"><span class='ocrx_word' id='word_1_223' title='bbox 155 3170 317 3217; x_wconf 83' lang='lat' dir='ltr'><strong>autem</strong></span> <span class='ocrx_word' id='word_1_224' title='bbox 345 3162 425 3217; x_wconf 88' lang='lat' dir='ltr'><strong>sic</strong></span> <span class='ocrx_word' id='word_1_225' title='bbox 451 3172 536 3218; x_wconf 90' lang='lat' dir='ltr'><strong>est</strong></span> <span class='ocrx_word' id='word_1_226' title='bbox 569 3171 773 3230; x_wconf 90' lang='lat' dir='ltr'><strong>totum,</strong></span> <span class='ocrx_word' id='word_1_227' title='bbox 800 3178 867 3219; x_wconf 80' lang='lat' dir='ltr'><strong>ex</strong></span> <span class='ocrx_word' id='word_1_228' title='bbox 900 3163 1148 3232; x_wconf 88' lang='lat' dir='ltr'><strong>partibus</strong></span> <span class='ocrx_word' id='word_1_229' title='bbox 1182 3164 1346 3219; x_wconf 90' lang='lat' dir='ltr'><strong>etiam</strong></span> <span class='ocrx_word' id='word_1_230' title='bbox 1392 3175 1475 3220; x_wconf 86' lang='lat' dir='ltr'><strong>est</strong></span> <span class='ocrx_word' id='word_1_231' title='bbox 1511 3174 1716 3232; x_wconf 89' lang='lat' dir='ltr'><strong>totum;</strong></span> 
     </span>
    </p>
   </div>
   <div class='ocr_carea' id='block_1_32' title="bbox 1831 663 3411 740">
    <p class='ocr_par' dir='ltr' id='par_1_32' title="bbox 1831 663 3411 740">
     <span class='ocr_line' id='line_1_32' title="bbox 1831 663 3411 740; baseline 0.011 -28"><span class='ocrx_word' id='word_1_232' title='bbox 1831 675 1976 714; x_wconf 90' lang='lat' dir='ltr'><strong>mum</strong></span> <span class='ocrx_word' id='word_1_233' title='bbox 2006 663 2292 731; x_wconf 59' lang='lat' dir='ltr'><strong>aequaliter</strong></span> <span class='ocrx_word' id='word_1_234' title='bbox 2327 667 2578 735; x_wconf 89' lang='lat' dir='ltr'><strong>procedit</strong></span> <span class='ocrx_word' id='word_1_235' title='bbox 2612 670 2773 735; x_wconf 88' lang='lat' dir='ltr'><strong>linea,</strong></span> <span class='ocrx_word' id='word_1_236' title='bbox 2802 673 2947 740; x_wconf 90' lang='lat' dir='ltr'><strong>quod</strong></span> <span class='ocrx_word' id='word_1_237' title='bbox 2981 673 3196 739; x_wconf 78' lang='lat' dir='ltr'><strong>quidem</strong></span> <span class='ocrx_word' id='word_1_238' title='bbox 3234 675 3288 728; x_wconf 89' lang='lat' dir='ltr'><strong>in</strong></span> <span class='ocrx_word' id='word_1_239' title='bbox 3328 692 3411 730; x_wconf 85' lang='lat' dir='ltr'><strong>re-</strong></span> 
     </span>
    </p>
   </div>
   <div class='ocr_carea' id='block_1_33' title="bbox 1831 752 3412 829">
    <p class='ocr_par' dir='ltr' id='par_1_33' title="bbox 1831 752 3412 829">
     <span class='ocr_line' id='line_1_33' title="bbox 1831 752 3412 829; baseline 0.011 -25"><span class='ocrx_word' id='word_1_240' title='bbox 1831 752 1933 807; x_wconf 89' lang='lat' dir='ltr'><strong>ctis</strong></span> <span class='ocrx_word' id='word_1_241' title='bbox 1979 755 2284 826; x_wconf 84' lang='lat' dir='ltr'><strong>reperitur;</strong></span> <span class='ocrx_word' id='word_1_242' title='bbox 2328 757 2374 812; x_wconf 89' lang='lat' dir='ltr'><strong>si</strong></span> <span class='ocrx_word' id='word_1_243' title='bbox 2408 765 2589 813; x_wconf 89' lang='lat' dir='ltr'><strong>autem</strong></span> <span class='ocrx_word' id='word_1_244' title='bbox 2624 773 2723 815; x_wconf 93' lang='lat' dir='ltr'><strong>nec</strong></span> <span class='ocrx_word' id='word_1_245' title='bbox 2771 762 2892 827; x_wconf 92' lang='lat' dir='ltr'><strong>hoc,</strong></span> <span class='ocrx_word' id='word_1_246' title='bbox 2938 777 3037 817; x_wconf 87' lang='lat' dir='ltr'><strong>nec</strong></span> <span class='ocrx_word' id='word_1_247' title='bbox 3083 765 3234 829; x_wconf 90' lang='lat' dir='ltr'><strong>illud,</strong></span> <span class='ocrx_word' id='word_1_248' title='bbox 3264 776 3412 822; x_wconf 85' lang='lat' dir='ltr'><strong>caret</strong></span> 
     </span>
    </p>
   </div>
   <div class='ocr_carea' id='block_1_34' title="bbox 1830 844 3411 925">
    <p class='ocr_par' dir='ltr' id='par_1_34' title="bbox 1830 844 3411 925">
     <span class='ocr_line' id='line_1_34' title="bbox 1830 844 3411 925; baseline 0.011 -29"><span class='ocrx_word' id='word_1_249' title='bbox 1830 844 1998 912; x_wconf 78' lang='lat' dir='ltr'><strong>igitur</strong></span> <span class='ocrx_word' id='word_1_250' title='bbox 2030 846 2200 917; x_wconf 87' lang='lat' dir='ltr'><strong>ﬁgura</strong></span> <span class='ocrx_word' id='word_1_251' title='bbox 2254 849 2436 905; x_wconf 86' lang='lat' dir='ltr'><strong>unitas</strong></span> <span class='ocrx_word' id='word_1_252' title='bbox 2487 850 2701 907; x_wconf 88' lang='lat' dir='ltr'><strong>divina.</strong></span> <span class='ocrx_word' id='word_1_253' title='bbox 2757 851 2855 909; x_wconf 85' lang='lat' dir='ltr'><strong>Est</strong></span> <span class='ocrx_word' id='word_1_254' title='bbox 2912 864 3169 923; x_wconf 87' lang='lat' dir='ltr'><strong>praeterea</strong></span> <span class='ocrx_word' id='word_1_255' title='bbox 3212 874 3411 925; x_wconf 83' lang='lat' dir='ltr'><strong>expers</strong></span> 
     </span>
    </p>
   </div>
   <div class='ocr_carea' id='block_1_35' title="bbox 1829 931 3406 1020">
    <p class='ocr_par' dir='ltr' id='par_1_35' title="bbox 1829 931 3406 1020">
     <span class='ocr_line' id='line_1_35' title="bbox 1829 931 3406 1020; baseline 0.01 -28"><span class='ocrx_word' id='word_1_256' title='bbox 1829 931 2227 1011; x_wconf 83' lang='lat' dir='ltr'><strong>speciei,qnia</strong></span> <span class='ocrx_word' id='word_1_257' title='bbox 2278 946 2489 1012; x_wconf 85' lang='lat' dir='ltr'><strong>species</strong></span> <span class='ocrx_word' id='word_1_258' title='bbox 2560 946 2914 1003; x_wconf 83' lang='lat' dir='ltr'><strong>continentur</strong></span> <span class='ocrx_word' id='word_1_259' title='bbox 2960 950 3014 1005; x_wconf 93' lang='lat' dir='ltr'><strong>in</strong></span> <span class='ocrx_word' id='word_1_260' title='bbox 3072 950 3406 1020; x_wconf 83' lang='lat' dir='ltr'><strong>generibus:</strong></span> 
     </span>
    </p>
   </div>
   <div class='ocr_carea' id='block_1_36' title="bbox 1830 1032 3407 1108">
    <p class='ocr_par' dir='ltr' id='par_1_36' title="bbox 1830 1032 3407 1108">
     <span class='ocr_line' id='line_1_36' title="bbox 1830 1032 3407 1108; baseline 0.01 -23"><span class='ocrx_word' id='word_1_261' title='bbox 1830 1032 2010 1090; x_wconf 89' lang='lat' dir='ltr'><strong>unitas</strong></span> <span class='ocrx_word' id='word_1_262' title='bbox 2057 1049 2188 1090; x_wconf 90' lang='lat' dir='ltr'><strong>vero</strong></span> <span class='ocrx_word' id='word_1_263' title='bbox 2218 1036 2398 1092; x_wconf 89' lang='lat' dir='ltr'><strong>divina</strong></span> <span class='ocrx_word' id='word_1_264' title='bbox 2436 1053 2536 1094; x_wconf 91' lang='lat' dir='ltr'><strong>nec</strong></span> <span class='ocrx_word' id='word_1_265' title='bbox 2564 1050 2651 1096; x_wconf 87' lang='lat' dir='ltr'><strong>est</strong></span> <span class='ocrx_word' id='word_1_266' title='bbox 2698 1041 2754 1096; x_wconf 89' lang='lat' dir='ltr'><strong>in</strong></span> <span class='ocrx_word' id='word_1_267' title='bbox 2784 1042 2911 1108; x_wconf 89' lang='lat' dir='ltr'><strong>alio,</strong></span> <span class='ocrx_word' id='word_1_268' title='bbox 2960 1058 3061 1097; x_wconf 89' lang='lat' dir='ltr'><strong>nec</strong></span> <span class='ocrx_word' id='word_1_269' title='bbox 3104 1045 3156 1098; x_wconf 92' lang='lat' dir='ltr'><strong>in</strong></span> <span class='ocrx_word' id='word_1_270' title='bbox 3207 1060 3312 1101; x_wconf 90' lang='lat' dir='ltr'><strong>se:</strong></span> <span class='ocrx_word' id='word_1_271' title='bbox 3354 1046 3407 1101; x_wconf 91' lang='lat' dir='ltr'><strong>in</strong></span> 
     </span>
    </p>
   </div>
   <div class='ocr_carea' id='block_1_37' title="bbox 1830 1123 3410 1204">
    <p class='ocr_par' dir='ltr' id='par_1_37' title="bbox 1830 1123 3410 1204">
     <span class='ocr_line' id='line_1_37' title="bbox 1830 1123 3410 1204; baseline 0.009 -26"><span class='ocrx_word' id='word_1_272' title='bbox 1830 1123 1935 1179; x_wconf 90' lang='lat' dir='ltr'><strong>alio</strong></span> <span class='ocrx_word' id='word_1_273' title='bbox 1967 1126 2184 1195; x_wconf 91' lang='lat' dir='ltr'><strong>quidem</strong></span> <span class='ocrx_word' id='word_1_274' title='bbox 2221 1127 2268 1183; x_wconf 91' lang='lat' dir='ltr'><strong>si</strong></span> <span class='ocrx_word' id='word_1_275' title='bbox 2309 1138 2475 1197; x_wconf 86' lang='lat' dir='ltr'><strong>esset,</strong></span> <span class='ocrx_word' id='word_1_276' title='bbox 2512 1131 2753 1186; x_wconf 89' lang='lat' dir='ltr'><strong>eveniret</strong></span> <span class='ocrx_word' id='word_1_277' title='bbox 2802 1134 2853 1187; x_wconf 93' lang='lat' dir='ltr'><strong>ei</strong></span> <span class='ocrx_word' id='word_1_278' title='bbox 2896 1134 3123 1204; x_wconf 89' lang='lat' dir='ltr'><strong>perinde</strong></span> <span class='ocrx_word' id='word_1_279' title='bbox 3159 1152 3223 1191; x_wconf 89' lang='lat' dir='ltr'><strong>ac</strong></span> <span class='ocrx_word' id='word_1_280' title='bbox 3260 1138 3308 1193; x_wconf 90' lang='lat' dir='ltr'><strong>si</strong></span> <span class='ocrx_word' id='word_1_281' title='bbox 3355 1137 3410 1192; x_wconf 90' lang='lat' dir='ltr'><strong>in</strong></span> 
     </span>
    </p>
   </div>
   <div class='ocr_carea' id='block_1_38' title="bbox 1832 1220 3414 1297">
    <p class='ocr_par' dir='ltr' id='par_1_38' title="bbox 1832 1220 3414 1297">
     <span class='ocr_line' id='line_1_38' title="bbox 1832 1220 3414 1297; baseline 0.007 -24"><span class='ocrx_word' id='word_1_282' title='bbox 1832 1220 2009 1277; x_wconf 81' lang='lat' dir='ltr'><strong>medio</strong></span> <span class='ocrx_word' id='word_1_283' title='bbox 2051 1231 2195 1276; x_wconf 84' lang='lat' dir='ltr'><strong>esset</strong></span> <span class='ocrx_word' id='word_1_284' title='bbox 2237 1226 2653 1293; x_wconf 80' lang='lat' dir='ltr'><strong>comprehensa,</strong></span> <span class='ocrx_word' id='word_1_285' title='bbox 2696 1228 2841 1297; x_wconf 89' lang='lat' dir='ltr'><strong>quod</strong></span> <span class='ocrx_word' id='word_1_286' title='bbox 2897 1228 2950 1281; x_wconf 89' lang='lat' dir='ltr'><strong>in</strong></span> <span class='ocrx_word' id='word_1_287' title='bbox 2998 1230 3184 1284; x_wconf 90' lang='lat' dir='ltr'><strong>circuli</strong></span> <span class='ocrx_word' id='word_1_288' title='bbox 3226 1240 3414 1286; x_wconf 85' lang='lat' dir='ltr'><strong>centro</strong></span> 
     </span>
    </p>
   </div>
   <div class='ocr_carea' id='block_1_39' title="bbox 1830 1314 3412 1384">
    <p class='ocr_par' dir='ltr' id='par_1_39' title="bbox 1830 1314 3412 1384">
     <span class='ocr_line' id='line_1_39' title="bbox 1830 1314 3412 1384; baseline 0.004 -17"><span class='ocrx_word' id='word_1_289' title='bbox 1830 1314 2116 1384; x_wconf 85' lang='lat' dir='ltr'><strong>contingit.</strong></span> <span class='ocrx_word' id='word_1_290' title='bbox 2152 1315 2593 1371; x_wconf 86' lang='lat' dir='ltr'><strong>Demonstratum</strong></span> <span class='ocrx_word' id='word_1_291' title='bbox 2639 1332 2769 1372; x_wconf 89' lang='lat' dir='ltr'><strong>vero</strong></span> <span class='ocrx_word' id='word_1_292' title='bbox 2806 1329 2891 1373; x_wconf 90' lang='lat' dir='ltr'><strong>est</strong></span> <span class='ocrx_word' id='word_1_293' title='bbox 2924 1334 3029 1375; x_wconf 92' lang='lat' dir='ltr'><strong>non</strong></span> <span class='ocrx_word' id='word_1_294' title='bbox 3063 1321 3266 1377; x_wconf 87' lang='lat' dir='ltr'><strong>habere</strong></span> <span class='ocrx_word' id='word_1_295' title='bbox 3292 1336 3412 1375; x_wconf 88' lang='lat' dir='ltr'><strong>eam</strong></span> 
     </span>
    </p>
   </div>
   <div class='ocr_carea' id='block_1_40' title="bbox 1830 1409 3415 1487">
    <p class='ocr_par' dir='ltr' id='par_1_40' title="bbox 1830 1409 3415 1487">
     <span class='ocr_line' id='line_1_40' title="bbox 1830 1409 3415 1487; baseline 0.006 -30"><span class='ocrx_word' id='word_1_296' title='bbox 1830 1414 2035 1487; x_wconf 81' lang='lat' dir='ltr'><strong>partes,</strong></span> <span class='ocrx_word' id='word_1_297' title='bbox 2073 1422 2249 1477; x_wconf 91' lang='lat' dir='ltr'><strong>neque</strong></span> <span class='ocrx_word' id='word_1_298' title='bbox 2281 1410 2530 1477; x_wconf 89' lang='lat' dir='ltr'><strong>ﬁguram.</strong></span> <span class='ocrx_word' id='word_1_299' title='bbox 2566 1409 2680 1464; x_wconf 83' lang='lat' dir='ltr'><strong>Non</strong></span> <span class='ocrx_word' id='word_1_300' title='bbox 2715 1420 2800 1466; x_wconf 89' lang='lat' dir='ltr'><strong>est</strong></span> <span class='ocrx_word' id='word_1_301' title='bbox 2847 1412 3013 1482; x_wconf 86' lang='lat' dir='ltr'><strong>igitur</strong></span> <span class='ocrx_word' id='word_1_302' title='bbox 3057 1413 3110 1468; x_wconf 92' lang='lat' dir='ltr'><strong>in</strong></span> <span class='ocrx_word' id='word_1_303' title='bbox 3146 1413 3273 1481; x_wconf 87' lang='lat' dir='ltr'><strong>alio,</strong></span> <span class='ocrx_word' id='word_1_304' title='bbox 3307 1414 3415 1468; x_wconf 88' lang='lat' dir='ltr'><strong>imo</strong></span> 
     </span>
    </p>
   </div>
   <div class='ocr_carea' id='block_1_41' title="bbox 1832 1499 3417 1573">
    <p class='ocr_par' dir='ltr' id='par_1_41' title="bbox 1832 1499 3417 1573">
     <span class='ocr_line' id='line_1_41' title="bbox 1832 1499 3417 1573; baseline 0.006 -22"><span class='ocrx_word' id='word_1_305' title='bbox 1832 1514 1933 1553; x_wconf 93' lang='lat' dir='ltr'><strong>nec</strong></span> <span class='ocrx_word' id='word_1_306' title='bbox 1956 1499 2008 1554; x_wconf 93' lang='lat' dir='ltr'><strong>in</strong></span> <span class='ocrx_word' id='word_1_307' title='bbox 2041 1514 2121 1564; x_wconf 89' lang='lat' dir='ltr'><strong>se,</strong></span> <span class='ocrx_word' id='word_1_308' title='bbox 2146 1500 2350 1572; x_wconf 88' lang='lat' dir='ltr'><strong>alioqui</strong></span> <span class='ocrx_word' id='word_1_309' title='bbox 2380 1500 2519 1557; x_wconf 90' lang='lat' dir='ltr'><strong>idem</strong></span> <span class='ocrx_word' id='word_1_310' title='bbox 2546 1502 2711 1556; x_wconf 90' lang='lat' dir='ltr'><strong>etiam</strong></span> <span class='ocrx_word' id='word_1_311' title='bbox 2742 1505 2886 1573; x_wconf 91' lang='lat' dir='ltr'><strong>quod</strong></span> <span class='ocrx_word' id='word_1_312' title='bbox 2920 1504 3148 1570; x_wconf 90' lang='lat' dir='ltr'><strong>circulo,</strong></span> <span class='ocrx_word' id='word_1_313' title='bbox 3186 1506 3417 1563; x_wconf 86' lang='lat' dir='ltr'><strong>eiacci-</strong></span> 
     </span>
    </p>
   </div>
   <div class='ocr_carea' id='block_1_42' title="bbox 1830 1590 3412 1662">
    <p class='ocr_par' dir='ltr' id='par_1_42' title="bbox 1830 1590 3412 1662">
     <span class='ocr_line' id='line_1_42' title="bbox 1830 1590 3412 1662; baseline 0.004 -16"><span class='ocrx_word' id='word_1_314' title='bbox 1830 1590 2006 1658; x_wconf 88' lang='lat' dir='ltr'><strong>deret,</strong></span> <span class='ocrx_word' id='word_1_315' title='bbox 2046 1591 2094 1647; x_wconf 84' lang='lat' dir='ltr'><strong>si</strong></span> <span class='ocrx_word' id='word_1_316' title='bbox 2147 1592 2262 1662; x_wconf 92' lang='lat' dir='ltr'><strong>ipsa</strong></span> <span class='ocrx_word' id='word_1_317' title='bbox 2312 1607 2371 1648; x_wconf 90' lang='lat' dir='ltr'><strong>se</strong></span> <span class='ocrx_word' id='word_1_318' title='bbox 2423 1592 2902 1661; x_wconf 87' lang='lat' dir='ltr'><strong>complecteretur,</strong></span> <span class='ocrx_word' id='word_1_319' title='bbox 2958 1605 3015 1651; x_wconf 92' lang='lat' dir='ltr'><strong>et</strong></span> <span class='ocrx_word' id='word_1_320' title='bbox 3063 1598 3412 1652; x_wconf 87' lang='lat' dir='ltr'><strong>contineret:</strong></span> 
     </span>
    </p>
   </div>
   <div class='ocr_carea' id='block_1_43' title="bbox 1830 1683 3416 1758">
    <p class='ocr_par' dir='ltr' id='par_1_43' title="bbox 1830 1683 3416 1758">
     <span class='ocr_line' id='line_1_43' title="bbox 1830 1683 3416 1758; baseline 0.005 -21"><span class='ocrx_word' id='word_1_321' title='bbox 1830 1698 1939 1737; x_wconf 90' lang='lat' dir='ltr'><strong>non</strong></span> <span class='ocrx_word' id='word_1_322' title='bbox 1968 1683 2112 1738; x_wconf 90' lang='lat' dir='ltr'><strong>enim</strong></span> <span class='ocrx_word' id='word_1_323' title='bbox 2149 1693 2328 1754; x_wconf 87' lang='lat' dir='ltr'><strong>potest</strong></span> <span class='ocrx_word' id='word_1_324' title='bbox 2353 1699 2479 1740; x_wconf 86' lang='lat' dir='ltr'><strong>esse</strong></span> <span class='ocrx_word' id='word_1_325' title='bbox 2508 1685 2705 1754; x_wconf 91' lang='lat' dir='ltr'><strong>aliquid</strong></span> <span class='ocrx_word' id='word_1_326' title='bbox 2744 1685 2796 1741; x_wconf 92' lang='lat' dir='ltr'><strong>in</strong></span> <span class='ocrx_word' id='word_1_327' title='bbox 2839 1701 2901 1742; x_wconf 87' lang='lat' dir='ltr'><strong>se</strong></span> <span class='ocrx_word' id='word_1_328' title='bbox 2931 1689 3073 1755; x_wconf 87' lang='lat' dir='ltr'><strong>ipso,</strong></span> <span class='ocrx_word' id='word_1_329' title='bbox 3104 1690 3241 1758; x_wconf 87' lang='lat' dir='ltr'><strong>quin</strong></span> <span class='ocrx_word' id='word_1_330' title='bbox 3280 1706 3309 1744; x_wconf 92' lang='lat' dir='ltr'><strong>a</strong></span> <span class='ocrx_word' id='word_1_331' title='bbox 3355 1706 3416 1745; x_wconf 84' lang='lat' dir='ltr'><strong>se</strong></span> 
     </span>
    </p>
   </div>
   <div class='ocr_carea' id='block_1_44' title="bbox 1832 1775 3417 1854">
    <p class='ocr_par' dir='ltr' id='par_1_44' title="bbox 1832 1775 3417 1854">
     <span class='ocr_line' id='line_1_44' title="bbox 1832 1775 3417 1854; baseline 0.004 -25"><span class='ocrx_word' id='word_1_332' title='bbox 1832 1775 1948 1846; x_wconf 89' lang='lat' dir='ltr'><strong>ipso</strong></span> <span class='ocrx_word' id='word_1_333' title='bbox 1979 1776 2342 1832; x_wconf 86' lang='lat' dir='ltr'><strong>contineatur.</strong></span> <span class='ocrx_word' id='word_1_334' title='bbox 2380 1778 2493 1833; x_wconf 82' lang='lat' dir='ltr'><strong>Etsi</strong></span> <span class='ocrx_word' id='word_1_335' title='bbox 2522 1778 2667 1833; x_wconf 91' lang='lat' dir='ltr'><strong>enim</strong></span> <span class='ocrx_word' id='word_1_336' title='bbox 2712 1780 2853 1834; x_wconf 86' lang='lat' dir='ltr'><strong>Deus</strong></span> <span class='ocrx_word' id='word_1_337' title='bbox 2889 1795 2952 1834; x_wconf 84' lang='lat' dir='ltr'><strong>ex</strong></span> <span class='ocrx_word' id='word_1_338' title='bbox 2985 1795 3069 1845; x_wconf 76' lang='lat' dir='ltr'><strong>se,</strong></span> <span class='ocrx_word' id='word_1_339' title='bbox 3103 1791 3157 1837; x_wconf 90' lang='lat' dir='ltr'><strong>et</strong></span> <span class='ocrx_word' id='word_1_340' title='bbox 3192 1783 3311 1852; x_wconf 86' lang='lat' dir='ltr'><strong>ipso</strong></span> <span class='ocrx_word' id='word_1_341' title='bbox 3340 1784 3417 1854; x_wconf 84' lang='lat' dir='ltr'><strong>ip-</strong></span> 
     </span>
    </p>
   </div>
   <div class='ocr_carea' id='block_1_45' title="bbox 1832 1870 3419 1940">
    <p class='ocr_par' dir='ltr' id='par_1_45' title="bbox 1832 1870 3419 1940">
     <span class='ocr_line' id='line_1_45' title="bbox 1832 1870 3419 1940; baseline 0.005 -15"><span class='ocrx_word' id='word_1_342' title='bbox 1832 1885 1949 1925; x_wconf 83' lang='lat' dir='ltr'><strong>sum</strong></span> <span class='ocrx_word' id='word_1_343' title='bbox 1984 1870 2252 1936; x_wconf 90' lang='lat' dir='ltr'><strong>continet,</strong></span> <span class='ocrx_word' id='word_1_344' title='bbox 2289 1881 2468 1928; x_wconf 88' lang='lat' dir='ltr'><strong>tamen</strong></span> <span class='ocrx_word' id='word_1_345' title='bbox 2511 1871 2628 1928; x_wconf 82' lang='lat' dir='ltr'><strong>ﬁeri</strong></span> <span class='ocrx_word' id='word_1_346' title='bbox 2657 1888 2767 1929; x_wconf 86' lang='lat' dir='ltr'><strong>non</strong></span> <span class='ocrx_word' id='word_1_347' title='bbox 2798 1882 2996 1940; x_wconf 80' lang='lat' dir='ltr'><strong>potest,</strong></span> <span class='ocrx_word' id='word_1_348' title='bbox 3027 1886 3081 1928; x_wconf 94' lang='lat' dir='ltr'><strong>ut</strong></span> <span class='ocrx_word' id='word_1_349' title='bbox 3117 1876 3260 1931; x_wconf 91' lang='lat' dir='ltr'><strong>idem</strong></span> <span class='ocrx_word' id='word_1_350' title='bbox 3286 1892 3419 1934; x_wconf 82' lang='lat' dir='ltr'><strong>con-</strong></span> 
     </span>
    </p>
   </div>
   <div class='ocr_carea' id='block_1_46' title="bbox 1831 1965 3419 2035">
    <p class='ocr_par' dir='ltr' id='par_1_46' title="bbox 1831 1965 3419 2035">
     <span class='ocr_line' id='line_1_46' title="bbox 1831 1965 3419 2035; baseline 0.006 -19"><span class='ocrx_word' id='word_1_351' title='bbox 1831 1965 2022 2028; x_wconf 85' lang='lat' dir='ltr'><strong>tineat,</strong></span> <span class='ocrx_word' id='word_1_352' title='bbox 2061 1974 2115 2019; x_wconf 90' lang='lat' dir='ltr'><strong>et</strong></span> <span class='ocrx_word' id='word_1_353' title='bbox 2141 1980 2172 2021; x_wconf 90' lang='lat' dir='ltr'><strong>a</strong></span> <span class='ocrx_word' id='word_1_354' title='bbox 2204 1980 2261 2021; x_wconf 89' lang='lat' dir='ltr'><strong>se</strong></span> <span class='ocrx_word' id='word_1_355' title='bbox 2295 1966 2678 2035; x_wconf 87' lang='lat' dir='ltr'><strong>contineatur;</strong></span> <span class='ocrx_word' id='word_1_356' title='bbox 2715 1968 2758 2022; x_wconf 84' lang='lat' dir='ltr'><strong>si</strong></span> <span class='ocrx_word' id='word_1_357' title='bbox 2792 1977 2973 2024; x_wconf 90' lang='lat' dir='ltr'><strong>autem</strong></span> <span class='ocrx_word' id='word_1_358' title='bbox 3001 1968 3070 2025; x_wconf 89' lang='lat' dir='ltr'><strong>ab</strong></span> <span class='ocrx_word' id='word_1_359' title='bbox 3103 1969 3211 2025; x_wconf 90' lang='lat' dir='ltr'><strong>alio</strong></span> <span class='ocrx_word' id='word_1_360' title='bbox 3240 1971 3419 2025; x_wconf 64' lang='lat' dir='ltr'><strong>contio</strong></span> 
     </span>
    </p>
   </div>
   <div class='ocr_carea' id='block_1_47' title="bbox 1828 2060 3414 2132">
    <p class='ocr_par' dir='ltr' id='par_1_47' title="bbox 1828 2060 3414 2132">
     <span class='ocr_line' id='line_1_47' title="bbox 1828 2060 3414 2132; baseline 0.003 -19"><span class='ocrx_word' id='word_1_361' title='bbox 1828 2068 2011 2124; x_wconf 86' lang='lat' dir='ltr'><strong>netur,</strong></span> <span class='ocrx_word' id='word_1_362' title='bbox 2038 2060 2140 2115; x_wconf 91' lang='lat' dir='ltr'><strong>hoc</strong></span> <span class='ocrx_word' id='word_1_363' title='bbox 2161 2069 2247 2115; x_wconf 90' lang='lat' dir='ltr'><strong>est</strong></span> <span class='ocrx_word' id='word_1_364' title='bbox 2274 2060 2418 2130; x_wconf 83' lang='lat' dir='ltr'><strong>quod</strong></span> <span class='ocrx_word' id='word_1_365' title='bbox 2446 2061 2764 2117; x_wconf 89' lang='lat' dir='ltr'><strong>dicebamus</strong></span> <span class='ocrx_word' id='word_1_366' title='bbox 2789 2062 2855 2117; x_wconf 87' lang='lat' dir='ltr'><strong>ad</strong></span> <span class='ocrx_word' id='word_1_367' title='bbox 2885 2061 3088 2132; x_wconf 81' lang='lat' dir='ltr'><strong>ﬁguras</strong></span> <span class='ocrx_word' id='word_1_368' title='bbox 3118 2061 3414 2132; x_wconf 88' lang='lat' dir='ltr'><strong>pertinere.</strong></span> 
     </span>
    </p>
   </div>
   <div class='ocr_carea' id='block_1_48' title="bbox 1825 2151 3414 2223">
    <p class='ocr_par' dir='ltr' id='par_1_48' title="bbox 1825 2151 3414 2223">
     <span class='ocr_line' id='line_1_48' title="bbox 1825 2151 3414 2223; baseline 0.001 -16"><span class='ocrx_word' id='word_1_369' title='bbox 1825 2151 1987 2207; x_wconf 76' lang='lat' dir='ltr'><strong>Caret</strong></span> <span class='ocrx_word' id='word_1_370' title='bbox 2022 2152 2185 2207; x_wconf 87' lang='lat' dir='ltr'><strong>etiam</strong></span> <span class='ocrx_word' id='word_1_371' title='bbox 2235 2153 2444 2218; x_wconf 88' lang='lat' dir='ltr'><strong>colore,</strong></span> <span class='ocrx_word' id='word_1_372' title='bbox 2477 2153 2606 2223; x_wconf 85' lang='lat' dir='ltr'><strong>quia</strong></span> <span class='ocrx_word' id='word_1_373' title='bbox 2649 2165 2733 2208; x_wconf 87' lang='lat' dir='ltr'><strong>est</strong></span> <span class='ocrx_word' id='word_1_374' title='bbox 2788 2154 3100 2210; x_wconf 84' lang='lat' dir='ltr'><strong>substantia</strong></span> <span class='ocrx_word' id='word_1_375' title='bbox 3150 2170 3273 2223; x_wconf 71' lang='lat' dir='ltr'><strong>quae</strong></span> <span class='ocrx_word' id='word_1_376' title='bbox 3305 2170 3414 2209; x_wconf 86' lang='lat' dir='ltr'><strong>non</strong></span> 
     </span>
    </p>
   </div>
   <div class='ocr_carea' id='block_1_49' title="bbox 1825 2243 3415 2316">
    <p class='ocr_par' dir='ltr' id='par_1_49' title="bbox 1825 2243 3415 2316">
     <span class='ocr_line' id='line_1_49' title="bbox 1825 2243 3415 2316; baseline 0.001 -17"><span class='ocrx_word' id='word_1_377' title='bbox 1825 2253 1909 2299; x_wconf 86' lang='lat' dir='ltr'><strong>est</strong></span> <span class='ocrx_word' id='word_1_378' title='bbox 1943 2245 1994 2299; x_wconf 89' lang='lat' dir='ltr'><strong>in</strong></span> <span class='ocrx_word' id='word_1_379' title='bbox 2036 2244 2302 2313; x_wconf 85' lang='lat' dir='ltr'><strong>subjecto.</strong></span> <span class='ocrx_word' id='word_1_380' title='bbox 2344 2243 2629 2312; x_wconf 86' lang='lat' dir='ltr'><strong>Quomodo</strong></span> <span class='ocrx_word' id='word_1_381' title='bbox 2657 2243 2884 2313; x_wconf 84' lang='lat' dir='ltr'><strong>recipiet</strong></span> <span class='ocrx_word' id='word_1_382' title='bbox 2910 2244 3121 2301; x_wconf 90' lang='lat' dir='ltr'><strong>colores</strong></span> <span class='ocrx_word' id='word_1_383' title='bbox 3155 2261 3276 2316; x_wconf 72' lang='lat' dir='ltr'><strong>qute</strong></span> <span class='ocrx_word' id='word_1_384' title='bbox 3306 2260 3415 2301; x_wconf 91' lang='lat' dir='ltr'><strong>non</strong></span> 
     </span>
    </p>
   </div>
   <div class='ocr_carea' id='block_1_50' title="bbox 1826 2336 3419 2406">
    <p class='ocr_par' dir='ltr' id='par_1_50' title="bbox 1826 2336 3419 2406">
     <span class='ocr_line' id='line_1_50' title="bbox 1826 2336 3419 2406; baseline 0 -17"><span class='ocrx_word' id='word_1_385' title='bbox 1826 2345 2006 2406; x_wconf 86' lang='lat' dir='ltr'><strong>potest</strong></span> <span class='ocrx_word' id='word_1_386' title='bbox 2041 2336 2238 2401; x_wconf 86' lang='lat' dir='ltr'><strong>cadere</strong></span> <span class='ocrx_word' id='word_1_387' title='bbox 2269 2337 2372 2391; x_wconf 85' lang='lat' dir='ltr'><strong>sub</strong></span> <span class='ocrx_word' id='word_1_388' title='bbox 2407 2346 2715 2406; x_wconf 87' lang='lat' dir='ltr'><strong>aspectum,</strong></span> <span class='ocrx_word' id='word_1_389' title='bbox 2747 2338 2835 2406; x_wconf 90' lang='lat' dir='ltr'><strong>qui</strong></span> <span class='ocrx_word' id='word_1_390' title='bbox 2867 2338 3080 2394; x_wconf 87' lang='lat' dir='ltr'><strong>colores</strong></span> <span class='ocrx_word' id='word_1_391' title='bbox 3113 2336 3419 2392; x_wconf 84' lang='lat' dir='ltr'><strong>discernit?</strong></span> 
     </span>
    </p>
   </div>
   <div class='ocr_carea' id='block_1_51' title="bbox 1828 2429 3419 2501">
    <p class='ocr_par' dir='ltr' id='par_1_51' title="bbox 1828 2429 3419 2501">
     <span class='ocr_line' id='line_1_51' title="bbox 1828 2429 3419 2501; baseline -0.002 -15"><span class='ocrx_word' id='word_1_392' title='bbox 1828 2430 1984 2486; x_wconf 82' lang='lat' dir='ltr'><strong>Sicut</strong></span> <span class='ocrx_word' id='word_1_393' title='bbox 2022 2445 2151 2501; x_wconf 86' lang='lat' dir='ltr'><strong>ergo</strong></span> <span class='ocrx_word' id='word_1_394' title='bbox 2207 2444 2314 2484; x_wconf 92' lang='lat' dir='ltr'><strong>non</strong></span> <span class='ocrx_word' id='word_1_395' title='bbox 2368 2437 2451 2483; x_wconf 89' lang='lat' dir='ltr'><strong>est</strong></span> <span class='ocrx_word' id='word_1_396' title='bbox 2502 2429 2617 2484; x_wconf 65' lang='lat' dir='ltr'><strong>haec</strong></span> <span class='ocrx_word' id='word_1_397' title='bbox 2650 2430 2829 2483; x_wconf 87' lang='lat' dir='ltr'><strong>omnia</strong></span> <span class='ocrx_word' id='word_1_398' title='bbox 2866 2429 3053 2484; x_wconf 89' lang='lat' dir='ltr'><strong>divina</strong></span> <span class='ocrx_word' id='word_1_399' title='bbox 3100 2429 3305 2491; x_wconf 85' lang='lat' dir='ltr'><strong>unitas.</strong></span> <span class='ocrx_word' id='word_1_400' title='bbox 3336 2430 3419 2485; x_wconf 90' lang='lat' dir='ltr'><strong>sic</strong></span> 
     </span>
    </p>
   </div>
   <div class='ocr_carea' id='block_1_52' title="bbox 1826 2521 3417 2596">
    <p class='ocr_par' dir='ltr' id='par_1_52' title="bbox 1826 2521 3417 2596">
     <span class='ocr_line' id='line_1_52' title="bbox 1826 2521 3417 2596; baseline -0.002 -19"><span class='ocrx_word' id='word_1_401' title='bbox 1826 2538 2006 2596; x_wconf 88' lang='lat' dir='ltr'><strong>neque</strong></span> <span class='ocrx_word' id='word_1_402' title='bbox 2049 2523 2211 2578; x_wconf 88' lang='lat' dir='ltr'><strong>habet</strong></span> <span class='ocrx_word' id='word_1_403' title='bbox 2251 2521 2695 2587; x_wconf 78' lang='lat' dir='ltr'><strong>universitatem,</strong></span> <span class='ocrx_word' id='word_1_404' title='bbox 2736 2521 2817 2575; x_wconf 91' lang='lat' dir='ltr'><strong>vel</strong></span> <span class='ocrx_word' id='word_1_405' title='bbox 2847 2522 3165 2577; x_wconf 87' lang='lat' dir='ltr'><strong>universum</strong></span> <span class='ocrx_word' id='word_1_406' title='bbox 3202 2539 3216 2575; x_wconf 90' lang='lat'><strong>:</strong></span> <span class='ocrx_word' id='word_1_407' title='bbox 3273 2522 3417 2591; x_wconf 87' lang='lat' dir='ltr'><strong>quod</strong></span> 
     </span>
    </p>
   </div>
   <div class='ocr_carea' id='block_1_53' title="bbox 1826 2612 3420 2687">
    <p class='ocr_par' dir='ltr' id='par_1_53' title="bbox 1826 2612 3420 2687">
     <span class='ocr_line' id='line_1_53' title="bbox 1826 2612 3420 2687; baseline -0.003 -14"><span class='ocrx_word' id='word_1_408' title='bbox 1826 2625 2009 2687; x_wconf 74' lang='lat' dir='ltr'><strong>partes</strong></span> <span class='ocrx_word' id='word_1_409' title='bbox 2048 2614 2263 2683; x_wconf 87' lang='lat' dir='ltr'><strong>recipit,</strong></span> <span class='ocrx_word' id='word_1_410' title='bbox 2290 2612 2493 2683; x_wconf 86' lang='lat' dir='ltr'><strong>alioqui</strong></span> <span class='ocrx_word' id='word_1_411' title='bbox 2528 2612 2733 2668; x_wconf 90' lang='lat' dir='ltr'><strong>incidet</strong></span> <span class='ocrx_word' id='word_1_412' title='bbox 2764 2614 3036 2671; x_wconf 90' lang='lat' dir='ltr'><strong>utrumvis</strong></span> <span class='ocrx_word' id='word_1_413' title='bbox 3072 2629 3263 2669; x_wconf 88' lang='lat' dir='ltr'><strong>eorum</strong></span> <span class='ocrx_word' id='word_1_414' title='bbox 3299 2629 3420 2681; x_wconf 70' lang='lat' dir='ltr'><strong>qua:</strong></span> 
     </span>
    </p>
   </div>
   <div class='ocr_carea' id='block_1_54' title="bbox 1826 2703 3418 2764">
    <p class='ocr_par' dir='ltr' id='par_1_54' title="bbox 1826 2703 3418 2764">
     <span class='ocr_line' id='line_1_54' title="bbox 1826 2703 3418 2764; baseline -0.003 -1"><span class='ocrx_word' id='word_1_415' title='bbox 1826 2709 2087 2764; x_wconf 78' lang='lat' dir='ltr'><strong>diximus.</strong></span> <span class='ocrx_word' id='word_1_416' title='bbox 2132 2705 2326 2763; x_wconf 87' lang='lat' dir='ltr'><strong>Omnis</strong></span> <span class='ocrx_word' id='word_1_417' title='bbox 2369 2706 2517 2760; x_wconf 90' lang='lat' dir='ltr'><strong>enim</strong></span> <span class='ocrx_word' id='word_1_418' title='bbox 2561 2706 2740 2761; x_wconf 88' lang='lat' dir='ltr'><strong>oratio</strong></span> <span class='ocrx_word' id='word_1_419' title='bbox 2782 2706 2867 2760; x_wconf 91' lang='lat' dir='ltr'><strong>vel</strong></span> <span class='ocrx_word' id='word_1_420' title='bbox 2900 2703 3129 2759; x_wconf 88' lang='lat' dir='ltr'><strong>eﬁ‘ertur</strong></span> <span class='ocrx_word' id='word_1_421' title='bbox 3162 2704 3418 2759; x_wconf 76' lang='lat' dir='ltr'><strong>universe</strong></span> 
     </span>
    </p>
   </div>
   <div class='ocr_carea' id='block_1_55' title="bbox 1825 2798 3419 2872">
    <p class='ocr_par' dir='ltr' id='par_1_55' title="bbox 1825 2798 3419 2872">
     <span class='ocr_line' id='line_1_55' title="bbox 1825 2798 3419 2872; baseline -0.004 -14"><span class='ocrx_word' id='word_1_422' title='bbox 1825 2802 1879 2858; x_wconf 89' lang='lat' dir='ltr'><strong>in</strong></span> <span class='ocrx_word' id='word_1_423' title='bbox 1913 2801 2185 2859; x_wconf 88' lang='lat' dir='ltr'><strong>universis</strong></span> <span class='ocrx_word' id='word_1_424' title='bbox 2216 2800 2315 2872; x_wconf 79' lang='grc' dir='ltr'><strong>(α),</strong></span> <span class='ocrx_word' id='word_1_425' title='bbox 2350 2808 2443 2855; x_wconf 90' lang='lat' dir='ltr'><strong>aut</strong></span> <span class='ocrx_word' id='word_1_426' title='bbox 2475 2799 2531 2854; x_wconf 89' lang='lat' dir='ltr'><strong>in</strong></span> <span class='ocrx_word' id='word_1_427' title='bbox 2570 2798 2843 2854; x_wconf 84' lang='lat' dir='ltr'><strong>universis</strong></span> <span class='ocrx_word' id='word_1_428' title='bbox 2872 2813 2979 2853; x_wconf 91' lang='lat' dir='ltr'><strong>non</strong></span> <span class='ocrx_word' id='word_1_429' title='bbox 3011 2798 3288 2861; x_wconf 85' lang='lat' dir='ltr'><strong>universe,</strong></span> <span class='ocrx_word' id='word_1_430' title='bbox 3324 2798 3419 2852; x_wconf 87' lang='lat' dir='ltr'><strong>sed</strong></span> 
     </span>
    </p>
   </div>
   <div class='ocr_carea' id='block_1_56' title="bbox 1824 2889 3422 2966">
    <p class='ocr_par' dir='ltr' id='par_1_56' title="bbox 1824 2889 3422 2966">
     <span class='ocr_line' id='line_1_56' title="bbox 1824 2889 3422 2966; baseline -0.004 -16"><span class='ocrx_word' id='word_1_431' title='bbox 1824 2894 2255 2966; x_wconf 84' lang='lat' dir='ltr'><strong>particularitcr,</strong></span> <span class='ocrx_word' id='word_1_432' title='bbox 2278 2902 2331 2949; x_wconf 90' lang='lat' dir='ltr'><strong>et</strong></span> <span class='ocrx_word' id='word_1_433' title='bbox 2357 2894 2462 2948; x_wconf 90' lang='lat' dir='ltr'><strong>hoc</strong></span> <span class='ocrx_word' id='word_1_434' title='bbox 2487 2900 2573 2947; x_wconf 86' lang='lat' dir='ltr'><strong>est</strong></span> <span class='ocrx_word' id='word_1_435' title='bbox 2594 2891 2737 2962; x_wconf 88' lang='lat' dir='ltr'><strong>quod</strong></span> <span class='ocrx_word' id='word_1_436' title='bbox 2768 2890 2843 2945; x_wconf 88' lang='lat' dir='ltr'><strong>ait</strong></span> <span class='ocrx_word' id='word_1_437' title='bbox 2866 2890 3192 2962; x_wconf 88' lang='lat' dir='ltr'><strong>Dionysius:</strong></span> <span class='ocrx_word' id='word_1_438' title='bbox 3217 2889 3422 2956; x_wconf 76' lang='lat' dir='ltr'><strong>Quam-</strong></span> 
     </span>
    </p>
   </div>
   <div class='ocr_carea' id='block_1_57' title="bbox 1824 2982 3423 3056">
    <p class='ocr_par' dir='ltr' id='par_1_57' title="bbox 1824 2982 3423 3056">
     <span class='ocr_line' id='line_1_57' title="bbox 1824 2982 3423 3056; baseline -0.003 -15"><span class='ocrx_word' id='word_1_439' title='bbox 1824 2987 2013 3042; x_wconf 89' lang='lat' dir='ltr'><strong>obrem</strong></span> <span class='ocrx_word' id='word_1_440' title='bbox 2040 2986 2279 3056; x_wconf 90' lang='lat' dir='ltr'><strong>primum</strong></span> <span class='ocrx_word' id='word_1_441' title='bbox 2330 2984 2505 3041; x_wconf 89' lang='lat' dir='ltr'><strong>bonus</strong></span> <span class='ocrx_word' id='word_1_442' title='bbox 2534 2983 2682 3040; x_wconf 88' lang='lat' dir='ltr'><strong>Deus</strong></span> <span class='ocrx_word' id='word_1_443' title='bbox 2718 2998 2906 3039; x_wconf 85' lang='lat' dir='ltr'><strong>eorum</strong></span> <span class='ocrx_word' id='word_1_444' title='bbox 2955 2992 3149 3039; x_wconf 85' lang='lat' dir='ltr'><strong>auctor</strong></span> <span class='ocrx_word' id='word_1_445' title='bbox 3178 2997 3302 3038; x_wconf 85' lang='lat' dir='ltr'><strong>esse</strong></span> <span class='ocrx_word' id='word_1_446' title='bbox 3336 2982 3423 3036; x_wconf 87' lang='lat' dir='ltr'><strong>di-</strong></span> 
     </span>
    </p>
   </div>
   <div class='ocr_carea' id='block_1_58' title="bbox 1821 3074 3422 3144">
    <p class='ocr_par' dir='ltr' id='par_1_58' title="bbox 1821 3074 3422 3144">
     <span class='ocr_line' id='line_1_58' title="bbox 1821 3074 3422 3144; baseline -0.005 -10"><span class='ocrx_word' id='word_1_447' title='bbox 1821 3081 1983 3142; x_wconf 88' lang='lat' dir='ltr'><strong>citur,</strong></span> <span class='ocrx_word' id='word_1_448' title='bbox 2018 3074 2215 3132; x_wconf 91' lang='lat' dir='ltr'><strong>deinde</strong></span> <span class='ocrx_word' id='word_1_449' title='bbox 2255 3088 2444 3131; x_wconf 90' lang='lat' dir='ltr'><strong>eorum</strong></span> <span class='ocrx_word' id='word_1_450' title='bbox 2491 3074 2775 3137; x_wconf 76' lang='lat' dir='ltr'><strong>universe,</strong></span> <span class='ocrx_word' id='word_1_451' title='bbox 2823 3083 3008 3144; x_wconf 88' lang='lat' dir='ltr'><strong>postea</strong></span> <span class='ocrx_word' id='word_1_452' title='bbox 3059 3074 3294 3142; x_wconf 85' lang='lat' dir='ltr'><strong>partium</strong></span> <span class='ocrx_word' id='word_1_453' title='bbox 3327 3088 3422 3127; x_wconf 89' lang='lat' dir='ltr'><strong>eo—</strong></span> 
     </span>
    </p>
   </div>
   <div class='ocr_carea' id='block_1_59' title="bbox 1824 3167 3410 3240">
    <p class='ocr_par' dir='ltr' id='par_1_59' title="bbox 1824 3167 3410 3240">
     <span class='ocr_line' id='line_1_59' title="bbox 1824 3167 3410 3240; baseline -0.004 -15"><span class='ocrx_word' id='word_1_454' title='bbox 1824 3185 1968 3237; x_wconf 87' lang='lat' dir='ltr'><strong>rum,</strong></span> <span class='ocrx_word' id='word_1_455' title='bbox 2002 3178 2113 3225; x_wconf 89' lang='lat' dir='ltr'><strong>tum</strong></span> <span class='ocrx_word' id='word_1_456' title='bbox 2142 3168 2589 3240; x_wconf 88' lang='lat' dir='ltr'><strong>partieipantium</strong></span> <span class='ocrx_word' id='word_1_457' title='bbox 2632 3181 2696 3223; x_wconf 86' lang='lat' dir='ltr'><strong>ea</strong></span> <span class='ocrx_word' id='word_1_458' title='bbox 2729 3167 3005 3229; x_wconf 86' lang='lat' dir='ltr'><strong>universe,</strong></span> <span class='ocrx_word' id='word_1_459' title='bbox 3050 3168 3244 3222; x_wconf 86' lang='lat' dir='ltr'><strong>deinde</strong></span> <span class='ocrx_word' id='word_1_460' title='bbox 3281 3181 3410 3236; x_wconf 69' lang='lat' dir='ltr'><strong>paro</strong></span> 
     </span>
    </p>
   </div>
   <div class='ocr_carea' id='block_1_60' title="bbox 58 3257 3420 3335">
    <p class='ocr_par' dir='ltr' id='par_1_60' title="bbox 58 3257 3420 3335">
     <span class='ocr_line' id='line_1_60' title="bbox 58 3257 3420 3335; baseline 0.001 -27"><span class='ocrx_word' id='word_1_461' title='bbox 58 3291 60 3293; x_wconf 63' lang='grc'><strong>›</strong></span> <span class='ocrx_word' id='word_1_462' title='bbox 150 3264 315 3325; x_wconf 81' lang='lat' dir='ltr'><strong>partes</strong></span> <span class='ocrx_word' id='word_1_463' title='bbox 344 3264 523 3312; x_wconf 85' lang='lat' dir='ltr'><strong>autem</strong></span> <span class='ocrx_word' id='word_1_464' title='bbox 569 3259 787 3322; x_wconf 60' lang='lat' dir='ltr'><strong>multa);</strong></span> <span class='ocrx_word' id='word_1_465' title='bbox 838 3258 1003 3326; x_wconf 89' lang='lat' dir='ltr'><strong>igitur</strong></span> <span class='ocrx_word' id='word_1_466' title='bbox 1033 3265 1210 3313; x_wconf 91' lang='lat' dir='ltr'><strong>totum</strong></span> <span class='ocrx_word' id='word_1_467' title='bbox 1243 3273 1309 3315; x_wconf 77' lang='lat' dir='ltr'><strong>ex</strong></span> <span class='ocrx_word' id='word_1_468' title='bbox 1343 3258 1548 3325; x_wconf 82' lang='lat' dir='ltr'><strong>multis,</strong></span> <span class='ocrx_word' id='word_1_469' title='bbox 1588 3260 1711 3314; x_wconf 88' lang='lat' dir='ltr'><strong>uni-</strong></span> <span class='ocrx_word' id='word_1_470' title='bbox 1739 3257 1784 3315; x_wconf 81' lang='grc' dir='ltr'><strong>ϐ</strong></span> <span class='ocrx_word' id='word_1_471' title='bbox 1820 3264 2162 3335; x_wconf 86' lang='lat' dir='ltr'><strong>tieipantium</strong></span> <span class='ocrx_word' id='word_1_472' title='bbox 2195 3262 2252 3327; x_wconf 78' lang='lat' dir='ltr'><strong>in</strong></span> <span class='ocrx_word' id='word_1_473' title='bbox 2280 3272 2462 3334; x_wconf 85' lang='lat' dir='ltr'><strong>parte,</strong></span> <span class='ocrx_word' id='word_1_474' title='bbox 2497 3261 2615 3317; x_wconf 88' lang='lat' dir='ltr'><strong>sive</strong></span> <span class='ocrx_word' id='word_1_475' title='bbox 2653 3260 3102 3331; x_wconf 85' lang='lat' dir='ltr'><strong>particulariter;</strong></span> <span class='ocrx_word' id='word_1_476' title='bbox 3144 3275 3263 3328; x_wconf 81' lang='lat' dir='ltr'><strong>qtne</strong></span> <span class='ocrx_word' id='word_1_477' title='bbox 3293 3273 3420 3329; x_wconf 81' lang='lat' dir='ltr'><strong>per-</strong></span> 
     </span>
    </p>
   </div>
   <div class='ocr_carea' id='block_1_61' title="bbox 152 3349 1717 3421">
    <p class='ocr_par' dir='ltr' id='par_1_61' title="bbox 152 3349 1717 3421">
     <span class='ocr_line' id='line_1_61' title="bbox 152 3349 1717 3421; baseline 0.002 -19"><span class='ocrx_word' id='word_1_478' title='bbox 152 3355 224 3404; x_wconf 86' lang='lat' dir='ltr'><strong>tas</strong></span> <span class='ocrx_word' id='word_1_479' title='bbox 253 3363 377 3406; x_wconf 90' lang='lat' dir='ltr'><strong>vero</strong></span> <span class='ocrx_word' id='word_1_480' title='bbox 406 3363 610 3421; x_wconf 84' lang='lat' dir='ltr'><strong>expers</strong></span> <span class='ocrx_word' id='word_1_481' title='bbox 646 3349 884 3419; x_wconf 91' lang='lat' dir='ltr'><strong>partium</strong></span> <span class='ocrx_word' id='word_1_482' title='bbox 926 3360 1030 3415; x_wconf 87' lang='lat' dir='ltr'><strong>est,</strong></span> <span class='ocrx_word' id='word_1_483' title='bbox 1060 3359 1116 3405; x_wconf 91' lang='lat' dir='ltr'><strong>et</strong></span> <span class='ocrx_word' id='word_1_484' title='bbox 1146 3365 1252 3405; x_wconf 90' lang='lat' dir='ltr'><strong>non</strong></span> <span class='ocrx_word' id='word_1_485' title='bbox 1286 3366 1353 3405; x_wconf 79' lang='lat' dir='ltr'><strong>ex</strong></span> <span class='ocrx_word' id='word_1_486' title='bbox 1388 3350 1592 3416; x_wconf 87' lang='lat' dir='ltr'><strong>multis,</strong></span> <span class='ocrx_word' id='word_1_487' title='bbox 1624 3360 1717 3405; x_wconf 91' lang='lat' dir='ltr'><strong>aut</strong></span> 
     </span>
    </p>
   </div>
   <div class='ocr_carea' id='block_1_62' title="bbox 147 3439 1716 3511">
    <p class='ocr_par' dir='ltr' id='par_1_62' title="bbox 147 3439 1716 3511">
     <span class='ocr_line' id='line_1_62' title="bbox 147 3439 1716 3511; baseline 0.001 -19"><span class='ocrx_word' id='word_1_488' title='bbox 147 3451 205 3493; x_wconf 80' lang='lat' dir='ltr'><strong>ex</strong></span> <span class='ocrx_word' id='word_1_489' title='bbox 244 3440 483 3508; x_wconf 85' lang='lat' dir='ltr'><strong>partibus</strong></span> <span class='ocrx_word' id='word_1_490' title='bbox 518 3448 720 3496; x_wconf 87' lang='lat' dir='ltr'><strong>totum.</strong></span> <span class='ocrx_word' id='word_1_491' title='bbox 768 3439 1060 3506; x_wconf 70' lang='lat' dir='ltr'><strong>Praaterea,</strong></span> <span class='ocrx_word' id='word_1_492' title='bbox 1094 3442 1239 3510; x_wconf 89' lang='lat' dir='ltr'><strong>quod</strong></span> <span class='ocrx_word' id='word_1_493' title='bbox 1290 3455 1467 3510; x_wconf 85' lang='lat' dir='ltr'><strong>neque</strong></span> <span class='ocrx_word' id='word_1_494' title='bbox 1512 3441 1716 3511; x_wconf 80' lang='lat' dir='ltr'><strong>princi-</strong></span> 
     </span>
    </p>
   </div>
   <div class='ocr_carea' id='block_1_63' title="bbox 146 3528 1715 3604">
    <p class='ocr_par' dir='ltr' id='par_1_63' title="bbox 146 3528 1715 3604">
     <span class='ocr_line' id='line_1_63' title="bbox 146 3528 1715 3604; baseline 0.004 -21"><span class='ocrx_word' id='word_1_495' title='bbox 146 3528 499 3601; x_wconf 85' lang='lat' dir='ltr'><strong>pium,neque</strong></span> <span class='ocrx_word' id='word_1_496' title='bbox 530 3531 700 3587; x_wconf 79' lang='lat' dir='ltr'><strong>ﬁnem</strong></span> <span class='ocrx_word' id='word_1_497' title='bbox 730 3531 919 3593; x_wconf 86' lang='lat' dir='ltr'><strong>habet,</strong></span> <span class='ocrx_word' id='word_1_498' title='bbox 947 3546 1125 3604; x_wconf 89' lang='lat' dir='ltr'><strong>neque</strong></span> <span class='ocrx_word' id='word_1_499' title='bbox 1161 3532 1451 3587; x_wconf 85' lang='lat' dir='ltr'><strong>terminum</strong></span> <span class='ocrx_word' id='word_1_500' title='bbox 1485 3532 1537 3587; x_wconf 91' lang='lat' dir='ltr'><strong>in</strong></span> <span class='ocrx_word' id='word_1_501' title='bbox 1567 3543 1715 3589; x_wconf 78' lang='lat' dir='ltr'><strong>utro-</strong></span> 
     </span>
    </p>
   </div>
   <div class='ocr_carea' id='block_1_64' title="bbox 144 3624 1714 3704">
    <p class='ocr_par' dir='ltr' id='par_1_64' title="bbox 144 3624 1714 3704">
     <span class='ocr_line' id='line_1_64' title="bbox 144 3624 1714 3704; baseline 0.002 -27"><span class='ocrx_word' id='word_1_502' title='bbox 144 3635 238 3692; x_wconf 82' lang='lat' dir='ltr'><strong>que</strong></span> <span class='ocrx_word' id='word_1_503' title='bbox 262 3624 459 3704; x_wconf 82' lang='lat' dir='ltr'><strong>habet;</strong></span> <span class='ocrx_word' id='word_1_504' title='bbox 490 3635 543 3681; x_wconf 88' lang='lat' dir='ltr'><strong>et</strong></span> <span class='ocrx_word' id='word_1_505' title='bbox 575 3625 784 3680; x_wconf 88' lang='lat' dir='ltr'><strong>idcirco</strong></span> <span class='ocrx_word' id='word_1_506' title='bbox 809 3625 1020 3679; x_wconf 87' lang='lat' dir='ltr'><strong>inﬁnita</strong></span> <span class='ocrx_word' id='word_1_507' title='bbox 1063 3635 1145 3681; x_wconf 91' lang='lat' dir='ltr'><strong>est</strong></span> <span class='ocrx_word' id='word_1_508' title='bbox 1174 3625 1353 3680; x_wconf 91' lang='lat' dir='ltr'><strong>unitas</strong></span> <span class='ocrx_word' id='word_1_509' title='bbox 1400 3644 1413 3680; x_wconf 89' lang='lat'><strong>:</strong></span> <span class='ocrx_word' id='word_1_510' title='bbox 1455 3625 1714 3680; x_wconf 88' lang='lat' dir='ltr'><strong>Bil‘ariam</strong></span> 
     </span>
    </p>
   </div>
   <div class='ocr_carea' id='block_1_65' title="bbox 142 3716 1718 3788">
    <p class='ocr_par' dir='ltr' id='par_1_65' title="bbox 142 3716 1718 3788">
     <span class='ocr_line' id='line_1_65' title="bbox 142 3716 1718 3788; baseline 0.003 -17"><span class='ocrx_word' id='word_1_511' title='bbox 142 3716 295 3784; x_wconf 84' lang='lat' dir='ltr'><strong>enim,</strong></span> <span class='ocrx_word' id='word_1_512' title='bbox 326 3716 526 3788; x_wconf 89' lang='lat' dir='ltr'><strong>inquit,</strong></span> <span class='ocrx_word' id='word_1_513' title='bbox 555 3733 682 3774; x_wconf 89' lang='lat' dir='ltr'><strong>cum</strong></span> <span class='ocrx_word' id='word_1_514' title='bbox 718 3718 989 3772; x_wconf 81' lang='lat' dir='ltr'><strong>inﬁnitum</strong></span> <span class='ocrx_word' id='word_1_515' title='bbox 1021 3718 1475 3787; x_wconf 75' lang='lat' dir='ltr'><strong>contemplemur,</strong></span> <span class='ocrx_word' id='word_1_516' title='bbox 1501 3720 1718 3775; x_wconf 61' lang='lat' dir='ltr'><strong>scilicrt</strong></span> 
     </span>
    </p>
   </div>
   <div class='ocr_carea' id='block_1_66' title="bbox 142 3807 1713 3880">
    <p class='ocr_par' dir='ltr' id='par_1_66' title="bbox 142 3807 1713 3880">
     <span class='ocr_line' id='line_1_66' title="bbox 142 3807 1713 3880; baseline 0.002 -19"><span class='ocrx_word' id='word_1_517' title='bbox 142 3808 423 3864; x_wconf 86' lang='lat' dir='ltr'><strong>secundum</strong></span> <span class='ocrx_word' id='word_1_518' title='bbox 447 3808 784 3880; x_wconf 88' lang='lat' dir='ltr'><strong>principium</strong></span> <span class='ocrx_word' id='word_1_519' title='bbox 812 3819 866 3863; x_wconf 91' lang='lat' dir='ltr'><strong>et</strong></span> <span class='ocrx_word' id='word_1_520' title='bbox 898 3807 1081 3874; x_wconf 84' lang='lat' dir='ltr'><strong>linem,</strong></span> <span class='ocrx_word' id='word_1_521' title='bbox 1104 3810 1249 3878; x_wconf 85' lang='lat' dir='ltr'><strong>quod</strong></span> <span class='ocrx_word' id='word_1_522' title='bbox 1280 3824 1389 3864; x_wconf 90' lang='lat' dir='ltr'><strong>non</strong></span> <span class='ocrx_word' id='word_1_523' title='bbox 1413 3818 1496 3865; x_wconf 92' lang='lat' dir='ltr'><strong>est</strong></span> <span class='ocrx_word' id='word_1_524' title='bbox 1524 3809 1579 3864; x_wconf 89' lang='lat' dir='ltr'><strong>in</strong></span> <span class='ocrx_word' id='word_1_525' title='bbox 1607 3810 1713 3876; x_wconf 92' lang='lat' dir='ltr'><strong>his,</strong></span> 
     </span>
    </p>
   </div>
   <div class='ocr_carea' id='block_1_67' title="bbox 141 3899 1717 3972">
    <p class='ocr_par' dir='ltr' id='par_1_67' title="bbox 141 3899 1717 3972">
     <span class='ocr_line' id='line_1_67' title="bbox 141 3899 1717 3972; baseline 0.003 -18"><span class='ocrx_word' id='word_1_526' title='bbox 141 3908 189 3954; x_wconf 81' lang='lat' dir='ltr'><strong>et</strong></span> <span class='ocrx_word' id='word_1_527' title='bbox 230 3909 308 3956; x_wconf 86' lang='lat' dir='ltr'><strong>est</strong></span> <span class='ocrx_word' id='word_1_528' title='bbox 359 3918 524 3972; x_wconf 82' lang='lat' dir='ltr'><strong>supra</strong></span> <span class='ocrx_word' id='word_1_529' title='bbox 585 3902 724 3966; x_wconf 72' lang='lat' dir='ltr'><strong>hmo,</strong></span> <span class='ocrx_word' id='word_1_530' title='bbox 778 3899 1052 3956; x_wconf 85' lang='lat' dir='ltr'><strong>inﬁnitum</strong></span> <span class='ocrx_word' id='word_1_531' title='bbox 1088 3901 1415 3971; x_wconf 90' lang='lat' dir='ltr'><strong>appellatum</strong></span> <span class='ocrx_word' id='word_1_532' title='bbox 1462 3910 1566 3958; x_wconf 88' lang='lat' dir='ltr'><strong>est.</strong></span> <span class='ocrx_word' id='word_1_533' title='bbox 1610 3901 1717 3959; x_wconf 85' lang='lat' dir='ltr'><strong>Sed</strong></span> 
     </span>
    </p>
   </div>
   <div class='ocr_carea' id='block_1_68' title="bbox 145 3993 1716 4066">
    <p class='ocr_par' dir='ltr' id='par_1_68' title="bbox 145 3993 1716 4066">
     <span class='ocr_line' id='line_1_68' title="bbox 145 3993 1716 4066; baseline 0.006 -23"><span class='ocrx_word' id='word_1_534' title='bbox 145 4006 304 4062; x_wconf 87' lang='lat' dir='ltr'><strong>neque</strong></span> <span class='ocrx_word' id='word_1_535' title='bbox 335 3993 574 4050; x_wconf 78' lang='lat' dir='ltr'><strong>formam</strong></span> <span class='ocrx_word' id='word_1_536' title='bbox 612 3995 794 4062; x_wconf 86' lang='lat' dir='ltr'><strong>habet,</strong></span> <span class='ocrx_word' id='word_1_537' title='bbox 830 3994 912 4051; x_wconf 88' lang='lat' dir='ltr'><strong>vel</strong></span> <span class='ocrx_word' id='word_1_538' title='bbox 942 3994 1195 4066; x_wconf 87' lang='lat' dir='ltr'><strong>ﬁguram,</strong></span> <span class='ocrx_word' id='word_1_539' title='bbox 1223 3994 1309 4053; x_wconf 89' lang='lat' dir='ltr'><strong>vel</strong></span> <span class='ocrx_word' id='word_1_540' title='bbox 1340 3995 1607 4065; x_wconf 87' lang='lat' dir='ltr'><strong>speciem,</strong></span> <span class='ocrx_word' id='word_1_541' title='bbox 1632 3997 1716 4052; x_wconf 91' lang='lat' dir='ltr'><strong>vel</strong></span> 
     </span>
    </p>
   </div>
   <div class='ocr_carea' id='block_1_69' title="bbox 140 4083 1714 4163">
    <p class='ocr_par' dir='ltr' id='par_1_69' title="bbox 140 4083 1714 4163">
     <span class='ocr_line' id='line_1_69' title="bbox 140 4083 1714 4163; baseline 0.006 -27"><span class='ocrx_word' id='word_1_542' title='bbox 140 4083 362 4141; x_wconf 81' lang='lat' dir='ltr'><strong>colorem</strong></span> <span class='ocrx_word' id='word_1_543' title='bbox 392 4088 576 4143; x_wconf 87' lang='lat' dir='ltr'><strong>divina</strong></span> <span class='ocrx_word' id='word_1_544' title='bbox 602 4089 828 4156; x_wconf 88' lang='lat' dir='ltr'><strong>unitas;</strong></span> <span class='ocrx_word' id='word_1_545' title='bbox 866 4088 953 4163; x_wconf 78' lang='lat' dir='ltr'><strong>sic</strong></span> <span class='ocrx_word' id='word_1_546' title='bbox 1001 4089 1144 4145; x_wconf 90' lang='lat' dir='ltr'><strong>enim</strong></span> <span class='ocrx_word' id='word_1_547' title='bbox 1190 4103 1419 4158; x_wconf 84' lang='lat' dir='ltr'><strong>magnus</strong></span> <span class='ocrx_word' id='word_1_548' title='bbox 1456 4088 1714 4154; x_wconf 85' lang='lat' dir='ltr'><strong>Basilius.</strong></span> 
     </span>
    </p>
   </div>
   <div class='ocr_carea' id='block_1_70' title="bbox 136 4166 1716 4251">
    <p class='ocr_par' dir='ltr' id='par_1_70' title="bbox 136 4166 1716 4251">
     <span class='ocr_line' id='line_1_70' title="bbox 136 4166 1716 4251; baseline 0.006 -24"><span class='ocrx_word' id='word_1_549' title='bbox 136 4171 262 4229; x_wconf 89' lang='lat' dir='ltr'><strong>libro</strong></span> <span class='ocrx_word' id='word_1_550' title='bbox 305 4192 358 4232; x_wconf 84' lang='lat' dir='ltr'><strong>tv</strong></span> <span class='ocrx_word' id='word_1_551' title='bbox 394 4178 519 4232; x_wconf 81' lang='grc' dir='ltr'><strong>Τῶν</strong></span> <span class='ocrx_word' id='word_1_552' title='bbox 553 4166 959 4251; x_wconf 64' lang='grc' dir='ltr'><strong>ἀντιῤῥητιὶιῶν</strong></span> <span class='ocrx_word' id='word_1_553' title='bbox 988 4196 1005 4236; x_wconf 87' lang='lat'><strong>:</strong></span> <span class='ocrx_word' id='word_1_554' title='bbox 1042 4176 1121 4246; x_wconf 90' lang='lat' dir='ltr'><strong>Si,</strong></span> <span class='ocrx_word' id='word_1_555' title='bbox 1164 4178 1363 4249; x_wconf 89' lang='lat' dir='ltr'><strong>inquit,</strong></span> <span class='ocrx_word' id='word_1_556' title='bbox 1389 4177 1559 4236; x_wconf 85' lang='lat' dir='ltr'><strong>Filius</strong></span> <span class='ocrx_word' id='word_1_557' title='bbox 1591 4195 1716 4236; x_wconf 87' lang='lat' dir='ltr'><strong>vere</strong></span> 
     </span>
    </p>
   </div>
   <div class='ocr_carea' id='block_1_71' title="bbox 138 4269 1719 4342">
    <p class='ocr_par' dir='ltr' id='par_1_71' title="bbox 138 4269 1719 4342">
     <span class='ocr_line' id='line_1_71' title="bbox 138 4269 1719 4342; baseline 0.006 -20"><span class='ocrx_word' id='word_1_558' title='bbox 138 4276 212 4322; x_wconf 86' lang='lat' dir='ltr'><strong>est</strong></span> <span class='ocrx_word' id='word_1_559' title='bbox 244 4269 418 4342; x_wconf 85' lang='lat' dir='ltr'><strong>imago</strong></span> <span class='ocrx_word' id='word_1_560' title='bbox 463 4272 675 4338; x_wconf 83' lang='lat' dir='ltr'><strong>Patris,</strong></span> <span class='ocrx_word' id='word_1_561' title='bbox 706 4273 887 4328; x_wconf 88' lang='lat' dir='ltr'><strong>omnis</strong></span> <span class='ocrx_word' id='word_1_562' title='bbox 923 4284 1104 4328; x_wconf 90' lang='lat' dir='ltr'><strong>autem</strong></span> <span class='ocrx_word' id='word_1_563' title='bbox 1139 4270 1319 4341; x_wconf 84' lang='lat' dir='ltr'><strong>imago</strong></span> <span class='ocrx_word' id='word_1_564' title='bbox 1348 4274 1430 4329; x_wconf 89' lang='lat' dir='ltr'><strong>vel</strong></span> <span class='ocrx_word' id='word_1_565' title='bbox 1461 4274 1719 4331; x_wconf 81' lang='lat' dir='ltr'><strong>substan-</strong></span> 
     </span>
    </p>
   </div>
   <div class='ocr_carea' id='block_1_72' title="bbox 136 4359 1717 4434">
    <p class='ocr_par' dir='ltr' id='par_1_72' title="bbox 136 4359 1717 4434">
     <span class='ocr_line' id='line_1_72' title="bbox 136 4359 1717 4434; baseline 0.005 -21"><span class='ocrx_word' id='word_1_566' title='bbox 136 4359 231 4428; x_wconf 72' lang='lat' dir='ltr'><strong>tite,</strong></span> <span class='ocrx_word' id='word_1_567' title='bbox 263 4362 344 4415; x_wconf 86' lang='lat' dir='ltr'><strong>vel</strong></span> <span class='ocrx_word' id='word_1_568' title='bbox 382 4361 603 4428; x_wconf 69' lang='lat' dir='ltr'><strong>formae,</strong></span> <span class='ocrx_word' id='word_1_569' title='bbox 641 4361 726 4419; x_wconf 90' lang='lat' dir='ltr'><strong>vel</strong></span> <span class='ocrx_word' id='word_1_570' title='bbox 768 4363 975 4434; x_wconf 84' lang='lat' dir='ltr'><strong>ﬁgurae,</strong></span> <span class='ocrx_word' id='word_1_571' title='bbox 1009 4364 1094 4419; x_wconf 88' lang='lat' dir='ltr'><strong>vel</strong></span> <span class='ocrx_word' id='word_1_572' title='bbox 1132 4363 1357 4433; x_wconf 90' lang='lat' dir='ltr'><strong>speciei,</strong></span> <span class='ocrx_word' id='word_1_573' title='bbox 1390 4364 1473 4419; x_wconf 88' lang='lat' dir='ltr'><strong>vel</strong></span> <span class='ocrx_word' id='word_1_574' title='bbox 1515 4364 1717 4421; x_wconf 89' lang='lat' dir='ltr'><strong>coloris</strong></span> 
     </span>
    </p>
   </div>
   <div class='ocr_carea' id='block_1_73' title="bbox 137 4446 1713 4520">
    <p class='ocr_par' dir='ltr' id='par_1_73' title="bbox 137 4446 1713 4520">
     <span class='ocr_line' id='line_1_73' title="bbox 137 4446 1713 4520; baseline 0.009 -21"><span class='ocrx_word' id='word_1_575' title='bbox 137 4446 299 4518; x_wconf 83' lang='lat' dir='ltr'><strong>imago</strong></span> <span class='ocrx_word' id='word_1_576' title='bbox 323 4463 440 4520; x_wconf 85' lang='lat' dir='ltr'><strong>est;</strong></span> <span class='ocrx_word' id='word_1_577' title='bbox 473 4451 622 4507; x_wconf 89' lang='lat' dir='ltr'><strong>Deus</strong></span> <span class='ocrx_word' id='word_1_578' title='bbox 663 4461 842 4508; x_wconf 89' lang='lat' dir='ltr'><strong>autem</strong></span> <span class='ocrx_word' id='word_1_579' title='bbox 887 4455 941 4508; x_wconf 93' lang='lat' dir='ltr'><strong>in</strong></span> <span class='ocrx_word' id='word_1_580' title='bbox 976 4453 1123 4508; x_wconf 90' lang='lat' dir='ltr'><strong>nullo</strong></span> <span class='ocrx_word' id='word_1_581' title='bbox 1155 4454 1353 4510; x_wconf 88' lang='lat' dir='ltr'><strong>horum</strong></span> <span class='ocrx_word' id='word_1_582' title='bbox 1388 4467 1494 4517; x_wconf 90' lang='lat' dir='ltr'><strong>est.</strong></span> <span class='ocrx_word' id='word_1_583' title='bbox 1536 4458 1631 4513; x_wconf 88' lang='lat' dir='ltr'><strong>sed</strong></span> <span class='ocrx_word' id='word_1_584' title='bbox 1661 4458 1713 4513; x_wconf 91' lang='lat' dir='ltr'><strong>in</strong></span> 
     </span>
    </p>
   </div>
   <div class='ocr_carea' id='block_1_74' title="bbox 136 4536 1716 4619">
    <p class='ocr_par' dir='ltr' id='par_1_74' title="bbox 136 4536 1716 4619">
     <span class='ocr_line' id='line_1_74' title="bbox 136 4536 1716 4619; baseline 0.009 -29"><span class='ocrx_word' id='word_1_585' title='bbox 136 4536 240 4591; x_wconf 88' lang='lat' dir='ltr'><strong>sola</strong></span> <span class='ocrx_word' id='word_1_586' title='bbox 276 4540 627 4610; x_wconf 89' lang='lat' dir='ltr'><strong>substantia;</strong></span> <span class='ocrx_word' id='word_1_587' title='bbox 668 4542 843 4601; x_wconf 85' lang='lat' dir='ltr'><strong>Filius</strong></span> <span class='ocrx_word' id='word_1_588' title='bbox 884 4545 1048 4614; x_wconf 87' lang='lat' dir='ltr'><strong>igitur</strong></span> <span class='ocrx_word' id='word_1_589' title='bbox 1074 4562 1199 4601; x_wconf 86' lang='lat' dir='ltr'><strong>eum</strong></span> <span class='ocrx_word' id='word_1_590' title='bbox 1251 4547 1325 4604; x_wconf 91' lang='lat' dir='ltr'><strong>sit</strong></span> <span class='ocrx_word' id='word_1_591' title='bbox 1369 4549 1549 4619; x_wconf 85' lang='lat' dir='ltr'><strong>imago</strong></span> <span class='ocrx_word' id='word_1_592' title='bbox 1588 4552 1716 4605; x_wconf 91' lang='lat' dir='ltr'><strong>sub-</strong></span> 
     </span>
    </p>
   </div>
   <div class='ocr_carea' id='block_1_75' title="bbox 1824 3350 3418 3424">
    <p class='ocr_par' dir='ltr' id='par_1_75' title="bbox 1824 3350 3418 3424">
     <span class='ocr_line' id='line_1_75' title="bbox 1824 3350 3418 3424; baseline -0.005 -14"><span class='ocrx_word' id='word_1_593' title='bbox 1824 3354 1954 3411; x_wconf 85' lang='lat' dir='ltr'><strong>inde</strong></span> <span class='ocrx_word' id='word_1_594' title='bbox 1982 3363 2131 3419; x_wconf 82' lang='lat' dir='ltr'><strong>sunt,</strong></span> <span class='ocrx_word' id='word_1_595' title='bbox 2185 3368 2249 3409; x_wconf 90' lang='lat' dir='ltr'><strong>ac</strong></span> <span class='ocrx_word' id='word_1_596' title='bbox 2278 3354 2324 3409; x_wconf 90' lang='lat' dir='ltr'><strong>si</strong></span> <span class='ocrx_word' id='word_1_597' title='bbox 2361 3353 2571 3409; x_wconf 90' lang='lat' dir='ltr'><strong>diceret</strong></span> <span class='ocrx_word' id='word_1_598' title='bbox 2604 3368 2621 3409; x_wconf 87' lang='lat'><strong>:</strong></span> <span class='ocrx_word' id='word_1_599' title='bbox 2653 3351 2866 3408; x_wconf 86' lang='lat' dir='ltr'><strong>Genera</strong></span> <span class='ocrx_word' id='word_1_600' title='bbox 2896 3360 2952 3407; x_wconf 88' lang='lat' dir='ltr'><strong>et</strong></span> <span class='ocrx_word' id='word_1_601' title='bbox 2992 3352 3202 3421; x_wconf 84' lang='lat' dir='ltr'><strong>species</strong></span> <span class='ocrx_word' id='word_1_602' title='bbox 3236 3350 3418 3424; x_wconf 81' lang='lat' dir='ltr'><strong>simul,</strong></span> 
     </span>
    </p>
   </div>
   <div class='ocr_carea' id='block_1_76' title="bbox 1827 3440 3465 3512">
    <p class='ocr_par' dir='ltr' id='par_1_76' title="bbox 1827 3440 3465 3512">
     <span class='ocr_line' id='line_1_76' title="bbox 1827 3440 3465 3512; baseline -0.004 -12"><span class='ocrx_word' id='word_1_603' title='bbox 1827 3446 1997 3501; x_wconf 86' lang='lat' dir='ltr'><strong>Deum</strong></span> <span class='ocrx_word' id='word_1_604' title='bbox 2026 3443 2236 3500; x_wconf 87' lang='lat' dir='ltr'><strong>habent</strong></span> <span class='ocrx_word' id='word_1_605' title='bbox 2275 3452 2563 3499; x_wconf 89' lang='lat' dir='ltr'><strong>auctorem</strong></span> <span class='ocrx_word' id='word_1_606' title='bbox 2598 3459 2614 3497; x_wconf 89' lang='lat'><strong>:</strong></span> <span class='ocrx_word' id='word_1_607' title='bbox 2643 3441 2840 3498; x_wconf 89' lang='lat' dir='ltr'><strong>deinde</strong></span> <span class='ocrx_word' id='word_1_608' title='bbox 2870 3452 3051 3512; x_wconf 88' lang='lat' dir='ltr'><strong>partes</strong></span> <span class='ocrx_word' id='word_1_609' title='bbox 3088 3441 3197 3496; x_wconf 88' lang='lat' dir='ltr'><strong>illis</strong></span> <span class='ocrx_word' id='word_1_610' title='bbox 3237 3440 3424 3509; x_wconf 82' lang='lat' dir='ltr'><strong>subje-</strong></span> <span class='ocrx_word' id='word_1_611' title='bbox 3450 3454 3465 3474; x_wconf 74' lang='grc' dir='ltr'><em>ι</em></span> 
     </span>
    </p>
   </div>
   <div class='ocr_carea' id='block_1_77' title="bbox 1824 3534 3419 3606">
    <p class='ocr_par' dir='ltr' id='par_1_77' title="bbox 1824 3534 3419 3606">
     <span class='ocr_line' id='line_1_77' title="bbox 1824 3534 3419 3606; baseline -0.004 -14"><span class='ocrx_word' id='word_1_612' title='bbox 1824 3546 1948 3601; x_wconf 64' lang='lat' dir='ltr'><strong>etas,</strong></span> <span class='ocrx_word' id='word_1_613' title='bbox 1977 3545 2034 3593; x_wconf 87' lang='lat' dir='ltr'><strong>et</strong></span> <span class='ocrx_word' id='word_1_614' title='bbox 2063 3550 2418 3606; x_wconf 81' lang='lat' dir='ltr'><strong>quascunque</strong></span> <span class='ocrx_word' id='word_1_615' title='bbox 2446 3534 2838 3590; x_wconf 89' lang='lat' dir='ltr'><strong>universitates</strong></span> <span class='ocrx_word' id='word_1_616' title='bbox 2869 3535 2992 3604; x_wconf 87' lang='lat' dir='ltr'><strong>quis</strong></span> <span class='ocrx_word' id='word_1_617' title='bbox 3031 3534 3195 3599; x_wconf 88' lang='lat' dir='ltr'><strong>dicat,</strong></span> <span class='ocrx_word' id='word_1_618' title='bbox 3232 3542 3419 3602; x_wconf 86' lang='lat' dir='ltr'><strong>postea</strong></span> 
     </span>
    </p>
   </div>
   <div class='ocr_carea' id='block_1_78' title="bbox 1824 3624 3421 3701">
    <p class='ocr_par' dir='ltr' id='par_1_78' title="bbox 1824 3624 3421 3701">
     <span class='ocr_line' id='line_1_78' title="bbox 1824 3624 3421 3701; baseline -0.004 -15"><span class='ocrx_word' id='word_1_619' title='bbox 1824 3631 1926 3687; x_wconf 85' lang='lat' dir='ltr'><strong>has</strong></span> <span class='ocrx_word' id='word_1_620' title='bbox 1959 3640 2219 3701; x_wconf 90' lang='lat' dir='ltr'><strong>tanquam</strong></span> <span class='ocrx_word' id='word_1_621' title='bbox 2254 3628 2533 3686; x_wconf 86' lang='lat' dir='ltr'><strong>absolutas</strong></span> <span class='ocrx_word' id='word_1_622' title='bbox 2557 3637 2612 3684; x_wconf 90' lang='lat' dir='ltr'><strong>et</strong></span> <span class='ocrx_word' id='word_1_623' title='bbox 2637 3627 2950 3685; x_wconf 86' lang='lat' dir='ltr'><strong>abstractas</strong></span> <span class='ocrx_word' id='word_1_624' title='bbox 2979 3626 3228 3698; x_wconf 88' lang='lat' dir='ltr'><strong>producit</strong></span> <span class='ocrx_word' id='word_1_625' title='bbox 3256 3624 3421 3690; x_wconf 83' lang='lat' dir='ltr'><strong>Deus,</strong></span> 
     </span>
    </p>
   </div>
   <div class='ocr_carea' id='block_1_79' title="bbox 1823 3721 3420 3793">
    <p class='ocr_par' dir='ltr' id='par_1_79' title="bbox 1823 3721 3420 3793">
     <span class='ocr_line' id='line_1_79' title="bbox 1823 3721 3420 3793; baseline -0.008 -12"><span class='ocrx_word' id='word_1_626' title='bbox 1823 3724 2023 3781; x_wconf 87' lang='lat' dir='ltr'><strong>deinde</strong></span> <span class='ocrx_word' id='word_1_627' title='bbox 2058 3734 2319 3793; x_wconf 86' lang='lat' dir='ltr'><strong>tanquam</strong></span> <span class='ocrx_word' id='word_1_628' title='bbox 2356 3722 2693 3792; x_wconf 89' lang='lat' dir='ltr'><strong>aliquorum,</strong></span> <span class='ocrx_word' id='word_1_629' title='bbox 2725 3730 2782 3777; x_wconf 91' lang='lat' dir='ltr'><strong>et</strong></span> <span class='ocrx_word' id='word_1_630' title='bbox 2834 3723 3077 3792; x_wconf 86' lang='lat' dir='ltr'><strong>ipsorum</strong></span> <span class='ocrx_word' id='word_1_631' title='bbox 3113 3721 3420 3791; x_wconf 82' lang='lat' dir='ltr'><strong>aliquorum</strong></span> 
     </span>
    </p>
   </div>
   <div class='ocr_carea' id='block_1_80' title="bbox 1824 3812 3423 3881">
    <p class='ocr_par' dir='ltr' id='par_1_80' title="bbox 1824 3812 3423 3881">
     <span class='ocr_line' id='line_1_80' title="bbox 1824 3812 3423 3881; baseline -0.004 -9"><span class='ocrx_word' id='word_1_632' title='bbox 1824 3816 2243 3881; x_wconf 52' lang='lat' dir='ltr'><strong>universitates;</strong></span> <span class='ocrx_word' id='word_1_633' title='bbox 2290 3829 2399 3871; x_wconf 92' lang='lat' dir='ltr'><strong>non</strong></span> <span class='ocrx_word' id='word_1_634' title='bbox 2431 3823 2517 3871; x_wconf 88' lang='lat' dir='ltr'><strong>est</strong></span> <span class='ocrx_word' id='word_1_635' title='bbox 2565 3814 2707 3872; x_wconf 90' lang='lat' dir='ltr'><strong>Deus</strong></span> <span class='ocrx_word' id='word_1_636' title='bbox 2755 3815 3087 3870; x_wconf 83' lang='lat' dir='ltr'><strong>universitas</strong></span> <span class='ocrx_word' id='word_1_637' title='bbox 3118 3812 3423 3869; x_wconf 78' lang='lat' dir='ltr'><strong>secundum</strong></span> 
     </span>
    </p>
   </div>
   <div class='ocr_carea' id='block_1_81' title="bbox 1825 3905 3421 3972">
    <p class='ocr_par' dir='ltr' id='par_1_81' title="bbox 1825 3905 3421 3972">
     <span class='ocr_line' id='line_1_81' title="bbox 1825 3905 3421 3972; baseline -0.003 -10"><span class='ocrx_word' id='word_1_638' title='bbox 1825 3907 1925 3962; x_wconf 87' lang='lat' dir='ltr'><strong>has</strong></span> <span class='ocrx_word' id='word_1_639' title='bbox 1957 3906 2367 3971; x_wconf 88' lang='lat' dir='ltr'><strong>universitates,</strong></span> <span class='ocrx_word' id='word_1_640' title='bbox 2400 3906 2453 3963; x_wconf 91' lang='lat' dir='ltr'><strong>id</strong></span> <span class='ocrx_word' id='word_1_641' title='bbox 2483 3917 2588 3972; x_wconf 89' lang='lat' dir='ltr'><strong>est,</strong></span> <span class='ocrx_word' id='word_1_642' title='bbox 2636 3906 2703 3961; x_wconf 85' lang='lat' dir='ltr'><strong>ad</strong></span> <span class='ocrx_word' id='word_1_643' title='bbox 2749 3905 3164 3962; x_wconf 87' lang='lat' dir='ltr'><strong>similitudinem</strong></span> <span class='ocrx_word' id='word_1_644' title='bbox 3205 3906 3421 3969; x_wconf 79' lang='lat' dir='ltr'><strong>harum,</strong></span> 
     </span>
    </p>
   </div>
   <div class='ocr_carea' id='block_1_82' title="bbox 1824 3997 3420 4067">
    <p class='ocr_par' dir='ltr' id='par_1_82' title="bbox 1824 3997 3420 4067">
     <span class='ocr_line' id='line_1_82' title="bbox 1824 3997 3420 4067; baseline -0.004 -14"><span class='ocrx_word' id='word_1_645' title='bbox 1824 3998 1918 4053; x_wconf 87' lang='lat' dir='ltr'><strong>sed</strong></span> <span class='ocrx_word' id='word_1_646' title='bbox 1955 3997 2071 4067; x_wconf 88' lang='lat' dir='ltr'><strong>ipsa</strong></span> <span class='ocrx_word' id='word_1_647' title='bbox 2097 3998 2212 4053; x_wconf 89' lang='lat' dir='ltr'><strong>sola</strong></span> <span class='ocrx_word' id='word_1_648' title='bbox 2249 3998 2600 4065; x_wconf 85' lang='lat' dir='ltr'><strong>universitas,</strong></span> <span class='ocrx_word' id='word_1_649' title='bbox 2635 4013 2756 4067; x_wconf 76' lang='lat' dir='ltr'><strong>quze</strong></span> <span class='ocrx_word' id='word_1_650' title='bbox 2803 3997 2858 4051; x_wconf 91' lang='lat' dir='ltr'><strong>in</strong></span> <span class='ocrx_word' id='word_1_651' title='bbox 2895 3997 3038 4051; x_wconf 88' lang='lat' dir='ltr'><strong>nulla</strong></span> <span class='ocrx_word' id='word_1_652' title='bbox 3071 4007 3155 4052; x_wconf 90' lang='lat' dir='ltr'><strong>est</strong></span> <span class='ocrx_word' id='word_1_653' title='bbox 3194 3997 3420 4052; x_wconf 77' lang='lat' dir='ltr'><strong>univer-</strong></span> 
     </span>
    </p>
   </div>
   <div class='ocr_carea' id='block_1_83' title="bbox 1823 4087 3421 4158">
    <p class='ocr_par' dir='ltr' id='par_1_83' title="bbox 1823 4087 3421 4158">
     <span class='ocr_line' id='line_1_83' title="bbox 1823 4087 3421 4158; baseline -0.003 -12"><span class='ocrx_word' id='word_1_654' title='bbox 1823 4090 2009 4155; x_wconf 82' lang='lat' dir='ltr'><strong>sitate,</strong></span> <span class='ocrx_word' id='word_1_655' title='bbox 2042 4090 2298 4145; x_wconf 90' lang='lat' dir='ltr'><strong>universa</strong></span> <span class='ocrx_word' id='word_1_656' title='bbox 2333 4089 2449 4158; x_wconf 90' lang='lat' dir='ltr'><strong>ipsa</strong></span> <span class='ocrx_word' id='word_1_657' title='bbox 2480 4098 2535 4145; x_wconf 88' lang='lat' dir='ltr'><strong>et</strong></span> <span class='ocrx_word' id='word_1_658' title='bbox 2574 4089 2687 4144; x_wconf 90' lang='lat' dir='ltr'><strong>sola</strong></span> <span class='ocrx_word' id='word_1_659' title='bbox 2724 4087 3058 4143; x_wconf 88' lang='lat' dir='ltr'><strong>universitas</strong></span> <span class='ocrx_word' id='word_1_660' title='bbox 3088 4097 3195 4154; x_wconf 88' lang='lat' dir='ltr'><strong>est,</strong></span> <span class='ocrx_word' id='word_1_661' title='bbox 3228 4102 3421 4143; x_wconf 81' lang='lat' dir='ltr'><strong>omnes</strong></span> 
     </span>
    </p>
   </div>
   <div class='ocr_carea' id='block_1_84' title="bbox 1825 4176 3424 4249">
    <p class='ocr_par' dir='ltr' id='par_1_84' title="bbox 1825 4176 3424 4249">
     <span class='ocr_line' id='line_1_84' title="bbox 1825 4176 3424 4249; baseline -0.004 -14"><span class='ocrx_word' id='word_1_662' title='bbox 1825 4179 2214 4236; x_wconf 88' lang='lat' dir='ltr'><strong>universitates</strong></span> <span class='ocrx_word' id='word_1_663' title='bbox 2246 4195 2312 4236; x_wconf 78' lang='lat' dir='ltr'><strong>ex</strong></span> <span class='ocrx_word' id='word_1_664' title='bbox 2344 4193 2405 4236; x_wconf 85' lang='lat' dir='ltr'><strong>se</strong></span> <span class='ocrx_word' id='word_1_665' title='bbox 2445 4178 2774 4249; x_wconf 86' lang='lat' dir='ltr'><strong>producens,</strong></span> <span class='ocrx_word' id='word_1_666' title='bbox 2801 4187 2859 4232; x_wconf 87' lang='lat' dir='ltr'><strong>et</strong></span> <span class='ocrx_word' id='word_1_667' title='bbox 2895 4191 2925 4231; x_wconf 93' lang='lat' dir='ltr'><strong>a</strong></span> <span class='ocrx_word' id='word_1_668' title='bbox 2965 4179 3111 4232; x_wconf 89' lang='lat' dir='ltr'><strong>nulla</strong></span> <span class='ocrx_word' id='word_1_669' title='bbox 3157 4176 3424 4230; x_wconf 84' lang='lat' dir='ltr'><strong>universi-</strong></span> 
     </span>
    </p>
   </div>
   <div class='ocr_carea' id='block_1_85' title="bbox 1827 4253 3424 4340">
    <p class='ocr_par' dir='ltr' id='par_1_85' title="bbox 1827 4253 3424 4340">
     <span class='ocr_line' id='line_1_85' title="bbox 1827 4253 3424 4340; baseline -0.004 -11"><span class='ocrx_word' id='word_1_670' title='bbox 1827 4281 1936 4329; x_wconf 82' lang='lat' dir='ltr'><strong>tate</strong></span> <span class='ocrx_word' id='word_1_671' title='bbox 1984 4279 2270 4329; x_wconf 84' lang='lat' dir='ltr'><strong>coercetur</strong></span> <span class='ocrx_word' id='word_1_672' title='bbox 2312 4288 2327 4327; x_wconf 87' lang='lat'><strong>:</strong></span> <span class='ocrx_word' id='word_1_673' title='bbox 2379 4286 2481 4327; x_wconf 89' lang='lat' dir='ltr'><strong>nec</strong></span> <span class='ocrx_word' id='word_1_674' title='bbox 2511 4253 2654 4326; x_wconf 76' lang='lat' dir='ltr'><strong>eniin</strong></span> <span class='ocrx_word' id='word_1_675' title='bbox 2693 4271 2809 4339; x_wconf 89' lang='lat' dir='ltr'><strong>ipse</strong></span> <span class='ocrx_word' id='word_1_676' title='bbox 2843 4278 2925 4325; x_wconf 87' lang='lat' dir='ltr'><strong>est</strong></span> <span class='ocrx_word' id='word_1_677' title='bbox 2972 4270 3024 4324; x_wconf 90' lang='lat' dir='ltr'><strong>in</strong></span> <span class='ocrx_word' id='word_1_678' title='bbox 3067 4268 3276 4340; x_wconf 87' lang='lat' dir='ltr'><strong>aliquo,</strong></span> <span class='ocrx_word' id='word_1_679' title='bbox 3324 4283 3424 4323; x_wconf 75' lang='lat' dir='ltr'><strong>nec</strong></span> 
     </span>
    </p>
   </div>
   <div class='ocr_carea' id='block_1_86' title="bbox 1818 4359 3425 4437">
    <p class='ocr_par' dir='ltr' id='par_1_86' title="bbox 1818 4359 3425 4437">
     <span class='ocr_line' id='line_1_86' title="bbox 1818 4359 3425 4437; baseline -0.006 -17"><span class='ocrx_word' id='word_1_680' title='bbox 1818 4365 2029 4437; x_wconf 86' lang='lat' dir='ltr'><strong>aliquid</strong></span> <span class='ocrx_word' id='word_1_681' title='bbox 2064 4364 2118 4419; x_wconf 90' lang='lat' dir='ltr'><strong>in</strong></span> <span class='ocrx_word' id='word_1_682' title='bbox 2161 4363 2317 4434; x_wconf 87' lang='lat' dir='ltr'><strong>ipso;</strong></span> <span class='ocrx_word' id='word_1_683' title='bbox 2370 4362 2679 4420; x_wconf 86' lang='lat' dir='ltr'><strong>substantia</strong></span> <span class='ocrx_word' id='word_1_684' title='bbox 2709 4362 2854 4417; x_wconf 89' lang='lat' dir='ltr'><strong>enim</strong></span> <span class='ocrx_word' id='word_1_685' title='bbox 2905 4370 2987 4415; x_wconf 87' lang='lat' dir='ltr'><strong>est</strong></span> <span class='ocrx_word' id='word_1_686' title='bbox 3023 4362 3157 4415; x_wconf 90' lang='lat' dir='ltr'><strong>nihil</strong></span> <span class='ocrx_word' id='word_1_687' title='bbox 3216 4359 3425 4413; x_wconf 79' lang='lat' dir='ltr'><strong>habens</strong></span> 
     </span>
    </p>
   </div>
   <div class='ocr_carea' id='block_1_87' title="bbox 1824 4452 3423 4529">
    <p class='ocr_par' dir='ltr' id='par_1_87' title="bbox 1824 4452 3423 4529">
     <span class='ocr_line' id='line_1_87' title="bbox 1824 4452 3423 4529; baseline -0.006 -16"><span class='ocrx_word' id='word_1_688' title='bbox 1824 4459 1967 4529; x_wconf 91' lang='lat' dir='ltr'><strong>quod</strong></span> <span class='ocrx_word' id='word_1_689' title='bbox 2010 4456 2083 4511; x_wconf 91' lang='lat' dir='ltr'><strong>sit</strong></span> <span class='ocrx_word' id='word_1_690' title='bbox 2126 4457 2177 4511; x_wconf 88' lang='lat' dir='ltr'><strong>in</strong></span> <span class='ocrx_word' id='word_1_691' title='bbox 2212 4456 2485 4526; x_wconf 87' lang='lat' dir='ltr'><strong>subjecto,</strong></span> <span class='ocrx_word' id='word_1_692' title='bbox 2516 4463 2574 4509; x_wconf 91' lang='lat' dir='ltr'><strong>et</strong></span> <span class='ocrx_word' id='word_1_693' title='bbox 2616 4454 2858 4520; x_wconf 78' lang='lat' dir='ltr'><strong>cognitio</strong></span> <span class='ocrx_word' id='word_1_694' title='bbox 2891 4463 2973 4509; x_wconf 91' lang='lat' dir='ltr'><strong>est</strong></span> <span class='ocrx_word' id='word_1_695' title='bbox 3021 4452 3155 4507; x_wconf 88' lang='lat' dir='ltr'><strong>nihil</strong></span> <span class='ocrx_word' id='word_1_696' title='bbox 3196 4466 3423 4521; x_wconf 89' lang='lat' dir='ltr'><strong>prorsus</strong></span> 
     </span>
    </p>
   </div>
   <div class='ocr_carea' id='block_1_88' title="bbox 1824 4536 3497 4619">
    <p class='ocr_par' dir='ltr' id='par_1_88' title="bbox 1824 4536 3497 4619">
     <span class='ocr_line' id='line_1_88' title="bbox 1824 4536 3497 4619; baseline -0.005 -15"><span class='ocrx_word' id='word_1_697' title='bbox 1824 4549 2133 4619; x_wconf 78' lang='lat' dir='ltr'><strong>subjectum</strong></span> <span class='ocrx_word' id='word_1_698' title='bbox 2169 4547 2414 4610; x_wconf 70' lang='lat' dir='ltr'><strong>habens;</strong></span> <span class='ocrx_word' id='word_1_699' title='bbox 2449 4536 2655 4600; x_wconf 71' lang='lat' dir='ltr'><strong>idcirco</strong></span> <span class='ocrx_word' id='word_1_700' title='bbox 2692 4545 2804 4612; x_wconf 89' lang='lat' dir='ltr'><strong>ipse</strong></span> <span class='ocrx_word' id='word_1_701' title='bbox 2836 4554 2919 4598; x_wconf 82' lang='lat' dir='ltr'><strong>est</strong></span> <span class='ocrx_word' id='word_1_702' title='bbox 2959 4543 3166 4606; x_wconf 85' lang='lat' dir='ltr'><strong>omnia,</strong></span> <span class='ocrx_word' id='word_1_703' title='bbox 3215 4551 3269 4595; x_wconf 88' lang='lat' dir='ltr'><strong>et</strong></span> <span class='ocrx_word' id='word_1_704' title='bbox 3313 4555 3420 4596; x_wconf 86' lang='lat' dir='ltr'><strong>non</strong></span> <span class='ocrx_word' id='word_1_705' title='bbox 3493 4589 3497 4595; x_wconf 87' lang='lat'><strong>.</strong></span> 
     </span>
    </p>
   </div>
   <div class='ocr_carea' id='block_1_89' title="bbox 134 4628 3420 4711">
    <p class='ocr_par' dir='ltr' id='par_1_89' title="bbox 134 4628 3420 4711">
     <span class='ocr_line' id='line_1_89' title="bbox 134 4628 3420 4711; baseline 0.002 -31"><span class='ocrx_word' id='word_1_706' title='bbox 134 4631 354 4698; x_wconf 73' lang='lat' dir='ltr'><strong>stantiae,</strong></span> <span class='ocrx_word' id='word_1_707' title='bbox 384 4636 646 4701; x_wconf 87' lang='lat' dir='ltr'><strong>sequitur</strong></span> <span class='ocrx_word' id='word_1_708' title='bbox 677 4644 735 4690; x_wconf 92' lang='lat' dir='ltr'><strong>ut</strong></span> <span class='ocrx_word' id='word_1_709' title='bbox 767 4637 838 4691; x_wconf 88' lang='lat' dir='ltr'><strong>sit</strong></span> <span class='ocrx_word' id='word_1_710' title='bbox 869 4637 1209 4704; x_wconf 89' lang='lat' dir='ltr'><strong>homousios,</strong></span> <span class='ocrx_word' id='word_1_711' title='bbox 1242 4638 1292 4692; x_wconf 86' lang='lat' dir='ltr'><strong>id</strong></span> <span class='ocrx_word' id='word_1_712' title='bbox 1331 4650 1433 4706; x_wconf 86' lang='lat' dir='ltr'><strong>est,</strong></span> <span class='ocrx_word' id='word_1_713' title='bbox 1467 4640 1711 4711; x_wconf 83' lang='lat' dir='ltr'><strong>ejusdem</strong></span> <span class='ocrx_word' id='word_1_714' title='bbox 1751 4628 1792 4681; x_wconf 78' lang='grc' dir='ltr'><strong>Ῑ)</strong></span> <span class='ocrx_word' id='word_1_715' title='bbox 1822 4652 1907 4694; x_wconf 88' lang='lat' dir='ltr'><strong>est</strong></span> <span class='ocrx_word' id='word_1_716' title='bbox 1933 4639 2228 4707; x_wconf 87' lang='lat' dir='ltr'><strong>quidquam</strong></span> <span class='ocrx_word' id='word_1_717' title='bbox 2254 4637 2521 4703; x_wconf 92' lang='lat' dir='ltr'><strong>omnium,</strong></span> <span class='ocrx_word' id='word_1_718' title='bbox 2555 4637 2647 4707; x_wconf 89' lang='lat' dir='ltr'><strong>qui</strong></span> <span class='ocrx_word' id='word_1_719' title='bbox 2679 4653 2708 4690; x_wconf 90' lang='lat' dir='ltr'><strong>a</strong></span> <span class='ocrx_word' id='word_1_720' title='bbox 2743 4638 2888 4705; x_wconf 83' lang='lat' dir='ltr'><strong>nullo</strong></span> <span class='ocrx_word' id='word_1_721' title='bbox 2909 4651 3100 4691; x_wconf 89' lang='lat' dir='ltr'><strong>eorum</strong></span> <span class='ocrx_word' id='word_1_722' title='bbox 3122 4650 3246 4703; x_wconf 75' lang='lat' dir='ltr'><strong>quae</strong></span> <span class='ocrx_word' id='word_1_723' title='bbox 3271 4644 3420 4695; x_wconf 86' lang='lat' dir='ltr'><strong>sunt,</strong></span> 
     </span>
    </p>
   </div>
   <div class='ocr_carea' id='block_1_90' title="bbox 132 4724 1713 4799">
    <p class='ocr_par' dir='ltr' id='par_1_90' title="bbox 132 4724 1713 4799">
     <span class='ocr_line' id='line_1_90' title="bbox 132 4724 1713 4799; baseline 0.009 -26"><span class='ocrx_word' id='word_1_724' title='bbox 132 4724 441 4781; x_wconf 69' lang='lat' dir='ltr'><strong>substantia:</strong></span> <span class='ocrx_word' id='word_1_725' title='bbox 470 4726 695 4793; x_wconf 89' lang='lat' dir='ltr'><strong>Patris;</strong></span> <span class='ocrx_word' id='word_1_726' title='bbox 730 4737 784 4781; x_wconf 90' lang='lat' dir='ltr'><strong>et</strong></span> <span class='ocrx_word' id='word_1_727' title='bbox 831 4729 1163 4799; x_wconf 89' lang='lat' dir='ltr'><strong>relinquitur</strong></span> <span class='ocrx_word' id='word_1_728' title='bbox 1202 4739 1260 4785; x_wconf 89' lang='lat' dir='ltr'><strong>ut</strong></span> <span class='ocrx_word' id='word_1_729' title='bbox 1302 4731 1372 4785; x_wconf 91' lang='lat' dir='ltr'><strong>sit</strong></span> <span class='ocrx_word' id='word_1_730' title='bbox 1410 4733 1590 4789; x_wconf 86' lang='lat' dir='ltr'><strong>unitas</strong></span> <span class='ocrx_word' id='word_1_731' title='bbox 1621 4748 1713 4788; x_wconf 81' lang='lat' dir='ltr'><strong>ex-</strong></span> 
     </span>
    </p>
   </div>
   <div class='ocr_carea' id='block_1_91' title="bbox 132 4817 1717 4895">
    <p class='ocr_par' dir='ltr' id='par_1_91' title="bbox 132 4817 1717 4895">
     <span class='ocr_line' id='line_1_91' title="bbox 132 4817 1717 4895; baseline 0.009 -27"><span class='ocrx_word' id='word_1_732' title='bbox 132 4827 247 4881; x_wconf 81' lang='lat' dir='ltr'><strong>pers</strong></span> <span class='ocrx_word' id='word_1_733' title='bbox 276 4817 487 4886; x_wconf 69' lang='lat' dir='ltr'><strong>formae,</strong></span> <span class='ocrx_word' id='word_1_734' title='bbox 520 4828 579 4875; x_wconf 87' lang='lat' dir='ltr'><strong>et</strong></span> <span class='ocrx_word' id='word_1_735' title='bbox 614 4819 818 4891; x_wconf 71' lang='lat' dir='ltr'><strong>ﬁgurze,</strong></span> <span class='ocrx_word' id='word_1_736' title='bbox 851 4830 904 4876; x_wconf 88' lang='lat' dir='ltr'><strong>et</strong></span> <span class='ocrx_word' id='word_1_737' title='bbox 933 4822 1157 4891; x_wconf 87' lang='lat' dir='ltr'><strong>speciei,</strong></span> <span class='ocrx_word' id='word_1_738' title='bbox 1186 4831 1245 4877; x_wconf 89' lang='lat' dir='ltr'><strong>et</strong></span> <span class='ocrx_word' id='word_1_739' title='bbox 1261 4823 1491 4889; x_wconf 89' lang='lat' dir='ltr'><strong>coloris;</strong></span> <span class='ocrx_word' id='word_1_740' title='bbox 1521 4840 1717 4895; x_wconf 82' lang='lat' dir='ltr'><strong>expers</strong></span> 
     </span>
    </p>
   </div>
   <div class='ocr_carea' id='block_1_92' title="bbox 130 4904 1717 4980">
    <p class='ocr_par' dir='ltr' id='par_1_92' title="bbox 130 4904 1717 4980">
     <span class='ocr_line' id='line_1_92' title="bbox 130 4904 1717 4980; baseline 0.006 -22"><span class='ocrx_word' id='word_1_741' title='bbox 130 4904 282 4974; x_wconf 89' lang='lat' dir='ltr'><strong>igitur</strong></span> <span class='ocrx_word' id='word_1_742' title='bbox 310 4918 394 4964; x_wconf 91' lang='lat' dir='ltr'><strong>est</strong></span> <span class='ocrx_word' id='word_1_743' title='bbox 429 4909 644 4974; x_wconf 73' lang='lat' dir='ltr'><strong>formte,</strong></span> <span class='ocrx_word' id='word_1_744' title='bbox 688 4910 813 4980; x_wconf 89' lang='lat' dir='ltr'><strong>quia</strong></span> <span class='ocrx_word' id='word_1_745' title='bbox 855 4911 995 4966; x_wconf 90' lang='lat' dir='ltr'><strong>idem</strong></span> <span class='ocrx_word' id='word_1_746' title='bbox 1029 4922 1108 4967; x_wconf 88' lang='lat' dir='ltr'><strong>est</strong></span> <span class='ocrx_word' id='word_1_747' title='bbox 1142 4912 1338 4979; x_wconf 76' lang='lat' dir='ltr'><strong>forma,</strong></span> <span class='ocrx_word' id='word_1_748' title='bbox 1379 4924 1433 4967; x_wconf 92' lang='lat' dir='ltr'><strong>et</strong></span> <span class='ocrx_word' id='word_1_749' title='bbox 1459 4915 1717 4969; x_wconf 85' lang='lat' dir='ltr'><strong>substan-</strong></span> 
     </span>
    </p>
   </div>
   <div class='ocr_carea' id='block_1_93' title="bbox 131 4998 1712 5076">
    <p class='ocr_par' dir='ltr' id='par_1_93' title="bbox 131 4998 1712 5076">
     <span class='ocr_line' id='line_1_93' title="bbox 131 4998 1712 5076; baseline 0.007 -27"><span class='ocrx_word' id='word_1_750' title='bbox 131 4998 196 5049; x_wconf 87' lang='lat' dir='ltr'><strong>tia</strong></span> <span class='ocrx_word' id='word_1_751' title='bbox 222 4999 337 5055; x_wconf 88' lang='lat' dir='ltr'><strong>Dei.</strong></span> <span class='ocrx_word' id='word_1_752' title='bbox 371 5000 491 5058; x_wconf 82' lang='lat' dir='ltr'><strong>Hoc</strong></span> <span class='ocrx_word' id='word_1_753' title='bbox 524 5004 674 5058; x_wconf 87' lang='lat' dir='ltr'><strong>enim</strong></span> <span class='ocrx_word' id='word_1_754' title='bbox 713 5003 783 5059; x_wconf 86' lang='lat' dir='ltr'><strong>ab</strong></span> <span class='ocrx_word' id='word_1_755' title='bbox 814 5004 1072 5061; x_wconf 91' lang='lat' dir='ltr'><strong>omnibus</strong></span> <span class='ocrx_word' id='word_1_756' title='bbox 1102 5004 1367 5076; x_wconf 89' lang='lat' dir='ltr'><strong>theologis</strong></span> <span class='ocrx_word' id='word_1_757' title='bbox 1395 5022 1712 5062; x_wconf 74' lang='lat' dir='ltr'><strong>concessum</strong></span> 
     </span>
    </p>
   </div>
   <div class='ocr_carea' id='block_1_94' title="bbox 126 5092 1717 5166">
    <p class='ocr_par' dir='ltr' id='par_1_94' title="bbox 126 5092 1717 5166">
     <span class='ocr_line' id='line_1_94' title="bbox 126 5092 1717 5166; baseline 0.007 -24"><span class='ocrx_word' id='word_1_758' title='bbox 126 5098 223 5144; x_wconf 89' lang='lat' dir='ltr'><strong>est.</strong></span> <span class='ocrx_word' id='word_1_759' title='bbox 267 5092 439 5161; x_wconf 84' lang='lat' dir='ltr'><strong>igitur</strong></span> <span class='ocrx_word' id='word_1_760' title='bbox 473 5094 531 5149; x_wconf 93' lang='lat' dir='ltr'><strong>in</strong></span> <span class='ocrx_word' id='word_1_761' title='bbox 576 5094 690 5150; x_wconf 89' lang='lat' dir='ltr'><strong>sola</strong></span> <span class='ocrx_word' id='word_1_762' title='bbox 727 5095 1155 5151; x_wconf 80' lang='lat' dir='ltr'><strong>substantiaest</strong></span> <span class='ocrx_word' id='word_1_763' title='bbox 1190 5097 1357 5160; x_wconf 86' lang='lat' dir='ltr'><strong>Deus,</strong></span> <span class='ocrx_word' id='word_1_764' title='bbox 1407 5113 1513 5151; x_wconf 89' lang='lat' dir='ltr'><strong>non</strong></span> <span class='ocrx_word' id='word_1_765' title='bbox 1550 5098 1717 5166; x_wconf 91' lang='lat' dir='ltr'><strong>igitur</strong></span> 
     </span>
    </p>
   </div>
   <div class='ocr_carea' id='block_1_95' title="bbox 129 5181 1712 5255">
    <p class='ocr_par' dir='ltr' id='par_1_95' title="bbox 129 5181 1712 5255">
     <span class='ocr_line' id='line_1_95' title="bbox 129 5181 1712 5255; baseline 0.008 -23"><span class='ocrx_word' id='word_1_766' title='bbox 129 5181 176 5233; x_wconf 91' lang='lat' dir='ltr'><strong>in</strong></span> <span class='ocrx_word' id='word_1_767' title='bbox 209 5182 386 5243; x_wconf 80' lang='lat' dir='ltr'><strong>forma</strong></span> <span class='ocrx_word' id='word_1_768' title='bbox 432 5189 591 5243; x_wconf 87' lang='lat' dir='ltr'><strong>circa</strong></span> <span class='ocrx_word' id='word_1_769' title='bbox 632 5189 1022 5255; x_wconf 88' lang='lat' dir='ltr'><strong>substantiam,</strong></span> <span class='ocrx_word' id='word_1_770' title='bbox 1065 5190 1181 5245; x_wconf 58' lang='lat' dir='ltr'><strong>hac</strong></span> <span class='ocrx_word' id='word_1_771' title='bbox 1210 5189 1359 5244; x_wconf 87' lang='lat' dir='ltr'><strong>enim</strong></span> <span class='ocrx_word' id='word_1_772' title='bbox 1402 5186 1579 5245; x_wconf 75' lang='lat' dir='ltr'><strong>forma</strong></span> <span class='ocrx_word' id='word_1_773' title='bbox 1610 5206 1712 5245; x_wconf 89' lang='lat' dir='ltr'><strong>non</strong></span> 
     </span>
    </p>
   </div>
   <div class='ocr_carea' id='block_1_96' title="bbox 124 5278 1714 5351">
    <p class='ocr_par' dir='ltr' id='par_1_96' title="bbox 124 5278 1714 5351">
     <span class='ocr_line' id='line_1_96' title="bbox 124 5278 1714 5351; baseline 0.003 -22"><span class='ocrx_word' id='word_1_774' title='bbox 124 5284 199 5330; x_wconf 82' lang='lat' dir='ltr'><strong>est</strong></span> <span class='ocrx_word' id='word_1_775' title='bbox 227 5278 340 5333; x_wconf 84' lang='lat' dir='ltr'><strong>sola</strong></span> <span class='ocrx_word' id='word_1_776' title='bbox 373 5280 723 5345; x_wconf 85' lang='lat' dir='ltr'><strong>substantia,</strong></span> <span class='ocrx_word' id='word_1_777' title='bbox 754 5291 841 5336; x_wconf 84' lang='lat' dir='ltr'><strong>est</strong></span> <span class='ocrx_word' id='word_1_778' title='bbox 871 5282 1035 5334; x_wconf 87' lang='lat' dir='ltr'><strong>etiam</strong></span> <span class='ocrx_word' id='word_1_779' title='bbox 1065 5280 1188 5336; x_wconf 86' lang='lat' dir='ltr'><strong>sine</strong></span> <span class='ocrx_word' id='word_1_780' title='bbox 1232 5281 1422 5350; x_wconf 82' lang='lat' dir='ltr'><strong>ﬁgura,</strong></span> <span class='ocrx_word' id='word_1_781' title='bbox 1459 5282 1582 5351; x_wconf 84' lang='lat' dir='ltr'><strong>quia</strong></span> <span class='ocrx_word' id='word_1_782' title='bbox 1617 5282 1714 5334; x_wconf 86' lang='lat' dir='ltr'><strong>tle-</strong></span> 
     </span>
    </p>
   </div>
   <div class='ocr_carea' id='block_1_97' title="bbox 125 5373 1713 5430">
    <p class='ocr_par' dir='ltr' id='par_1_97' title="bbox 125 5373 1713 5430">
     <span class='ocr_line' id='line_1_97' title="bbox 125 5373 1713 5430; baseline 0.004 -9"><span class='ocrx_word' id='word_1_783' title='bbox 125 5379 493 5426; x_wconf 86' lang='lat' dir='ltr'><strong>monstratum</strong></span> <span class='ocrx_word' id='word_1_784' title='bbox 525 5380 613 5428; x_wconf 88' lang='lat' dir='ltr'><strong>est</strong></span> <span class='ocrx_word' id='word_1_785' title='bbox 646 5388 753 5428; x_wconf 92' lang='lat' dir='ltr'><strong>non</strong></span> <span class='ocrx_word' id='word_1_786' title='bbox 794 5373 996 5428; x_wconf 89' lang='lat' dir='ltr'><strong>habere</strong></span> <span class='ocrx_word' id='word_1_787' title='bbox 1022 5373 1281 5428; x_wconf 87' lang='lat' dir='ltr'><strong>medium.</strong></span> <span class='ocrx_word' id='word_1_788' title='bbox 1314 5374 1370 5430; x_wconf 91' lang='lat' dir='ltr'><strong>Si</strong></span> <span class='ocrx_word' id='word_1_789' title='bbox 1397 5385 1579 5429; x_wconf 89' lang='lat' dir='ltr'><strong>autem</strong></span> <span class='ocrx_word' id='word_1_790' title='bbox 1606 5390 1713 5430; x_wconf 91' lang='lat' dir='ltr'><strong>non</strong></span> 
     </span>
    </p>
   </div>
   <div class='ocr_carea' id='block_1_98' title="bbox 123 5453 1715 5536">
    <p class='ocr_par' dir='ltr' id='par_1_98' title="bbox 123 5453 1715 5536">
     <span class='ocr_line' id='line_1_98' title="bbox 123 5453 1715 5536; baseline 0.008 -26"><span class='ocrx_word' id='word_1_791' title='bbox 123 5453 281 5516; x_wconf 85' lang='lat' dir='ltr'><strong>habet</strong></span> <span class='ocrx_word' id='word_1_792' title='bbox 333 5463 612 5528; x_wconf 87' lang='lat' dir='ltr'><strong>medium,</strong></span> <span class='ocrx_word' id='word_1_793' title='bbox 656 5480 837 5534; x_wconf 89' lang='lat' dir='ltr'><strong>neque</strong></span> <span class='ocrx_word' id='word_1_794' title='bbox 876 5465 1119 5530; x_wconf 89' lang='lat' dir='ltr'><strong>rotundi,</strong></span> <span class='ocrx_word' id='word_1_795' title='bbox 1154 5481 1330 5536; x_wconf 91' lang='lat' dir='ltr'><strong>neque</strong></span> <span class='ocrx_word' id='word_1_796' title='bbox 1372 5467 1501 5522; x_wconf 88' lang='lat' dir='ltr'><strong>recti</strong></span> <span class='ocrx_word' id='word_1_797' title='bbox 1542 5468 1715 5534; x_wconf 86' lang='lat' dir='ltr'><strong>parti-</strong></span> 
     </span>
    </p>
   </div>
   <div class='ocr_carea' id='block_1_99' title="bbox 122 5557 1714 5626">
    <p class='ocr_par' dir='ltr' id='par_1_99' title="bbox 122 5557 1714 5626">
     <span class='ocr_line' id='line_1_99' title="bbox 122 5557 1714 5626; baseline 0.007 -23"><span class='ocrx_word' id='word_1_798' title='bbox 122 5564 246 5620; x_wconf 87' lang='lat' dir='ltr'><strong>ceps</strong></span> <span class='ocrx_word' id='word_1_799' title='bbox 278 5564 406 5621; x_wconf 89' lang='lat' dir='ltr'><strong>est;</strong></span> <span class='ocrx_word' id='word_1_800' title='bbox 460 5557 591 5626; x_wconf 88' lang='lat' dir='ltr'><strong>quia</strong></span> <span class='ocrx_word' id='word_1_801' title='bbox 619 5557 712 5613; x_wconf 91' lang='lat' dir='ltr'><strong>ubi</strong></span> <span class='ocrx_word' id='word_1_802' title='bbox 742 5574 846 5613; x_wconf 91' lang='lat' dir='ltr'><strong>non</strong></span> <span class='ocrx_word' id='word_1_803' title='bbox 892 5568 976 5613; x_wconf 90' lang='lat' dir='ltr'><strong>est</strong></span> <span class='ocrx_word' id='word_1_804' title='bbox 1020 5557 1282 5624; x_wconf 91' lang='lat' dir='ltr'><strong>medium,</strong></span> <span class='ocrx_word' id='word_1_805' title='bbox 1328 5574 1428 5614; x_wconf 93' lang='lat' dir='ltr'><strong>nec</strong></span> <span class='ocrx_word' id='word_1_806' title='bbox 1467 5569 1714 5614; x_wconf 80' lang='lat' dir='ltr'><strong>extrema</strong></span> 
     </span>
    </p>
   </div>
   <div class='ocr_carea' id='block_1_100' title="bbox 117 5644 1713 5721">
    <p class='ocr_par' dir='ltr' id='par_1_100' title="bbox 117 5644 1713 5721">
     <span class='ocr_line' id='line_1_100' title="bbox 117 5644 1713 5721; baseline 0.004 -24"><span class='ocrx_word' id='word_1_807' title='bbox 117 5644 404 5712; x_wconf 70' lang='lat' dir='ltr'><strong>aqualiter</strong></span> <span class='ocrx_word' id='word_1_808' title='bbox 438 5662 471 5702; x_wconf 88' lang='lat' dir='ltr'><strong>a</strong></span> <span class='ocrx_word' id='word_1_809' title='bbox 524 5648 705 5705; x_wconf 87' lang='lat' dir='ltr'><strong>medio</strong></span> <span class='ocrx_word' id='word_1_810' title='bbox 732 5650 1032 5715; x_wconf 90' lang='lat' dir='ltr'><strong>distabunt,</strong></span> <span class='ocrx_word' id='word_1_811' title='bbox 1077 5648 1222 5720; x_wconf 91' lang='lat' dir='ltr'><strong>quod</strong></span> <span class='ocrx_word' id='word_1_812' title='bbox 1254 5651 1473 5721; x_wconf 86' lang='lat' dir='ltr'><strong>quidem</strong></span> <span class='ocrx_word' id='word_1_813' title='bbox 1521 5649 1577 5704; x_wconf 90' lang='lat' dir='ltr'><strong>in</strong></span> <span class='ocrx_word' id='word_1_814' title='bbox 1625 5664 1713 5704; x_wconf 82' lang='lat' dir='ltr'><strong>ro-</strong></span> 
     </span>
    </p>
   </div>
   <div class='ocr_carea' id='block_1_101' title="bbox 114 5912 238 5968">
    <p class='ocr_par' dir='ltr' id='par_1_101' title="bbox 114 5912 238 5968">
     <span class='ocr_line' id='line_1_101' title="bbox 114 5912 238 5968; baseline 0.016 -2"><span class='ocrx_word' id='word_1_815' title='bbox 114 5912 238 5968; x_wconf 83' lang='lat' dir='ltr'><strong>vita.</strong></span> 
     </span>
    </p>
   </div>
   <div class='ocr_carea' id='block_1_102' title="bbox 1825 4724 3425 4797">
    <p class='ocr_par' dir='ltr' id='par_1_102' title="bbox 1825 4724 3425 4797">
     <span class='ocr_line' id='line_1_102' title="bbox 1825 4724 3425 4797; baseline -0.008 -11"><span class='ocrx_word' id='word_1_816' title='bbox 1825 4731 2177 4794; x_wconf 77' lang='lat' dir='ltr'><strong>continetur;</strong></span> <span class='ocrx_word' id='word_1_817' title='bbox 2215 4744 2317 4784; x_wconf 92' lang='lat' dir='ltr'><strong>nec</strong></span> <span class='ocrx_word' id='word_1_818' title='bbox 2360 4738 2444 4783; x_wconf 87' lang='lat' dir='ltr'><strong>est</strong></span> <span class='ocrx_word' id='word_1_819' title='bbox 2474 4744 2671 4783; x_wconf 88' lang='lat' dir='ltr'><strong>nomen</strong></span> <span class='ocrx_word' id='word_1_820' title='bbox 2709 4728 2849 4797; x_wconf 89' lang='lat' dir='ltr'><strong>ejus,</strong></span> <span class='ocrx_word' id='word_1_821' title='bbox 2887 4742 2996 4794; x_wconf 92' lang='lat' dir='ltr'><strong>quo</strong></span> <span class='ocrx_word' id='word_1_822' title='bbox 3032 4740 3127 4794; x_wconf 87' lang='lat' dir='ltr'><strong>per</strong></span> <span class='ocrx_word' id='word_1_823' title='bbox 3172 4740 3284 4778; x_wconf 88' lang='lat' dir='ltr'><strong>rem</strong></span> <span class='ocrx_word' id='word_1_824' title='bbox 3327 4724 3425 4775; x_wconf 85' lang='lat' dir='ltr'><strong>ali-</strong></span> 
     </span>
    </p>
   </div>
   <div class='ocr_carea' id='block_1_103' title="bbox 1823 4818 3424 4893">
    <p class='ocr_par' dir='ltr' id='par_1_103' title="bbox 1823 4818 3424 4893">
     <span class='ocr_line' id='line_1_103' title="bbox 1823 4818 3424 4893; baseline -0.006 -18"><span class='ocrx_word' id='word_1_825' title='bbox 1823 4838 1987 4893; x_wconf 86' lang='lat' dir='ltr'><strong>quam</strong></span> <span class='ocrx_word' id='word_1_826' title='bbox 2035 4837 2102 4878; x_wconf 84' lang='lat' dir='ltr'><strong>ex</strong></span> <span class='ocrx_word' id='word_1_827' title='bbox 2139 4823 2205 4875; x_wconf 86' lang='lat' dir='ltr'><strong>iis</strong></span> <span class='ocrx_word' id='word_1_828' title='bbox 2238 4836 2357 4891; x_wconf 78' lang='lat' dir='ltr'><strong>quae</strong></span> <span class='ocrx_word' id='word_1_829' title='bbox 2391 4828 2539 4884; x_wconf 88' lang='lat' dir='ltr'><strong>sunt,</strong></span> <span class='ocrx_word' id='word_1_830' title='bbox 2573 4820 2927 4884; x_wconf 83' lang='lat' dir='ltr'><strong>nominetur;</strong></span> <span class='ocrx_word' id='word_1_831' title='bbox 2964 4818 3106 4871; x_wconf 80' lang='lat' dir='ltr'><strong>unde</strong></span> <span class='ocrx_word' id='word_1_832' title='bbox 3148 4819 3293 4870; x_wconf 87' lang='lat' dir='ltr'><strong>enim</strong></span> <span class='ocrx_word' id='word_1_833' title='bbox 3328 4833 3424 4870; x_wconf 83' lang='lat' dir='ltr'><strong>no—</strong></span> 
     </span>
    </p>
   </div>
   <div class='ocr_carea' id='block_1_104' title="bbox 1824 4907 3420 4980">
    <p class='ocr_par' dir='ltr' id='par_1_104' title="bbox 1824 4907 3420 4980">
     <span class='ocr_line' id='line_1_104' title="bbox 1824 4907 3420 4980; baseline -0.005 -11"><span class='ocrx_word' id='word_1_834' title='bbox 1824 4915 2157 4977; x_wconf 86' lang='lat' dir='ltr'><strong>minabatur,</strong></span> <span class='ocrx_word' id='word_1_835' title='bbox 2186 4914 2230 4967; x_wconf 93' lang='lat' dir='ltr'><strong>si</strong></span> <span class='ocrx_word' id='word_1_836' title='bbox 2279 4912 2409 4965; x_wconf 90' lang='lat' dir='ltr'><strong>nihil</strong></span> <span class='ocrx_word' id='word_1_837' title='bbox 2450 4919 2535 4965; x_wconf 88' lang='lat' dir='ltr'><strong>est</strong></span> <span class='ocrx_word' id='word_1_838' title='bbox 2574 4926 2639 4965; x_wconf 84' lang='lat' dir='ltr'><strong>ex</strong></span> <span class='ocrx_word' id='word_1_839' title='bbox 2676 4911 2742 4965; x_wconf 90' lang='lat' dir='ltr'><strong>iis</strong></span> <span class='ocrx_word' id='word_1_840' title='bbox 2771 4926 2891 4980; x_wconf 69' lang='lat' dir='ltr'><strong>qua:</strong></span> <span class='ocrx_word' id='word_1_841' title='bbox 2933 4910 3101 4963; x_wconf 81' lang='lat' dir='ltr'><strong>sunt?</strong></span> <span class='ocrx_word' id='word_1_842' title='bbox 3155 4907 3420 4961; x_wconf 62' lang='lat' dir='ltr'><strong>Pra‘terea</strong></span> 
     </span>
    </p>
   </div>
   <div class='ocr_carea' id='block_1_105' title="bbox 1831 5002 3418 5068">
    <p class='ocr_par' dir='ltr' id='par_1_105' title="bbox 1831 5002 3418 5068">
     <span class='ocr_line' id='line_1_105' title="bbox 1831 5002 3418 5068; baseline -0.008 -7"><span class='ocrx_word' id='word_1_843' title='bbox 1831 5017 2004 5062; x_wconf 90' lang='lat' dir='ltr'><strong>totum</strong></span> <span class='ocrx_word' id='word_1_844' title='bbox 2040 5017 2093 5062; x_wconf 89' lang='lat' dir='ltr'><strong>et</strong></span> <span class='ocrx_word' id='word_1_845' title='bbox 2129 5007 2303 5061; x_wconf 92' lang='lat' dir='ltr'><strong>solum</strong></span> <span class='ocrx_word' id='word_1_846' title='bbox 2334 5004 2387 5059; x_wconf 90' lang='lat' dir='ltr'><strong>in</strong></span> <span class='ocrx_word' id='word_1_847' title='bbox 2415 5005 2648 5067; x_wconf 88' lang='lat' dir='ltr'><strong>unitate,</strong></span> <span class='ocrx_word' id='word_1_848' title='bbox 2680 5002 2974 5059; x_wconf 89' lang='lat' dir='ltr'><strong>essentiam</strong></span> <span class='ocrx_word' id='word_1_849' title='bbox 3004 5009 3418 5068; x_wconf 77' lang='lat' dir='ltr'><strong>exsuperantem</strong></span> 
     </span>
    </p>
   </div>
   <div class='ocr_carea' id='block_1_106' title="bbox 1825 5093 3415 5169">
    <p class='ocr_par' dir='ltr' id='par_1_106' title="bbox 1825 5093 3415 5169">
     <span class='ocr_line' id='line_1_106' title="bbox 1825 5093 3415 5169; baseline -0.008 -14"><span class='ocrx_word' id='word_1_850' title='bbox 1825 5107 2204 5169; x_wconf 80' lang='lat' dir='ltr'><strong>reprzesentat,</strong></span> <span class='ocrx_word' id='word_1_851' title='bbox 2243 5108 2298 5153; x_wconf 89' lang='lat' dir='ltr'><strong>et</strong></span> <span class='ocrx_word' id='word_1_852' title='bbox 2333 5113 2439 5153; x_wconf 93' lang='lat' dir='ltr'><strong>non</strong></span> <span class='ocrx_word' id='word_1_853' title='bbox 2486 5097 2810 5168; x_wconf 86' lang='lat' dir='ltr'><strong>positionem</strong></span> <span class='ocrx_word' id='word_1_854' title='bbox 2859 5093 3161 5165; x_wconf 88' lang='lat' dir='ltr'><strong>quamlibet</strong></span> <span class='ocrx_word' id='word_1_855' title='bbox 3200 5107 3415 5153; x_wconf 85' lang='lat' dir='ltr'><strong>rerum;</strong></span> 
     </span>
    </p>
   </div>
   <div class='ocr_carea' id='block_1_107' title="bbox 1823 5183 3411 5261">
    <p class='ocr_par' dir='ltr' id='par_1_107' title="bbox 1823 5183 3411 5261">
     <span class='ocr_line' id='line_1_107' title="bbox 1823 5183 3411 5261; baseline -0.008 -14"><span class='ocrx_word' id='word_1_856' title='bbox 1823 5191 2048 5261; x_wconf 89' lang='lat' dir='ltr'><strong>perinde</strong></span> <span class='ocrx_word' id='word_1_857' title='bbox 2071 5189 2215 5247; x_wconf 86' lang='lat' dir='ltr'><strong>enim</strong></span> <span class='ocrx_word' id='word_1_858' title='bbox 2247 5200 2332 5245; x_wconf 83' lang='lat' dir='ltr'><strong>est</strong></span> <span class='ocrx_word' id='word_1_859' title='bbox 2359 5190 2563 5255; x_wconf 90' lang='lat' dir='ltr'><strong>dicere,</strong></span> <span class='ocrx_word' id='word_1_860' title='bbox 2591 5198 2739 5246; x_wconf 90' lang='lat' dir='ltr'><strong>totus</strong></span> <span class='ocrx_word' id='word_1_861' title='bbox 2765 5186 3093 5251; x_wconf 87' lang='lat' dir='ltr'><strong>substantia,</strong></span> <span class='ocrx_word' id='word_1_862' title='bbox 3138 5194 3192 5240; x_wconf 91' lang='lat' dir='ltr'><strong>et</strong></span> <span class='ocrx_word' id='word_1_863' title='bbox 3233 5183 3411 5238; x_wconf 88' lang='lat' dir='ltr'><strong>solum</strong></span> 
     </span>
    </p>
   </div>
   <div class='ocr_carea' id='block_1_108' title="bbox 1821 5274 3419 5344">
    <p class='ocr_par' dir='ltr' id='par_1_108' title="bbox 1821 5274 3419 5344">
     <span class='ocr_line' id='line_1_108' title="bbox 1821 5274 3419 5344; baseline -0.007 -7"><span class='ocrx_word' id='word_1_864' title='bbox 1821 5292 1905 5337; x_wconf 90' lang='lat' dir='ltr'><strong>est</strong></span> <span class='ocrx_word' id='word_1_865' title='bbox 1950 5282 2111 5344; x_wconf 88' lang='lat' dir='ltr'><strong>Deus,</strong></span> <span class='ocrx_word' id='word_1_866' title='bbox 2144 5290 2199 5337; x_wconf 92' lang='lat' dir='ltr'><strong>et</strong></span> <span class='ocrx_word' id='word_1_867' title='bbox 2240 5282 2291 5336; x_wconf 93' lang='lat' dir='ltr'><strong>in</strong></span> <span class='ocrx_word' id='word_1_868' title='bbox 2345 5280 2462 5335; x_wconf 75' lang='lat' dir='ltr'><strong>sola</strong></span> <span class='ocrx_word' id='word_1_869' title='bbox 2504 5280 2807 5336; x_wconf 88' lang='lat' dir='ltr'><strong>substantia</strong></span> <span class='ocrx_word' id='word_1_870' title='bbox 2863 5287 2968 5341; x_wconf 91' lang='lat' dir='ltr'><strong>est,</strong></span> <span class='ocrx_word' id='word_1_871' title='bbox 3018 5287 3184 5343; x_wconf 86' lang='lat' dir='ltr'><strong>atque</strong></span> <span class='ocrx_word' id='word_1_872' title='bbox 3234 5274 3419 5327; x_wconf 85' lang='lat' dir='ltr'><strong>dicere</strong></span> 
     </span>
    </p>
   </div>
   <div class='ocr_carea' id='block_1_109' title="bbox 1823 5370 3417 5446">
    <p class='ocr_par' dir='ltr' id='par_1_109' title="bbox 1823 5370 3417 5446">
     <span class='ocr_line' id='line_1_109' title="bbox 1823 5370 3417 5446; baseline -0.006 -17"><span class='ocrx_word' id='word_1_873' title='bbox 1823 5390 1985 5446; x_wconf 89' lang='lat' dir='ltr'><strong>supra</strong></span> <span class='ocrx_word' id='word_1_874' title='bbox 2023 5388 2238 5429; x_wconf 87' lang='lat' dir='ltr'><strong>omnem</strong></span> <span class='ocrx_word' id='word_1_875' title='bbox 2271 5373 2634 5428; x_wconf 83' lang='lat' dir='ltr'><strong>substantiam</strong></span> <span class='ocrx_word' id='word_1_876' title='bbox 2663 5384 2808 5437; x_wconf 86' lang='lat' dir='ltr'><strong>esse,</strong></span> <span class='ocrx_word' id='word_1_877' title='bbox 2856 5378 2909 5424; x_wconf 90' lang='lat' dir='ltr'><strong>et</strong></span> <span class='ocrx_word' id='word_1_878' title='bbox 2945 5382 3052 5422; x_wconf 92' lang='lat' dir='ltr'><strong>non</strong></span> <span class='ocrx_word' id='word_1_879' title='bbox 3087 5370 3417 5420; x_wconf 84' lang='lat' dir='ltr'><strong>adnumera-</strong></span> 
     </span>
    </p>
   </div>
   <div class='ocr_carea' id='block_1_110' title="bbox 1826 5457 3421 5532">
    <p class='ocr_par' dir='ltr' id='par_1_110' title="bbox 1826 5457 3421 5532">
     <span class='ocr_line' id='line_1_110' title="bbox 1826 5457 3421 5532; baseline -0.009 -13"><span class='ocrx_word' id='word_1_880' title='bbox 1826 5474 1911 5519; x_wconf 90' lang='lat' dir='ltr'><strong>tur</strong></span> <span class='ocrx_word' id='word_1_881' title='bbox 1949 5464 2042 5518; x_wconf 88' lang='lat' dir='ltr'><strong>ulli</strong></span> <span class='ocrx_word' id='word_1_882' title='bbox 2092 5462 2412 5518; x_wconf 69' lang='lat' dir='ltr'><strong>substantia:</strong></span> <span class='ocrx_word' id='word_1_883' title='bbox 2452 5478 2638 5519; x_wconf 87' lang='lat' dir='ltr'><strong>earum</strong></span> <span class='ocrx_word' id='word_1_884' title='bbox 2686 5476 2824 5532; x_wconf 86' lang='lat' dir='ltr'><strong>quas</strong></span> <span class='ocrx_word' id='word_1_885' title='bbox 2880 5458 3156 5530; x_wconf 78' lang='lat' dir='ltr'><strong>produxit.</strong></span> <span class='ocrx_word' id='word_1_886' title='bbox 3210 5457 3303 5510; x_wconf 88' lang='lat' dir='ltr'><strong>sed</strong></span> <span class='ocrx_word' id='word_1_887' title='bbox 3339 5464 3421 5507; x_wconf 86' lang='lat' dir='ltr'><strong>est</strong></span> 
     </span>
    </p>
   </div>
   <div class='ocr_carea' id='block_1_111' title="bbox 1824 5547 3418 5627">
    <p class='ocr_par' dir='ltr' id='par_1_111' title="bbox 1824 5547 3418 5627">
     <span class='ocr_line' id='line_1_111' title="bbox 1824 5547 3418 5627; baseline -0.008 -15"><span class='ocrx_word' id='word_1_888' title='bbox 1824 5556 1940 5612; x_wconf 85' lang='lat' dir='ltr'><strong>sola</strong></span> <span class='ocrx_word' id='word_1_889' title='bbox 1963 5570 2030 5609; x_wconf 79' lang='lat' dir='ltr'><strong>ex</strong></span> <span class='ocrx_word' id='word_1_890' title='bbox 2058 5554 2182 5610; x_wconf 89' lang='lat' dir='ltr'><strong>aliis</strong></span> <span class='ocrx_word' id='word_1_891' title='bbox 2207 5566 2484 5627; x_wconf 72' lang='lat' dir='ltr'><strong>eseutpta,</strong></span> <span class='ocrx_word' id='word_1_892' title='bbox 2513 5563 2569 5611; x_wconf 90' lang='lat' dir='ltr'><strong>et</strong></span> <span class='ocrx_word' id='word_1_893' title='bbox 2605 5552 2802 5625; x_wconf 87' lang='lat' dir='ltr'><strong>prima,</strong></span> <span class='ocrx_word' id='word_1_894' title='bbox 2828 5560 2882 5606; x_wconf 92' lang='lat' dir='ltr'><strong>et</strong></span> <span class='ocrx_word' id='word_1_895' title='bbox 2917 5550 3072 5622; x_wconf 85' lang='lat' dir='ltr'><strong>cujus</strong></span> <span class='ocrx_word' id='word_1_896' title='bbox 3116 5547 3418 5603; x_wconf 86' lang='lat' dir='ltr'><strong>substantia</strong></span> 
     </span>
    </p>
   </div>
   <div class='ocr_carea' id='block_1_112' title="bbox 1824 5656 2113 5705">
    <p class='ocr_par' dir='ltr' id='par_1_112' title="bbox 1824 5656 2113 5705">
     <span class='ocr_line' id='line_1_112' title="bbox 1824 5656 2113 5705; baseline -0.007 0"><span class='ocrx_word' id='word_1_897' title='bbox 1824 5656 1909 5705; x_wconf 86' lang='lat' dir='ltr'><strong>est</strong></span> <span class='ocrx_word' id='word_1_898' title='bbox 1936 5657 2113 5704; x_wconf 83' lang='lat' dir='ltr'><strong>actus.</strong></span> 
     </span>
    </p>
   </div>
   <div class='ocr_carea' id='block_1_113' title="bbox 180 5840 3421 5919">
    <p class='ocr_par' dir='ltr' id='par_1_113' title="bbox 180 5840 3421 5919">
     <span class='ocr_line' id='line_1_113' title="bbox 180 5840 3421 5919; baseline 0.001 -21"><span class='ocrx_word' id='word_1_899' title='bbox 180 5842 258 5913; x_wconf 75' lang='grc' dir='ltr'><strong>(α)</strong></span> <span class='ocrx_word' id='word_1_900' title='bbox 292 5840 634 5903; x_wconf 86' lang='lat' dir='ltr'><strong>Universum</strong></span> <span class='ocrx_word' id='word_1_901' title='bbox 687 5849 939 5904; x_wconf 87' lang='lat' dir='ltr'><strong>universe</strong></span> <span class='ocrx_word' id='word_1_902' title='bbox 995 5847 1172 5905; x_wconf 88' lang='lat' dir='ltr'><strong>omnis</strong></span> <span class='ocrx_word' id='word_1_903' title='bbox 1211 5849 1342 5918; x_wconf 77' lang='lat' dir='ltr'><strong>vita,</strong></span> <span class='ocrx_word' id='word_1_904' title='bbox 1397 5849 1708 5907; x_wconf 86' lang='lat' dir='ltr'><strong>universum</strong></span> <span class='ocrx_word' id='word_1_905' title='bbox 1744 5864 1851 5907; x_wconf 89' lang='lat' dir='ltr'><strong>non</strong></span> <span class='ocrx_word' id='word_1_906' title='bbox 1911 5850 2189 5916; x_wconf 87' lang='lat' dir='ltr'><strong>universe,</strong></span> <span class='ocrx_word' id='word_1_907' title='bbox 2238 5851 2331 5907; x_wconf 85' lang='lat' dir='ltr'><strong>sed</strong></span> <span class='ocrx_word' id='word_1_908' title='bbox 2392 5848 2445 5905; x_wconf 90' lang='lat' dir='ltr'><strong>in</strong></span> <span class='ocrx_word' id='word_1_909' title='bbox 2512 5855 2685 5918; x_wconf 86' lang='lat' dir='ltr'><strong>parte,</strong></span> <span class='ocrx_word' id='word_1_910' title='bbox 2718 5847 2832 5903; x_wconf 79' lang='lat' dir='ltr'><strong>sive</strong></span> <span class='ocrx_word' id='word_1_911' title='bbox 2883 5845 3312 5919; x_wconf 84' lang='lat' dir='ltr'><strong>particulariter,</strong></span> <span class='ocrx_word' id='word_1_912' title='bbox 3363 5852 3421 5902; x_wconf 87' lang='lat' dir='ltr'><strong>ut</strong></span> 
     </span>
    </p>
   </div>
  </div>
