3780 6534
354 384 462 450 987
1426 404 1427 407 η
1522 374 1846 443 JOANNlS
1887 371 2462 436 CYPARISSIOTIE
3468 368 3557 431 988

984 495 1211 551 CAPUT
1252 494 1319 551 Χ.

360 594 513 656 Quod
568 592 743 646 unitas
794 589 1078 646 Trinitatis
1124 606 1286 657 supra
1332 604 1533 641 onmem
1571 585 1921 657 substantiam

432 675 532 725 est,
557 673 606 717 et
644 679 800 730 supra
823 678 1023 716 animus
1052 654 1327 730 unitatem,
1357 671 1402 712 et
1443 656 1750 711 Trinitatem
1779 654 1923 730 nobis

430 725 727 804 cognitam;
752 733 957 804 etquod
985 747 1144 804 usque
1169 728 1467 804 substantia
1492 736 1588 804 est.
1611 742 1704 804 ttae
1724 725 1919 781 imitat.

432 797 593 872 neque
625 797 952 857 Trinitasab
984 802 1094 856 ullo
1133 802 1379 869 cognita;
1430 816 1521 855 nec
1551 797 1787 865 inﬁnita,
1835 801 1925 851 aut

432 879 484 927 iu
503 872 691 944 ⁵ιιιιιιιίις
721 883 1016 927 numerata.

427 964 654 1035 Magnus
678 963 988 1033 Dionysius,
1014 976 1136 1031 cap.
1166 961 1253 1026 i3,
1284 960 1356 1015 De
1383 958 1568 1014 divinis
1598 956 1931 1011 nominibus:

363 1055 608 1123 Oportet,
646 1054 844 1123 inquit,
878 1069 976 1108 nos
1000 1067 1029 1107 a
1063 1053 1248 1109 multis
1280 1043 1346 1106 ad
1376 1065 1541 1107 unum
1574 1050 1771 1103 virtute
1801 1044 1935 1099 divi-

1954 491 2001 553 A
2033 492 2293 563 Spiritum
2338 486 2748 561 cognoscimus;
2792 496 2893 537 nec
2934 488 3018 535 est
3057 479 3243 537 Filius.
3279 493 3443 547 neque
3478 480 3564 537 Pa.

2028 596 2129 657 ter,
2162 601 2263 641 nec
2296 582 2441 639 aliud
2469 579 2764 651 quidquam
2795 590 2983 631 eorum
3015 568 3130 643 (inse
3169 573 3341 635 nobis,
3372 583 3454 626 aut
3485 575 3564 628 ulli

2028 691 2212 731 eorum
2259 675 2346 745 qui
2390 682 2538 739 sunt,
2586 669 2799 744 cognita
2842 674 2989 733 sunt,
3029 680 3125 719 nec
3156 663 3359 734 aliquid
3402 679 3565 722 eorum

2029 782 2146 838 quae
2182 770 2463 827 non‘sunt,
2501 778 2675 833 neque
2725 776 2844 830 qua:
2886 768 3041 825 sunt;
3095 772 3268 825 neque
3312 771 3424 824 qua:
3462 767 3571 813 sunt

2029 875 2147 912 eam
2193 866 2552 931 cognoscunt,
2584 863 2852 925 quatenus
2891 862 2995 914 est,
3028 865 3123 905 nec
3168 848 3282 916 ipsa
3320 852 3572 910 cognoscit

2033 967 2153 1020 quae
2180 961 2325 1017 sunt,
2353 958 2621 1019 quatenus
2647 954 2773 1005 sunt
2797 943 2903 1016 (i);
2940 957 3041 1003 nec
3072 949 3153 1010 est
3196 939 3271 992 illi
3316 939 3462 1002 ratio,
3500 955 3576 995 ne-

2033 1058 2137 1113 que
2168 1056 2386 1104 nomen,
2416 1054 2593 1111 neque
2621 1036 2881 1109 cognitio,
2905 1049 3079 1103 neque
3115 1029 3334 1085 tenehra
3368 1040 3462 1090 est,
3495 1044 3578 1082 ne-

367 1161 448 1199 nae
488 1144 712 1199 unitatis
742 1159 1061 1210 conversos,
1110 1143 1461 1213 singulariter
1504 1140 1721 1194 laudare
1766 1146 1933 1192 totam
2034 1148 2141 1204 que
2175 1130 2377 1194 iumen,
2415 1144 2515 1183 nec
2542 1142 2721 1188 error,
2759 1140 2933 1195 neque
2964 1124 3203 1187 veritas;
3244 1136 3342 1174 nec
3374 1129 3453 1174 est
3484 1121 3579 1189 eius

364 1246 419 1291 et
442 1252 601 1291 suam
629 1236 989 1302 divinitatem,
1014 1252 1177 1291 unum
1205 1236 1345 1306 quod
1375 1243 1456 1289 est
1476 1234 1715 1289 omnium
1745 1242 1933 1291 causa,

368 1339 497 1385 ante
540 1345 701 1385 omne
731 1345 923 1389 unum.
965 1338 1019 1385 et
1060 1328 1481 1392 multitudinem,
1514 1335 1568 1382 et
1609 1334 1844 1396 partem,
1886 1328 1939 1375 et

369 1430 567 1486 totum,
591 1420 893 1475 finitionem
924 1430 977 1475 et
1009 1418 1389 1492 inlinitionetn,
1431 1417 1589 1472 linem
1618 1424 1671 1469 et
1704 1413 1940 1469 inlinitu-

371 1512 522 1566 tem?
545 1509 690 1580 quod
728 1510 909 1565 omnia
930 1526 1050 1580 quae
1072 1518 1216 1574 sunt,
1243 1518 1296 1564 et
1320 1510 1491 1578 ipsum
1517 1521 1637 1563 esse
1662 1505 1938 1569 terminat,

372 1614 424 1656 et
460 1601 727 1667 omnium,
753 1608 808 1658 et
836 1609 1070 1656 totorum
1112 1600 1376 1664 omnium,
1405 1607 1458 1655 et
1484 1609 1612 1654 ante
1644 1597 1847 1661 omnia,
1890 1602 1946 1649 et

372 1705 538 1760 supra
588 1693 769 1747 omnia
822 1705 928 1746 una
994 1686 1193 1755 eausa,
1249 1696 1303 1744 et
1353 1686 1499 1760 quod
1550 1700 1712 1757 supra
1768 1684 1941 1755 ipsum

377 1798 565 1851 unum,
593 1784 647 1837 id
677 1784 820 1854 quod
852 1790 958 1847 est,
985 1782 1310 1838 determinat
1341 1797 1356 1835 :
1389 1780 1655 1851 siquidem
1690 1777 1834 1849 quod
1860 1784 1943 1833 εει

377 1892 566 1942 unum,
602 1875 657 1931 in
688 1876 758 1931 iis
788 1888 908 1943 quis
942 1881 1091 1937 sunt,
1136 1881 1487 1938 numeratur;
1514 1885 1769 1926 numerus
1800 1868 1942 1925 enim

378 1968 648 2038 particeps
677 1966 928 2022 essentlae
950 1973 1054 2033 est,
1080 1965 1221 2034 quod
1265 1970 1447 2019 autem
1475 1970 1559 2017 est
1582 1976 1749 2016 unum
1779 1974 1944 2028 supra

378 2060 755 2120 substantiam,
780 2066 843 2112 et
873 2059 1019 2128 quod
1063 2065 1148 2112 est
1179 2071 1368 2121 unum,
1411 2060 1464 2109 et
1506 2066 1721 2109 omnem
1756 2066 1947 2108 nume-

380 2167 497 2206 rum
522 2150 733 2213 deﬁnit,
765 2150 943 2219 ipsum
986 2156 1069 2204 est
1092 2158 1146 2203 et
1177 2148 1361 2212 unius,
1393 2154 1447 2201 et
1478 2146 1713 2212 numeri,
1746 2155 1798 2202 et
1825 2159 1945 2200 om-

380 2244 466 2299 nis
506 2242 582 2297 rei
630 2243 976 2312 principium,
1027 2250 1081 2297 et
1115 2254 1300 2305 causa,
1349 2246 1406 2301 et
1452 2253 1731 2307 numerus,
1784 2245 1948 2307 atque

378 2336 532 2394 ordo.
557 2335 924 2402 Quamobrem
957 2341 1011 2388 et
1041 2333 1240 2395 unitas,
1269 2344 1389 2401 quae
1428 2328 1703 2397 laudatur,
1735 2337 1789 2384 et
1827 2327 1951 2383 Tri-

379 2428 544 2495 nitas,
570 2442 691 2498 qua:
727 2437 812 2481 est
844 2425 1110 2480 Divinitas
1153 2437 1316 2492 supra
1360 2420 1565 2487 omnia,
1594 2435 1700 2475 non
1734 2427 1817 2475 est
1852 2433 1950 2474 nec

382 2521 587 2589 unitas,
632 2534 808 2589 neque
839 2516 1102 2584 Trinitas,
1146 2524 1247 2570 aut
1298 2530 1327 2569 a
1372 2513 1553 2578 nobis,
1604 2523 1696 2567 aut
1735 2514 1800 2566 ab
1845 2513 1951 2568 alio

381 2614 639 2683 quopiam
682 2627 865 2665 eorum
896 2611 985 2680 qui
1022 2619 1168 2674 sunt,
1206 2607 1447 2678 cognita,
1477 2604 1573 2661 sed
1604 2613 1663 2659 ut
1710 2605 1852 2676 quod
1898 2606 1950 2660 in

387 2706 503 2774 ipsa
531 2712 615 2758 est
646 2716 803 2769 supra
834 2715 996 2771 quam
1043 2701 1094 2753 in
1121 2712 1286 2752 unum
1316 2696 1648 2767 copulatum,
1681 2702 1737 2749 et
1765 2695 1953 2750 fecun-

385 2796 606 2853 ditatem
636 2809 764 2850 νει-ε
788 2793 1096 2857 laudemus,
1124 2792 1327 2846 trinum
1355 2802 1410 2845 et
1444 2805 1609 2845 unum
1644 2788 1811 2843 Deum
1856 2801 1953 2843 no-

386 2889 656 2943 minamus
691 2886 861 2954 illum,
906 2884 998 2956 qui
1032 2900 1193 2955 supra
1228 2898 1386 2937 omne
1430 2897 1628 2937 nomen
1658 2889 1772 2944 est;
1803 2878 1950 2934 nulla

386 2990 568 3036 autem
614 2982 812 3047 unitas,
869 2978 950 3034 vel
996 2978 1255 3041 Trinitas,
1294 2992 1472 3046 neque
1525 2989 1803 3040 numerus,
1855 2986 1953 3027 nec

388 3075 585 3140 unitas,
627 3072 711 3127 vel
745 3071 1069 3130 fecunditas.
1101 3084 1201 3123 nec
1244 3069 1389 3123 aliud
1439 3068 1566 3136 quid
1612 3081 1800 3120 eorum
1835 3079 1957 3134 qua

2038 1221 2089 1279 in
2122 1220 2434 1276 universum
2475 1217 2696 1287 positio,
2721 1228 2818 1270 nec
2858 1214 3086 1275 ablatio.
3118 1211 3234 1266 ιιιιο
3275 1226 3395 1265 cum
3420 1224 3580 1263 eorum

2039 1326 2158 1386 quae
2191 1324 2311 1385 post
2346 1313 2516 1383 ipsam
2546 1318 2693 1376 sunt,
2722 1308 3024 1378 positiones
3057 1314 3110 1361 et
3148 1304 3446 1365 ablationes
3474 1302 3585 1369 faci-

2041 1424 2180 1474 mus,
2221 1408 2394 1479 ipsam
2449 1419 2626 1475 neque
2677 1402 2947 1475 ponimus,
3000 1415 3098 1454 nec
3155 1396 3399 1461 tollimus
3438 1395 3584 1464 :quia

2042 1516 2202 1571 supra
2239 1513 2455 1555 omnem
2499 1496 2824 1566 positionem
2850 1501 2934 1552 est
2980 1490 3223 1563 perfecta
3253 1499 3305 1542 et
3331 1486 3585 1558 singularis

2042 1594 2283 1656 omnium
2317 1605 2504 1657 causa,
2540 1599 2593 1646 et
2645 1602 2806 1655 supra
2849 1600 3063 1642 omnem
3108 1580 3437 1642 ablationem
3464 1594 3591 1633 exsu-

2044 1684 2256 1760 peratio
2285 1685 2527 1739 omnium
2570 1680 2886 1750 simpliciter
2909 1678 3210 1738 abstracta,
3240 1683 3294 1726 et
3328 1672 3464 1725 ultra
3498 1686 3593 1723 om-

2046 1779 2156 1835 nia.
2216 1778 2340 1832 Haec
2388 1772 2672 1833 adnotavit
2723 1778 2946 1827 sanctus
2984 1768 3280 1828 Maximus,
3331 1762 3591 1831 inquiens:

2048 1870 2207 1933 Nota,
2231 1871 2370 1941 quod
2398 1883 2572 1938 neque
2600 1864 2858 1920 divinitas
2886 1860 3194 1918 substantia
3227 1868 3308 1914 est
3344 1855 3454 1922 Dei,
3477 1856 3597 1917 sicut

2053 1980 2151 2022 nec
2190 1979 2353 2023 unum
2399 1958 2605 2031 aliquid
2654 1971 2843 2013 eorum
2894 1968 3015 2023 quae
3054 1952 3201 2006 dicta
3255 1958 3401 2011 sunt,
3451 1960 3597 2017 neque

2051 2055 2444 2113 contrariorum
2492 2052 2618 2107 eis:
2667 2063 2839 2118 quare
2891 2047 3025 2102 nihil
3079 2046 3329 2117 ipsorum
3372 2051 3468 2102 est,
3511 2055 3597 2103 non

2050 2149 2193 2204 enim
2223 2156 2350 2208 sunt
2373 2148 2484 2201 haec
2514 2142 2839 2208 substantia,
2868 2141 2962 2196 sed
3000 2139 3169 2211 gloria
3208 2138 3354 2190 circa
3381 2149 3494 2191 eum
3518 2130 3599 2211 (2).

2054 2237 2146 2305 Sic
2199 2239 2420 2299 Sextus.
2474 2233 2878 2291 ecclesiasticus
2930 2227 3317 2307 philosophus,
3371 2224 3513 2290 dixit,
3554 2232 3597 2278 et

2052 2330 2347 2403 Gregorius
2378 2328 2694 2396 Theologus
2723 2325 2820 2380 lib.
2856 2339 2917 2378 ιιι
2955 2318 3274 2390 Theologiae
3324 2330 3453 2379 suat,
3479 2315 3597 2385 quod

2054 2439 2230 2494 neque
2262 2420 2514 2475 divinitas
2539 2418 2641 2490 (5),
2681 2431 2782 2472 ιιεε
2812 2414 3137 2485 ingenitum,
3187 2424 3370 2476 neque
3402 2407 3600 2487 paterni-

2056 2532 2139 2577 tas
2170 2511 2661 2572 substantiam-Dei
2698 2508 3030 2580 signiﬁcant.
3061 2504 3311 2563 Observa
3351 2510 3597 2567 praeterea,

2054 2612 2197 2683 quod
2228 2622 2401 2678 neque
2436 2605 2679 2681 Spiritus
2709 2610 2817 2665 est,
2845 2608 2903 2653 ut
2934 2614 3030 2653 nos
3057 2596 3330 2669 Spiritum
3362 2589 3604 2660 cognosci-

2056 2721 2199 2770 mus,
2229 2717 2403 2772 ncque
2428 2699 2599 2754 Filius
2627 2706 2733 2761 est,
2765 2707 2940 2764 neque
2970 2692 3149 2754 Pater,
3195 2697 3255 2741 ut
3286 2702 3389 2741 nos
3419 2685 3602 2740 Patrem

2055 2809 2110 2857 et
2136 2797 2329 2853 Filium
2363 2791 2783 2863 cognoscimus;
2810 2784 2939 2840 illud
2973 2783 3117 2839 enim
3155 2799 3171 2836 :
3211 2779 3286 2843 Ut
3314 2792 3411 2834 nos
3438 2789 3606 2844 cogno-

2057 2892 2286 2955 scimus,
2318 2888 2371 2941 in
2406 2882 2554 2939 omni
2601 2881 2884 2948 negatione
2912 2874 3260 2946 superiorum
3294 2872 3500 2936 accipe;
3534 2868 3609 2922 de-

2058 2984 2229 3039 clarat
2263 2989 2465 3045 autem,
2499 2975 2641 3045 quod
2690 2972 2794 3027 dici
2840 2961 3000 3032 solet,
3037 2966 3348 3023 secundum
3396 2968 3605 3015 nostram

2059 3074 2444 3144 cognitionem.
2475 3067 2661 3137 Neque
2693 3075 2744 3120 te
2784 3070 3003 3118 moveat
3036 3066 3142 3114 hoc
3177 3066 3365 3127 caput,
3398 3063 3454 3107 ut
3478 3060 3607 3123 putes

384 3175 536 3231 sunt,
568 3175 662 3219 aut
694 3180 815 3233 qtue
856 3162 924 3217 ab
966 3164 1151 3233 aliquo
1180 3176 1366 3216 eorum
1408 3162 1499 3229 qui
1549 3170 1694 3219 sunt.
1736 3158 1953 3229 cognita

2063 3169 2205 3222 hunc
2236 3164 2472 3219 divinum
2506 3169 2780 3215 auctorem
2822 3154 3021 3223 aliquid
3062 3151 3389 3221 blaspheme
3421 3147 3601 3210 dicere;

387 3268 538 3322 sunt,
566 3258 812 3325 explicat
841 3255 1261 3318 obscuritatem,
1284 3268 1410 3321 quae
1441 3265 1653 3309 attinent
1690 3250 1957 3305 rationem

387 3359 441 3402 et
479 3358 711 3403 mentem
767 3347 937 3402 vincit
985 3364 998 3400 :
1044 3346 1429 3401 obscuritatem
1462 3344 1584 3399 dico
1626 3343 1955 3404 Divinitatis,

313 3442 343 3481 θ
389 3455 512 3510 qua
543 3455 705 3509 supra
736 3437 1116 3503 substantiam,
1150 3452 1307 3503 supra
1346 3437 1609 3488 rationem
1638 3442 1692 3497 et
1723 3424 1958 3487 mentem

389 3540 489 3585 est.
531 3531 739 3585 Rursus
783 3531 921 3587 idem
957 3540 1206 3584 ostreum
1259 3528 1438 3598 capite
1480 3525 1720 3597 Nynia:
1762 3524 1961 3579 theolo-

390 3627 491 3692 gia:
521 3639 541 3677 :
573 3622 784 3676 Rursus
805 3632 989 3679 autem
1013 3622 1369 3675 ascendentes
1393 3620 1657 3683 dicamus,
1682 3619 1828 3687 quod
1865 3631 1963 3672 nec

394 3713 572 3768 anima
617 3723 724 3776 est,
758 3728 936 3783 neque
988 3727 1176 3779 metu;
1232 3725 1330 3765 nec
1376 3710 1835 3780 imaginationem,
1878 3707 1963 3764 vel

395 3805 735 3873 opinionem,
769 3806 850 3859 vel
882 3806 1175 3867 rationem,
1216 3804 1297 3859 vel
1328 3803 1737 3873 intelligentiam
1774 3802 1960 3866 habet,

392 3914 572 3969 neque
621 3899 758 3954 ratio
800 3907 907 3962 est,
956 3912 1062 3952 nec
1109 3895 1484 3966 intelligentia,
1534 3909 1710 3963 neque
1740 3894 1962 3959 dicitur,

395 3992 476 4046 rei
525 3992 862 4059 intelligitur,
900 4006 1075 4061 neque
1123 4002 1377 4044 numerus
1409 3998 1513 4052 est,
1560 4002 1734 4057 neque
1781 3989 1962 4043 ordo:

390 4096 571 4149 neque
601 4081 912 4151 magnitudo
951 4091 1054 4143 est,
1084 4093 1258 4147 neque
1293 4080 1553 4148 parvitas,
1579 4090 1757 4145 neque
1787 4090 1969 4147 aequa-

392 4174 539 4236 litas,
563 4188 740 4242 neque
762 4171 1081 4236 similitudo,
1119 4185 1292 4238 neque
1327 4171 1750 4238 dissimilitudo;
1795 4185 1970 4241 neque

2063 3256 2405 3331 propositum
2445 3252 2589 3309 enim
2641 3257 2723 3305 est
2771 3247 2819 3303 ei
2869 3246 3259 3301 demonstrare
3308 3242 3470 3296 Deum
3498 3234 3608 3291 nihil

2061 3364 2249 3407 eorum
2283 3362 2407 3402 esse
2439 3357 2559 3414 qure
2588 3349 2735 3405 sunt,
2786 3340 2877 3394 scd
2908 3352 3029 3391 esse
3068 3350 3239 3405 supra
3272 3332 3448 3388 omnia
3475 3346 3491 3394 ;
3518 3341 3610 3384 ειε-

2064 3442 2172 3497 nim
2222 3440 2267 3495 si
2317 3438 2434 3508 ipse
2471 3432 2651 3490 omnia
2684 3432 2961 3499 produxit,
3001 3427 3285 3498 quompdo
3316 3432 3486 3495 potest
3515 3437 3618 3477 csse

2063 3531 2267 3602 aliquid
2324 3541 2512 3584 eorum
2546 3539 2666 3593 qua:
2699 3522 2868 3577 sunt?
2924 3520 3068 3574 Dixit
3102 3528 3321 3579 autem,
3359 3516 3494 3585 quod
3535 3527 3613 3566 nec

2064 3642 2124 3681 ea
2161 3640 2278 3694 qua:
2313 3632 2461 3687 sunt,
2497 3625 2833 3689 cognoscunt
2881 3615 3047 3669 Deum
3100 3627 3334 3666 causam
3367 3608 3613 3668 onmium;

2066 3729 2121 3773 at
2158 3693 2263 3772 non
2301 3725 2632 3782 cognoscere
2683 3710 2873 3767 Deum.
2906 3705 3166 3760 interitus
3200 3702 3370 3773 plane
3411 3709 3505 3753 est.
3536 3693 3616 3751 Ve-

2070 3824 2186 3863 rum
2231 3805 2417 3861 statim
2463 3803 2606 3857 idem
2638 3799 2891 3870 exposuit
2914 3794 3059 3869 quod
3092 3794 3341 3857 dixerat,
3370 3805 3485 3845 cum
3513 3788 3615 3843 Stili-

2062 3900 2243 3971 junin
2277 3917 2290 3952 :
2320 3898 2605 3964 Quatenus
2638 3893 2752 3961 ipse
2787 3900 2893 3955 est,
2927 3889 3069 3958 quod
3107 3885 3345 3958 perinde
3374 3892 3477 3943 est.
3503 3889 3553 3933 ut
3580 3877 3615 3933 si

2067 3991 2326 4046 dicatur:
2375 3984 2523 4039 Nihil
2558 3999 2623 4038 ex
2672 3982 2742 4036 iis
2774 3995 2896 4051 quae
2943 3988 3094 4043 sunt,
3128 3975 3414 4047 cognoscit
3460 3973 3614 4031 Deum.

2069 4092 2339 4153 quatenus
2374 4088 2477 4143 εει,
2518 4078 2569 4130 id
2612 4084 2697 4130 est
2746 4073 3107 4129 substantiam
3141 4070 3287 4139 eius,
3335 4083 3451 4140 quae
3484 4078 3614 4132 supra

2070 4173 2429 4230 substantiam
2462 4181 2569 4233 est,
2606 4176 2662 4239 et
2709 4181 2829 4234 qua:
2880 4163 3108 4233 intelligi
3166 4176 3279 4215 non
3336 4169 3520 4229 potest,
3552 4153 3614 4209 vel

395 4273 525 4349 εδει,
570 4270 752 4333 neque
782 4273 1056 4327 ωοτοῑιιτν
1098 4244 1275 4332 neque
1303 4264 1562 4334 quiescit.
1590 4278 1772 4335 neque
1804 4265 1970 4319 habet
2071 4264 2447 4321 cxsistentiam
2469 4259 2769 4315 secundum
2799 4272 2959 4325 quam
2984 4253 3222 4308 exsistit.
3257 4251 3466 4304 Dictum
3500 4248 3612 4301 enim

398 4356 541 4423 vim;
578 4371 681 4412 nec
713 4367 798 4412 est
827 4358 933 4421 vis,
960 4372 1136 4425 neque
1162 4355 1362 4423 lumen,
1384 4371 1563 4427 neque
1588 4358 1693 4411 vita
1735 4365 1843 4423 est,
1876 4371 1972 4411 ne-

396 4466 506 4519 que
536 4453 836 4505 substantia
865 4462 971 4515 cst,
1006 4465 1177 4523 neque
1200 4452 1483 4516 saeculum,
1524 4464 1701 4520 neque
1730 4460 1968 4519 tempus,

2072 4369 2175 4423 est,
2212 4355 2354 4425 quod
2394 4354 2559 4407 Nemo
2603 4350 2869 4420 cognoscit
2908 4344 3129 4410 Filium,
3162 4345 3271 4398 nisi
3320 4341 3514 4405 Pater;
3551 4353 3617 4390 ne-

2074 4466 2171 4520 que
2214 4447 2429 4501 Patrem
2472 4444 2590 4514 quis
2638 4442 2801 4505 novit,
2858 4440 2960 4492 nisi
3007 4436 3173 4491 Filius
3204 4436 3281 4489 ⁸³.
3338 4436 3414 4490 Ac
3464 4442 3617 4486 rursus

399 4558 503 4597 nec
540 4552 623 4597 cst
657 4544 772 4611 eius
808 4544 972 4599 tactio
1001 4517 1104 4600 sub
1148 4542 1563 4610 intelligentiam
1606 4517 1966 4604 cadensrne-
2002 4517 2044 4572 θ
2075 4517 2354 4610 subiungit
2401 4550 2628 4608 magnus
2659 4532 2975 4604 Dionysius,
3004 4539 3060 4584 et
3094 4529 3171 4582 ait
3203 4545 3217 4581 :
3254 4526 3426 4581 Nemo
3453 4535 3617 4591 cognoo

400 4648 507 4701 que
545 4635 792 4696 scientia,
848 4648 1024 4705 neque
1073 4634 1274 4690 veritas
1325 4642 1430 4699 et,
1483 4648 1658 4703 neque
1722 4649 1973 4703 regnum,

396 4742 580 4796 neque
619 4729 907 4796 sapientia,
940 4741 1036 4781 nec
1068 4741 1256 4785 unum.
1298 4742 1396 4780 nec
1435 4726 1652 4791 unitas;
1682 4740 1857 4795 neque
1896 4728 1977 4782 di-

403 4821 621 4883 vinitas,
672 4835 847 4889 neque
879 4820 1115 4883 bonitas.
1156 4834 1333 4889 neque
1373 4817 1610 4886 Spiritus
1640 4827 1744 4884 est,
1777 4829 1834 4873 ut
1876 4835 1977 4876 nos

473 4955 520 4988 ³³
549 4955 741 5010 Μιιιιιι.
775 4969 852 5020 ιι,
883 4951 977 5011 ετ.

2073 4636 2179 4692 scit
2209 4634 2430 4696 Filium,
2473 4640 2743 4699 quatenus
2777 4632 2883 4688 est,
2922 4637 3023 4678 nec
3059 4622 3174 4690 ipse
3210 4620 3355 4675 Deus
3382 4613 3618 4685 cognoscit

2075 4743 2137 4782 ea
2168 4740 2287 4794 quae
2327 4732 2476 4787 sunt,
2509 4728 2780 4790 quatenus
2810 4724 2961 4780 sunt,
3004 4714 3056 4768 id
3103 4723 3206 4779 est,
3240 4728 3348 4766 non
3382 4710 3521 4764 novit
3560 4707 3615 4758 in-

2080 4818 2302 4872 tendere
2334 4822 2570 4869 mentem
2609 4809 2908 4867 secundum
2949 4821 3168 4861 sensum
3200 4804 3269 4859 ad
3299 4818 3361 4857 ea
3391 4816 3502 4872 quae
3524 4812 3616 4851 sen-

1889 5061 2173 5124 Scbona.

472 5202 557 5272 '(l)
585 5202 854 5270 Quatenus
870 5203 991 5272 sunt
1030 5192 1107 5272 _ld
1144 5202 1373 5272 esp-«non
1403 5193 1687 5272 cognoscit
1712 5192 1815 5271 alia
1836 5206 1971 5259 qua-

411 5290 431 5331 t
467 5261 569 5327 nus
588 5261 723 5326 sum
764 5273 817 5323 iu
853 5283 914 5323 se
942 5265 1096 5332 ipsis,
1129 5262 1221 5319 sed
1254 5263 1304 5333 iu
1329 5278 1387 5333 se
1412 5263 1550 5330 ipso,
1580 5261 1633 5315 id
1662 5271 1770 5323 est.
1798 5261 1851 5313 iu
1874 5276 1973 5315 sua

411 5345 670 5405 ementis,
704 5341 754 5394 in
787 5355 890 5409 qm
920 5348 1109 5409 ontnes
1134 5332 1342 5409 species
1367 5332 1546 5387 rerum
1567 5340 1690 5386 sunt
1725 5345 1977 5409 compre-

414 5400 613 5479 lie‘nsa‘,
650 5400 705 5468 et
732 5400 899 5464 milito
933 5402 1284 5460 excellentius
1325 5403 1376 5455 itt
1415 5418 1500 5468 eo,
1538 5416 1694 5467 quint
1725 5400 1777 5453 in
1806 5415 1868 5454 se
1892 5400 1977 5471 ip-

414 5489 491 5542 sis
510 5495 653 5539 sunt.

485 5558 565 5626 (‘tl
592 5554 694 5609 Sed
715 5552 881 5624 gloria
905 5551 1043 5626 circa
1066 5559 1205 5626 eum.
1230 5542 1344 5596 Non
1367 5542 1502 5626 dixit
1550 5542 1741 5626 gloria.
1769 5544 1819 5596 in
1885 5555 1981 5605 eo,

418 5614 537 5696 qua:
554 5614 647 5681 cst
679 5614 938 5696 iticreata,
960 5623 1011 5672 id
1037 5624 1142 5696 est,
1163 5614 1274 5682 ipsa
1299 5616 1556 5696 essentia,
1587 5615 1679 5669 scd
1698 5614 1839 5696 circa
1860 5626 1985 5696 eum

419 5681 562 5759 sunt,
589 5712 707 5765 quze
734 5693 893 5765 abeo
917 5681 1106 5765 creata
1137 5681 1285 5751 sunt,
1314 5700 1376 5739 ex
1410 5688 1607 5754 quibus
1626 5700 1651 5736 a
1686 5684 1842 5738 nobis
1867 5681 1983 5753 glo-

426 5759 665 5823 I‘i'icatnr
710 5772 768 5817 et
809 5759 1076 5815 laudatur.

492 5838 570 5907 (ἢ
593 5834 772 5907 Neque
794 5831 1048 5891 divinitas
1069 5830 1421 5890 substantiam
1452 5826 1547 5885 Dei
1573 5822 1866 5900 signiﬁcat,
1890 5836 1989 5877 ne-

2071 5208 2176 5263 que
2231 5190 2532 5247 substantia
2568 5190 2657 5243 Dei
2691 5197 2799 5263 est.
2829 5185 3041 5263 scilicet
3093 5180 3610 5263 uinosdiviniutcm

2074 5253 2502 5334 cognoscimus;
2541 5259 2926 5334 cognoscimus
2945 5255 3090 5308 enim
3122 5253 3454 5334 divinitatem
3479 5259 3609 5299 crea-

2079 5319 2186 5394 tam
2220 5336 2270 5389 iu
2304 5335 2371 5389 iis
2390 5319 3091 5399 qui'perparticipatiooem
3117 5323 3390 5399 dicamur,
3414 5319 3518 5399 sive
3536 5328 3615 5399 an:

2080 5385 2203 5471 geli,
2221 5385 2634 5457 Vs'ivevli'omines'
2659 5400 2766 5454 sint
2790 5385 3154 5479 ,ίίιιιξιιειιιςιᾱξ
3178 5404 3354 5473 autem
3406 5385 3617 5479 divinitas

2081 5457 2285 5537 creata,
2314 5488 2410 5526 nec
2428 5482 2532 5535 est,
2560 5484 2732 5536 neque
2759 5457 3030 5537 signiﬁcat
3051 5464 3382 5537 divinitatem
3406 5457 3617 5537 Dei,_qufe

2085 5526 2347 5606 essentia,
2380 5541 2493 5596 sive
2519 5526 2964 5601 subs'tantiavejus
2995 5542 3077 5589 est
3107 5550 3121 5597 ;
3147 5531 3242 5586 sed
3271 5531 3441 5600 potius
3499 5526 3612 5606 diii-

2090 5616 2251 5677 nitas.
2278 5602 2506 5672 bonitas,
2539 5609 2830 5678 sapientia,
2863 5614 2917 5678 et
2947 5611 3257 5678 caeterum
3283 5613 3400 5678 nos
3434 5602 3613 5678 rogati:

2090 5667 2300 5738 scimus
2322 5683 2444 5745 ista,
2475 5667 2643 5751 gloria
2668 5667 2974 5751 suntfirca
2995 5668 3408 5751 Deum,_q_uia_ab
3431 5667 3613 5731 hisqnc

2091 5755 2157 5811 ab
2180 5766 2244 5810 eo
2276 5741 2455 5810 creata
2475 5741 2637 5816 sunt,
2666 5746 2997 5821 gloriﬁcatur
3032 5752 3085 5799 et
3123 5741 3436 5798 celebratur.
