3780 6550
190 422 277 486 αςθ
1021 416 1258 476 DECAS
1299 418 1372 477 Χ.
1408 441 1475 454 -·
1523 417 1621 481 DE
1666 419 1683 478 l

1890 423 1933 478 A
1971 421 2523 482 SIMPLICITATE.
3270 420 3375 488 990

188 535 284 593 siiia
316 535 447 588 sunt,
476 539 570 580 nec
591 522 654 578 ad
682 523 1039 603 substantias,
1069 536 1338 597 quatenus
1374 529 1696 586 substantiae
1728 536 1769 590 Α
1802 532 1919 586 ﬁeri
1971 545 2171 604 potest,
2204 545 2260 588 ιιι
2289 551 2407 605 qua!
2442 536 2591 592 ﬁnita
2620 544 3181 605 sunt,'pertranseant
3224 538 3370 606 quod

186 631 288 679 sunt
318 637 331 672 :
359 617 451 671 hoc
489 612 622 668 enim
671 628 775 668 non
803 614 1056 672 convenit
1094 614 1224 673 Deo.
1260 614 1371 673 Nos
1404 618 1572 683 enim.
1604 617 1696 687 qui
1804 625 2073 682 inﬁnitum
2106 636 2208 692 est,
2240 629 2489 696 quamvis
2521 645 2672 684 mens
2718 629 2914 683 inuitas
2959 628 3257 685 inﬁnitates
3290 643 3374 683 re.

184 711 397 769 homines
442 716 639 771 Sumus.
679 720 741 760 63
778 720 897 776 qua:
948 721 1109 762 sensu
1156 708 1554 779 percipiuntur,
1607 721 1700 779 aut
1804 718 1997 784 periat,
2024 728 2078 775 et
2116 734 2302 774 secum
2349 730 2584 789 reputet,
2616 720 2969 775 nihilominus
3002 721 3068 774 ab
3105 719 3374 775 inﬁnitate

180 815 392 878 aspectu,
439 810 527 855 aut
560 806 801 871 gustatu,
851 809 942 855 aut
970 809 1136 866 tactu,
1183 799 1538 871 intelligimus
1570 801 1697 871 quid
1802 824 1926 863 vera
1968 811 2191 877 excidit,
2219 821 2275 866 et
2307 820 2561 882 tanquam
2594 827 2715 867 cum
2754 813 2945 867 umbra
2977 826 3216 882 pugnare
3238 827 3362 867 con~

179 903 300 958 sint:
330 912 385 952 ea
422 909 542 949 vero
581 908 700 964 quae
740 892 845 949 sub
890 892 1299 964 intelligentiam
1342 896 1568 959 cadunt,
1606 901 1699 948 aut
1800 900 2036 956 vincitur
2062 912 2403 969 attrectaus;
2451 906 2591 961 sicut
2625 906 2715 972 qui
2748 904 2987 961 tenebris
3014 905 3373 970 crassissimis

178 1008 256 1065 per
281 986 593 1057 disciplinam
624 985 722 1058 (l),
752 995 846 1041 aut
880 987 1203 1051 doctrinam,
1244 995 1337 1043 aut
1368 1002 1465 1059 per
1495 988 1697 1041 illumi--
1803 995 2026 1050 involuti
2076 1006 2228 1062 sunt,
2286 1007 2342 1053 et
2389 996 2443 1053 in
2479 998 2559 1052 eis
2600 1008 2798 1065 ruunt.
2850 998 2932 1054 0b
2969 999 3106 1054 banc
3148 1013 3369 1057 causam

176 1086 414 1147 nationem
458 1081 856 1151 0080080imus-
910 1080 1053 1160 θβυσ
1104 1091 1287 1137 autem
1339 1082 1486 1135 nullo
1537 1078 1697 1134 modo
1802 1087 2124 1157 theologiam
2157 1088 2458 1144 secundum
2498 1092 2836 1155 negationem
2870 1088 2922 1152 in
2952 1089 3141 1144 multis
3170 1087 3373 1145 valen-

174 1195 226 1235 ει
262 1177 368 1232 istis
398 1174 541 1229 novit
568 1188 631 1228 ea
662 1187 783 1242 quae
829 1183 979 1240 sunt,
1012 1174 1106 1228 sed
1140 1174 1324 1243 potius
1374 1187 1441 1227 ex
1492 1188 1551 1227 se
1581 1172 1698 1242 ipso
1800 1179 2002 1235 tinrem
2033 1194 2155 1236 esse
2180 1179 2447 1250 theologia
2474 1179 2777 1236 alﬁrmante
2798 1180 3226 1244 demonstratum
3251 1191 3369 1245 est;

171 1264 493 1337 cognitionem
552 1258 790 1317 omnium
837 1263 1021 1330 habet,
1069 1264 1172 1319 hoc
1218 1264 1364 1320 enim
1423 1264 1698 1332 signiﬁcat
1799 1289 1906 1328 non
1960 1274 2172 1341 quidem
2208 1273 2353 1342 quod
2402 1272 2669 1341 theologia
2717 1288 2781 1328 ex
2831 1274 3158 1341 negantibus
3199 1271 3373 1343 magis

171 1356 469 1412 subobscure
497 1350 803 1423 Scriptura,
844 1370 963 1424 quze
1012 1356 1133 1411 ait:
1176 1354 1281 1421 Qui
1330 1356 1469 1410 novit
1513 1356 1659 1410 omni

1878 1381 1966 1420 um
2000 1374 2342 1434 assequatur,
2374 1376 2427 1420 et
2463 1367 2693 1435 attingat
2731 1364 2817 1434 (ex
2853 1380 3009 1434 mque
3041 1365 3182 1418 enim
3218 1372 3370 1417 utra-

169 1459 407 1517 antequam
432 1447 614 1516 ﬁerent
646 1448 713 1511 ",
743 1449 888 1516 quod
913 1447 1133 1517 quidem
1170 1450 1429 1514 declarat,
1464 1464 1569 1504 non
1602 1463 1693 1503 se-
1796 1471 1904 1525 que
1939 1456 2157 1512 aberrat
2188 1473 2216 1511 a
2261 1457 2571 1526 conjectura
2608 1458 2675 1512 de
2720 1460 2870 1519 Dem,
2896 1459 2992 1511 sed
3029 1456 3171 1525 quod
3217 1457 3371 1511 theo-

168 1539 369 1593 cundum
416 1537 676 1593 rationem
728 1539 1107 1611 productionis
1145 1555 1334 1595 eorum
1383 1540 1598 1596 novisse
1630 1554 1693 1594 ea
1795 1548 1936 1619 logia
1994 1564 2202 1618 negans
2251 1550 2371 1617 plus
2416 1550 2739 1617 proﬁteatur
2786 1550 3036 1612 nescire;
3080 1549 3171 1619 qui
3222 1549 3366 1602 enim

167 1629 303 1683 Deum
351 1625 640 1684 secundum
702 1644 929 1687 sensum
971 1631 1554 1713 autvintelligentiam,
1599 1631 1694 1687 sed
1797 1638 1954 1703 dixit,
1989 1639 2133 1710 quod
2172 1655 2269 1695 nee
2304 1640 2485 1696 unitas
2521 1650 2604 1695 est
2659 1640 2821 1706 Deus,
2866 1642 3087 1711 propius
3134 1639 3369 1695 accessit

165 1719 315 1786 potius
345 1732 500 1813 supra
519 1733 734 1813 omnem
764 1736 982 1778 sensum
1015 1731 1068 1778 et
1094 1722 1509 1793 intelligentiam
1550 1724 1603 1778 iu
1636 1737 1696 1777 se
1794 1731 1865 1787 ad
1920 1732 2427 1804 incomprehensam
2485 1734 2773 1798 unitatem,
2829 1748 2990 1804 quam
3042 1733 3133 1802 qui
3186 1731 3367 1801 posuit

163 1819 338 1865 tantum
373 1810 606 1866 intuens.
644 1810 803 1870 'ldem
836 1814 1035 1871 ibidem
1068 1831 1087 1871 :
1120 1814 1252 1883 Quae
1287 1826 1442 1882 sunt,
1488 1818 1656 1891 inquit

1872 1838 1916 1879 se
1951 1824 2119 1879 Deum
2173 1825 2439 1881 unitatem
2498 1824 2795 1881 secundum
2847 1839 3049 1879 morem
3100 1824 3365 1878 unitatutu

160 1905 290 1957 idest
316 1911 592 1970 ετθιδιιιτεε,
631 1918 738 1959 non
768 1915 996 1977 possunt
1042 1921 1206 1977 supra
1249 1916 1497 1962 naturam
1533 1922 1688 1963 suam
1722 1882 1767 1943 Β
1793 1932 1913 1986 qum
1948 1917 2104 1974 nobis
2148 1928 2289 1974 noue
2324 1928 2470 1973 δυηι,
2516 1918 2585 1975 UL
2634 1918 2800 1990 igitur
2848 1918 3161 1972 summatim
3210 1932 3365 1987 rape.

160 1994 262 2049 imi
303 1995 686 2065 ῑιιιειιὶεοιιάοε
728 2009 1095 2055 εοηεθηίθοθθ
1162 2000 1328 2070 ίεῑιιιτ
1361 2014 1483 2056 cl'm
1534 2000 1588 2055 ῖιι
1630 2016 1690 2056 88
1794 2018 1902 2065 tam
1944 2010 2133 2080 quain
2170 2010 2270 2068 bac
2303 2010 2516 2066 Decade
2546 2011 2795 2080 exposita
2828 2018 2978 2072 sunt,
3023 2010 3365 2065 demonstra-

158 2086 419 2175 iutueutur,
484 2086 727 2143 divinam
780 2099 1031 2145 naturam
1089 2092 1338 2161 ignorant
1392 2092 1687 2148 secundum
1792 2109 1905 2157 tum
1936 2110 2018 2158 est
2046 2118 2087 2163 ag
2108 2103 2399 2172 theologis,
2423 2118 2529 2158 non
2576 2111 3110 2175 oportere‘qua‘rerc
3146 2102 3199 2158 in
3242 2103 3365 2156 ιιηί-

154 2171 259 2229 illud
283 2177 414 2246 quod
440 2178 558 2248 ipsa
603 2190 683 2235 est
715 2197 733 2250 ;
770 2181 855 2238 sic
890 2181 1057 2252 igitur
1087 2182 1271 2238 divina
1306 2194 1499 2239 natura
1543 2185 1595 2240 in
1631 2200 1647 2240 ε

1874 2211 1925 2262 e,
1965 2210 2085 2265 quae
2121 2171 2686 2266 supraisubstantiam
2716 2204 2818 2260 est,
2842 2171 3079 2250 habitus
3103 2203 3159 2250 et
3184 2194 3365 2260 dispo-

154 2266 296 2335 ipsam
326 2268 560 2340 intuens,
593 2287 697 2329 non
734 2274 881 2329 novit
926 2273 978 2330 in
1019 2289 1080 2331 se
1124 2289 1246 2333 esse
1288 2286 1647 2353 creaturasnst

1870 2286 2039 2352 iones,
2063 2286 2147 2340 vel
2182 2286 2287 2341 alia
2317 2287 2461 2341 circa
2490 2286 2686 2355 ipsam,
2714 2301 2834 2356 qua:
2856 2287 3216 2341 substantiam
3247 2286 3363 2354 ejus

152 2361 355 2417 cundum
391 2363 658 2431 rationem
698 2365 1021 2423 substantia:
1050 2383 1239 2424 eorum
1270 2369 1386 2441 (2);
1418 2370 1517 2426 boc
1545 2371 1685 2427 enim
1788 2378 2132 2447 compleant;
2169 2392 2265 2435 uec
2298 2378 2478 2447 aliqua
2521 2377 2575 2433 in
2604 2394 2666 2431 ea
2698 2378 3022 2441 accidentia,
3055 2393 3229 2447 neque
3258 2377 3365 2432 dit-

149 2455 437 2523 signiﬁcavit
479 2474 607 2516 eum
657 2462 800 2518 dixit
835 2479 851 2517 :
885 2466 1164 2532 Quatenus
1211 2477 1362 2536 sunt,
1415 2469 1687 2541 siquidem
1789 2470 2050 2526 ferentias
2095 2471 2160 2526 ad
2211 2471 2573 2526 substantiam
2625 2472 2743 2541 ejus
2773 2472 3145 2541 pertinentes;
3190 2485 3364 2540 neque

147 2555 216 2601 est
258 2563 409 2618 supra
440 2552 632 2608 omnia
679 2569 803 2625 qua:
846 2566 996 2620 sunt,
1052 2566 1107 2613 et
1142 2557 1320 2628 ipsum
1350 2574 1476 2616 esse
1522 2577 1685 2629 supra
1786 2563 1915 2633 quia
1961 2578 2028 2616 cx
2080 2576 2139 2617 se
2172 2562 2289 2631 ipsa
2325 2564 2592 2619 exsistere
2640 2563 2862 2627 dicitur,
2909 2563 3120 2619 idcirco
3148 2572 3375 2631 oportet-

144 2640 467 2697 substantiam
499 2647 873 2714 habet,aliter
896 2652 1041 2705 enim
1076 2666 1237 2708 nemo
1268 2654 1412 2710 dicet
1434 2654 1686 2724 ignorare
1789 2654 2121 2710 constituere
2160 2655 2328 2724 ipsam
2382 2669 2505 2708 esse
2561 2652 2645 2708 sui
2696 2668 2939 2720 causam,
3010 2670 3110 2710 nec
3160 2669 3365 2724 ponere

144 2729 287 2785 Deum
334 2744 610 2792 creaturas
657 2753 809 2794 suas.
859 2741 937 2796 Ex
973 2740 1172 2812 quibus
1213 2743 1272 2798 lit
1313 2744 1682 2813 manifestum,
1787 2744 1932 2800 aliud
1982 2745 2036 2800 iu
2074 2760 2138 2801 ea
2189 2760 2311 2801 esse
2357 2744 2747 2809 substantiam,
2778 2753 2831 2800 et
2883 2745 3027 2800 aliud
3061 2747 3360 2817 energiam.

142 2826 265 2895 quod
286 2828 461 2884 unitas
482 2846 656 2901 supra
685 2833 1162 2899 substantiam,ab
1192 2838 1687 2895 omnibus-abstra-
1787 2838 1906 2893 sive
1961 2839 2333 2907 operationem
2383 2853 2398 2891 :
2463 2851 2562 2890 nec
2614 2837 2934 2892 existimare
2990 2840 3362 2905 operationem

142 2930 211 2973 cta
240 2929 335 2984 est,
375 2931 428 2977 et
455 2937 622 2991 supra
656 2926 835 2981 omnia
868 2936 992 2993 est;
1021 2928 1308 2984 immensis
1351 2932 1498 2986 enim
1533 2948 1686 2988 men-
1787 2945 1941 2985 suam
1972 2929 2291 2986 creatricem
2324 2928 2635 2984 substantia
2666 2931 2961 2983 secundum
2987 2945 3046 2986 se
3064 2922 3273 2995 carere,
3304 2940 3357 2984 et

138 3013 279 3077 suris,
306 3021 356 3068 et
392 3029 516 3083 qua:
567 3017 802 3074 conferri
853 3034 962 3075 non
1006 3030 1260 3089 possunt,
1299 3036 1477 3079 causa:
1519 3042 1683 3096 supra
1790 3037 1895 3077 non
1922 3036 2019 3092 per
2046 3036 2105 3076 se
2126 3021 2429 3085 exsistere;
2470 3037 2569 3076 nec
2598 3021 2743 3076 aliud
2772 3036 2894 3075 esse
2923 3036 3076 3075 suam
3107 3021 3365 3076 substan-

138 3104 333 3161 eti‘ectus
371 3107 625 3164 locantur
652 3110 755 3182 (3),
778 3120 850 3167 et
882 3112 1221 3181 eximuntur,
1254 3125 1311 3171 et
1355 3116 1421 3172 ab
1462 3118 1542 3172 eis
1583 3120 1680 3172 ab-
1789 3114 1941 3177 t’am,
1977 3121 2031 3167 et
2062 3112 2209 3167 aliud
2235 3128 2388 3166 suam
2429 3111 2759 3177 bonitatem,
2795 3122 2849 3164 et
2880 3112 3132 3166 similiter
3163 3113 3216 3165 in
3252 3128 3363 3168 cae-

137 3205 261 3262 sunt,
297 3207 352 3254 ut
378 3214 529 3271 stupe
577 3202 783 3258 dictum
810 3213 918 3259 est.
965 3205 1248 3269 Quomodo
1278 3206 1423 3262 enim
1466 3217 1681 3263 creatu-
1706 3248 1753 3310 ο
1792 3201 1923 3257 teris
1964 3200 2261 3271 ejusmodi;
2299 3214 2399 3255 nec
2434 3200 2575 3255 aliud
2621 3216 2743 3256 esse
2784 3203 3145 3263 substantiam
3188 3218 3362 3265 suam,

137 3303 213 3350 rte,
244 3299 291 3343 et
324 3290 481 3358 facta,
529 3302 584 3350 et
614 3310 951 3366 quaecunque
976 3298 1244 3353 vocabulo
1272 3298 1478 3354 entium
1508 3300 1679 3369 signi-
1707 3290 1753 3310 “
1788 3304 1841 3349 et
1876 3292 2019 3347 aliud
2081 3292 2445 3361 cognitionem
2496 3291 2605 3357 sui,
2648 3301 2704 3345 et
2751 3292 3003 3347 similiter
3049 3294 3102 3349 in
3141 3294 3367 3363 reliquis

76 3402 81 3409 ι
136 3380 355 3448 licautur,
401 3383 643 3441 conferri
680 3399 906 3453 possunt
936 3403 1058 3445 cum
1108 3400 1324 3454 natura,
1371 3405 1492 3459 quae
1540 3368 1675 3445 ultra
1786 3384 2098 3449 simitibus;
2133 3391 2188 3439 et
2229 3383 2409 3438 omnia
2450 3399 2570 3452 quae
2605 3385 2660 3439 in
2700 3400 2762 3441 ea
2808 3395 2961 3450 sunt,
3001 3402 3107 3441 non
3148 3368 3381 3441 diﬁ'erre
3446 3414 3453 3415 ν

132 3474 289 3528 omnia
321 3477 441 3531 est?
472 3476 634 3533 Unde
664 3482 1051 3536 convenienter
1082 3482 1204 3546 sibi,
1240 3498 1399 3537 causa
1432 3486 1675 3538 omnium
1786 3496 1817 3535 a
1867 3494 1926 3534 se
1974 3477 2126 3546 ipsa;
2162 3490 2264 3531 nec
2318 3474 2371 3530 in
2414 3492 2477 3529 ea
2514 3490 2677 3545 posse
2733 3477 2958 3545 reperiri
3010 3479 3357 3547 principium,

50 3625 53 3631 ι
132 3579 219 3616 non
249 3575 328 3619 est
363 3583 533 3621 unum
566 3585 752 3623 eorum
784 3585 902 3638 quas
932 3581 1079 3635 sunt,
1123 3589 1227 3627 non
1263 3573 1385 3627 dico
1421 3588 1678 3642 quaecun-
1787 3572 2019 3627 medium
2059 3578 2113 3625 et
2161 3569 2345 3627 ﬁnem.
2390 3583 2488 3623 nec
2518 3570 2778 3625 unitatem
2817 3570 3076 3631 divinam,
3116 3588 3237 3640 quze
3278 3583 3361 3627 est

130 3671 218 3716 que
247 3657 434 3726 aliquis
461 3662 853 3736 numeraverit,
886 3665 979 3717 sed
1002 3664 1045 3717 si
1073 3665 1195 3731 quis
1219 3666 1549 3737 cogitatione
1579 3669 1677 3721 ﬁn-
1785 3663 2073 3733 ὑπέρθεος,
2120 3662 2171 3716 id
2219 3671 2326 3725 est,
2358 3676 2523 3728 supra
2566 3676 2659 3717 eos
2695 3663 2784 3731 qui
2822 3662 3075 3717 dicuntur
3111 3663 3207 3727 dii,
3241 3658 3361 3717 esse

127 3756 275 3812 git-et,
306 3757 358 3802 et
388 3749 453 3803 ad
494 3750 588 3804 ilia
622 3765 741 3820 qute
780 3752 925 3808 uitra
960 3756 1159 3810 saecula
1196 3768 1341 3821 sunt,
1380 3759 1674 3828 refugeret,
1785 3754 2177 3821 substantiam;
2223 3768 2325 3808 nec
2356 3769 2478 3809 esse
2514 3756 2782 3809 unitatem
2816 3770 2937 3825 quae
2980 3763 3225 3817 vocatur,
3264 3771 3359 3810 ne-

127 3836 377 3903 opiniones
402 3850 590 3897 essent
620 3843 846 3898 rationis
880 3846 1022 3914 apud
1058 3861 1155 3902 nos
1199 3847 1431 3905 inaniter
1458 3852 1677 3920 quidem
1786 3864 1890 3916 que
1914 3849 2238 3903 Trinitatem
2275 3847 2343 3901 ab
2374 3847 2484 3901 ullo
2516 3846 2786 3916 cognitam
2823 3864 2836 3899 :
2870 3846 2964 3899 sed
2995 3848 3172 3915 potius
3195 3861 3357 3915 supra

126 3930 185 3983 ad
207 3932 286 3987 illa
315 3950 434 4004 quae
462 3936 608 3991 u1tra
634 3938 815 3993 omnia
842 3949 991 4007 sunt,
1016 3941 1444 4009 proﬁciscentis;
1469 3936 1675 3997 tantum
1784 3942 2144 3999 substantiam
2202 3954 2345 4004 esse,
2395 3950 2450 3993 et
2500 3955 2661 4008 supra
2695 3956 2913 3995 omnem
2964 3940 3269 4005 veritatem,
3304 3952 3359 3993 et

128 4040 238 4080 vero
279 4043 307 4081 a
355 4045 412 4084 re
458 4030 739 4098 distantis,
779 4041 1042 4102 quantum
1079 4034 1430 4088 simulacrum
1469 4049 1499 4087 a
1531 4034 1674 4087 veri-
1782 4048 1943 4100 supra
1971 4045 2189 4087 omnem
2223 4030 2543 4083 Trinitatem
2581 4032 2945 4110 excogitatam
2978 4033 3057 4086 vel
3088 4032 3357 4087 assimila-

124 4125 236 4180 tate,
266 4128 317 4173 et
346 4121 545 4176 domus
575 4120 643 4176 ab
671 4134 736 4177 eo
758 4123 849 4193 qui
882 4139 1001 4179 eam
1032 4124 1347 4189 fabricavit;
1390 4135 1440 4180 et
1473 4125 1676 4180 umbra:
1783 4134 1892 4179 tam
1921 4124 2101 4191 (ἄλει
2125 4122 2477 4189 διιῃηιεοιηηθ
2508 4138 2673 4175 unum
2707 4124 2812 4175 tale
2850 4122 3175 4177 abstractum
3208 4138 3344 4187 esse,

123 4212 265 4265 abiis
296 4229 415 4281 qua:
474 4224 628 4278 sunt,
664 4224 718 4270 et
773 4231 869 4285 per
926 4232 984 4274 se
1026 4218 1312 4275 exsistunt.
1358 4215 1471 4273 Non
1527 4218 1671 4272 enim
1780 4227 1836 4278 et
1867 4217 1931 4270 ad
1961 4232 2079 4271 eam
2108 4213 2290 4268 accedi
2320 4227 2429 4267 non
2460 4228 2639 4282 posse.
2676 4214 2841 4269 Recte
2870 4216 3030 4283 igitur
3065 4224 3115 4267 et
3149 4230 3267 4284 quae
3299 4217 3357 4268 in

179 4327 218 4358 “
253 4328 382 4385 Dan.
434 4344 565 4397 xm,
594 4329 687 4385 49.

1601 4446 1876 4509 Scholia.
1922 4402 1927 4405 Α

176 4551 244 4621 (l)
270 4551 367 4606 Per
394 4552 754 4620 disciplinam.
787 4552 922 4609 Cum
951 4568 1017 4607 ex
1046 4554 1304 4622 magistro
1360 4551 1622 4622 discimus
1655 4566 1670 4614 ;
1708 4554 1750 4607 D
1782 4567 1902 4617 nus,
1938 4551 1991 4607 in
2017 4552 2155 4608 libro
2185 4552 2259 4608 De
2280 4552 2489 4619 Spiritu
2521 4562 2703 4607 sancto
2734 4550 3361 4622 catttradlacedoniutn;

119 4620 201 4688 per
225 4622 550 4694 doctrinam,
580 4639 703 4679 cum
737 4633 922 4694 nostro
954 4620 1205 4677 suulioﬁet
1270 4620 1677 4694 industria_siue
1786 4638 1907 4676 cum
1944 4623 2124 4694 tribus
2141 4624 2502 4694 lampadibus,
2525 4638 2754 4694 quarunt
2776 4636 2881 4694 ιῃιᾳ
2925 4620 3134 4694 ﬁamma
3173 4625 3354 4694 ;idern

120 4693 358 4764 magistro
398 4694 661 4751 docemus
691 4710 707 4760 ;
743 4709 837 4764 per
865 4692 1334 4758 illuminationetn,
1369 4705 1489 4747 cum
1538 4689 1680 4745 Deus
1784 4694 2081 4764 Gregorius
2110 4689 2411 4764 Nyssenus,
2438 4694 2490 4747 iu
2522 4689 2660 4747 libro
2695 4691 2768 4745 De
2789 4689 3066 4764 Trinitate,
3103 4693 3353 4764 ὴωολτίει

118 4758 318 4835 ι’θνὲξιειἐ
693 4758 702 4760 -
744 4758 758 4764 ’
852 4826 861 4835 ἦ
1012 4833 1019 4835 _
1190 4834 1195 4835 γ
1544 4831 1567 4835 _

1857 4764 1920 4816 :it
1946 4758 2065 4835 esse
2095 4758 2359 4825 ln'nobis.
2388 4758 2506 4835 qua}
2556 4774 2684 4817 sunt
2706 4762 2879 4835 ,νθῡς⁸
2901 4762 3079 4827 λόγος,
3103 4762 3350 4831 πνεῦμαε

176 4833 247 4900 (2)
279 4832 585 4904 Secundum
626 4831 885 4889 rationem
934 4833 1248 4890 substantia:
1300 4849 1501 4887 eorum.
1533 4831 1673 4897 Quia
1784 4833 2170 4904 Meus,iuqttit,
2211 4835 2352 4901 parit
2392 4831 2848 4898 rationem;ratio
2871 4843 3052 4885 movet
3088 4844 3346 4898 tuentem;

116 4900 214 4975 ipsa
243 4903 417 4959 divina
437 4906 670 4975 essentia
702 4916 781 4961 est
820 4906 1033 4975 propria
1066 4904 1205 4975 ratio
1244 4904 1671 4965 substantizecu-
1781 4916 1835 4958 et
1866 4900 2377 4975 nequefmens’sine‘
2418 4905 2627 4975 ratione
2665 4912 2785 4975 est,_
2826 4916 2998 4975 neque
3048 4905 3182 4975 ratio
3236 4906 3362 4957 sine

110 4970 292 5044 jusque
332 4984 599 5029 creaturae
624 4974 683 5030 in
704 4970 1000 5036 inﬁnitum,
1046 4974 1338 5044 perfectior
1366 4989 1528 5044 quam
1546 4986 1674 5040 pro-
1779 4970 1966 5027 mente
1991 4973 2277 5037 ;similiter
2308 4973 2424 5027 sine
2454 4974 2668 5042 spiritu,
2698 4972 2786 5038 qui
2812 4982 2893 5026 est
2924 4972 3166 5044 inunobis
3191 5014 3204 5034 ,
3246 4988 3355 5025 nou

116 5043 219 5108 pria
250 5046 385 5099 ratio
422 5046 742 5101 subStantite
771 5046 823 5099 in
882 5047 995 5114 ipsa
1037 5041 1327 5114 creatura,
1385 5041 1400 5044 ⁷
1774 5044 1887 5114 exit
1915 5058 1981 5097 ex
2006 5055 2183 5097 mente
2207 5113 2210 5114 ν
2231 5062 2245 5109 ;
2268 5045 2399 5105 haec,
2450 5041 2642 5113 inquit,
2672 5052 2798 5114 sunt
2826 5041 3075 5114 aequalia,
3098 5052 3150 5096 et
3182 5056 3347 5114 sepa-

178 5115 248 5180 (3)
280 5114 489 5187 causa:
518 5116 647 5170 dicit
682 5111 914 5185 propter
963 5129 1223 5183 personas
1279 5113 1515 5187 divinas,
1547 5130 1669 5187 qua:
1776 5113 1881 5187 rari
1910 5128 2017 5167 asc
2036 5113 2276 5187 vicissim
2292 5128 2397 5167 non
2414 5111 2643 5187 possunt
2670 5113 2803 5187 :sic,
2825 5111 3354 5187 intulit,_intell_igen-

113 5184 447 5257 suut_slioqni
482 5201 593 5240 una
624 5180 795 5241 causa
817 5180 1211 5251 creaturarum,
1247 5183 1389 5241 sicut
1412 5199 1519 5240 una
1565 5180 1667 5244 ’θι-
1772 5184 1901 5236 dum
1922 5192 2013 5257 est
2044 5181 2393 5257 in_‘l‘rinitate
2412 5202 2427 5250 ;
2456 5183 2543 5257 alii
2566 5180 3093 5257 (ξιιιηΐοεωηριινὶο,
3118 5180 3349 5257 etlaeu;

111 5253 297 5322 sentin,
370 5249 390 5257 ’
707 5316 715 5322 _
1195 5249 1204 5251 ’
1771 5268 1892 5310 cum
1922 5252 2060 5322 igne,
2083 5252 2297 5307 ﬂamma
2359 5263 2413 5306 et
2469 5253 2714 5318 lumine;
2766 5249 3361 5322 Cyrilluscumradice,

173 5324 245 5396 (4)
275 5321 453 5396 Supra
482 5338 680 5396 omnem
697 5316 1005 5380 Trinitatem
1027 5325 1397 5396 excogitatam,
1424 5324 1502 5396 uel
1522 5327 1663 5396 1ςηὶ-
1771 5338 1921 5396 ramo
1942 5316 1999 5377 Et
2026 5323 2201 5377 fructu
2227 5342 2241 5388 ;
2268 5322 2409 5396 idem
2432 5338 2555 5376 cum
2574 5316 2765 5391 digito,
2784 5316 2944 5396 manu
2996 5330 3050 5376 et
3088 5316 3355 5396 brachio;

106 5391 361 5449 irritatam;
376 5394 696 5452 Observav'it
716 5391 1185 5459 lmelCalecas',
1208 5397 1261 5449 in
1278 5394 1416 5449 libro
1440 5395 1515 5450 De
1540 5394 1661 5450 Tri-
1768 5402 1825 5448 et
1850 5394 1985 5447 alias
2011 5407 2130 5446 cum
2151 5407 2293 5458 rosa,
2325 5391 2478 5454 ﬂore,
2510 5402 2563 5448 et
2593 5396 2778 5447 odore.
2806 5392 2864 5445 ln
2883 5391 2969 5447 his
2994 5392 3361 5447 omnibust-e-

108 5465 261 5535 uitale
292 5465 576 5535 imagines,
602 5481 739 5535 quas
775 5465 962 5522 Panes
991 5466 1368 5535 excogitafunt
1407 5464 1476 5520 ad
1522 5465 1666 5521 assi-
1773 5464 2060 5530 pariuntur
2081 5463 2325 5535 quaedam
2350 5464 2729 5535 inseparabilla
2752 5477 2789 5515 a
2808 5478 2870 5515 se
2897 5471 3353 5531 metumquem-

108 5531 523 5592 milaudum'eas
563 5531 847 5601 utcunque
889 5531 1164 5591 Trinitati'.
1216 5531 1511 5601 Gregorius
1561 5535 1667 5591 Νι·
1769 5542 2056 5587 sumuntur
2084 5531 2151 5586 ad
2183 5533 2568 5587 declarandum
2639 5544 2914 5600 utcunque
2948 5544 3067 5586 esse
3089 5542 3197 5584 tres
3222 5547 3349 5600 per-

110 5602 395 5685 siauzenus
428 5622 546 5660 cum
577 5601 1034 5685 oculo_t‘ontis.._.et
1057 5605 1228 5685 fonte,
1248 5614 1301 5657 et
1329 5603 1491 5685 fluvio
1511 5619 1663 5660 com-
1773 5615 1869 5655 nas
1899 5601 2287 5685 inseparabiles
2338 5603 2764 5685 proprietatibus
2815 5601 3117 5685 distinctas,
3149 5603 3351 5675 etimi-

107 5684 254 5740 parat
289 5694 303 5739 ;
342 5678 467 5730 item
496 5689 621 5730 cum
678 5678 791 5732 sole
814 5718 829 5741 ,
867 5675 1042 5732 radio.
1074 5674 1272 5728 lumine
1302 5692 1320 5740 ;
1357 5676 1483 5729 item
1541 5690 1661 5728 cum
1770 5685 1833 5725 us
1858 5673 2197 5734 substantiae,
2232 5672 2303 5725 ita
2322 5670 2471 5725 vitab
2499 5672 2603 5725 alio
2620 5682 2878 5726 sumatur
2901 5670 2973 5741 ea
3012 5670 3345 5741 ἀχώριάτον,

111 5739 282 5816 mente
314 5747 384 5800 lu
409 5744 661 5816 Ouu'ijust,
688 5745 745 5798 id
764 5739 1348 5816 estgcousideratioue.
1381 5743 1652 5816 aniqajrt
1762 5742 1813 5793 id
1847 5753 1946 5816 est3
1969 5742 2775 5816 inseparabilitaspersunarum
2800 5742 2901 5809 μδ
2930 5739 3036 5796 alio
3052 5739 3344 5811 etopus-

104 5813 296 5877 quibus
357 5830 465 5871 non
481 5813 809 5883 VeS-IleiliO,
847 5815 927 5871 vel
948 5814 1118 5870 sectio
1146 5814 1440 5883 ;itemcum
1460 5814 1653 5883 triplici
1772 5829 1903 5878 σιον,
1934 5813 1983 5866 id
2005 5822 2106 5877 est,
2149 5813 2708 5869 consubstantialitas.

106 5883 236 5952 sole,
259 5894 315 5940 et
341 5900 447 5942 una
472 5887 691 5941 luminis
713 5882 1090 5943 commistione
1118 5904 1131 5951 ;
1159 5882 1451 5954 Grr'gurius
1488 5882 1683 5954 Nysse-
