3780 6552
222 401 309 467 993
1214 395 1298 457 IN
1342 397 1766 465 DECADIBUS
1805 403 2399 472 CYPARISSIOT/E.
3307 420 3411 486 994
3456 378 3463 389 .

274 502 687 564 Bartbolomzeus,
722 498 1025 569 apostolus,
1069 497 1160 566 Vl,
1189 501 1277 569 I0,
1312 517 1378 558 ex
1408 504 1649 578 Dionysii
1683 523 1731 564 r.
1764 509 1820 576 1,
1855 510 1931 565 De
1961 513 2185 583 mystica
2230 513 2393 569 theol.

272 591 501 654 Basilius,
532 587 595 653 Il,
750 586 838 652 III,
869 586 1064 682 4;IV,
1093 587 1159 682 8;
1198 588 1265 656 V,
1301 590 1402 660 I0;
1438 590 1525 661 VI,
1554 592 1623 660 6;
1655 593 1749 658 IX,

1920 639 1935 665 ,
1966 598 2033 663 Χ,
2055 601 2112 655 2.
2146 598 2223 654 De
2254 599 2464 671 Spiritu
2495 612 2710 674 sancto,
2746 604 2863 673 VII,
2898 608 2953 666 5.
3008 608 3298 682 Capitibus
3343 617 3410 671 de

216 681 391 751 spiritu
428 686 633 770 sancto,
654 674 748 770 IX,
776 676 828 729 7.
862 674 1066 770 Contra
1097 674 1451 770 Eunomium,
1480 683 1748 770 secundo,
1781 682 1872 751 III,
1901 686 1974 754 5;
2006 686 2099 749 IX.
2138 689 2206 755 5;
2239 687 2310 753 X,
2343 690 2417 760 5;
2450 693 2634 763 tertio,
2663 690 2778 761 VII,
2811 697 2883 765 5;
2916 674 3135 768 quarto,
3189 700 3275 767 III,
3336 703 3405 770 5;

212 768 288 832 IV,
310 769 357 829 4,
388 766 435 824 5.
471 765 534 829 6;
562 762 657 853 IK2
687 763 758 829 5;
787 771 986 833 quarto
1013 764 1444 836 ἁντιρρητικῶν,
1480 764 1551 836 X,
1577 769 1632 836 9,
1677 786 1703 826 c

1921 773 1940 826 I
1971 790 1985 839 ;
2028 771 2096 841 Χ,
2128 775 2192 841 5;
2232 777 2446 845 quinto,
2484 762 3009 853 dtvstppmtxt‘bu,X,
3035 784 3089 839 4.
3120 785 3173 840 In
3200 762 3408 844 ﬂexae:-

210 872 391 917 meron,
425 851 505 913 VI,
531 853 553 904 1
583 868 597 917 ;
637 848 755 942 VII,
790 849 1142 942 8_.__Se_rmone
1173 854 1240 907 de
1277 854 1402 920 lIde,
1437 853 1530 922 IX,
1555 858 1609 913 4.
1640 857 1696 914 In
1713 858 1989 914 Psalmum
2017 877 2162 926 xuv,
2206 861 2367 930 V|,4.
2395 863 2548 923 Orat.
2571 848 2937 941 dcvprincipio
2960 870 3405 942 Proverhiorum,

209 944 286 1003 III.
310 944 356 996 4.
384 942 438 995 In
466 940 785 1006 IIIUI’JIIIIIIS,
822 938 910 1004 III,
937 938 992 994 7.
1022 939 1197 1011 Epist.
1232 942 1300 997 ad
1327 942 1694 1011 Eustathium,
1730 946 1817 1013 IV,
1846 949 1899 1001 7.
1934 946 2013 1002 Ad
2039 947 2361 1020 Gregorium
2393 952 2639 1019 fratrem,
2664 954 2783 1021 VII,
2808 938 2863 1022 4,
2893 958 2944 1012 5.
2987 957 3203 1015 Psalmo
3235 938 3405 1018 sunt

208 1035 251 1088 in
282 1029 479 1084 homilia
513 1026 825 1093 mor-alium,
869 1024 981 1094 VII,
1040 1027 1093 1082 8.
1127 1029 1182 1083 In
1214 1028 1361 1086 Psal.
1394 1046 1534 1100 χιιι,
1569 1031 1684 1101 VII,
1722 1034 1786 1102 5;
1838 1034 1979 1091 Iihro
2003 1036 2198 1106 quinto
2232 1039 2298 1093 ad
2330 1040 2800 1112 Amphilochium,
2862 1046 2977 1113 VII,
3007 1046 3061 1102 9.
3109 1049 3164 1103 In
3232 1051 3403 1107 illud:
3454 1026 3465 1041 ’

204 1120 398 1172 Attende
423 1116 534 1182 tibi,
566 1113 696 1183 VIII,
735 1116 786 1170 8.
818 1114 1062 1185 Epistula
1091 1117 1156 1169 ad
1185 1115 1507 1173 Terentium
1537 1122 1817 1190 comitem,
1850 1122 1940 1185 IX.
1970 1125 2024 1180 4.
2059 1125 2138 1180 Ad
2167 1125 2559 1193 Caesarienses,
2589 1128 2677 1197 IX,
2707 1134 2762 1187 7.

259 1208 679 1276 Chrysostomus,
718 1203 761 1273 I,
790 1206 859 1270 5;
900 1203 989 1271 III,
1018 1205 1090 1274 4;
1124 1206 1213 1271 VI,
1249 1207 1305 1273 6,
1333 1206 1401 1274 9;
1430 1206 1544 1275 VII,
1577 1211 1631 1265 I.
1666 1210 1899 1266 IIomtIia
1942 1210 2032 1276 64,
2074 1213 2133 1267 in
2181 1212 2514 1281 Matthaeum,
2573 1218 2663 1281 III,
2705 1219 2758 1274 4.
2814 1218 3046 1276 Homilia
3091 1224 3180 1289 56,
3215 1224 3297 1291 VI,
3345 1227 3401 1281 4.

201 1295 248 1349 In
268 1295 405 1358 illud,
432 1291 495 1346 In
527 1293 643 1361 ipso
673 1292 781 1347 vita
812 1302 949 1357 erat,
984 1293 1078 1358 IX,
1108 1295 1162 1350 7.
1199 1293 1403 1352 Homil.
1433 1298 1524 1364 I5,
1558 1299 1611 1352 in
1646 1299 1937 1367 Joannem,
1972 1298 2111 1366 VIII,
2148 1302 2203 1358 8.
2233 1301 2433 1358 Homil.
2475 1303 2567 1367 42,
2598 1302 2685 1370 VI,
2729 1306 2785 1371 5,
2826 1307 2879 1362 6.
2909 1305 2967 1362 In
3006 1309 3175 1375 Epist.
3202 1314 3267 1365 ad
3301 1313 3407 1368 Co—

200 1381 343 1469 rinth.
371 1380 509 1469 hom.
544 1378 634 1445 29,
668 1377 785 1469 VII,
820 1380 876 1436 5.
908 1381 988 1436 Ad
1025 1380 1474 1453 Ephesioshom.
1500 1386 1587 1453 I5,
1614 1386 1725 1452 VII,
1766 1388 1819 1443 5.
1857 1385 2089 1444 Homilia
2127 1390 2193 1445 de
2224 1388 2513 1462 Eutropio,
2544 1392 2584 1458 I,
2609 1392 2663 1448 6.
2696 1394 2775 1448 Ad
2804 1394 3152 1452 Theodorum
3187 1399 3402 1469 lapsura
3524 1446 3529 1455 .
3643 1397 3653 1433 ἦ

201 1468 269 1560 VI,
294 1470 340 1560 4,
374 1469 442 1560 5;
475 1467 609 1560 VIII,
631 1469 695 1560 _8.
727 1468 964 1560 Homilia
988 1469 1056 1527 de
1081 1486 1265 1560 cruce,
1290 1474 1448 1545 cujus
1476 1475 1717 1543 initium,
1752 1476 1893 1543 Quid
1925 1479 2123 1546 dicam,
2154 1480 2222 1548 X,
2244 1481 2298 1537 8.
2321 1483 2634 1553 Explanans
2666 1484 2797 1540 illud
2830 1502 2843 1539 :
2878 1484 3111 1542 Vidimus
3154 1467 3403 1560 gloriam,

195 1556 265 1620 VI,
289 1558 336 1610 6.
364 1555 509 1611 Orat.
536 1557 604 1612 de
628 1557 1106 1628 incomprehenso,
1139 1557 1279 1625 VIII,
1309 1560 1363 1616 8.
1403 1561 1479 1617 De
1509 1565 2012 1638 transllguratione,
2040 1567 2129 1635 VI,
2166 1568 2217 1624 6.
2252 1568 2510 1626 Oratione
2539 1581 2729 1627 contra
2764 1571 3049 1629 haereticos
3082 1555 3216 1630 etin
3255 1555 3394 1648 peti?

192 1646 366 1700 tionem
396 1643 630 1730 ﬁliorum
655 1643 923 1714 Zebedaei,
954 1644 1046 1713 VI,
1087 1647 1143 1703 8.
1181 1647 1242 1704 In
1277 1649 1449 1708 illud:
1485 1650 1567 1707 E1
1598 1653 1929 1723 plenitudine
1961 1657 2077 1726 ejus
2104 1672 2282 1714 omnes
2316 1661 2635 1730 accepimus,
2668 1659 2785 1728 VII,
2813 1661 2869 1717 4.
2898 1664 3158 1719 Oratione
3191 1643 3399 1723 in—lau-

189 1731 291 1786 de")
313 1730 367 1785 S.
399 1729 617 1789 Joannis
644 1732 906 1803 theologi,
934 1731 1074 1801 VIII,
1110 1733 1175 1789 6.

244 1828 474 1886 Clemens
508 1830 885 1903 philosophus,
916 1832 981 1901 V,
1008 1835 1063 1890 4.

251 1919 459 1976 Divinus
481 1918 733 1982 Cosmas.
767 1921 857 1991 VI,
886 1924 943 1980 4.
973 1924 1199 1984 Cauone
1229 1925 1353 1984 festi
1421 1924 1944 1998 transtigurationis,
1983 1924 2072 1994 VI,
2106 1925 2165 1992 6,
2199 1926 2250 1981 7.
2289 1927 2348 1983 In
2380 1929 2448 1986 iis
2477 1945 2598 2001 quae
2628 1931 2683 1988 in
2736 1935 2970 1992 mediam
3033 1936 3392 1995 Pentecostcn
3450 2002 3463 2009 ,

186 2024 446 2079 canuntur,
483 2011 572 2079 VI,
608 2012 665 2069 6.
857 2040 862 2045 ι

2844 2052 2847 2055 -
3338 2050 3342 2059 ι

245 2102 462 2175 Cyrillus
498 2101 657 2159 Alex.
690 2100 781 2169 III,
820 2101 889 2170 5;
925 2099 1063 2170 VIII,
1092 2102 1179 2157 10.
1214 2102 1270 2156 1η
1297 2101 1593 2167 thesauris,
1625 2097 1714 2165 IV,
1744 2098 1819 2166 9;
1872 2097 1982 2164 VII,
2018 2098 2071 2167 2,
2103 2101 2172 2166 5;
2226 2099 2316 2169 IX,
2354 2103 2407 2159 6.
2446 2104 2606 2162 Libro
2633 2110 2831 2178 primo,
2867 2112 2958 2179 IX,
3008 2113 3074 2179 8;
3117 2114 3256 2171 libro
3312 2131 3398 2185 ιιι,

106 2241 119 2248 η
184 2194 336 2263 capue
362 2198 575 2262 quarto,
608 2188 677 2257 X,
702 2190 767 2258 9;
809 2190 949 2247 libro
979 2207 1088 2255 xw,
1120 2189 1216 2255 IX,
1257 2190 1310 2256 6,
1335 2189 1389 2257 8,
1421 2190 1525 2259 I0;
1565 2189 1701 2244 libro
1736 2202 1820 2252 xv,
1873 2186 1964 2250 IX,
2004 2187 2078 2254 6;
2112 2188 2253 2243 libro
2280 2206 2391 2257 ιιι,
2430 2193 2522 2258 IX,
2554 2194 2621 2260 8;
2656 2198 2796 2252 libro
2824 2215 2975 2265 xxxi,
3020 2201 3091 2268 X,
3129 2204 3199 2269 2;
3260 2205 3402 2260 Iibrn

184 2296 333 2345 xun,
364 2278 428 2345 X,
455 2278 507 2346 7,
548 2279 728 2350 capite
761 2279 854 2343 55,
892 2278 985 2345 IX,
1021 2280 1074 2344 5,
1106 2278 1173 2345 7;
1230 2278 1371 2333 libro
1396 2290 1583 2341 xxxrv,
1624 2274 1689 2340 Χ,
1728 2274 1784 2329 7.
1810 2275 2096 2331 Disserens
2127 2275 2191 2331 de
2223 2276 2431 2347 Spiritu
2461 2281 2671 2349 sancto,
2704 2284 2813 2351 VII,
2848 2287 2903 2349 2,
2933 2288 2985 2354 5,
3021 2289 3053 2345 5
3080 2306 3094 2355 ;
3126 2290 3216 2358 IX,
3258 2292 3313 2358 6,
3343 2293 3399 2347 7.

184 2367 546 2438 Explanatione
575 2366 633 2421 in
674 2364 904 2432 Lucam,
932 2364 1023 2434 VI,
1072 2366 1125 2421 4.
1156 2364 1322 2419 Libro
1359 2363 1539 2433 primo
1569 2361 1637 2418 ad
1680 2361 1981 2425 Hermiam,
2009 2361 2101 2427 IX,
2126 2363 2181 2417 7.
2215 2362 2381 2421 Libro
2410 2368 2608 2437 quinto
2654 2369 2931 2443 Dialogor.
2983 2379 3047 2428 ad
3097 2374 3399 2443 Hermiam,

184 2455 261 2521 IX,
288 2455 337 2511 7.
372 2454 532 2509 Libro
560 2455 797 2525 septimo
824 2467 1015 2510 eorum
1046 2467 1187 2523 quos
1209 2466 1362 2508 more
1381 2449 1581 2521 dialogi
1613 2450 1853 2520 scripsit,
1886 2447 1976 2509 VI.
2008 2449 2061 2503 7.
2095 2449 2261 2507 Libro
2291 2456 2524 2524 septimo
2579 2456 2928 2530 Dialogorum
2984 2462 3052 2517 ad
3096 2462 3400 2532 Hermiam,

188 2551 283 2619 VII,
315 2550 382 2615 4;
411 2551 505 2617 IX,
534 2550 611 2617 6;
647 2550 716 2619 X,
747 2549 802 2606 5.

241 2664 456 2733 Cyrillus
485 2662 762 2720 Hierosol.
782 2662 839 2718 in
875 2659 1286 2728 Catechesibus,
1314 2657 1423 2726 VII,
1458 2660 1513 2724 1,
1550 2658 1760 2716 decima
1798 2655 2104 2725 Cateehesi,
2140 2659 2228 2725 VI,
2257 2660 2313 2715 4.

246 2750 452 2808 Divinus
481 2750 799 2806 Diadochus
827 2758 882 2805 et
910 2748 1116 2803 silentii
1145 2747 1427 2819 magister,
1460 2744 1598 2811 VIII,
1631 2745 1684 2801 8.
1719 2746 1738 2814 (
1766 2742 1923 2799 Libro
1951 2745 2015 2798 de
2041 2745 2363 2815 perfectione
2384 2748 2655 2819 spirituali
2680 2752 2875 2807 citatur
2894 2771 2926 2808 a
2957 2754 3223 2810 Tarriano
3246 2759 3401 2811 scho-

183 2839 257 2893 liis
284 2841 346 2892 ad
375 2837 443 2906 X,
471 2839 527 2894 2.
559 2840 857 2909 Episcopus
882 2837 1132 2893 Photiees
1164 2836 1219 2890 in
1247 2833 1433 2905 Epiro,
1463 2849 1616 2904 quem
1652 2835 1712 2889 δ.
1741 2830 2016 2886 Maximus
2049 2834 2213 2889 citare
2237 2844 2287 2890 et
2316 2836 2465 2907 sequi
2493 2837 2647 2907 solet,
2679 2837 2816 2895 libro
2855 2858 3015 2896 aureo
3049 2844 3403 2913 quwstionum

186 2927 241 2980 de
262 2927 428 2980 anima
458 2936 711 2997 separata
735 2936 784 2983 et
818 2920 1040 2997 angelis,
1070 2940 1219 2996 quem
1254 2924 1525 2991 inscripsit
1559 2921 1938 2992 Apocalypsin,
1980 2921 2057 2975 id.
2089 2921 2131 2992 ).
2278 2956 2281 2959 ‹
3342 2930 3343 2935 ‘

244 3013 518 3084 Dionysius
543 3013 873 3084 Areopagita
910 3013 1116 3083 passim
1155 3026 1251 3081 per
1286 3020 1459 3064 totum
1492 3024 1653 3079 opus.
1704 3006 2038 3077 Theologus,
2076 3009 2213 3077 VIII,
2244 3009 2332 3066 ιο.

244 3101 519 3175 Dionysius
552 3103 710 3158 Alex.
740 3102 967 3158 scholiis
992 3101 1057 3156 ad
1096 3098 1418 3170 Dionysium
1449 3096 1858 3167 Areopagitam,
1889 3096 1930 3161 I,
1957 3095 1981 3149 I
2018 3112 2033 3162 ;
2070 3096 2135 3163 Il,
2175 3096 2229 3152 2.

235 3190 289 3245 Β.
321 3192 569 3261 Ephrasm
606 3194 857 3248 oratione
888 3191 943 3246 in
974 3189 1534 3259 transﬁgurationcm,
1564 3183 1654 3251 VI,
1688 3185 1744 3240 4.

242 3278 294 3334 S.
329 3278 621 3350 Epiphanii
650 3278 905 3348 Pan-aria,
933 3275 1022 3344 III,
1060 3276 1123 3342 4;
1160 3273 1227 3344 V,
1249 3273 1306 3330 2.
1335 3285 1525 3331 contra
1558 3273 1791 3330 haeresin
1821 3269 2240 3365 Marcosiorum,
2269 3270 2402 3341 VIII,
2444 3272 2528 3330 I0.
2556 3272 2761 3333 IIteresi
2792 3287 2981 3333 contra
3027 3276 3400 3349 Ptolemaitas,

244 3449 534 3506 Eunomius
578 3448 633 3502 in
665 3445 735 3501 iis
764 3459 887 3516 quas
914 3453 1105 3498 contra
1138 3441 1402 3498 Basilium
1438 3457 1697 3513 magnum
1730 3443 1941 3511 scribit,
1974 3442 2040 3509 Χ,
2071 3444 2129 3500 4.

240 3538 491 3593 Eusebius
522 3532 909 3595 Caesariensis,
941 3528 1031 3598 III,
1064 3531 1119 3585 4.

239 3630 499 3702 Enthymii
530 3628 837 3697 dogmatica
865 3624 1140 3695 panoplia,
1173 3622 1265 3687 III,
1291 3623 1345 3676 2.

242 3720 465 3775 Sanctus
491 3733 557 3772 ac
588 3716 807 3772 divinus
830 3714 1138 3769 Germanus
1169 3713 1221 3766 in
1252 3712 1602 3781 Expositione
1630 3711 1777 3778 ﬁdei,
1812 3710 1951 3779 VIII,
1987 3713 2077 3767 10.

239 3850 545 3920 Gregorius,
584 3848 888 3918 theologus,
924 3847 965 3913 I,
1000 3849 1068 3913 5;
1098 3845 1190 3912 IV,
1226 3846 1294 3913 8;
1334 3845 1422 3913 VI,
1452 3848 1506 3914 7,
1539 3849 1592 3904 9.
1621 3848 1786 3905 Libro
1818 3850 1994 3920 primo
2020 3851 2087 3919 de
2121 3850 2284 3921 Filio,
2319 3851 2456 3922 VIII,
2494 3855 2517 3910 I
2551 3870 2566 3922 ;
2598 3855 2691 3922 IX,
2720 3856 2753 3912 5
2782 3874 2797 3925 ;
2826 3857 2895 3923 X,
2930 3858 2987 3927 2,
3024 3860 3080 3915 5.
3114 3859 3281 3918 Libro
3307 3880 3398 3921 se-

177 3940 362 4005 cundo,
397 3938 485 4005 VI,
512 3939 567 3993 6.
602 3940 753 3991 Orat.
783 3936 851 3991 de
880 3935 1084 4005 Spiritu
1117 3946 1327 4002 sancto,
1366 3934 1453 4003 III,
1485 3937 1557 4002 4;
1589 3935 1700 4005 VII,
1737 3939 1788 3992 5.
1819 3938 2076 3994 Secundo
2108 3940 2175 3995 de
2210 3940 2482 4014 theologia
2508 3943 2668 4011 libro,
2702 3944 2746 4011 I,
2780 3945 2849 4014 6;
2882 3946 2948 4012 II,
2988 3947 3043 4015 4,
3077 3947 3128 4016 5,
3156 3949 3209 4017 7,
3239 3951 3294 4018 8,
3328 3953 3404 4021 9;

172 4023 251 4090 III,
287 4027 351 4091 4;
388 4024 477 4092 VI,
511 4025 569 4090 6,
596 4025 668 4089 9;
696 4022 835 4087 VIII,
861 4022 932 4087 8;
966 4021 1059 4087 IX,
1087 4023 1142 4077 5.
1169 4021 1335 4077 Libro
1370 4027 1529 4079 tertio
1566 4023 1875 4095 Theologia:
1904 4039 2037 4093 suat,
2085 4025 2156 4091 X,
2188 4027 2276 4083 10.
2309 4028 2606 4099 Disputans
2635 4039 2825 4087 contra
2850 4032 3200 4104 Eunomium,
3231 4037 3321 4104 III,
3353 4040 3401 4092 I.

172 4114 239 4169 De
273 4116 551 4170 divinitate
585 4114 653 4167 ad
681 4112 973 4183 Evagrium
1006 4112 1364 4177 monachum,
1408 4112 1498 4176 IV,
1531 4111 1604 4180 8;
1639 4109 1756 4177 VII,
1780 4110 1837 4166 4.
1868 4112 2130 4168 Oratione
2155 4128 2281 4169 cum
2306 4112 2489 4172 factus
2536 4124 2622 4173 est
2650 4118 2961 4189 presbyter,
3000 4118 3066 4185 V,
3109 4121 3162 4178 9.
3202 4124 3274 4178 De
3309 4126 3404 4178 ba-

173 4203 375 4271 ptismo,
405 4202 495 4268 VI,
530 4203 589 4266 5,
620 4200 724 4268 IO;
757 4199 851 4266 IX,
885 4200 940 4255 5.
965 4200 1047 4255 Ad
1076 4196 1373 4265 Heronem,
1411 4197 1501 4265 VI,
1536 4198 1591 4253 5.
1624 4198 1684 4254 In
1715 4214 1970 4255 sermone
2022 4198 2360 4270 Epiphaniae,
2390 4201 2479 4267 IV,
2514 4204 2567 4259 1.
2620 4204 2788 4261 Libro
2817 4206 2885 4261 de
2913 4216 3059 4262 statu
3114 4209 3404 4283 episeopo-

172 4304 304 4357 rum,
334 4288 423 4357 III,
457 4290 511 4345 6.
548 4288 623 4345 De
648 4286 1049 4343 constituendis
1078 4286 1373 4358 episcopis,
1408 4284 1503 4353 IX,
1536 4287 1594 4353 2,
1640 4286 1693 4341 5.
1732 4286 1793 4341 In
1822 4284 2067 4341 Natalem
2108 4288 2345 4355 Domini,
2387 4288 2478 4357 VI,
2507 4290 2581 4358 7;
2644 4289 2780 4347 VIII.
2817 4291 3081 4348 Oratione
3132 4293 3200 4349 de
3254 4295 3405 4352 bono

172 4378 346 4433 ordine
382 4375 709 4441 disserendi,
738 4374 826 4439 VI,
855 4375 911 4439 5,
940 4373 994 4429 6.
1032 4373 1287 4430 Secunda
1316 4374 1385 4429 de
1418 4388 1574 4445 pace,
1608 4372 1723 4439 VII,
1750 4373 1804 4428 9.
1836 4372 2021 4429 'I‘ertia
2058 4372 2153 4439 IX,
2184 4375 2237 4430 5.
2272 4374 2328 4430 In
2373 4375 2766 4444 Peutecosteu,
2818 4378 2933 4446 VII,
2962 4378 3021 4435 9.
3068 4380 3123 4435 In
3186 4381 3402 4438 Iaudem

172 4460 397 4534 Gregorii
428 4460 688 4536 Nysseni,
716 4459 807 4524 IX,
847 4459 899 4513 7.
929 4504 932 4507 λ

144 4523 181 4645 I.
232 4523 519 4640 Giegoritis
549 4523 854 4641 Nysseuus,
888 4567 952 4634 Il,
984 4567 1054 4633 5;
1092 4565 1183 4633 IV,
1216 4566 1271 4635 8,
1307 4568 1376 4636 9;
1409 4565 1524 4634 VII,
1552 4568 1608 4635 8,
1643 4568 1711 4626 10
1740 4586 1756 4638 ;
1793 4567 1884 4636 IX,
1925 4574 1970 4637 I,
2000 4572 2056 4639 2,
2086 4572 2141 4639 4,
2174 4572 2225 4627 5.
2258 4572 2410 4631 Orat.
2446 4574 2519 4629 ad
2545 4572 2913 4643 Pulcheriam,
2946 4578 3037 4645 IX,
3101 4579 3154 4634 6.
3202 4579 3406 4636 Contra

141 4640 512 4723 IEunomium,
547 4640 639 4722 IV,
673 4657 739 4724 5;
774 4657 836 4721 V,
873 4657 950 4723 9;
987 4654 1119 4723 VIII,
1149 4655 1203 4709 6.
1233 4654 1400 4711 Libro
1438 4656 1533 4727 qui
1572 4658 1765 4727 incipit
1795 4657 1981 4714 Prima
2007 4661 2243 4730 quidem,
2280 4662 2321 4727 I,
2368 4661 2422 4716 6.
2458 4660 2623 4717 Libro
2680 4640 2905 4733 primo,
2950 4640 3120 4734 V,‘9;
3160 4664 3275 4731 VII,
3332 4670 3403 4734 8;

170 4744 255 4810 IX,
278 4747 414 4813 5,6;
450 4745 517 4810 X,
554 4748 609 4812 4,
644 4746 712 4809 5;
748 4748 926 4813 capite
956 4758 1072 4807 ιιι,
1117 4742 1275 4809 Χ,9;
1340 4744 1480 4799 libro
1541 4746 1808 4811 secundo,
1858 4745 1947 4810 III,
1987 4748 2054 4815 5;
2110 4748 2176 4816 V,
2202 4752 2257 4806 9.
2325 4749 2527 4805 Contra
2593 4749 2917 4807 Eunomium
2984 4771 3149 4819 nono,
3196 4754 3288 4821 IX,
3338 4758 3403 4823 4;

170 4833 371 4888 decimo
404 4836 584 4900 tertio,
612 4832 701 4897 IV,
730 4833 798 4899 6;
825 4832 893 4899 Χ,
931 4833 986 4885 4.
1024 4832 1190 4886 Libro
1218 4832 1285 4886 de
1319 4828 1654 4893 Abrahamo.
1693 4831 1783 4900 IX,
1815 4835 1869 4891 5.
1904 4836 1976 4891 De
2002 4840 2108 4891 vita
2144 4837 2329 4905 Mosis,
2359 4839 2423 4906 II,
2449 4838 2481 4895 8
2508 4857 2522 4904 ;
2560 4838 2699 4903 VIII,
2752 4839 2804 4894 8.
2836 4842 3234 4911 Explanatione
3263 4843 3405 4899 Can-

173 4922 256 4976 tici
278 4925 541 4980 canticor.
570 4921 659 4989 IV,
690 4924 761 4981 5;
797 4919 908 4988 VII,
934 4922 1002 4988 4;
1034 4919 1124 4984 IX,
1155 4920 1208 4975 7.
1238 4920 1307 4988 X,
1329 4921 1383 4978 7.
1414 4919 1471 4974 In
1503 4920 1655 4982 illud.
1690 4922 1953 4977 Adveniet
1995 4940 2211 4995 regnum
2244 4937 2412 4995 tuum,
2456 4927 2551 4993 IX,
2580 4928 2630 4995 7,
2666 4928 2719 4983 9.
2756 4930 2926 4999 Epist.
2952 4934 3017 4984 ad
3043 4929 3403 5000 Theophilum

175 5010 315 5064 Ales.
348 5020 545 5065 contra
570 5011 989 5080 Apollinarium,
1020 5008 1113 5075 VI,
1143 5008 1196 5063 6.
1229 5007 1393 5063 Libro
1422 5007 1599 5077 primo
1640 5011 1693 5062 in
1730 5007 2124 5075 Ecclesiasten,
2156 5011 2245 5076 Vl,
2280 5014 2332 5067 7.
2370 5012 2767 5083 Explanatione
2811 5017 3231 5083 beatitudinum,
3268 5017 3412 5085 VIII,

173 5098 221 5151 8.
251 5098 410 5155 Libro
436 5100 733 5170 inscripto,
772 5098 903 5165 Quae
934 5098 1007 5153 sit
1038 5096 1341 5152 Christiani
1368 5096 1658 5165 professio,
1693 5096 1786 5162 IX,
1813 5097 1868 5151 2.
1893 5097 1950 5150 In
1986 5097 2361 5159 Catechetico.
2414 5100 2508 5163 IX,
2538 5102 2611 5164 5;
2644 5101 2714 5166 Χ,
2750 5102 2803 5157 8.

238 5188 291 5243 ὃ.
324 5187 600 5243 Hierothei
632 5189 815 5242 divina
846 5185 1135 5255 principia,
1170 5183 1281 5250 VII,
1316 5185 1350 5237 2
1380 5184 1399 5254 (
1429 5198 1495 5237 ex
1532 5183 1790 5255 Dionysio
1819 5188 2089 5256 Areopag.
2128 5188 2185 5255 );
2227 5188 2413 5257 hymni
2449 5191 2720 5254 amatorii,
2766 5188 2905 5255 VIII,
2947 5193 2993 5246 I.

234 5298 468 5355 Joannes
494 5299 886 5363 Damascenus,
920 5298 1004 5360 IlI,
1031 5298 1095 5365 5;
1121 5298 1183 5361 V,
1215 5298 1288 5362 9;
1326 5296 1413 5361 VI,
1439 5297 1507 5361 6;
1535 5294 1647 5360 VII,
1682 5296 1705 5349 I
1738 5312 1761 5361 ;
1791 5294 1923 5359 VIII,
1962 5295 2065 5361 I0;
2101 5294 2191 5360 IX,
2229 5297 2250 5350 I
2284 5313 2299 5362 ;
2343 5299 2411 5361 X,
2448 5299 2498 5360 I,
2534 5300 2590 5363 2,
2629 5301 2682 5355 5.
2716 5301 3049 5373 Theologns,
3084 5299 3172 5366 III,
3204 5302 3274 5365 7;
3312 5303 3403 5368 IV,

171 5386 235 5452 8;
281 5386 415 5450 VIII,
453 5387 510 5442 2.
542 5388 952 5449 Divinissimus,
991 5384 1077 5449 VI,
1122 5384 1173 5438 4.
1210 5386 1266 5441 In
1316 5384 1877 5455 transligurationem,
1911 5383 2001 5447 VI,
2036 5386 2091 5439 4.
2125 5385 2313 5455 Capite
2368 5388 2435 5442 de
2465 5386 2756 5454 'I‘rinitate,
2801 5388 2892 5451 IX,
2924 5392 2977 5444 9.
3013 5389 3158 5443 Libri
3224 5405 3283 5443 ιιι
3336 5392 3405 5443 de

172 5478 464 5531 orthodom
494 5475 616 5541 nde,
648 5486 813 5546 caput
836 5473 925 5540 I2,
959 5472 1023 5540 V,
1046 5472 1120 5537 9;
1151 5482 1316 5543 caput
1344 5472 1433 5537 62,
1469 5471 1555 5536 III,
1587 5472 1660 5537 4;
1702 5479 1866 5541 caput
1891 5471 1982 5536 65,
2026 5469 2119 5538 IX,
2153 5474 2207 5528 4.
2250 5473 2475 5531 Canone
2507 5476 2559 5528 in
2606 5478 3169 5546 trausligurutionem,
3210 5474 3302 5543 VI,
3345 5475 3397 5531 7.

176 5560 436 5617 Sermone
466 5563 727 5631 inscripto
751 5562 823 5616 De
858 5560 1282 5632 proprietatibus
1312 5559 1541 5624 Christi,
1573 5556 1642 5624 Χ,
1674 5558 1730 5614 4.
2144 5554 2147 5561 λ
3184 5576 3190 5581 ’

240 5670 296 5724 S.
332 5670 606 5735 Justinus,
640 5671 999 5741 philosophus
1032 5678 1086 5725 et
1114 5680 1343 5742 martyr,
1398 5662 1535 5734 VIII,
1568 5670 1655 5725 10.
1694 5670 1953 5728 Oratione
2008 5675 2077 5732 de
2108 5685 2256 5734 recta
2287 5674 2657 5753 confessione,
2715 5675 2846 5743 VIII,
2881 5678 2931 5745 I,
2967 5678 3020 5735 8.
3051 5679 3109 5735 In
3162 5679 3231 5736 iis
3283 5694 3409 5754 quia

175 5758 394 5813 I‘hotins
421 5760 727 5828 patriarcha
759 5774 824 5814 ex
868 5775 933 5813 eo
967 5758 1180 5825 recitat,
1212 5758 1310 5822 IX,
1346 5757 1400 5813 4.

241 5848 474 5904 Sanctus
499 5849 708 5916 Iustus,
745 5848 811 5917 V,
846 5846 900 5903 8.
944 5844 1023 5901 Ex
1056 5848 1317 5919 Dionysio
1344 5862 1391 5902 c.
1431 5847 1520 5913 II,
1553 5846 1630 5901 De
1663 5848 1856 5903 divinis
1890 5850 2213 5904 nominibus.
