3780 6540
172 395 281 464 1061

1093 386 1489 448 COMMENT.
1528 386 1608 446 IN
1644 367 2041 448 C‘ANTICUM
2104 388 2399 451 CANTIC.
2464 368 2473 395 ί

3240 392 3383 463 1062

171 504 360 578 μοστία.
387 499 699 570 Ὀφθαλμοί
727 514 845 553 σου
872 500 1243 555 ἀπεναντίον
1269 519 1411 570 μου.
1460 500 1587 554 Εἴθε
1611 500 1683 552 εὖ·

1863 508 1986 554 nata
2020 503 2371 572 compositio,
2406 511 2460 558 et
2489 504 2761 562 concinna
2818 507 3163 574 constitutio.
3222 511 3384 568 Oculi

169 599 321 670 μινῶς
349 593 520 665 ὁρῴης
548 593 668 662 ἐμὲ,
728 596 825 648 καὶ
856 593 923 646 τὰ
963 593 1087 647 κατ’
1122 595 1222 663 ἐμὲ
1282 595 1577 661 διεξάγοις,
1622 594 1698 657 ὡς

165 694 221 746 ἂν
267 687 395 756 αὐτὴ
451 685 675 755 βούλοιο.
724 685 855 739 Ὀτι
907 687 1078 740 αὐτοὶ
1129 685 1561 755 ἀνεπτέρωσάν
1589 705 1696 755 με·

163 783 265 838 ἀντὶ
308 777 418 843 τοῦ,
453 778 516 831 Ol
565 778 647 831 σοὶ
684 776 954 847 ὀφθαλμοὶ
987 779 1067 841 εἰς
1123 778 1332 848 ταύτην
1364 778 1698 832 ἀνεδίδασάν

163 873 327 945 μετῆν
355 870 704 940 προφητείαν,
756 872 853 924 καὶ
915 871 976 924 τὸ
1010 872 1133 925 κατ’
1184 870 1353 941 αὐτὴν
1392 870 1549 943 ὕψος,
1589 873 1698 925 τῶν

159 968 251 1021 σῶν
283 963 567 1018 θεάσασθαι
598 963 929 1034 μεγαλείων.

743 1050 984 1127 manu.

218 1150 464 1222 Τρὶχωμιί
487 1165 605 1206 σου
633 1151 715 1218 ὡς
751 1150 962 1220 ἀγέλαι
985 1149 1105 1204 τῶν
1133 1149 1337 1219 αίγῶν,
1362 1149 1426 1204 ατ
1470 1149 1695 1221 ἀνεφά-

152 1262 330 1313 νησαν
362 1245 479 1300 ἀπὸ
514 1244 620 1299 τοῦ
652 1243 928 1298 Palatio.
975 1244 1243 1309 Ὀδόντες
1292 1258 1411 1298 σου
1447 1244 1526 1310 ὠς
1566 1244 1697 1311 ἀγέ-

150 1344 236 1393 .lat
260 1336 367 1390 τῶν
397 1335 803 1404 κεκαρμένων,
839 1332 904 1385 ατ
941 1331 1256 1399 ἀνέϐησαν
1283 1331 1403 1386 ἀπὸ
1422 1334 1527 1388 τοῦ
1546 1336 1693 1386 λου-

150 1428 362 1496 τροῦ,ιιι
399 1425 590 1480 πᾶσαι
631 1425 1100 1494 διδυμαίνουσαι
1125 1440 1140 1455 ο
1197 1424 1299 1478 καί
1350 1424 1695 1479 ἀτεκνοῦσα

147 1522 241 1573 οὐκ
291 1518 453 1571 ἐστιν
492 1517 565 1570 ἐν
608 1516 840 1583 αὐταῖς.
895 1516 992 1583 Ὠς
1047 1516 1344 1585 σπαρτίον
1406 1517 1694 1571 κόκκινον

146 1610 292 1679 χείλη
312 1623 443 1669 σου,
480 1606 582 1659 καί
632 1605 878 1674 natura
920 1623 1040 1661 σου
1081 1604 1287 1674 ὡραία.
1353 1606 1451 1673 Ὧς
1503 1608 1692 1662 λέπυ-

139 1716 235 1769 ρον
284 1696 429 1767 ῥοᾶς
485 1698 694 1767 μῆλόν
752 1716 891 1765 σου,
948 1700 1126 1763 ἐκτὸς
1183 1696 1294 1767 τῆς
1335 1697 1693 1765 σιωπήσεώς

143 1809 260 1848 σου.

728 1884 1006 1939 ΣΧΟΛΙΑ.

199 1980 362 2049 ’Λπερ
388 1977 485 2033 νῦν
532 1978 678 2033 κατὰ
703 1979 870 2047 μέρος
934 1976 1157 2042 δίεξεισι
1211 1977 1318 2029 τῶν
1369 1978 1685 2047 ἐγκωμίων,

142 2075 216 2125 καὶ
271 2071 521 2142 ἀνωτέρω
596 2070 855 2140 εἴρηται’
907 2068 1101 2139 ὥσπερ
1160 2068 1371 2137 ἐπῳδόν
1436 2087 1559 2122 τινα
1618 2073 1684 2139 τῇ

142 2166 367 2236 μακαρίᾳ
401 2164 670 2236 Παρθένῳ
700 2164 915 2236 ἐπᾴδων
938 2164 973 2219 ἃ
1005 2165 1100 2218 καὶ
1136 2164 1427 2235 πρότερον.

763 2338 980 2397 ἈΣΜΛ
994 2383 1006 2396 .

199 2434 512 2504 Ἐξήκοντά
541 2438 663 2491 sim
697 2437 1099 2501 βασίλισσαι,
1146 2436 1245 2491 καὶ
1309 2435 1683 2505 ὀγδοήκοντα

133 2528 391 2591 aulaea},
413 2528 510 2582 καὶ
546 2528 845 2594 νεάνιδες,
882 2522 971 2582 ὧν
1028 2529 1138 2581 οὐκ
1186 2526 1361 2581 ἔστιν
1392 2528 1640 2595 ἀριθμός
1664 2543 1678 2559 ο

129 2624 217 2693 μία
244 2620 361 2673 ἐστὶ
396 2618 471 2687 τῇ
492 2619 679 2688 μητρί
711 2618 926 2688 αὐτῆς,
955 2617 1221 2683 ἐκλεκτή
1270 2618 1404 2672 ἐστι
1455 2617 1530 2687 τῇ
1588 2635 1682 2672 τε·

131 2716 301 2781 κούσῃ
342 2712 562 2779 αὐτήν.
611 2712 884 2767 Ειδοσαν
930 2712 1129 2778 αὐτὴν
1175 2711 1523 2781 θυγατέρες.
1582 2711 1682 2766 καὶ

126 2807 498 2875 μακαριοῦσιν
565 2805 765 2874 αὐτὴν
802 2805 1179 2870 ,βασίλισσαι
1230 2807 1331 2861 καί
1363 2822 1427 2877 γε
1481 2808 1679 2859 παλα-

127 2899 225 2965 κιιὶ,
248 2899 339 2953 καί
364 2897 727 2953 αίνέσουσιν
753 2900 967 2966 αὐτήν.

737 2993 1019 3046 ΣΚΟΛΙΑ.

1716 1843 1764 1902 Β

1804 590 1879 644 tui
1930 601 2118 645 contra
2150 609 2231 647 mc
2252 606 2274 647 :
2327 592 2536 648 utinam
2579 597 2813 666 benigne
2850 614 2938 655 me
2966 602 3299 671 conspicias,
3324 612 3382 657 et

1801 695 1921 749 quae
1954 691 2081 736 sunt
2119 683 2173 737 in
2220 700 2305 739 me
2344 701 2522 755 regas,
2578 689 2724 744 sicut
2761 690 2859 745 tibi
2902 691 3186 762 placuerit.
3234 694 3378 759 Quia

1800 772 1885 826 illi
1910 790 1989 828 me
2015 776 2221 830 evolare
2258 778 2513 846 fecerunt.
2548 780 2626 835 Ac
2665 781 2711 837 si
2744 785 2947 843 diceret
2974 802 2991 841 :
3026 785 3185 843 Oculi
3214 788 3289 843 tui
3321 790 3376 845 in

1800 864 2055 943 hancine
2086 866 2368 924 elevarant
2409 876 2775 943 prophetiam.
2808 885 2869 931 ut
2896 892 2959 932 ea
3013 887 3229 935 tuarum
3258 895 3376 934 ma.

1802 956 2144 1024 gnitudinum
2168 964 2503 1033 contempler
2528 966 2926 1023 excellentiam.

2486 1056 2689 1111 CAN'I‘.

1867 1143 1981 1198 4-6.
2019 1144 2465 1217 Capillamentum
2537 1162 2685 1207 tuum
2744 1157 2885 1210 sicut
2947 1174 3129 1228 greges
3184 1175 3379 1228 capra-

1799 1250 1916 1288 rum
1941 1252 2059 1306 qua:
2128 1252 2492 1307 apparuerunt
2524 1261 2552 1317 ε
2603 1241 2837 1300 Galaad.
2888 1246 3079 1301 Dentes
3113 1251 3191 1303 tui
3241 1252 3378 1303 sicut

1797 1344 1975 1397 greges
2011 1342 2303 1393 tantarum.
2339 1349 2454 1404 qua:
2495 1337 2844 1390 ascenderunt
2877 1339 2940 1393 de
2968 1339 3181 1393 lavacro
3202 1355 3222 1394 :
3256 1357 3374 1394 orn-

1798 1435 1886 1471 nes
1918 1420 2173 1489 gemellw,
2198 1432 2248 1475 et
2284 1425 2482 1479 sterilis
2509 1443 2610 1480 non
2643 1439 2719 1481 est
2745 1430 2883 1482 inter
2914 1431 3059 1485 illas.
3101 1430 3273 1485 Veluti
3294 1449 3377 1487 vc-

1794 1513 1886 1566 stis
1937 1516 2176 1569 coccinea
2226 1516 2368 1570 labia
2400 1530 2517 1585 tua,
2579 1531 2627 1575 et
2660 1522 2959 1592 eloquentia
3016 1534 3107 1579 tua
3157 1526 3370 1581 decora.

1794 1604 1943 1657 Sicut
1978 1618 2155 1662 cortex
2187 1611 2315 1665 mali
2344 1613 2526 1680 punici
2554 1630 2685 1683 gena
2729 1628 2841 1685 tua,
2875 1628 3027 1672 extra
3073 1622 3212 1689 quod
3239 1622 3289 1675 in
3323 1631 3374 1677 te

1793 1697 1932 1752 silet.

2426 1884 2736 1942 δαψιλέι.

1861 1970 2008 2037 Quas
2043 1988 2189 2028 nunc
2215 1974 2454 2032 vicissim
2491 1996 2586 2049 per
2630 1990 2813 2050 partes
2855 1991 3101 2038 recenset
3154 1983 3366 2050 laudes,

1789 2076 1884 2115 cas
1916 2079 2131 2133 quoque
2177 2069 2341 2136 paulo
2396 2082 2521 2126 ante
2575 2074 2979 2130 decantaverant.
3042 2076 3140 2131 Est
3196 2079 3371 2132 instar

1788 2164 1981 2210 cantus
2004 2158 2287 2227 cujusdam
2316 2164 2555 2232 repetiti,
2588 2166 2681 2235 qui
2709 2168 2931 2223 easdem
2960 2185 3097 2240 quas
3126 2178 3185 2226 et
3214 2172 3373 2241 prius

1788 2242 1850 2299 ll.
1890 2244 2132 2319 Virginis
2177 2253 2384 2307 recinat
2418 2255 2629 2311 laudes.

2486 2350 2691 2407 CANT.

1857 2439 1913 2504 7,
1946 2440 1996 2494 8.
2034 2440 2326 2511 Sexaginta
2369 2457 2494 2500 sunt
2528 2449 2744 2516 regitur,
2785 2459 2834 2503 et
2869 2453 3134 2522 octoginta
3163 2469 3362 2507 concu-

1787 2532 1941 2592 binte,
1969 2545 2026 2588 et
2080 2536 2493 2592 adolescentuli:
2537 2558 2763 2610 quorum
2816 2561 2921 2597 non
2981 2555 3054 2599 est
3092 2564 3364 2601 numerus.

1788 2620 1905 2677 Una
1932 2638 2006 2678 est
2044 2630 2204 2681 matri
2227 2632 2566 2696 διακείσεται
2593 2643 2669 2687 est
2723 2637 2971 2705 genitrici
3029 2652 3176 2703 sua;
3225 2638 3372 2691 uide-

1785 2726 1907 2769 runt
1937 2733 2055 2771 eam
2086 2719 2239 2788 ﬁlim,
2275 2732 2324 2775 et
2374 2723 2600 2778 heabunt
2640 2742 2755 2779 cant
2790 2728 2985 2795 regina:
3029 2737 3079 2781 et
3114 2728 3367 2783 concubi-

1785 2822 1886 2873 na',
1913 2817 1961 2861 et
1981 2808 2273 2864 laudabunt
2296 2828 2433 2866 earn.

2413 2994 2732 3049 SCIIOLIA.

193 3087 269 3149 Ὠς
307 3087 396 3154 ἀφ’
429 3084 631 3157 ἑτέρας
658 3086 753 3138 καὶ
772 3082 931 3146 αὖθις
968 3086 1148 3156 ἀρχῆς
1172 3087 1272 3156 τὴν
1316 3088 1462 3159 ᾠδὴν
1509 3092 1681 3143 ποιεῖ-

1861 3085 2137 3177 Tgnquam
2198 3102 2260 3140 ex
2315 3085 2487 3140 altero
2523 3103 2712 3139 rursus
2764 3084 2992 3137 exordio
3053 3085 3363 3139 cantionem

123 3196 217 3244 ut,
248 3179 335 3231 καί
360 3196 495 3249 φησι
530 3196 543 3207 ·
595 3177 934 3244 Ἕξήκοντά
981 3179 1102 3233 εἰσι
1142 3179 1539 3245 βασίλισσαι,
1582 3182 1680 3236 καί

123 3271 465 3339 ὀγδοήκοντα
532 3271 825 3339 παλακαί,
881 3272 979 3325 καί
1049 3270 1344 3338 νεάνιδες,
1418 3266 1506 3326 ὧν
1568 3274 1681 3328 οὐκ

120 3363 268 3415 ἐστιν
285 3362 559 3433 ἀριθμός·
584 3362 642 3415 τὸ
672 3353 1015 3433 ὑπερϐάλλον
1044 3364 1396 3433 άσυγκρίτως
1412 3364 1515 3434 τῆς
1540 3382 1681 3419 παν-

119 3456 329 3526 αμὼμου
390 3457 606 3528 μητρὸς
656 3458 748 3510 καὶ
805 3456 892 3510 διὰ
940 3456 1147 3510 τούτων
1197 3456 1615 3527 ἐνδεικνύμενος
1652 3458 1680 3510 ὀ

118 3553 403 3621 προφήτης,
442 3549 588 3621 πρὸς
618 3548 719 3613 τὰς
747 3548 806 3615 ἑξ
834 3548 1065 3603 ἁπασῶν
1102 3547 1402 3618 γυναικῶν,
1446 3549 1524 3617 τῷ
1554 3550 1683 3602 ἑαυ-

115 3645 203 3714 τῆς
240 3646 346 3716 Υίῷ
392 3647 487 3699 καὶ⁵
525 3645 647 3716 Θεῷ
680 3645 750 3699 δι’
786 3644 1139 3713 ἐπιγνώσεως
1194 3643 1345 3715 αὒτῷ
1401 3645 1679 3712 συναφθή-

118 3739 287 3795 σεσθαι
313 3741 810 3813 προσδοκωμένας,
841 3739 941 3811 τὴν
972 3737 1263 3809 σύγκρισιν
1317 3740 1673 3809 ποιούμενος,

114 3836 181 3896 εἰς
212 3836 368 3904 μέσον
392 3836 571 3899 αὑτὰς
599 3834 862 3907 παράγει,
916 3833 1015 3888 καὶ
1068 3834 1259 3900 τάξεις
1316 3832 1519 3899 αὐτῶν,
1582 3832 1678 3885 καὶ

112 3927 246 3993 ἀξίας
270 3930 501 3993 εἰκότως
554 3927 965 3999 ἐξαριθμεῖται.
1017 3928 1130 3982 Καὶ
1159 3927 1258 3991 τὰς
1301 3926 1679 3990 πιστευσάσας

115 4021 198 4088 μὲν
226 4023 300 4093 τῷ
336 4022 564 4094 νυμφίῳ
594 4023 838 4095 Χριστῷ,
864 4021 952 4077 διὰ
988 4019 1300 4095 μαρτυρίου
1356 4019 1414 4074 δὲ
1450 4021 1676 4074 τελειω-

112 4115 276 4180 θείσας
301 4117 436 4188 πρὸς
466 4116 565 4171 τδν
595 4116 805 4171 ἐκείνου
858 4115 1060 4187 ἔρωτα,
1104 4114 1436 4187 βασιλίσσας
1470 4098 1679 4170 suam.

110 4209 202 4275 isi,
229 4209 303 4281 τῷ
332 4210 605 4281 ἑξήκοντα
624 4209 831 4275 ταύτας
862 4209 1104 4281 ἀριθμῷ;
1139 4209 1226 4264 διὰ
1246 4215 1345 4281 τὴν
1374 4211 1440 4265 ὲκ
1467 4209 1675 4265 τελείου

106 4301 435 4375 τελειοτάτην
462 4303 570 4373 τῆς
586 4301 806 4372 φύσεως
836 4301 1016 4356 αὐτῶν
1056 4306 1368 4373 προκοπὴν,
1402 4302 1676 4357 ἐνδεικνύ-

109 4411 252 4464 μενος
272 4414 286 4429 ·
312 4398 412 4461 τάς
452 4397 516 4452 δὲ
548 4397 813 4460 ὡσαύτως
836 4397 1289 4461 πεπιστευκυίας,
1344 4398 1675 4467 συγγινομέ-

106 4508 189 4555 νας
210 4490 254 4545 δ’
282 4491 430 4563 αὐτῷ
470 4492 543 4546 δι’
569 4491 965 4561 ὲπιπονοτέρου
1001 4493 1095 4545 καὶ
1131 4490 1371 4562 σκληροῦ
1409 4492 1552 4562 βίου,
1573 4491 1673 4547 καὶ

104 4584 187 4638 τοῦ
223 4586 317 4656 τῆς
345 4586 645 4657 ἀσκήσεως
675 4584 817 4638 κατά
857 4584 990 4637 Θεὸν
1039 4584 1412 4655 ἑξῃρημένου,
1458 4583 1670 4638 παλλα-

103 4677 193 4741 κὰς
230 4680 608 4749 προσεξρηκεο
667 4677 746 4748 τῷ
785 4677 1123 4749 ὀγδοήκοντα
1187 4675 1390 4740 ταύτας
1447 4678 1670 4751 ἀριθμῷ

102 4771 330 4839 τελειῶν,
364 4772 456 4825 διὰ
490 4772 592 4843 τὴν
620 4772 675 4824 ὲν
711 4769 888 4841 τούτῳ
940 4771 1306 4841 ὲκὸεὸηκότος
1358 4773 1455 4826 καὶ
1494 4775 1671 4842 ἀσφα-

103 4864 214 4930 λοῦς
236 4866 333 4934 τῆς
363 4866 515 4919 κατὰ
548 4864 609 4918 τὸ
632 4864 961 4934 ἐπάγγελμα
996 4868 1303 4935 συναφείας
1327 4865 1674 4935 τελειοτάτην

102 4956 189 5026 τῆς
216 4958 426 5027 φύσεως
470 4957 653 5012 αὐτῶν
704 4958 1013 5027 προκοπήν.
1049 4958 1159 5021 Τάς
1181 4958 1225 5010 δ’
1287 4959 1434 5025 ἅπαξ
1466 4958 1554 5011 διά
1579 4958 1673 5011 τοῦ

104 5046 233 5102 θείου
288 5050 677 5121 βαπτίσματος
730 5050 825 5101 καὶ
881 5048 1044 5118 μόνον
1080 5046 1308 5120 Χριστῷ
1377 5050 1669 5118 συναφθεί-

102 5158 212 5206 σας,
236 5143 464 5205 εἰκότως
492 5142 737 5206 νεάνιδας
777 5141 916 5213 ὑπὲρ
939 5141 1175 5212 ἀριθμὸν
1207 5140 1457 5209 ἐκάλεσε,
1501 5141 1589 5196 διὰ
1613 5141 1673 5194 τὸ

101 5233 360 5304 πολύχουν
396 5233 601 5299 αὐτῶν,
643 5236 737 5287 καί
772 5234 874 5304 γῆς
907 5232 1300 5303 ὲξηπλωμένον
1327 5235 1408 5297 εἰς
1456 5232 1673 5287 ἅπαντα

99 5327 161 5381 τά
217 5328 453 5399 πέρατα.
514 5326 799 5381 Τοσαῦται
835 5328 943 5396 γὰρ
997 5326 1057 5378 αἱ
1108 5326 1486 5383 πιστεύουσαι.
1550 5327 1671 5382 Μία

97 5422 315 5493 ἐστιτῇ
351 5423 538 5495 μητρί
578 5422 791 5492 αὐτῆς,
824 5423 1086 5494 ἑκλεκτὴ
1122 5422 1196 5493 τῇ
1249 5425 1512 5492 τεκούσῃ
1565 5424 1673 5477 αὺ-

97 5516 203 5583 τήν
228 5534 239 5547 ·
270 5518 394 5571 ἀντὶ
422 5516 543 5585 τοῦ,
579 5517 675 5570 Ἐκ
705 5517 926 5588 στείρας
952 5517 1014 5570 τὸ
1050 5518 1317 5588 πρότερον
1350 5514 1518 5585 οὔσης
1570 5514 1669 5584 τῆς

100 5611 293 5681 ’Δννης
330 5612 434 5682 μία
469 5611 607 5683 αὕτη
642 5613 730 5666 διὰ
769 5612 1085 5684 προσευχῆς
1151 5610 1499 5680 γεγέννηται,
1547 5606 1669 5678 μεθ’

96 5705 158 5775 ἢν
190 5706 288 5759 ούκ
338 5706 492 5759 ἐστιν
538 5705 848 5776 ἀριθμῆσαι
903 5710 998 5758 καὶ
1027 5703 1222 5766 λοιπὴν
1246 5742 1261 5766 ,
1299 5700 1667 5769 ἐκλελεγμένη

94 5798 153 5866 τῇ
183 5798 502 5870 γεννησάσῃ
528 5798 699 5868 αὐτὴν
729 5797 965 5868 πατρίδι,
1021 5797 1222 5866 μᾶλλον
1256 5794 1311 5847 δὲ
1367 5793 1473 5861 πρὸ
1502 5808 1669 5844 κατα-

97 5888 249 5959 ﬁlii;
290 5890 504 5961 κόσμου
558 5889 926 5961 ἐκλελεγμένη
976 5887 1052 5958 τῷ
1086 5886 1205 5956 Θεῴ
1259 5888 1335 5949 εἰς
1382 5881 1665 5936 κατοικίαν

1784 3180 2020 3243 orditur,
2049 3195 2111 3235 ac
2141 3179 2313 3233 dicit:
2373 3178 2663 3249 Sexaginta
2704 3189 2826 3231 sunt
2867 3181 3082 3248 regium,
3132 3188 3181 3231 et
3223 3188 3367 3231 octo-

1782 3270 1933 3340 ginta
1965 3269 2296 3333 eoncubintc,
2345 3279 2395 3323 et
2443 3269 2854 3323 adolescentuli:
2886 3284 3112 3338 quarunt
3154 3284 3256 3322 non
3286 3277 3363 3322 est

1784 3378 2051 3418 numerus.
2088 3364 2477 3419 Excellentiam
2509 3366 2629 3418 sine
2683 3364 3093 3433 comparatione
3146 3364 3361 3424 matris.

1783 3456 1963 3511 omnis
2022 3471 2249 3526 prorsus
2306 3456 2442 3511 labis
2500 3457 2758 3525 expertis,
2814 3457 3077 3527 propheta
3139 3472 3204 3510 ex
3272 3456 3366 3511 his

1782 3558 2098 3618 comparate
2150 3551 2489 3604 demonstrat
2524 3549 2868 3615 mulieribus,
2920 3563 3038 3603 eam
3073 3549 3366 3603 conferens

1782 3655 1905 3695 cum
1937 3640 2138 3696 exteris
2172 3640 2510 3707 mulieribus,
2541 3656 2683 3711 qua,
2717 3650 2774 3696 ut
2809 3656 2934 3697 cum
2967 3642 3047 3698 eis
3095 3642 3188 3697 Dei
3242 3642 3367 3697 Vir-

1781 3733 2030 3805 ginisque
2058 3732 2228 3789 Filius
2269 3735 2465 3790 mentis
2520 3734 2830 3804 cognitione
2860 3735 3231 3804 copularetur,
3262 3752 3364 3791 ex-

1780 3824 2140 3894 spectabant:
2175 3839 2378 3894 easque
2418 3825 2471 3879 in
2514 3826 2753 3880 medium
2786 3826 3029 3892 adducit,
3076 3835 3130 3881 et
3171 3842 3363 3882 earum

1782 3925 1896 3971 tum
1933 3932 2248 3979 numerum.
2281 3926 2396 3972 tum
2428 3918 2725 3989 dignitates
2760 3935 2861 3989 pro
2920 3919 3190 3989 dignitate
3220 3935 3363 3975 enu-

1782 4019 1977 4065 merat.
2031 4009 2097 4065 Et
2146 4026 2243 4067 eas
2273 4011 2519 4082 quidem,
2577 4028 2698 4082 qua:
2743 4012 2967 4067 Christo
3009 4013 3363 4070 crediderunt

1780 4118 2007 4174 sponso,
2040 4118 2106 4158 ac
2138 4119 2235 4174 per
2271 4106 2592 4176 martyrium
2642 4107 2753 4173 jam
2787 4105 2935 4163 illius
2981 4106 3188 4163 enecta:
3232 4116 3367 4163 sunt

1781 4211 1968 4251 amore
2029 4195 2304 4267 perfectae,
2366 4198 2585 4266 reginas
2638 4199 2900 4269 appellat,
2968 4214 3204 4256 numero
3266 4201 3367 4257 illo

1782 4301 2056 4349 sexageno
2135 4288 2524 4345 demonstrans
2599 4291 3058 4362 perfectissimum
3145 4294 3363 4350 uberri-

1782 4394 2043 4449 mumque
2071 4394 2136 4434 ex
2182 4394 2371 4436 earum
2404 4392 2614 4437 naturae
2645 4382 2981 4452 perfectione
3024 4383 3364 4454 profectum.

1780 4472 1886 4529 Eas
1918 4489 2066 4539 vero,
2098 4489 2222 4544 quae
2271 4475 2348 4530 ita
2383 4476 2759 4542 crediderunt,
2792 4487 2850 4532 ut
2882 4478 2932 4532 ei
2982 4480 3091 4533 siut
3120 4479 3360 4549 conjun-

1780 4576 1899 4632 ctae,
1952 4568 2246 4638 seligentes
2298 4567 2631 4622 laboriosam
2683 4579 2740 4623 et
2770 4580 3045 4623 austeram
3077 4570 3369 4639 religionis

1781 4664 1970 4727 vitam,
2007 4662 2061 4715 in
2114 4662 2424 4731 divinisque
2485 4662 2650 4717 rebus
2700 4662 3170 4726 exercitationem,
3223 4679 3359 4719 cun-

1782 4757 2012 4810 ειὼἱιιιιε
2042 4757 2395 4825 nuncupavit,
2427 4756 2765 4825 octogesimo
2814 4756 2937 4811 illas
2974 4772 3206 4812 numero
3238 4762 3358 4827 per-

1780 4851 1950 4905 iectas
2007 4850 2309 4915 declarans,
2363 4860 2582 4919 propter
2636 4848 3091 4918 perfectissimum
3153 4862 3369 4907 natura

1781 4960 1970 5000 earum
1996 4959 2059 4997 ex
2092 4943 2247 4997 ﬁrma
2292 4942 2583 5012 stabilique
2610 4942 2997 5011 conjunctione
3025 4943 3077 4997 in
3105 4947 3207 4998 hoc
3233 4960 3364 5016 pro-

1781 5037 1961 5107 posito
1993 5052 2057 5091 ac
2088 5046 2213 5090 voto
2253 5035 2583 5107 profectum.
2632 5036 2931 5106 COpulatas
2974 5051 3157 5092 autem
3190 5037 3357 5093 semel

1782 5138 1990 5183 tantum
2039 5128 2261 5185 Christo
2316 5144 2411 5199 per
2478 5130 2810 5199 baptismum
2867 5130 3111 5186 divinum
3162 5132 3367 5186 merito

1781 5221 2218 5279 adulescentulas
2283 5232 2487 5292 praeter
2551 5239 2839 5279 numerum
2919 5223 3231 5294 appellavit.
3287 5225 3358 5278 ob

1780 5319 1995 5372 illarum
2035 5317 2463 5384 multitudinem,
2491 5320 2555 5373 ac
2588 5320 2749 5373 etiam
2783 5319 2907 5388 quia
2956 5319 3205 5388 repleant
3243 5334 3358 5370 om-

1781 5426 1876 5465 nes
1910 5410 2043 5464 ﬁues
2065 5420 2243 5465 terrm.
2274 5410 2521 5481 Cumque
2556 5419 2634 5466 tot
2666 5402 2939 5481 tantaeque
2969 5410 3078 5467 sint
3131 5410 3355 5465 creden-

1778 5516 1858 5560 tes
1889 5507 2082 5559 animze
2110 5521 2125 5559 :
2152 5503 2271 5558 Una
2294 5516 2368 5558 est
2401 5506 2563 5559 matri
2591 5520 2720 5571 suae,
2754 5506 2920 5559 electa
2949 5504 3192 5573 genitrici
3221 5519 3351 5557 sua.

1780 5602 1855 5655 Ac
1887 5600 1930 5655 si
1972 5599 2196 5664 diceret,
2217 5599 2292 5653 Ex
2325 5599 2497 5655 sterili
2533 5600 2683 5670 prius
2713 5614 2836 5653 cum
2864 5606 3011 5653 esset
3037 5598 3212 5659 Anna,
3245 5612 3355 5651 una

1778 5694 1893 5763 ipsa
1948 5708 2042 5763 per
2087 5706 2275 5762 preces
2321 5692 2500 5762 genita
2549 5692 2690 5756 fuit,
2738 5699 2858 5760 post
2898 5706 3060 5760 quam
3115 5704 3219 5742 non
3270 5699 3352 5742 est

1778 5787 2016 5857 aliquam
2048 5785 2208 5841 aliam
2240 5800 2553 5840 recensere.
2592 5784 2770 5839 Electa
2804 5785 3015 5855 patriae,
3046 5799 3166 5852 qua:
3202 5780 3363 5834 illam»

1779 5891 2089 5953 generarat,
2120 5879 2204 5935 vel
2249 5880 2453 5955 potius,
2503 5887 2629 5933 ante
2685 5877 2870 5933 mundi
2901 5877 3271 5934 constitution
3300 5887 3363 5927 EO
