3872 6620
177 424 291 490 1065

1122 394 1549 471 ὀοΜΜΕΝΤ.
1594 399 1675 461 IN
1717 394 2039 459 CANTICA
2080 388 2373 453 CANTIC.
2480 388 2515 419 α
2602 404 2607 407 -

3252 379 3385 441 1066

174 540 289 608 αὐτῇ
322 536 387 606 τῇ
436 535 731 603 συναγωγῇ
773 530 947 586 Δώσω
977 542 1098 592 σοι,
1148 529 1213 597 τῇ
1247 525 1346 595 ἐμὲ
1373 520 1608 589 τεκούσῃ
1637 517 1732 585 δη·-
1762 551 1772 577 λ

1868 525 1952 581 psa
2002 521 2299 579 synagoga,
2341 500 2614 567 Dabo,tibi
2661 498 2942 562 nimirum,
2976 510 3097 567 quae
3145 511 3259 550 mea
3294 496 3405 553 eris

172 632 302 700 λαδὴ,
334 628 475 692 τοὺς
498 626 774 695 ιιασθούζ-
794 640 935 693 μου,
986 620 1084 691 τὴν
1129 617 1268 689 ἐμὴν
1296 615 1613 682 συνάφειαν,
1655 607 1723 700 ἢν

178 698 431 791 ηὐδόκησα
488 718 618 770 ἄνευ
677 714 886 785 σπορᾶς
924 715 986 765 ἐκ
1017 708 1110 764 σοῦ
1140 707 1458 779 προελθεῖν·
1490 702 1624 773 πρὸς
1664 698 1745 752 τδυ

174 811 394 881 πηγάσαι
432 807 511 877 τῷ
554 809 745 876 κόσμῳ
778 805 847 857 τὰ
875 799 1197 871 σωτηριώδη
1238 814 1340 867 μου
1391 794 1722 862 διδάγματα.

175 904 274 954 οὐκ
296 899 446 966 ἔγνω
476 897 513 965 ἡ
548 894 717 966 ψυχή
745 912 864 965 μου
886 911 900 927 ο
937 891 1137 945 ὡσανεὶ
1172 889 1325 957 ἔλεγε
1348 904 1359 918 ·
1402 885 1597 940 Πόθεν
1622 897 1726 951 μοι

172 990 323 1044 τοῦτο
357 990 554 1051 ἔσται,
591 985 724 1040 ἐπεὶ
747 984 937 1053 ἄνδρα
972 983 1045 1036 οὺ
1078 979 1392 1051 γινώσκω;
1422 977 1496 1039 ὡς
1536 975 1599 1026 ἐκ
1629 975 1727 1042 τῆς

176 1079 431 1150 Παρθένου
466 1079 577 1149 γὰρ
614 1077 784 1147 ἁγνῆς
812 1078 839 1129 ό
885 1074 1043 1143 λόγος
1094 1071 1189 1125 καλ⁸
1237 1064 1393 1133 αὖθις
1429 1065 1705 1136 ἐσχημάτι

175 1190 299 1225 σται.
357 1165 574 1224 Ἐθετό
619 1185 696 1237 με
748 1166 980 1235 ἅρματα
1045 1160 1389 1233 Ἀμιναδάϐ.
1445 1158 1555 1229 Τὴν
1590 1154 1730 1226 μετὰ

174 1264 325 1318 ταῦτα
361 1260 769 1329 συγκατάθεσιν
807 1259 908 1326 τῆς
963 1253 1241 1325 Παρθένου
1287 1250 1460 1320 δηλοῖ.
1502 1249 1729 1316 Ἀμιναο

173 1352 270 1405 ὃὰὸ
292 1351 395 1421 γὰρ
457 1349 744 1419 Ἐϐραϊστὶ
796 1347 1012 1399 εὐδοκία
1046 1342 1256 1413 πατρὸς
1284 1342 1573 1411 εἴληπται·
1610 1337 1732 1389 ἀντὶ

177 1443 254 1496 τοῦ
296 1440 601 1511 ηὐδόκησεν
658 1441 716 1491 ἐν
753 1440 878 1509 ἐμοὶ
932 1439 960 1487 ὁ
1007 1436 1141 1496 Θεὸς
1171 1434 1270 1487 καὶ
1308 1431 1518 1503 Πατὴρ,
1549 1428 1732 1500 ὄχημα

178 1531 520 1604 γεγεννῆσθαι
549 1530 644 1586 τοῦ
676 1527 1001 1602 μονογενοῦς
1028 1524 1193 1580 αὑτοῦ
1227 1522 1426 1591 Λόγου.

822 1693 1067 1771 νᾼΣΜΑ.

243 1803 614 1870 Ἐπίστρεφε,
665 1797 992 1865 ἐπίστρεφε
1042 1793 1080 1860 ἠ
1144 1785 1504 1857 Σουλαμῒτις
1533 1799 1549 1816 ο
1607 1781 1736 1836 ἐπί-

179 1910 397 1965 στρεφε,
425 1892 775 1961 ἐπίστρεφε.
806 1888 868 1942 Ti
900 1885 1169 1955 ὀψόμεθα
1196 1881 1266 1935 ἐν
1291 1872 1423 1943 oet;

792 1978 1068 2036 ΣΧΟΔΙΔ.

246 2078 328 2142 Ὠς
352 2077 446 2147 ἀφ’
476 2076 673 2146 ἐτέρας
715 2072 859 2135 τινος
890 2067 1199 2140 περικοπῆς
1223 2061 1325 2137 τὴν
1350 2062 1527 2135 ἀρχὴν
1556 2062 1733 2116 ποιεῖ-

178 2190 253 2225 ται
275 2186 290 2202 ·
318 2171 414 2224 καὶ
450 2167 645 2237 ὥσπερ
683 2161 1158 2256 ἀποφαινομένους
1193 2158 1346 2220 τινὰς
1377 2157 1592 2223 ἐπάγει,
1641 2155 1736 2256 καλ.

178 2244 818 2331 διαπληκτιζομένους,ἐί
845 2251 1074 2307 τοιαῦτα
1114 2267 1235 2303 τινα
1280 2247 1572 2319 γενήσεται
1594 2259 1609 2275 ⁶
1641 2244 1739 2297 καὶ

181 2356 353 2425 φασιν,
395 2352 755 2420 Ἐπίστρεφε
783 2347 822 2417 ἢ
852 2344 1246 2414 Σουλαμῖτις·
1283 2341 1487 2413 τριχῶς
1511 2337 1610 2409 τὴν
1640 2336 1739 2425 aii-

181 2424 267 2515 τῆς
313 2441 651 2513 ἐπιστροφὴν
699 2436 1178 2506 ἀνακαλουμένους
1228 2431 1316 2484 διὰ
1368 2430 1431 2482 τὸ
1481 2427 1616 2498 βαθὺ
1646 2424 1743 2478 καὶ

184 2532 605 2606 ἁποκρουστικδν
630 2531 730 2600 τῆς
763 2527 1105 2600 ἐρωτήσεως.
1130 2520 1482 2591 Σουλαμῖτις
1511 2518 1566 2571 δὲ
1590 2518 1625 2587 ἡ
1663 2516 1740 2568 sl-

185 2628 373 2701 ρηνικὴ
412 2626 479 2681 ἂν
520 2625 760 2687 καλοῖτο,
795 2622 893 2676 καὶ
937 2622 1001 2673 ἐκ
1034 2616 1131 2672 τοῦ
1164 2615 1480 2684 σπέρματος
1509 2609 1604 2664 τοῦ
1647 2609 1743 2661 Σο·-

184 2720 446 2790 λομῶντος
484 2718 855 2787 καταγομένη.
889 2714 951 2767 Τί
973 2710 1242 2780 ὀψόμεθα
1263 2707 1333 2761 ἐν
1357 2704 1460 2759 σοι
1474 2720 1496 2769 ;
1520 2702 1585 2755 Τί
1611 2717 1746 2771 συμ-

182 2812 401 2884 ϐήσεται
436 2828 541 2879 σοι,
572 2810 843 2881 δηλονότι,
870 2808 966 2861 καὶ
987 2808 1035 2859 εἰ
1058 2803 1349 2874 γενήσεται
1370 2795 1546 2852 ταῦτα
1569 2810 1585 2862 ;

775 2899 1027 2955 ΚΕΦΑΛ.
1077 2892 1154 2949 Ζ’.

822 2985 1064 3062 τᾼΣΜΑ.

253 3084 320 3138 τι
342 3083 569 3152 ὄψεσθε
609 3080 679 3135 ἐγ
706 3078 780 3148 τῇ
810 3076 1220 3148 Σουλιιμιτιδι,
1261 3076 1301 3146 ἡ
1340 3070 1631 3145 ἐρχομένη
1670 3068 1749 3135 ὡς

184 3174 346 3244 χοροὶ
376 3173 496 3228 τῶν
541 3170 977 3242 παρεμϐολῶν;
1015 3172 1074 3225 Τί
1113 3166 1506 3238 ὠραιώθησαν
1548 3162 1757 3230 (Studii-

181 3266 338 3337 ματά
360 3283 476 3322 σου
502 3265 573 3320 ἐν
609 3262 983 3333 ὑποδήμασι,
1014 3262 1265 3331 θύγατερ
1286 3256 1613 3330 Ἀμιναδάό
1627 3273 1648 3323 ;

197 3401 202 3404 -
816 3357 1090 3411 ΣΧΟΑΙΑ.

252 3451 401 3523 Πρὸς
422 3450 523 3523 τὴν
552 3469 625 3503 ππ
637 3449 684 3522 ρ’
720 3450 947 3503 ἐκείνων
982 3446 1387 3517 ἐπηρεαστικὴν
1417 3447 1649 3516 ζήτησιν
1671 3443 1762 3496 τὸν

187 3543 349 3611 λόγον
394 3545 645 3612 ἐπήγαγε
676 3541 817 3595 κατὰ
846 3542 1139 3610 ἀπόκρισιν
1166 3555 1182 3571 ο
1230 3541 1293 3611 Ti
1333 3538 1561 3606 ὄψεσθε
1592 3536 1662 3589 ἐν
1684 3532 1763 3602 τῇ

188 3635 594 3705 Σουλαμίτιδι,
649 3635 687 3702 ἡ
730 3632 1020 3703 ἐρχομένη
1069 3634 1149 3698 ὡς
1192 3631 1359 3700 χοροὶ
1392 3628 1519 3682 τῶν
1547 3642 1766 3695 παρεμ-

185 3727 423 3793 6ολῶγ;
451 3729 755 3798 Μονονουχὶ
784 3727 981 3796 λέγων,
1006 3727 1067 3779 El
1100 3724 1194 3779 καὶ
1228 3716 1586 3794 πεπήρωνται
1610 3720 1764 3790 ὑμῶν

182 3825 231 3874 οἰ
263 3818 583 3892 ὀφθαλμοη
634 3820 711 3883 ὡς
748 3818 842 3875 καὶ
893 3816 1115 3879 Ἡσαΐας
1157 3811 1593 3885 συμμαρτυρῶν,
1637 3811 1769 3879 εφη-

190 3932 279 3967 σιν
305 3929 323 3944 ⁸
379 3911 776 3982 Ἐκὰμμυσαν
830 3908 1030 3965 αὐτῶν
1066 3908 1208 3974 τοὺς
1246 3904 1616 3976 ὀφθαλμοὺς,
1667 3903 1768 3956 ἵνα

184 4005 268 4073 μὴ
295 4004 497 4058 Ιόωσι.
535 4002 720 4074 Ταύτῃ
753 4018 836 4055 τοι
882 4004 980 4057 καὶ
1011 4002 1079 4055 τὰ
1109 3998 1334 4054 τοιαῦτα
1369 3994 1767 4067 ἐπηρεάζοντες

191 4096 605 4167 ἀποφαίνεσθες
652 4094 796 4149 Ἀλλ’
830 4093 923 4148 οὖν
953 4096 986 4163 ὴ
1042 4092 1313 4163 ἐρχομένη
1340 4092 1462 4153 ταῖς
1495 4086 1769 4158 οὐρανίοις

190 4190 570 4261 ἐφαμιλλᾶται
625 4189 869 4254 τάξεσιν.
908 4183 1025 4239 Εἶθ’
1082 4183 1271 4253 ῶσπερ
1332 4180 1771 4261 ἀποκρουόμενος

188 4286 251 4336 τὸ
271 4285 666 4338 δυσέντευκτον
696 4285 926 4346 τούτων,
961 4278 1058 4332 καὶ
1087 4276 1195 4330 οὐδ’
1227 4278 1295 4330 ἂν
1328 4256 1622 4337 πείθοιντο,
1668 4270 1772 4325 κᾶν

188 4378 354 4430 όποίἀ
384 4392 510 4429 τινα
540 4374 675 4444 πρὸς
703 4373 900 4436 αὐτοὺς
930 4370 1214 4436 διεξέλθοι,
1252 4368 1449 4431 αὐτοὺς
1484 4366 1583 4437 μὲν
1604 4362 1773 4434 οἰμώ-

191 4469 311 4532 ζειν
337 4468 520 4537 ἀφῆκε
547 4467 738 4538 μακρά
756 4479 774 4498 ⁸
806 4465 947 4536 πρὸς
973 4464 1032 4517 δὲ
1071 4464 1170 4533 τὴν
1200 4460 1477 4530 Παρθένον
1506 4459 1598 4511 καὶ
1621 4456 1774 4517 αὖθις

189 4560 584 4630 ἐπιστραφείς·
642 4559 704 4614 Ti
758 4555 1173 4625 ὠραιώθησαν,
1226 4554 1383 4624 φησὶ,
1443 4548 1777 4620 ὄιαὸήματὰ

192 4666 315 4702 σου
346 4653 419 4703 ἐν
456 4648 804 4717 ὑποδήμασι
821 4664 842 4714 ;
873 4649 1144 4709 τουτέστι,
1180 4645 1299 4706 Πῶς
1332 4643 1503 4705 οὕτως
1534 4642 1591 4695 αἱ
1640 4656 1776 4710 προ-

191 4742 372 4794 κοπαὶ
408 4740 521 4792 τῶν
572 4739 786 4809 ἀρετῶν
853 4754 950 4790 σου
1010 4732 1458 4803 κατευθύνθησαν
1517 4737 1574 4784 ὲν
1615 4730 1780 4800 σαρκὶ

193 4827 402 4899 οὔσαις
449 4830 767 4901 διαδήματα
789 4830 900 4900 γὰρ
948 4828 1047 4893 τὰς
1078 4827 1279 4896 ἀρετὰς
1310 4825 1678 4894 ὑποληπτέον·
1709 4822 1785 4884 ὡς

192 4928 297 4982 καὶ
329 4929 362 4979 ὁ
386 4922 582 4978 τούτου
614 4924 801 4996 πατὴρ
831 4924 1047 4992 εἴρηκε,
1100 4921 1268 4988 Παρὰ
1301 4918 1524 4986 Κυρίου
1551 4921 1624 4970 τὰ
1662 4915 1790 4969 δια-

192 5020 448 5089 δήματα
497 5016 818 5087 ἀνθρώπου
866 5017 1316 5071 κατευθύνεται.
1346 5004 1608 5083 Θύγατερ
1636 5011 1792 5080 Ἀμι-

190 5113 423 5169 ναδάϐ.
460 5111 615 5179 ’Δξία
650 5110 854 5183 δηλαδὴ
883 5110 981 5181 τῆς
1015 5107 1264 5172 εὐδοκίας
1280 5106 1375 5160 τοῦ
1401 5103 1538 5158 Θεοῦ
1566 5105 1661 5158 καὶ
1681 5104 1794 5157 Πα-

187 5186 360 5280 ne.

880 5292 1121 5369 ᾊΣΜΔ.

284 5393 532 5463 Ῥυθμοι
559 5392 771 5465 μηρῶν
821 5407 937 5447 σου
995 5391 1186 5461 ὅμοιοι
1226 5390 1545 5459 δρμίσκοις
1613 5388 1793 5459 ἔργον

194 5485 515 5552 τεχνίτου.

212 5580 221 5584 ’
854 5577 939 5631 ΣΧ
950 5577 1131 5630 ΟΛΙᾹ.

275 5669 394 5723 Διὰ
429 5668 541 5722 τῶν
591 5667 784 5740 μηρῶν
808 5669 899 5724 τὸν
945 5669 1006 5736 ἐξ
1034 5667 1209 5738 αὐτῆς
1245 5657 1646 5739 τεχθησόμενον
1679 5653 1801 5724 Σωέ

342 5844 491 5904 Luc.
522 5861 562 5915 I,
624 5848 713 5903 δι.
787 5848 809 5881 δ
836 5834 941 5903 lsa.
978 5863 1054 5913 νι,
1092 5848 1147 5904 9.
1220 5849 1242 5883 ³
1272 5848 1418 5909 Psal.
1454 5865 1640 5918 sxxvr,
1676 5849 1767 5904 ‘25.

540 5946 811 6006 PATROL.
859 5941 975 6007 Gn.
1021 5947 1198 6008 CLII.

1827 602 2086 674 genitrix,
2135 600 2300 653 ubera
2335 612 2489 661 mea;
2544 591 3209 653 meamjncarnatioucm,
3242 603 3404 657 quam

1826 695 2011 749 arrisit
2042 691 2199 756 milii,
2231 691 2350 745 sine
2372 688 2583 744 semine
2619 702 2685 741 ex
2738 697 2786 743 te
2830 684 2940 739 fieri
2971 700 2984 749 ;
3019 692 3075 738 ut.
3117 682 3404 747 mundum,

1828 784 2052 856 perenni
2081 796 2327 839 meorum
2375 779 2536 834 latice
2571 778 2891 833 salutarium
2924 776 3206 844 irrigarem
3237 776 3409 828 docu-

1830 885 2163 930 mentorum.
2229 870 2464 926 Nescivit
2535 874 2717 924 anima
2770 885 2921 934 mea;
2955 883 3019 922 ac
3072 866 3119 921 si
3168 864 3407 923 diceret:

1831 963 1977 1020 Unde
2010 965 2106 1019 hoc
2146 965 2274 1019 milii
2304 965 2425 1027 erit,
2454 963 2703 1034 quoniam
2734 963 2905 1016 virum
2930 975 3031 1013 non
3070 974 3323 1030 cognosco
3348 958 3408 1010 '?

1830 1057 2008 1114 Veluti
2041 1058 2185 1113 enim
2245 1071 2311 1129 ex
2358 1070 2594 1126 persona
2650 1056 2869 1109 illibatae
2916 1052 3178 1123 Virginis,
3216 1059 3408 1122 postea

1835 1166 2017 1206 sermo
2066 1149 2407 1205 eil'ormatur.
2449 1147 2641 1201 Posuit
2691 1164 2773 1202 me
2827 1162 3015 1201 currus
3064 1145 3408 1199 Aminada’b:

1832 1239 2071 1309 Virginis
2104 1248 2223 1309 post
2266 1238 2384 1295 [nec
2414 1252 2727 1304 assensum,
2781 1237 3069 1308 significat.
3109 1235 3408 1290 Aminadab

1832 1333 1976 1387 enim
2016 1329 2278 1386 llebraice
2318 1331 2586 1394 voluntas,
2621 1344 2717 1384 seu
2780 1328 3161 1397 bencplacitum
3202 1326 3411 1394 Patris,

1836 1424 2245 1493 interpretatur.
2278 1422 2354 1478 Ac
2383 1422 2427 1477 si
2458 1420 2685 1486 diceret,
2722 1436 2785 1476 ex
2838 1436 2951 1477 suae
2984 1420 3276 1475 voluntatis
3320 1421 3414 1474 be-

1834 1516 2105 1586 nep'acilo
2143 1515 2281 1571 Deus
2306 1524 2360 1571 et
2392 1516 2569 1582 Pater,
2612 1529 2833 1571 currum
2866 1529 2953 1571 me
2986 1513 3117 1571 fecit
3146 1514 3415 1587 unigeniti

1835 1606 1999 1664 Verbi
2038 1607 2145 1664 sui.

2524 1699 2728 1758 CANT.

1910 1793 1999 1848 12.
2034 1792 2326 1859 Revertere,
2364 1804 2621 1848 revertere
2665 1793 2969 1861 Sulamitis,
3019 1801 3294 1857 revertere,
3328 1809 3418 1848 re-

1766 1889 1806 1944 Β
1839 1896 2051 1942 vertere.
2078 1886 2219 1954 Quid
2244 1888 2299 1941 in
2322 1898 2371 1943 te
2400 1888 2730 1955 inspiciamus
2757 1887 2783 1941 .’

2466 1980 2780 2040 SCHOLIA.

1913 2068 2196 2147 Tanquam
2233 2085 2296 2125 ex
2326 2068 2492 2124 altera
2520 2070 2752 2138 quadam
2799 2058 3048 2125 sectione
3091 2068 3372 2124 exorditur
3404 2087 3418 2122 :

1843 2173 1899 2216 et
1935 2163 2200 2239 quosdam
2258 2162 2420 2217 veluti
2451 2162 2795 2217 enuntiantes
2827 2163 3143 2226 introducit,
3179 2178 3423 2232 quosque

1847 2253 1962 2307 lucc
1993 2254 2110 2324 ipsa
2153 2254 2335 2308 futura
2362 2264 2591 2324 stupore
2621 2255 2937 2324 perculerit,
2974 2269 3039 2310 ac
3061 2255 3246 2309 dicant
3272 2272 3286 2310 :
3322 2253 3421 2308 Ile-

1846 2359 2042 2402 vertere
2070 2347 2370 2403 Sulamitis.
2407 2346 2535 2412 Ter,
2556 2356 2612 2401 ut
2642 2347 2757 2418 ipsa
2779 2355 3103 2413 revertatur,
3133 2358 3380 2417 repetunt
3406 2365 3422 2415 ;

1850 2450 2071 2510 propter
2122 2440 2550 2511 profunditatem
2606 2439 3092 2509 interrogationis,
3149 2454 3271 2508 quae
3336 2452 3426 2493 re-

1850 2533 2151 2602 spoodeudi
2180 2535 2287 2587 vim
2337 2532 2548 2589 adimit.
2573 2530 2852 2586 Sulamitis
2877 2538 3058 2587 autem
3085 2534 3307 2602 pacilica
3335 2548 3429 2586 vo-

1850 2625 1965 2679 cari
2006 2634 2205 2694 potest,
2230 2633 2393 2695 atque
2416 2640 2482 2680 ex
2508 2624 2816 2679 Salomonis
2839 2624 3046 2680 semine
3071 2632 3214 2680 nata.
3262 2618 3432 2690 Quid-

1854 2733 1975 2770 nam
2008 2720 2061 2771 in
2098 2730 2146 2773 te
2183 2720 2569 2787 inspiciemus?
2620 2721 2697 2774 Ac
2731 2720 2777 2774 si
2837 2719 3119 2775 dicerent:
3155 2718 3431 2786 Quidnam

1857 2810 1951 2864 tibi
1995 2810 2273 2881 continget
2304 2814 2470 2868 etiam
2506 2812 2549 2867 si
2590 2813 2716 2867 talia
2748 2813 3048 2869 evenient?

2465 2905 2694 2962 CAPUT
2717 2906 2834 2963 VII.

2543 2999 2749 3055 CANT.

1932 3096 1985 3149 1.
2021 3095 2159 3161 Quid
2210 3093 2453 3148 videbitis
2510 3094 2563 3146 in
2618 3091 2905 3155 Sulamite,
2960 3109 3075 3163 qua:
3128 3094 3265 3149 venit
3298 3095 3436 3150 sicut

1861 3188 2011 3243 chori
2034 3181 2533 3241 castrametantiunt
2561 3185 2587 3239 2’
2629 3201 2787 3253 quam
2818 3186 2994 3239 decori
3043 3196 3166 3240 sunt
3223 3201 3433 3255 gressus

1782 3249 1826 3309 ο
1861 3281 1938 3337 tui
1966 3282 2021 3334 in
2075 3278 2470 3343 calceamentis,
2518 3293 2548 3330 ο
2598 3249 2713 3345 ﬁlia
2744 3276 3036 3331 Aminadab
3063 3260 3099 3331 1⁵

2468 3367 2786 3426 SCHOLIA.

1931 3465 2010 3520 Ad
2047 3463 2243 3519 infesta
2304 3462 2523 3516 illorum
2577 3461 2847 3531 postulata
2884 3461 3243 3531 respondens,
3293 3458 3458 3516 hunc'

1862 3556 2090 3628 protulit
2121 3568 2430 3611 sermonem
2457 3572 2470 3607 :
2507 3552 2775 3619 Quidnam
2808 3553 3051 3607 videbitis
3076 3554 3129 3606 in
3156 3550 3458 3619 Sulamite,‘

1864 3666 1980 3720 qua:
2018 3648 2153 3703 venit
2189 3658 2441 3717 tanquam
2463 3645 2609 3699 chori
2638 3647 3126 3699 castrametantium
3152 3647 3177 3700 ?
3204 3641 3460 3700 Tantum‘

1866 3757 1972 3798 non
2003 3742 2213 3804 dicens.
2243 3754 2371 3795 num
2403 3740 2745 3795 emetientes
2762 3739 3050 3794 suntoculi
3081 3740 3241 3793 vestri
3262 3724 3461 3793 lsicut'

1856 3844 1921 3893 et
1949 3834 2116 3889 Isaias
2142 3841 2393 3898 testatur,
2419 3832 2608 3887 dicens
2634 3848 2648 3886 :
2682 3828 3001 3886 Clauserunt
3033 3831 3210 3886 oculos
3236 3846 3357 3885 suos
3387 3843 3447 3886 nt

1869 3943 1972 3981 non
2005 3924 2271 3979 viderent‘
2295 3963 2310 3978 .
2340 3922 2445 3990 Qui
2474 3925 2576 3978 hac
2597 3922 2761 3978 etiam
2790 3923 2881 3977 via
2929 3923 3041 3977 hate
3072 3924 3188 3993 ipsa
3218 3924 3449 3978 eluden-

1872 4025 1971 4081 tes,
2006 4017 2365 4087 quatstionem
2395 4015 2743 4085 proponitis?
2771 4013 2968 4070 Verum
2998 4015 3298 4082 enimvero,
3328 4030 3453 4085 qua

1872 4109 2041 4175 venit,
2093 4108 2291 4164 similis
2358 4117 2446 4162 est
2493 4106 2807 4174 agminibus
2855 4108 3191 4163 caelestibus.
3250 4097 3468 4164 Deinde'

1875 4212 2130 4271 tauquam
2155 4199 2408 4256 refellens
2434 4199 2653 4253 illorum
2679 4200 2956 4265 duritiem,
2982 4209 3036 4257 et
3065 4201 3445 4270 pertinaciam,
3512 4184 3529 4203 “

1874 4309 1996 4351 cum
2019 4294 2149 4363 ipsis
2177 4291 2314 4348 nihil
2332 4290 2662 4362 persuadere
2685 4291 2952 4361 potuisset
2974 4306 3038 4347 ex
3072 4293 3138 4346 iis
3170 4308 3287 4363 quae
3310 4294 3455 4363 apud

1876 4384 2027 4454 ipsos
2054 4385 2411 4448 disseruerat,
2436 4397 2535 4438 eos
2560 4382 2779 4452 quidem
2812 4382 2972 4452 longe
2997 4384 3224 4448 dimisit,
3261 4394 3320 4438 ut
3343 4399 3456 4438 non

1881 4479 2026 4533 leves
2051 4476 2204 4530 luant
2232 4488 2446 4543 pmnas.
2472 4473 2552 4526 Ad
2591 4473 2865 4546 Virginem
2889 4490 3015 4529 vero
3063 4476 3257 4530 iterum
3289 4478 3457 4530 etiam

1880 4582 2210 4623 conversus:
2250 4566 2421 4632 Quam
2458 4568 2661 4636 decori,
2718 4568 2916 4637 inquit,
2951 4578 3074 4622 sunt
3132 4585 3343 4639 gressus
3377 4572 3459 4623 tui

1884 4662 1938 4715 in
1966 4659 2333 4714 calceamentis
2363 4659 2389 4713 .’
2445 4658 2557 4714 lloc
2587 4669 2711 4714 est:
2751 4659 2999 4725 Quonam
3033 4671 3190 4731 pacto
3225 4661 3361 4716 adeo
3402 4663 3459 4716 in

1884 4761 1938 4807 te
1962 4753 2220 4807 virtutum
2246 4750 2522 4821 proiectus
2546 4754 2721 4808 fauste
2753 4753 3096 4821 feliciterque
3151 4762 3462 4817 cesserunt,

1887 4858 2013 4899 cum
2048 4845 2102 4898 in
2133 4858 2299 4899 carne
2338 4843 2541 4913 degas?
2567 4845 2805 4901 Gressus
2853 4848 2999 4900 enim
3034 4847 3265 4899 virtutes
3298 4848 3466 4900 inter-
3506 4866 3513 4871 ·

1889 4944 2193 5004 pretantur,
2229 4936 2691 5004 quemadmodum
2746 4946 2802 4991 et
2849 4937 3012 5006 hujus
3039 4946 3192 5007 pater
3224 4937 3392 4990 dixit:
3420 4938 3464 4991 Α

1893 5028 2121 5083 Domino
2156 5044 2367 5099 gressus
2400 5028 2632 5083 hominis
2656 5027 2965 5099 dirigentur
2986 5030 3042 5084 ³.
3080 5027 3227 5082 Filia
3252 5028 3469 5082 Amina-

1893 5121 2035 5175 dab:
2068 5121 2292 5190 dignum
2327 5118 2584 5175 videlicet
2615 5121 2893 5187 delicium,
2932 5121 3077 5191 quod
3126 5120 3235 5177 Deo
3282 5129 3335 5176 et
3372 5119 3472 5174 Pa-

1895 5212 1963 5266 tri
1994 5211 2067 5266 sit
2114 5210 2287 5265 cordi.

2581 5302 2787 5360 CANT.

1970 5395 2174 5451 Hoduli
2206 5396 2462 5466 feminum
2522 5408 2733 5452 tuorum
2764 5396 2964 5453 similes
2998 5394 3299 5461 monilibus,
3343 5408 3475 5463 opus

1899 5504 2152 5543 manuum
2181 5488 2426 5557 artiﬁcis.

2530 5576 2847 5634 StillOLlA.

1975 5671 2077 5729 Per
2109 5671 2338 5743 femina,
2395 5673 2737 5747 nasciturum
2768 5687 2834 5729 ex
2867 5668 3085 5739 Virgine
3117 5668 3478 5737 Salvatorem.

2965 5941 3039 6002 3’s
