3780 6536
123 354 236 426 10⁸17

1095 346 1493 410 COMMENT.
1535 348 1616 408 1N
1661 313 1990 409 CANTICA
2034 347 2330 408 CANTIC.

3181 345 3323 413 1078

119 463 562 541 ἐπιστηριζομένην
591 480 649 516 τε
678 464 764 516 ἐπ’
806 463 984 518 αὐτόν.
1043 463 1185 516 Ὑπὸ
1237 455 1442 534 μῆλον
1485 463 1627 532 ὲξή-
1661 514 1664 523 ,

1787 465 1922 517 'bore
1947 464 2173 516 excitavi
2209 472 2297 528 te;
2328 476 2424 532 pro
2452 476 2518 518 co
2552 461 2696 532 quod
2731 470 2835 528 est,
2866 461 3072 518 ldcirco
3097 479 3162 519 cx
3186 464 3332 519 lum"

118 563 256 636 γειρά
288 576 354 614 σε
379 575 393 591 ·
423 555 540 611 ἀντὶ
568 556 685 620 τοῦ,
750 555 828 608 Δι’
880 556 1012 608 αὐτὸ
1055 556 1214 608 τοῦτο
1263 556 1326 608 ἐκ
1364 557 1463 625 τῆς
1514 555 1654 628 ἐμῆς

115 657 285 727 ὀσφύος
309 649 600 720 γεγέννηκά
627 665 708 711 σε,
746 649 830 701 ἵνα
855 649 910 700 τὸ
939 650 1035 717 τῆς
1068 647 1212 716 ζωῆς
1263 647 1505 720 ἀνῦήσῃς
1547 647 1649 716 pi;-

116 755 209 805 λον.
245 742 395 800 Ἕκεῖ
425 740 688 808 ὠδίνησέ
731 758 806 794 σε
841 741 878 808 ἠ
917 741 1179 794 τεκοῦσά
1221 758 1293 796 σε
1317 757 1330 770 ·
1370 743 1510 810 ἦτοι,
1567 741 1654 794 διὰ

117 843 198 913 τὴν
217 839 368 901 αὐτὴν
400 833 596 888 αἰτίαν.
634 833 744 900 Θές
765 851 842 902 με
896 835 975 898 ὡς
1025 833 1325 902 σφραγῖδα
1386 833 1483 885 ἐπὶ
1544 832 1656 899 τὴν

117 930 335 1000 καρδίαν
378 940 513 980 σου.
540 925 851 989 Τουτέστιν,
884 926 1005 978 Εἴθε
1035 925 1424 992 ἀνεξάλειπτον
1476 926 1652 989 ἄγοις,

117 1025 200 1087 ἐμὲ
226 1021 510 1090 κατέχουσα
545 1021 600 1071 ἐν
629 1022 692 1088 τῇ
761 1019 959 1091 καρδία
1019 1037 1135 1071 σου.
1203 1019 1300 1082 Ὧς
1356 1016 1656 1087 σφραγῖδα

117 1116 197 1171 ἐπὶ
225 1114 322 1168 τὸν
352 1110 652 1178 ,βραχίονά
693 1128 810 1164 σου
836 1127 850 1141 °
896 1113 952 1164 ὲν
983 1113 1048 1182 τῇ
1081 1111 1306 1180 δυνάμει
1358 1127 1470 1172 σου,
1503 1109 1658 1177 δηλο-

118 1211 231 1269 νότι,
261 1205 356 1276 ἐμὲ
400 1204 721 1273 συνέχουσα,
777 1193 939 1257 οἱονεί
977 1222 1028 1259 τι
1071 1205 1163 1258 σὸν
1219 1203 1658 1274 ἐσφραγισμένοι

118 1285 378 1370 πρόϐατον.
449 1297 579 1350 Ὀτι
636 1297 884 1362 reparata
940 1298 1020 1362 ὠς
1103 1296 1355 1362 θάνατος
1412 1293 1654 1362 ἀγάπη·

117 1393 278 1462 ἧγουν,
309 1387 370 1438 Ἥ
412 1385 478 1456 σὴ
507 1386 641 1456 πρὸς
701 1387 804 1455 ἐμὲ
869 1388 1060 1456 ἀγάπη
1121 1385 1495 1454 ⁸κραταιοτέρα
1543 1383 1658 1434 ἐστὶ

115 1487 192 1539 καὶ
210 1482 446 1536 θανάτου.
491 1481 700 1550 Ὥσπερ
739 1480 845 1552 γὰρ
898 1482 946 1532 οἱ
977 1483 1057 1541 εἰς
1119 1479 1250 1550 ᾅδην
1317 1475 1661 1546 πεμφθέντες

117 1578 165 1630 οὐ
188 1574 368 1645 ῥᾳδίως
391 1571 826 1635 παλινοστοῦσιν,
859 1572 994 1626 ἀλλὰ
1054 1571 1326 1642 κραταιῶς
1359 1569 1490 1637 παρ’
1520 1568 1661 1620 ὲκεί-

115 1686 190 1721 νου
214 1665 563 1735 κατέχονται·
597 1665 742 1717 οὕτω
775 1664 1020 1734 δηλονότι
1055 1668 1149 1716 καὶ
1185 1665 1216 1734 ἡ
1271 1661 1336 1733 σὴ
1375 1661 1512 1731 πρὸς
1561 1657 1660 1731 ἐμὲ

113 1758 270 1825 ἀγάπη
301 1755 578 1826 κραταιῶς
613 1757 828 1824 συνέχει
891 1754 1081 1823 ὥσπερ
1142 1753 1390 1814 Θάνατος.
1421 1753 1491 1804 Ἢ
1537 1752 1652 1814 καί,

114 1848 201 1904 Τοῦ
227 1847 449 1902 θανάτου
495 1864 561 1917 με
590 1847 891 1916 ἐξαρπάζει
917 1847 1054 1916 πρὸς
1083 1845 1278 1916 ἀγήρω
1321 1843 1466 1913 ζωὴν
1521 1845 1659 1894 ἐπα-ι

113 1946 337 2012 νάγουδαο
370 1941 644 2010 Σκληρός
682 1943 763 2006 ὡς
820 1941 968 2007 ᾅδης
1032 1938 1244 2008 ζῆλος·
1286 1940 1313 1992 ὁ
1360 1937 1417 1989 δὲ
1473 1935 1653 2006 ζῆλος,

112 2039 211 2092 ἀντὶ
236 2035 342 2100 τοῦ,
379 2036 412 2104 ἡ
444 2036 764 2104 ἀποστροφή
799 2051 894 2087 σου
929 2035 1023 2086 καὶ
1067 2034 1127 2085 τὸ
1188 2031 1487 2101 νεμεσῆσαι
1542 2029 1656 2092 τοῖς

111 2134 260 2199 ἐμοῖς,
289 2129 520 2199 σκληρὸν
545 2128 798 2199 ὑπάρχει.
846 2129 944 2194 Ὠς
994 2127 1164 2195 ᾅδης,
1202 2128 1341 2198 ἦτοι,
1399 2123 1457 2177 τὸ
1490 2123 1660 2196 χείρι-

113 2240 216 2277 στον
236 2221 323 2275 καὶ
350 2221 760 2275 ὲπωδυνότατον
787 2222 1023 2291 ὑπάρχει
1060 2237 1184 2289 μου.

753 2309 995 2384 ’ᾼΣΜΑ.

172 2408 482 2474 ηερΙπτερα
523 2407 712 2474 αὐτῆς
729 2407 1054 2475 περίπτερα
1081 2407 1272 2474 πυρὸς
1302 2407 1526 2477 φλόγες
1555 2407 1660 2458 αὐ-

113 2498 220 2567 τῆς.
249 2499 436 2565 Ὕδωρ
472 2498 632 2552 πολὺ
669 2501 740 2552 οὐ
776 2497 1104 2565 δυνήσεται
1139 2498 1352 2552 σϐέσαι
1380 2497 1494 2565 τὴν
1519 2495 1661 2566 ἀγά-

113 2607 217 2657 πην
237 2605 250 2622 ⁸
279 2589 370 2643 καὶ
392 2589 647 2657 ποταμοὶ
670 2588 741 2642 οὐ
762 2590 1246 2656 συγκλείσουσιν
1267 2588 1481 2656 αὑτήν.
1527 2585 1662 2639 Ἐὰν

113 2682 182 2746 δῷ
213 2684 356 2750 ἀνὴρ
380 2683 496 2734 τὸν
533 2680 730 2734 πάντα
761 2681 906 2744 ,βίον
939 2681 1127 2741 αὑτοῦ
1188 2682 1257 2734 ἐν
1313 2680 1386 2750 τῇ
1438 2679 1658 2751 ἀγάπῃ,

113 2770 478 2838 ἐξουδενώσει
515 2769 1042 2834 ἐξουδενώσουσιν
1063 2769 1270 2824 αὐτόν.

739 2863 1010 2916 ΣΧΟΛΙΑ.

169 2959 268 3012 Καὶ
292 2959 346 3011 ὲν
377 2959 597 3019 τούτοις
625 2956 685 3009 τὸ
705 2955 909 3025 ὑψηλὸν
933 2955 1026 3008 καὶ
1061 2954 1336 3027 μετέωρον
1402 2956 1501 3026 τῆς
1561 2974 1664 3009 πα-

115 3047 348 3118 ναμὼμου
381 3050 668 3118 Παρθένου
703 3047 975 3101 δείκνυσιν
1004 3050 1031 3100 ὁ
1067 3049 1358 3118 Προφήτης
1384 3064 1398 3082 ο
1431 3049 1525 3100 καὶ
1562 3048 1660 3117 οὐχ

1756 556 1840 610 bis
1888 557 2023 611 meis
2059 565 2106 608 te
2132 556 2317 626 genui,
2351 565 2410 610 ut
2441 555 2563 610 vitae
2592 571 2812 625 pomum
2849 557 3206 627 produceres.
3237 558 3327 614 Ibi

1755 651 1950 718 peperit
1993 661 2040 702 te
2095 657 2258 701 mater
2324 657 2450 714 tua;
2517 657 2737 718 propter
2766 651 3014 704 eamdem
3065 649 3326 704 nitnirnm

1757 756 1998 794 causam.
2045 739 2186 792 Pone
2223 757 2301 793 me
2351 742 2426 793 uti
2455 740 2814 809 signaculum,
2855 757 3011 810 super
3044 729 3330 805 cortuum,

1759 833 1958 887 idest:
1994 829 2209 884 Utinam
2263 831 2336 885 ita
2374 847 2524 900 agas,
2560 842 2616 886 ut
2649 831 2929 886 indelebili
2971 829 3133 884 modo
3164 846 3247 884 me
3275 831 3326 883 in

1761 930 1852 974 tuo
1929 919 2170 974 detineas
2221 920 2404 974 corde.
2455 920 2604 982 Sicut
2661 922 2990 992 signaculum
3025 937 3180 989 super
3213 919 3336 973 bra-

1759 1013 1933 1067 chium
1962 1025 2133 1079 tuum,
2168 1015 2220 1068 in
2258 1026 2345 1068 tua
2372 1015 2624 1069 videiicet
2647 1019 2888 1086 potentia
2916 1031 2999 1069 me
3026 1014 3330 1081 contineas,

1759 1121 1867 1159 non
1903 1122 2062 1160 secus
2101 1121 2164 1159 ac
2199 1123 2367 1162 unum
2411 1107 2628 1178 aliquod
2668 1125 2730 1162 ex
2762 1109 2988 1179 signatis
3028 1109 3136 1162 tuis
3164 1123 3332 1177 pecu-

1758 1195 1941 1251 dibus.
1977 1197 2115 1264 Quia
2146 1207 2323 1266 patens
2352 1209 2425 1251 est
2463 1210 2519 1252 ut
2551 1216 2688 1253 mors
2738 1200 2987 1255 dilectio:
3015 1198 3165 1258 Tuus
3187 1199 3334 1255 vide-

1762 1289 1889 1344 licet
1921 1292 1973 1343 in
2009 1305 2095 1344 me
2148 1305 2324 1354 amor,
2360 1299 2534 1344 morte
2557 1292 2720 1344 etiam
2759 1292 2872 1359 ipsa
2908 1292 3182 1360 potentior
3211 1303 3332 1357 est;

1760 1380 2224 1450 quemadmodum
2249 1381 2397 1436 enim
2440 1381 2532 1451 qui
2571 1382 2624 1435 in
2668 1381 2880 1436 inferna
2931 1391 3058 1436 sunt
3085 1382 3332 1446 demissi,

1761 1474 1905 1528 haud
1933 1473 2090 1528 facile
2111 1485 2481 1534 revertuntur.
2512 1475 2605 1528 sed
2639 1490 2832 1544 magna
2859 1475 2906 1527 vi
2939 1483 3093 1528 arcte
3115 1473 3334 1528 stricte-

1762 1584 1870 1638 que
1929 1574 2072 1638 apud
2141 1569 2346 1625 inferos
2382 1570 2732 1624 detinentur:
2776 1571 2856 1624 sic
2905 1567 3185 1633 nimirum,
3243 1578 3336 1622 tua

1763 1676 1980 1732 quoque
2003 1663 2056 1716 in
2099 1677 2185 1715 me
2217 1661 2456 1723 dilectio,
2503 1678 2609 1715 non
2663 1677 2825 1716 secus
2859 1676 2921 1715 ac
2953 1677 3100 1716 mors
3142 1676 3335 1729 magna

1764 1773 1850 1811 me
1878 1757 1926 1811 vi
1959 1767 2106 1809 arcte
2133 1755 2398 1809 continet.
2429 1755 2521 1809 Vel
2549 1763 2752 1808 etiam:
2783 1755 2825 1808 A
2860 1765 3036 1808 morte
3070 1769 3157 1808 me
3187 1754 3337 1808 alni-

1765 1850 1900 1919 pias,
1945 1848 2010 1902 ad
2046 1848 2210 1900 vitam
2239 1847 2516 1902 deducens
2561 1849 2960 1917 incorruptam.
2991 1847 3170 1901 Durus
3197 1849 3335 1901 sicut

1761 1942 1998 2010 infernus
2031 1941 2212 2004 zelus;
2248 1941 2399 1994 zelus
2431 1955 2578 2004 vero,
2613 1941 2666 1994 id
2703 1951 2809 2003 est.
2841 1949 2892 1996 te
2923 1956 2952 1993 a
2984 1956 3105 1994 meo
3135 1955 3332 2018 averso

1759 2032 1983 2102 populo,
2022 2032 2182 2100 eique
2207 2040 2565 2086 succensente
2593 2034 2729 2086 dura
2755 2047 2843 2087 res
2868 2040 2971 2086 est.
3004 2030 3151 2086 Sicut
3169 2031 3339 2101 infer-

1762 2141 1896 2187 nus;
1962 2123 2233 2187 vidi-licet,
2303 2125 2628 2194 gravissima
2694 2140 2782 2179 res
2817 2133 2924 2190 est,
2953 2134 3008 2179 ct
3035 2139 3334 2188 summum,

1762 2216 2150 2287 ingentemque
2179 2217 2312 2273 mihi
2343 2215 2606 2281 dolorem,
2633 2215 2809 2270 alien.

2443 2305 2648 2362 CANT.

1832 2399 1884 2466 6,
1916 2401 1972 2452 7.
2006 2399 2193 2454 Pinna:
2220 2400 2384 2468 ipsius
2417 2415 2533 2468 quw
2559 2401 2609 2451 in
2635 2401 2809 2453 orbem
2839 2409 2982 2462 sunt,
3013 2399 3340 2468 pinnazignis

1761 2492 1990 2560 flamma:
2012 2493 2146 2560 ejus.
2176 2494 2326 2562 Aqua
2347 2492 2514 2545 multa
2544 2509 2644 2545 non
2673 2493 2863 2559 poterit
2893 2495 3224 2563 exstinguere
3251 2492 3340 2545 di-

1765 2585 2056 2651 lectionem,
2097 2594 2145 2638 et
2183 2585 2408 2652 ﬂumina
2447 2600 2545 2638 non
2571 2585 2884 2639 Concludent
2920 2602 3081 2651 eam;
3115 2586 3159 2637 si
3185 2585 3342 2637 dede-

1766 2679 1833 2732 rit
1864 2680 1946 2731 νίν
1974 2693 2179 2730 omnem
2211 2693 2359 2732 suam
2387 2678 2554 2732 vitam
2605 2693 2700 2746 pro
2733 2678 3033 2744 dilectione,
3079 2677 3233 2730 illum
3258 2677 3344 2730 ni-

1764 2769 1862 2823 Itili
1888 2772 2139 2839 pendent.

2394 2861 2704 2917 SCIIOLIA.

1838 2951 1894 3008 In
1934 2953 2019 3010 his
2080 2969 2300 3023 quoque
2325 2943 2642 3016 sublimem.
2676 2953 2993 3026 celsamque
3043 2953 3341 3024 inculpata

1769 3046 2006 3117 Virginis
2079 3047 2478 3115 pnestantiam,
2509 3049 2769 3118 propheta
2826 3048 3209 3113 demonstrat;
3244 3035 3346 3103 nec

113 3142 278 3206 ἁπλῶς
307 3143 476 3211 μέχρι
508 3141 651 3204 τινὸς
678 3141 892 3194 ἵσταται
919 3155 932 3169 ⁸
966 3139 1102 3193 ἀλλὰ
1132 3141 1228 3194 καὶ
1253 3140 1360 3194 τῶν
1420 3141 1664 3210 Σεραφὶμ

1787 3139 2089 3206 simpliciter
2122 3137 2172 3190 in
2228 3138 2413 3207 aliquo
2446 3138 2679 3206 quodam
2719 3135 2861 3203 loco,
2887 3152 3007 3191 eam
3035 3137 3345 3202 constituit,

112 3235 356 3288 δείκνυσιν
381 3233 560 3304 αὐτὴν
594 3233 900 3302 ἀγιωτέραν
933 3247 946 3262 °
991 3232 1086 3284 καί
1121 3248 1261 3302 φησι
1294 3249 1310 3263 ο
1338 3234 1668 3299 Ῑιερίπτερα

112 3325 276 3394 αὐτῆς
325 3327 656 3394 περίπτερα
706 3322 898 3390 πυρὸς
948 3323 1171 3392 φλόγες
1199 3339 1216 3354 ·
1245 3324 1364 3376 ἀντὶ
1421 3322 1538 3384 τοῦ,
1607 3321 1669 3376 Ἠ

110 3416 288 3487 ταύτης
314 3417 650 3487 δωροφορεα,
724 3415 820 3468 καὶ
859 3414 1279 3486 προσκύνησιςο
1335 3414 1507 3466 ταῦτα
1563 3413 1671 3482 γὰρ

110 3509 260 3578 αὐτῆς
291 3509 356 3562 τὰ
381 3509 699 3578 περίπτερα
738 3507 910 3578 πυρὸς
967 3509 1165 3578 φλόγες
1220 3507 1357 3560 είσίν
1384 3521 1398 3536 ⁸
1448 3505 1670 3570 ὡσανεὶ,

109 3602 150 3654 εἰ
188 3602 380 3668 ἔλεγεν,
460 3599 820 3670 Ἐπικάθηται
875 3601 984 3652 τῶν
1033 3599 1300 3668 Σεραφὶμ,
1354 3599 1448 3653 καὶ
1493 3598 1672 3651 αὐτῶν

109 3692 202 3745 τῶν
232 3693 559 3764 ὑπερτάτων
592 3695 746 3760 νῦων,
800 3691 1087 3760 ὲγκὸλπιον
1137 3693 1377 3761 φέρουσα
1439 3690 1531 3743 τὸν
1570 3691 1674 3760 Aq-

113 3787 370 3855 μιουργδν,
398 3787 504 3838 καὶ
535 3785 774 3854 κτίστην
801 3784 896 3836 τοῦ
925 3783 1146 3846 παντός.
1179 3782 1364 3850 Ὕδωρ
1403 3782 1560 3842 πολὺ
1600 3784 1672 3836 οὐ

113 3877 413 3948 δυνήσεται
444 3876 662 3931 σϐέσαι
704 3876 819 3944 τὴν
872 3875 1136 3944 ἀγάπην.
1190 3876 1367 3942 Ἤτοι,
1425 3875 1526 3945 τῆς
1584 3873 1675 3928 ῐσα

115 3971 194 4023 καὶ
227 3970 340 4041 Θεῷ
371 3969 850 4041 δορυφορουμένης
889 3967 992 4020 ὑπὸ
1045 3967 1154 4019 τῶν
1217 3966 1673 4037 λειτουργούντων

114 4063 243 4132 αὖτῷ
277 4081 290 4094 ο
321 4063 469 4116 οὗτοι
496 4063 604 4132 γὰρ
638 4061 704 4116 ἂν
744 4056 852 4113 εἷεν
878 4061 966 4114 καὶ
1030 4059 1200 4129 πυρὸς
1264 4057 1478 4127 φλόγες,
1533 4058 1607 4120 ὡς
1646 4057 1674 4109 ὁ

113 4156 260 4208 Δαῦίδ
317 4172 484 4226 φησιν
517 4169 529 4184 ·
575 4155 662 4222 Ὀ,
687 4151 873 4207 ποιῶν
945 4151 1088 4216 τοὺς
1131 4152 1428 4220 ἀγγέλους
1487 4149 1673 4205 αὐτοῦ

114 4250 427 4314 πνεύματα,
465 4246 566 4300 καὶ
619 4245 760 4310 τοὺς
799 4244 1186 4312 λειτουργοὺς
1219 4243 1428 4306 αυτοῦ,
1485 4242 1675 4310 πυρὸς

111 4343 312 4409 φλόγα.
380 4342 498 4409 Τὴν
557 4337 654 4390 οὖν
711 4337 934 4404 ἀγάπην
974 4337 1173 4406 ταύτην
1225 4337 1298 4389 οὐ
1349 4333 1675 4400 δυνήσεται

112 4432 311 4486 σϐέσαι
353 4430 517 4500 ὕδωρ
557 4431 716 4483 πολύ
742 4445 756 4461 ·
795 4430 1093 4493 τουτέστιν,
1153 4431 1208 4484 αἱ
1236 4428 1471 4482 ἐναντίαι
1515 4428 1672 4482 δυνά-

111 4540 242 4592 μεις.
276 4525 336 4577 Ei
361 4525 476 4594 γὰρ
506 4525 553 4576 οἱ
595 4523 673 4592 τῷ
705 4522 826 4590 Θεῷ
849 4521 1290 4592 λειτουργοῦντες
1343 4523 1512 4591 πυρός
1565 4523 1672 4575 εἰσι

110 4619 312 4686 φλόγες,
371 4619 421 4672 οἱ
483 4617 850 4686 ἀντικείμενοι
900 4615 978 4686 τῷ
1033 4615 1224 4668 τούτου
1286 4615 1672 4684 προστάγματι

110 4708 239 4778 ὕδωρ
261 4709 326 4762 ἂν
355 4704 473 4760 εἷεν
497 4705 720 4768 τούτους
749 4722 763 4735 ·
796 4705 889 4757 καὶ
919 4704 1144 4778 οΔασιδ
1193 4705 1336 4774 ὓδωρ
1368 4705 1675 4757 ἀνυπόστα-

108 4817 190 4852 τον
217 4799 388 4861 καλεῖ,
420 4798 500 4862 ὥς
535 4812 702 4866 φησιν
740 4798 888 4864 Ἀρα
914 4796 1165 4865 διῆλθεν
1195 4797 1232 4863 ή
1282 4797 1453 4866 ψυχὴ
1509 4797 1678 4865 ἡμῶν

109 4891 169 4944 rd
202 4891 353 4959 ὕδωρ
385 4891 455 4944 τὸ
484 4889 934 4943 ἀνυπόστατον.
964 4889 1070 4942 Καὶ
1106 4889 1358 4957 ποταμοὶ
1398 4891 1469 4942 οὺ
1526 4905 1675 4958 συγ-

110 4983 462 5036 κλείσουσιν
493 4979 708 5045 αὐτήν.
744 4979 860 5032 Κᾶν
894 4979 1202 5051 ῥᾳδιουργοί
1233 4995 1376 5040 τινες
1410 4972 1508 5031 ὦσι
1533 4977 1687 5048 δηλο-

111 5075 234 5141 νότι,
260 5075 356 5130 καὶ
390 5074 636 5144 σφοδρῶς
668 5075 800 5143 ἡμῖν
833 5073 1227 5142 ἐπιτιθέμενοι,
1275 5073 1323 5125 οἱ
1387 5072 1486 5142 τῆς
1538 5072 1683 5143 ζωῆς

110 5168 256 5234 ἡμῶν
279 5167 576 5221 ἀντίπαλοι
603 5167 874 5236 δαίμονες.
911 5165 1094 5228 Οὕτως
1112 5165 1253 5220 ἑάλω
1273 5165 1372 5235 τῆς
1419 5163 1554 5234 πρὸς
1583 5163 1684 5235 τὴν

109 5260 374 5330 Παρθένον
415 5261 638 5332 ἀγάπης
683 5259 711 5313 ὁ
783 5262 1097 5331 Προφήτης,
1158 5261 1251 5314 καὶ
1295 5258 1466 5323 οὕτως
1514 5259 1680 5329 αὐτὴν

111 5354 348 5418 ἠγάσατο
373 5371 390 5384 ·
426 5352 724 5406 καὶταῦτα
787 5355 927 5424 μετὰ
977 5353 1242 5415 τοσαύτας
1283 5351 1430 5420 αὐτῷ
1487 5351 1679 5418 γενεὰς

110 5441 329 5513 ὕστερον
353 5444 816 5514 προσδοκωμένην
847 5443 1014 5514 αὐτὴν
1079 5442 1460 5512 τεχΟήσεσθλι.
1538 5442 1680 5496 Ἐὰν

109 5533 186 5598 δῷ
217 5535 374 5602 ἀνὴρ
401 5536 506 5588 τὸν
540 5535 735 5589 πάντα
787 5537 934 5600 βίον
976 5536 1160 5589 αὑτοῦ
1226 5535 1296 5587 ἐν
1348 5534 1421 5602 τῇ
1478 5533 1679 5604 ἀγάπῃ

109 5627 503 5690 ἐξουδενώσει
539 5631 1062 5693 ἐξουδενώσουσιν
1091 5630 1298 5683 αὐτόν.
1363 5627 1508 5682 Ἀντὶ
1560 5628 1678 5695 τοῦ,

179 5802 220 5831 ⁸⁵
241 5803 389 5856 Psal.
415 5819 526 5871 cui,
557 5805 622 5859 ’4.
703 5806 743 5835 ⁸⁷
767 5804 910 5860 Psal.
937 5818 1124 5870 cum,

1773 3230 1865 3285 sed
1899 3227 2218 3294 Seraphinis
2244 3231 2571 3284 sanctiorem
2595 3245 2716 3286 esse
2745 3230 3084 3300 pronuntiat,
3109 3229 3341 3284 etdieit:

1775 3319 1960 3377 Pinnte
1984 3341 2096 3393 qute
2115 3324 2278 3392 ipsius
2302 3325 2354 3376 in
2380 3323 2555 3377 orbem
2578 3333 2720 3388 sunt,
2744 3323 2920 3392 pinna:
2937 3323 3169 3392 ﬂamma:
3186 3324 3342 3394 ignis.

1772 3416 1848 3470 Ac
1878 3415 1924 3470 si
1956 3414 2188 3470 diceret:
2227 3415 2579 3479 Satellitium,
2635 3416 2782 3486 quod
2846 3431 2966 3471 eam
3029 3420 3340 3482 comitatur,

1771 3519 1826 3560 et
1847 3509 2063 3576 cultus;
2125 3509 2208 3563 ita:
2247 3523 2483 3578 namque
2520 3509 2693 3577 pinna:
2737 3518 2865 3564 sunt
2911 3509 3023 3578 ejus
3083 3509 3136 3562 in
3169 3509 3345 3562 orbem

1772 3601 2003 3669 ﬂamma:
2047 3602 2208 3670 ignis.
2250 3600 2482 3656 Perinde
2513 3617 2576 3656 ac
2609 3602 2837 3664 diceret,
2871 3600 3025 3656 Sedit
3055 3615 3218 3668 super
3249 3601 3348 3653 Se-

1777 3694 2009 3760 raphim,
2043 3703 2096 3747 et
2125 3709 2288 3762 super
2322 3694 2469 3764 ipsas
2520 3708 2808 3762 supremas
2837 3693 3252 3763 intelligentias,
3290 3693 3346 3746 in

1775 3786 1899 3840 sinu
1924 3786 2104 3841 ferens
2128 3787 2402 3855 Opilicem,
2444 3796 2498 3840 et
2522 3787 2860 3840 conditorem
2891 3785 3159 3839 universi.
3189 3785 3347 3854 Aqua

1776 3877 1943 3931 multa
1968 3894 2069 3930 non
2099 3880 2290 3944 poterit
2323 3879 2652 3947 exstinguere
2681 3878 3038 3932 dilectionem.
3062 3878 3344 3944 Tanquam

1774 3969 1968 4038 aequali
2032 3986 2158 4023 cum
2191 3969 2302 4023 Deo
2330 3969 2588 4025 Satellitio
2629 3971 2858 4040 stipata,
2895 3969 2963 4023 ab
2987 3968 3230 4036 ejusdem
3257 3970 3350 4022 ni-

1777 4063 1974 4116 mirum
2010 4061 2183 4130 ipsius
2217 4061 2610 4116 ministristti
2637 4079 2743 4116 non
2781 4073 2905 4117 sunt
2930 4063 3159 4116 ﬂammat
3184 4063 3348 4132 ignis,

1775 4153 2232 4222 quemadmodum
2300 4153 2468 4208 David
2499 4169 2718 4223 quoque
2747 4155 2916 4209 dicit:
2962 4155 3066 4233 Qui
3090 4155 3222 4221 facit
3248 4172 3350 4208 an-

1776 4244 1916 4314 gelos
1975 4260 2122 4308 suos,
2175 4246 2446 4319 spiritusa
2482 4245 2549 4299 Et
2599 4248 2870 4299 ministros
2894 4265 3040 4312 suos,
3073 4248 3351 4316 ﬂammam

1777 4337 1911 4408 ignis
1939 4336 2006 4391 ".
2035 4335 2187 4391 Hartc
2223 4338 2391 4407 igitur
2430 4338 2548 4406 ejus
2610 4339 2960 4395 dilectionem
3016 4357 3116 4396 non
3157 4344 3349 4409 poterit

1778 4430 2108 4500 exstinguere
2142 4447 2279 4500 aqua
2308 4431 2478 4486 multa
2501 4447 2522 4497 ;
2547 4431 2649 4488 hoc
2686 4443 2769 4486 est
2797 4434 3086 4487 contrariae
3111 4443 3350 4503 potesta-

1780 4532 1877 4580 tes.
1917 4522 1976 4578 Si
2009 4523 2155 4577 enim
2198 4522 2293 4576 Dei
2328 4523 2578 4578 ministri.
2610 4523 2842 4577 ﬂamma:
2889 4535 3014 4578 sunt
3063 4525 3347 4596 ignis,qui

1782 4613 1875 4668 Dei
1927 4614 2290 4670 adversantur
2346 4615 2596 4685 imperio,
2627 4632 2764 4685 aqua
2789 4615 2895 4670 dici
2931 4625 3178 4685 possunt,
3209 4634 3349 4687 quos

1783 4720 1914 4759 sane
1935 4706 2280 4760 adversarios
2308 4723 2504 4778 aquam
2537 4709 2935 4764 intolerabilem
2965 4709 3040 4763 Da
3055 4711 3139 4765 vid
3169 4723 3349 4773 vocat,

1787 4814 1910 4853 cum
1974 4799 2148 4854 dicit:
2219 4799 2478 4854 Forsitan
2539 4803 3121 4868 pertransissetanima
3171 4817 3356 4858 nostra

1785 4906 1979 4960 aquam
2043 4889 2428 4944 intolerabilem
2468 4891 2528 4945 ".
2563 4893 2627 4947 Et
2663 4893 2886 4960 ﬂumina
2905 4911 3007 4947 non
3042 4895 3355 4962 concludent

1784 4985 1974 5052 ipsam.
2027 4982 2176 5036 Licet
2210 4983 2506 5039 facinerosi
2542 4984 2730 5048 utique
2764 4995 2816 5038 et
2869 4994 3204 5042 veteratores
3235 4989 3358 5058 qui-

1786 5073 1908 5127 dam
1944 5073 2074 5132 sint.
2125 5084 2178 5126 et
2207 5073 2362 5128 valde
2391 5073 2551 5130 nobis
2585 5074 2940 5141 insidientur,
2988 5077 3222 5147 vitreque
3259 5096 3357 5132 no—

1786 5178 1910 5223 stra:
1972 5168 2333 5222 adversentur
2371 5168 2668 5224 daemones.
2727 5171 2877 5224 Adeo
2937 5170 3204 5238 Pr0plteta
3240 5181 3358 5226 erat

1784 5258 2028 5330 Virginis
2081 5275 2266 5314 amore
2301 5273 2515 5330 Captus,
2543 5261 2730 5329 sicque
2763 5265 2936 5331 ipsam
2969 5263 3353 5316 venerabatur.

1731 5339 1737 5346 ’
1785 5349 1951 5419 quue
1971 5364 2096 5403 cum
2132 5358 2254 5418 post
2297 5349 2612 5403 innumeras
2643 5349 2708 5403 ab
2745 5351 2858 5416 ipso
2886 5352 3096 5402 futuras
3134 5366 3358 5418 genera-

1786 5441 1990 5504 tiones,
2041 5442 2316 5496 nascitnra
2368 5450 2782 5511 ehpcctnrclur
2843 5437 3030 5509 Virg-0.
3063 5439 3121 5492 Si
3151 5440 3356 5494 dederit

1786 5534 2040 5587 virsuant
2072 5550 2273 5587 onmem
2311 5538 2470 5586 vitam
2502 5550 2595 5601 pro
2629 5531 2929 5598 dilectione,
2966 5529 3101 5583 nihil
3135 5532 3358 5598 pendent

1789 5627 1980 5691 illum;
2008 5628 2109 5683 hoc
2143 5637 2246 5692 est,
2283 5640 2408 5682 sunt
2435 5631 2570 5681 adeo
2592 5625 3004 5680 cacodwmoncs
3038 5622 3229 5686 invidi,
3258 5621 3358 5675 Ιιυ-
