3872 6584
228 450 353 522 1οη

1206 458 1604 553 COMMENT.
1653 459 1735 522 ΙΝ
1770 461 2097 525 CANTICA
2132 464 2439 529 CANTIC.

3328 466 3391 530 10
3414 467 3464 529 :2

224 574 359 629 ατοῦ.
394 571 544 643 Ἐγὼ
578 573 743 643 ἥμην
771 574 841 629 ἐν
862 574 1436 645 ὀφθαλμοῖς-ἀὺτοῦ,
1466 580 1786 646 εὑρίσκου-

1895 595 1981 635 rex
2036 578 2309 637 Christus.
2347 581 2458 653 Ego
2509 599 2654 636 eram
2699 584 2753 637 in
2782 582 2950 638 oculis
2989 582 3157 652 ipsius
3196 582 3463 639 inveniens

220 684 297 723 σα
343 667 623 735 ειρήνην·
655 670 776 737 ἦτοι
807 672 914 739 πρὸ
941 670 1237 739 ὀφθαλμῶν
1268 669 1432 723 αὑτοῦ
1467 671 1557 723 ἀεὶ
1598 673 1785 740 κειμέ-

218 779 300 830 νη,
328 762 417 813 καὶ
467 760 577 829 πρὸ
625 761 932 832 καταϐολῆς
964 762 1175 832 κόσμου
1211 763 1310 837 τὴν
1344 760 1438 815 τοῦ
1472 766 1783 832 μυστηρίου

219 854 350 925 πρὸς
382 854 484 922 ἐμὲ
520 855 695 924 ἄκραν
723 855 892 908 αὐτοῦ
920 855 1338 923 συγκατάδασιν
1360 855 1781 927 προορίσαντος.

219 944 605 1011 Εὑρίσκουσα
652 944 940 1014 εἰρήνην-ο
988 949 1149 1019 χάριν
1188 947 1391 1018 δηλαδὴ
1441 948 1532 1001 καὶ
1572 948 1786 1017 παρρη-

219 1034 332 1088 σίαν
367 1051 409 1087 π
417 1038 510 1105 ρδς
540 1036 726 1091 αὐτόν.

879 1128 1117 1203 usus.

290 1222 599 1292 Ἀμπελὼν
642 1211 932 1294 ἐγενήο(
975 1223 1056 1291 τῷ
1100 1225 1391 1295 Σολομὼν
1445 1226 1517 1281 ἐν
1566 1229 1785 1282 Βεελα-

208 1313 351 1382 μὼν·
387 1313 578 1367 ἔδωκε
604 1314 713 1368 τὸν
738 1313 1066 1384 ἀμπελῶνα
1101 1316 1290 1371 αὐτοῦ
1318 1317 1443 1383 τοῖς
1467 1319 1781 1386 τηροῦσιν.

224 1411 401 1478 Ἀνὴρ
435 1412 593 1465 οἴσει
633 1412 704 1465 ἐν
734 1411 944 1481 καρπῷ
974 1404 1159 1468 αὑτοῦ
1208 1414 1444 1482 χιλίους
1473 1414 1783 1484 ἀργυρίου.

211 1497 522 1566 Ἀμπελών
564 1517 685 1569 μου
730 1502 874 1571 ἐμὸς
899 1501 1167 1567 ,ἐνώπιόν
1204 1517 1361 1572 μουο
1390 1506 1448 1558 οι
1481 1506 1663 1572 χίλιοι
1704 1504 1783 1571 τῷ

213 1591 561 1660 Σολομῶνι,
621 1592 719 1646 καὶ
775 1596 829 1647 οἱ
867 1593 1166 1650 διακόσιοι
1205 1594 1332 1661 τοῖς
1369 1595 1627 1665 τηροῦσι
1677 1598 1784 1652 τὸν

211 1685 442 1753 καρπὸν
473 1685 684 1740 αὐτοῦ.

854 1783 1131 1837 ΣΧΟΛΙΑ.

271 1871 388 1940 Τῆς
424 1872 529 1942 μὲν
555 1870 695 1945 πρὸς
724 1873 824 1944 τὴν
856 1874 1134 1943 Παρθένον
1157 1878 1530 1949 προφητείας,
1558 1882 1652 1935 καὶ
1686 1882 1783 1952 τῆς

1885 688 2064 739 pacem
2097 688 2118 727 :
2147 688 2210 728 ac
2239 675 2284 730 si
2333 676 2581 729 diceret:
2618 676 2762 732 Ante
2819 676 2967 731 illius
3022 677 3212 732 oculos
3245 692 3467 748 semper

1886 765 2196 830 maneham,
2279 767 2372 837 qui
2433 778 2488 822 et
2553 780 2682 823 ante
2746 768 2934 823 mundi
3007 770 3463 825 constitutionem

1886 855 2133 922 mysterii
2194 856 2649 925 magnitudinem,
2700 859 2873 929 ipsius
2920 860 3206 925 nimirum,
3261 862 3317 915 in
3375 874 3463 916 me

1884 938 2198 998 decreverat
2227 946 2578 1003 descensum.
2627 947 2905 1003 Invenietis
2949 966 3130 1021 pacem
3165 966 3186 1016 ,°
3226 952 3456 1023 gratiam

1885 1034 2120 1104 scilicet,
2148 1048 2206 1093 et
2257 1037 2515 1095 ﬁduciam
2552 1043 2721 1096 ineo.

2563 1130 2768 1188 CANT.

1989 1217 2078 1281 Η,
2116 1218 2203 1273 12.
2248 1218 2409 1275 Vinea
2438 1222 2584 1291 facta
2613 1235 2692 1280 est
2729 1225 3005 1282 Salomoni
3028 1227 3082 1281 in
3132 1226 3461 1297 Beelamon;

1884 1306 2029 1362 dedit
2066 1311 2274 1366 vineam
2304 1329 2457 1368 suam
2485 1316 2811 1375 custodibus.
2848 1319 2942 1373 Vir
2972 1323 3132 1376 coiret
3161 1325 3217 1376 in
3279 1325 3463 1391 [ructu

1883 1401 1998 1470 ejus
2050 1403 2195 1459 mille
2250 1416 2544 1477 argenteas.
2598 1410 2759 1466 Vinea
2792 1428 2907 1467 mea
2937 1414 3072 1467 mihi
3095 1416 3150 1468 in
3183 1426 3461 1486 conspectu

1886 1508 2000 1547 mea
2029 1510 2050 1549 :
2094 1495 2239 1552 mille
2272 1498 2572 1567 Salomoni,
2603 1512 2652 1557 et
2681 1505 2891 1559 ducenti
2917 1507 3223 1561 custodibus
3252 1506 3462 1577 [ructus

1885 1600 2041 1654 elusa

2504 1775 2824 1836 SCHOLIA.

1956 1863 2092 1921 Cum
2129 1866 2199 1922 de
2225 1867 2507 1937 prophetia
2536 1872 2754 1942 quidem
2794 1872 3048 1964 Virginis,
3100 1875 3278 1948 deque
3336 1879 3460 1935 Sal-

208 1965 295 2018 τοῦ
335 1966 593 2037 Σωτῆρος
652 1966 709 2032 ἐξ
771 1967 948 2036 αὐτῆς
997 1970 1488 2043 ὲνανθρωπήσεως,
1542 1975 1640 2029 καὶ
1682 1976 1776 2030 τοῦ

1895 1966 2071 2014 vatore
2099 1975 2167 2015 ex
2193 1961 2683 2031 ipsaincarnando,
2723 1961 2862 2021 etde
2887 1968 3143 2037 passione
3170 1984 3234 2025 ac
3270 1986 3461 2027 resuro

210 2057 411 2121 πάθεος
435 2096 453 2120 ,
485 2059 583 2112 καὶ
616 2059 715 2127 τῆς
747 2060 1120 2125 ἀναστάσεως,
1157 2063 1357 2128 ἱκανῶς
1402 2065 1538 2135 πρὸς
1567 2068 1782 2122 ἀπόδει-

211 2150 304 2214 ξιν,
364 2151 455 2203 διὰ
515 2152 729 2204 πολλῶν
762 2153 873 2205 τῶν
914 2153 1069 2223 ᾠδῶν
1122 2154 1183 2207 ὲν
1232 2155 1448 2220 πολλοῖς
1486 2158 1576 2211 τὸν
1623 2159 1783 2228 λόγον

208 2245 539 2312 ἑνεστήσατο
562 2260 575 2274 ·
613 2245 710 2297 νῦν
755 2244 813 2297 δὲ
858 2245 934 2308 ὡς
982 2247 1039 2298 ὲν
1088 2246 1329 2318 ἐπιλόγῳ
1361 2251 1622 2320 περὶτῆς
1656 2253 1784 2315 νέας

219 2338 550 2409 Ἐκκλησῐας
602 2338 705 2408 τὴν
755 2341 1102 2410 προφητείαν
1164 2347 1422 2407 ποιεῖται,
1462 2344 1651 2415 ὥσπερ
1688 2347 1784 2399 καὶ

206 2428 261 2480 ὲν
291 2431 365 2498 τῇ
396 2430 543 2499 ἀρχῇ
579 2432 708 2499 περὶ
753 2430 961 2502 ταύτην
993 2436 1437 2504 μεμνημὸνευκε,
1465 2436 1561 2489 καί
1591 2454 1780 2506 φησιν’

217 2522 524 2591 Ἀμπελὼν
566 2524 827 2594 ἐγενήθη
867 2526 975 2580 τοῦ
1005 2526 1298 2596 Σολομὼν
1330 2531 1401 2583 ἐν
1444 2532 1782 2600 Βεελαμών.

216 2617 362 2671 ’Δντὶ
418 2616 537 2682 τοῦ,
574 2618 637 2671 Ἦ
674 2619 769 2672 νέα
814 2620 1110 2691 Ἐκκλησία
1138 2622 1215 2694 τῷ
1247 2622 1510 2694 εἰρηνικῷ
1536 2624 1782 2696 Χριστῷ.

206 2710 336 2780 περὶ
369 2710 580 2779 ταύτης
612 2711 704 2764 καὶ
749 2711 983 2776 Ἡσαΐας
1017 2714 1205 2783 φησίν·
1248 2713 1557 2785 Ἀμπελὼν
1584 2718 1783 2788 ἐγενή·

204 2807 272 2871 θη
300 2802 388 2869 τῷ
412 2804 800 2873 ἠγαπημένῳ.
834 2806 1063 2861 Ἔδωκε
1092 2807 1202 2861 τὸν
1236 2808 1564 2877 ἀμπελῶνα
1595 2812 1785 2867 αὐτοῦ

207 2894 328 2963 τοῖς
374 2896 672 2966 τηροῦσιν
697 2913 711 2927 °
746 2899 892 2969 ἦτοι,
936 2899 1074 2969 μετᾶ
1102 2899 1164 2952 τὺ
1194 2901 1659 2971 περιποιήσασθαι
1686 2903 1785 2956 αὐ-

204 2987 292 3042 τὸν
331 2988 416 3059 τῷ
450 2990 638 3059 οἰκείῳ
671 2989 888 3060 αἵματι.
935 2990 1162 3046 Ἔδωκε
1199 2992 1324 3068 τοῖς
1360 2994 1631 3062 τηροῦσι.
1666 2996 1781 3049 Μα-

204 3082 423 3153 θηταϊς,
457 3085 570 3148 τοῖς
601 3083 864 3154 μάρτυσι,
902 3087 1017 3144 τοϊς
1059 3084 1427 3152 διδασκάλοις.
1470 3087 1638 3142 Αὐτοὶ
1676 3088 1783 3158 γὰρ

206 3177 270 3231 ἂν
312 3171 436 3230 εἶεν
487 3179 536 3229 οἱ
587 3177 953 3245 φυλάσσοντες
993 3177 1092 3249 τὴν
1144 3179 1239 3232 τοῦ
1286 3179 1528 3250 Χριστοῦ
1561 3180 1786 3254 Ἐκκλη-

208 3270 357 3335 σιαν,
408 3270 461 3322 oi
490 3270 600 3323 τῶν
632 3268 728 3323 τοῦ
762 3264 1427 3340 Εὖαγγελξουδογμάτων
1464 3272 1784 3344 ἀκραιφνεῖς
1814 3301 1857 3361 c
2064 3257 2208 3313 ηιίίίθ
2253 3271 2524 3361 argenteos

203 3363 475 3432 φύλακες.
515 3364 689 3433 Ἀνὴρ
726 3364 884 3433 οἴσει
934 3363 1006 3417 ἐν
1060 3363 1265 3433 καρπῷ
1308 3365 1495 3420 αὑτοῦ
1550 3367 1789 3435 χιλίους

202 3459 527 3526 ἀργυρίου.
582 3458 738 3511 οὕτω
791 3457 903 3528 γὰρ
948 3459 1017 3520 ,τὸ
1076 3459 1345 3530 κήρυγμα
1402 3458 1791 3514 πεπολλαπλα-

204 3551 453 3617 σιασται,
495 3551 572 3615 ὡς
626 3550 689 3604 οὐ
752 3552 916 3622 μόνον
970 3554 1050 3615 εἰς
1099 3552 1386 3623 ἐξήκοντα,
1447 3553 1543 3606 καλ⁷
1570 3553 1787 3618 ἑκατὸν,

202 3644 344 3699 ἀλλὰ
404 3646 504 3698 καὶ
550 3646 631 3707 εἰς
678 3644 886 3716 χιλίους
940 3644 1190 3717 προεὰν,
1220 3645 1332 3698 τῶν
1384 3646 1789 3714 διαυγεστάτων

202 3739 363 3805 διδαγ
373 3737 563 3806 μάτων
590 3739 726 3807 ὁμοῦ
774 3738 867 3791 καὶ
891 3737 1180 3806 δογμάτων
1205 3738 1371 3792 πᾶσιν
1394 3738 1652 3808 ἀφορμὰς
1683 3754 1789 3791 πα-

206 3832 439 3901 ρασχόν.
490 3829 805 3899 Ἀμπελὼν
862 3847 983 3900 μου
1040 3828 1182 3901 ἐμὸς
1222 3829 1483 3885 ἐνώπιόν
1521 3848 1643 3899 μου
1668 3849 1681 3863 ·
1714 3831 1788 3895 ὡς

204 3925 269 3977 ἂν
324 3925 380 3976 ει
428 3922 637 3990 ελεγενο
686 3926 749 3977 Ol
783 3923 1080 3993 ὀφθαλμοί
1135 3940 1256 3993 μου
1333 3921 1437 3977 ἐπὶ
1490 3922 1787 3989 δικαίους,

203 4017 300 4069 και
343 4016 419 4069 τὰ
446 4009 569 4070 ὧτὰ
608 4032 729 4085 μου
784 4016 871 4080 εὶς
926 4013 1141 4083 δέησιν
1164 4011 1384 4069 αὐτῶν.
1439 4013 1527 4077 Ὠς
1556 4014 1665 4069 ἀπὸ
1694 4014 1787 4069 τοῦ

205 4110 466 4179 Σωτῆρος
511 4108 621 4179 γὰρ
652 4106 915 4177 Χριστοῦ,
951 4106 1089 4179 πρὸς
1132 4108 1234 4176 τὴν
1274 4106 1601 4176 Ἐκκλησίαν
1639 4106 1791 4176 εῑρη-

202 4222 314 4267 ται.
366 4205 627 4273 ἄντικρυς
680 4202 1000 4270 φάσκοντος·
1062 4199 1212 4269 Ἐγὼ
1267 4200 1385 4268 εἰμὶ
1439 4201 1569 4270 μεθ’
1618 4199 1788 4270 ἡμῶν

205 4301 415 4364 πάσας
473 4296 582 4362 τὰς
636 4297 895 4365 ἡμέρας,
945 4294 1059 4361 ἕως
1106 4296 1219 4361 τῆς
1270 4294 1628 4360 συντελείας
1678 4293 1786 4349 τοῦ

205 4391 448 4457 αἰῶνος.
490 4389 560 4444 οι
595 4389 777 4460 χίλιοι
810 4387 888 4453 τῷ
915 4386 1225 4455 Σαλομὼν,
1251 4386 1350 4440 καὶ
1390 4388 1443 4441 οὶ
1487 4384 1787 4440 διακόσιοι

206 4485 331 4551 τοῖς
359 4482 618 4552 τηροῦσι
660 4482 770 4536 τὸν
797 4481 1035 4551 καρπὸν
1060 4480 1268 4534 αὐτοῦ.
1304 4480 1379 4533 Οὐ
1426 4480 1535 4550 γὰρ
1569 4479 1784 4533 ἀδάπα-

204 4594 298 4631 νον
345 4578 408 4630 τὸ
451 4575 831 4643 Εὐαγγέλιον,
863 4572 976 4628 οὐδ’
1012 4572 1267 4644 ἄμισθον,
1318 4573 1459 4627 ἀλλὰ
1512 4572 1787 4625 πεπολλα-

1886 2053 2149 2121 rectione,
2185 2062 2246 2108 ut
2281 2069 2343 2110 ea
2378 2055 2786 2112 demonstraret
2819 2060 3055 2126 abunde,
3109 2061 3296 2117 multis
3326 2077 3462 2117 carro

1886 2144 2151 2213 tionibus,
2186 2162 2283 2219 per
2309 2149 2476 2205 multa
2507 2159 2831 2222 argumenta
2851 2168 3160 2210 sermonem
3191 2155 3461 2210 instituis-

1883 2245 1986 2303 set,
2025 2254 2177 2294 nunc
2207 2255 2343 2296 sane
2373 2242 2521 2296 velut
2550 2244 2605 2297 in
2636 2243 2866 2315 epilogo,
2900 2245 2968 2301 de
3017 2261 3158 2301 nova
3215 2246 3460 2305 Ecclesia
3544 2240 3552 2251 ’

1884 2333 2225 2401 prophetiam
2256 2334 2434 2402 aiiert,
2483 2328 2675 2392 eodem
2732 2339 2891 2409 plane
2940 2340 3127 2408 modo,
3176 2356 3286 2412 quo
3306 2349 3359 2396 et
3406 2346 3460 2397 in

1884 2425 2158 2494 principio
2201 2427 2268 2483 de
2327 2443 2393 2484 ea
2452 2441 2877 2487 memoraverat.
2939 2430 3236 2503 Dicitque:
3298 2434 3463 2491 Vinea

1885 2514 2031 2585 facta
2047 2527 2123 2571 est
2153 2518 2455 2587 Salomoni,
2484 2524 2540 2575 in
2563 2522 2849 2579 Beelamon
2878 2541 2898 2590 ;
2932 2527 3187 2583 videlicet
3216 2527 3464 2586 Ecclesia

1890 2622 2039 2663 nova
2071 2611 2301 2680 paciﬁco
2330 2612 2574 2682 Chrism,
2616 2616 2684 2672 de
2709 2617 2999 2687 qualsaias
3029 2637 3249 2694 quoque
3300 2624 3465 2680 dicit:

1897 2701 2060 2759 Vinea
2094 2706 2239 2775 facta
2267 2718 2343 2763 est
2368 2709 2558 2766 dilecto
2578 2712 2642 2767 ¹⁹.
2671 2713 2825 2767 Dedit
2862 2716 3068 2770 vineam
3095 2734 3247 2772 suam
3287 2730 3467 2774 custo~

1885 2796 2081 2885 dibus,-
2107 2798 2383 2866 videlicet.
2412 2814 2705 2874 postquam
2733 2822 2853 2862 eam
2876 2808 2979 2866 sibi
3009 2826 3107 2867 suo
3125 2815 3468 2883 compararit

1886 2892 2190 2961 sanguine;
2265 2893 2410 2949 dedit
2462 2897 2785 2966 custodibus,
2843 2901 3128 2972 discipulis
3181 2906 3469 2971 nimirum,

1885 2983 2218 3053 martyribus
2245 2994 2302 3041 et
2349 2986 2688 3050 doctoribus.
2733 2990 2829 3048 Isti
2867 2994 3012 3049 enim
3071 2996 3180 3052 dici
3236 3012 3470 3077 possunt

1886 3073 2142 3129 custodes
2171 3074 2428 3133 Ecclesiae
2449 3078 2680 3147 Christi,
2715 3083 2810 3153 qui
2859 3094 2989 3140 sunt
3018 3073 3466 3157 evangelicorunt

1886 3162 2200 3235 dogniatum
2230 3170 2491 3226 custodes
2524 3173 2849 3247 incorrupti.
2884 3174 2981 3231 Vir
3001 3179 3164 3235 soluet
3184 3182 3238 3235 in
3286 3182 3466 3251 [ructu

2580 3280 2595 3330 ;
2648 3266 2784 3322 adeo
2838 3282 3075 3340 namque
3135 3275 3465 3341 praeconium

1890 3349 2065 3419 ipsius
2098 3356 2361 3421 excrevit,
2393 3370 2454 3411 ut
2477 3371 2583 3412 non
2606 3358 3185 3429 modosexagesimutn
3212 3374 3309 3420 aut
3339 3383 3468 3422 cett-

1893 3443 2172 3511 tesimum,
2199 3446 2296 3503 sed
2313 3448 2477 3503 etiam
2506 3449 2859 3508 millesimum
2890 3452 3131 3510 fructum
3156 3461 3469 3530 percipien-

1890 3535 1968 3602 di,
1990 3538 2375 3607 prazclararum
2394 3541 2774 3599 doctrinarum
2798 3546 3024 3616 pariter,
3040 3563 3104 3603 ac
3123 3549 3464 3621 dogmatum.

1889 3635 2147 3693 omnibus
2184 3638 2477 3708 praebuerit
2541 3642 2883 3699 occasiones.
2955 3642 3118 3700 Vinea
3169 3663 3287 3702 mea
3334 3652 3466 3705 milii

1889 3729 1944 3781 in
1973 3737 2253 3797 conspectu
2285 3746 2441 3799 meo;
2494 3746 2558 3786 ac
2580 3733 2626 3786 si
2684 3734 2890 3791 diceret
2917 3752 2937 3791 :
2960 3736 3115 3793 Oculi
3164 3741 3262 3794 mei
3314 3759 3471 3813 super

1881 3820 2081 3889 ju‘stos,
2134 3831 2184 3876 et
2214 3838 2370 3877 aures
2396 3840 2524 3879 mea:
2557 3825 2627 3879 ad
2658 3842 2834 3895 preces
2866 3846 3044 3885 eorum
3060 3831 3128 3886 '°.
3158 3831 3275 3889 Non
3310 3849 3472 3893 secus

1890 3913 2036 3968 enim
2067 3929 2131 3970 ac
2169 3929 2200 3969 a
2228 3914 2513 3973 Salvatore
2537 3917 2756 3974 Christo
2783 3922 2849 3974 ad
2869 3919 3170 3979 Ecclesiam
3187 3908 3464 3996 prolatum

1889 4015 1993 4070 est,
2023 4009 2313 4079 perspicue
2341 4011 2557 4067 dicente
2585 4029 2600 4066 :
2636 4011 2748 4083 Ego
2772 4015 3037 4070 uobiscum
3062 4033 3195 4095 .sum
3220 4021 3464 4077 omnibus

1890 4101 2070 4156 diebus
2086 4118 2248 4173 usque
2269 4103 2339 4156 ad
2350 4109 2855 4161 consummationem
2872 4110 3053 4164 saeculi
3064 4094 3132 4143 δίο
3150 4110 3302 4168 Mille
3314 4111 3470 4169 Salo-

1890 4193 2054 4256 moni,
2078 4203 2127 4247 et
2157 4194 2371 4249 ducenti
2402 4197 2706 4251 custodibus
2742 4197 2948 4267 fructus
2971 4201 3108 4269 ejus.
3143 4202 3261 4260 Non
3316 4207 3464 4261 enim

1890 4284 2097 4342 fenoris
2144 4301 2339 4358 expers
2404 4289 2755 4359 Evangelium
2811 4302 2922 4360 est,
2975 4310 3154 4366 neque
3210 4300 3465 4354 mercede

1889 4388 2060 4447 caret,
2091 4380 2184 4437 sed
2213 4380 2446 4437 multum
2471 4384 2674 4453 ubique
2702 4392 2973 4441 terrarum
3009 4390 3257 4445 excrevit
3280 4389 3461 4446 Evan-

1888 4473 2090 4543 gelium
2121 4475 2225 4530 sub
2263 4473 2527 4543 apostolis
2573 4475 2665 4530 Dei
2705 4478 3045 4547 praeconibus
3076 4496 3092 4547 ;
3138 4491 3467 4551 receperunt

1889 4573 2072 4621 autem
2106 4564 2304 4635 singuli
2331 4580 2520 4621 eorum
2557 4568 2871 4640 centuplum
2903 4585 3005 4640 pro
3028 4572 3281 4629 mercede
3308 4574 3467 4630 labo-

208 4672 519 4724 πλασῑαστο
555 4670 655 4739 μὲν
688 4669 747 4722 τὸ
776 4668 1113 4737 Εὑαγγέλιον
1139 4668 1219 4731 εἰς
1263 4652 1448 4720 πᾶσαν
1479 4664 1579 4735 τὴν
1602 4665 1782 4719 οἰκου-
1812 4648 1863 4709 Ῑ)
1890 4677 2007 4716 rum
2034 4677 2280 4717 suorum.

221 4763 395 4835 μένην
435 4762 543 4817 ὐπὺ
597 4761 705 4813 τῶν
760 4760 1117 4832 θεοκηρύκων
1156 4758 1501 4814 ἀποστόλων.
1539 4757 1743 4813 Ἔλαὸε
1778 4754 1825 4810 δ’
1857 4756 2089 4820 ἕκαστος
2148 4756 2330 4809 αὐτῶν
2400 4758 2971 4822 ἑκατονταπλασίονας
3009 4760 3134 4823 τοὺς
3204 4759 3429 4829 μισθοὺς
3454 4800 3470 4825 ,

210 4859 356 4931 ὑπὲρ
384 4854 461 4915 ὧν
494 4858 822 4912 κεκοπίακε.

891 4944 1123 5019 ᾍΣΜΑ.

293 5043 357 5098 '0
387 5043 725 5112 καθήμενος
747 5042 815 5096 ἐν
840 5041 1078 5111 κήποις,
1099 5040 1317 5108 ἑταῖροι
1343 5039 1785 5109 προσσχόντες,

214 5139 325 5208 τῆς
350 5138 557 5209 φωνῆς
596 5152 714 5190 σου
740 5135 1065 5191 ἀκούτισόν
1093 5150 1189 5203 με.

864 5232 1139 5285 ΣΧΟΛΙΑ.

298 5327 634 5389 ’Δσυνδὲτως
681 5325 855 5378 ταῦτα
916 5325 1163 5394 ἐκφέρει,
1223 5322 1313 5376 διὰ
1365 5322 1425 5374 τδ
1490 5321 1681 5382 εἰωθὸς
1731 5322 1791 5373 ὲν

212 5418 335 5480 ταῖς
372 5418 584 5486 εὐχαῖς,
637 5417 735 5468 καὶ
794 5415 1028 5485 μάλιστα
1086 5416 1212 5468 ὅταν
1265 5411 1504 5482 γνησίως
1564 5410 1790 5473 ταύταις

213 5496 617 5575 προσκείμεοα.
671 5503 827 5557 Οῦτω
873 5507 980 5575 γάρ
1033 5521 1233 5575 φαμεν,
1280 5503 1382 5556 Θεέ
1431 5521 1558 5572 μου,
1599 5503 1792 5571 Σωτήρ

219 5614 348 5665 μου,
377 5599 633 5660 θεοτόκε,
690 5598 1087 5661 παντάνασσα,
1134 5596 1282 5664 ἅγιοι
1352 5597 1579 5659 πάντες,
1632 5595 1795 5654 ὅσιοι,

215 5692 315 5740 καὶ
342 5689 571 5742 δίκαιοι.
609 5688 871 5749 Εὖκτικός
910 5688 1058 5739 ἐστιν
1110 5689 1137 5740 ὁ
1183 5686 1363 5754 λόγος,
1388 5686 1482 5738 καὶ
1514 5672 1797 5743 οἱονείτις

211 5781 534 5844 ἀπόπαυσις
567 5780 675 5833 τῶν
712 5779 885 5849 ᾠδῶνο
919 5780 1041 5832 ἀντὶ
1083 5778 1199 5842 τοῦ,
1228 5778 1340 5831 εἴθε
1380 5778 1687 5842 ἁκουτὶζοις
1727 5796 1796 5843 με

2594 4944 2799 5004 CANT.
3004 5010 3013 5017 _

2006 5036 2093 5091 15.
2181 5037 2285 5102 Qui
2319 5033 2527 5091 habitas
2549 5040 2603 5091 in
2674 5040 2862 5103 hortis,
2926 5041 3086 5096 amici
3140 5040 3467 5097 intendentes

1895 5138 2017 5184 sunt
2052 5146 2071 5195 ;
2108 5144 2284 5183 vocem
2323 5137 2472 5183 tuam
2512 5130 2600 5199 [ac
2636 5147 2714 5185 me
2749 5133 2958 5188 audire.

2536 5222 2850 5284 SCHOLIA.

1894 5352 1895 5355 η
1972 5316 2102 5373 Sine
2134 5317 2523 5389 conjunctione
2559 5319 2676 5374 hazc
2706 5319 2821 5388 ipsa
2851 5317 3079 5389 profert,
3106 5328 3298 5375 nostro
3331 5335 3465 5389 sup-

1899 5408 2217 5478 plicantium
2280 5424 2453 5475 more,
2499 5418 2555 5466 et
2602 5410 2838 5464 maxime
2895 5410 3118 5480 quando
3171 5425 3237 5465 ex
3283 5412 3470 5465 animo

1894 5501 2382 5571 supplicationibus
2452 5503 2761 5558 innitimur.
2819 5501 2911 5557 Sic
2963 5504 3108 5556 enim
3158 5502 3397 5559 dicimus
3454 5521 3467 5556 :

1897 5593 2038 5650 Deus
2071 5610 2246 5662 meus,
2268 5595 2521 5652 Salvator
2553 5596 2961 5665 meus,Deipara
2984 5595 3169 5666 regina
3194 5595 3469 5658 omnium,

1895 5687 2068 5743 sancti
2092 5702 2306 5753 omnes,
2337 5689 2677 5752 innocentes,
2703 5699 2758 5744 et
2780 5690 2934 5759 justi.
2961 5689 3157 5745 Sermo
3174 5700 3259 5744 est
3280 5702 3473 5759 aptan-

1897 5775 1987 5840 tis,
2019 5792 2083 5831 ac
2104 5777 2402 5847 precantis,
2421 5790 2476 5835 et
2492 5779 2649 5850 quasi
2675 5780 2835 5836 linem
2858 5780 3099 5836 Canticis
3116 5781 3473 5852 itnponcntis,

295 5957 334 5991 "
380 5958 487 6014 isa.
525 5974 580 6027 ν,
640 5957 687 6011 l.
766 5958 812 5990 ιο
859 5957 1002 6013 Psal.
1032 5914 1323 6024 xsxut,l6.
1404 5958 1444 5989 “
1490 5957 1679 6016 Matth.
1732 5973 1922 6026 um,
1959 5958 2051 6014 20.
