3866 6566
223 402 339 467 1093

1244 400 1632 463 SYNODIC/E
1674 393 2353 470 CONSTITUTIONESQ

3267 410 3403 478 1094

216 511 400 578 Βιζύης,
457 504 542 558 τοῦ
575 502 728 568 Κίου,
772 503 865 558 τοῦ
899 505 1171 579 Γαρέλλης
1225 515 1317 566 καὶ
1347 514 1440 566 τοῦ
1476 514 1728 584 Βρὺσεως
1757 524 1802 578 Λ
1835 538 1955 589 ραις
1988 525 2109 585 ταῖς
2140 526 2330 593 μοναῖς
2357 523 2416 576 16
2441 522 2541 594 τῆς
2576 524 2798 596 εἰρήνης
2827 525 2948 580 ὅσον
2979 525 3143 580 καλὸν
3165 525 3256 581 καὶ
3275 527 3401 580 ὅσον

213 606 377 670 διέγνω
428 598 517 651 καὶ
572 596 916 666 ἀπεφήνατο·
970 601 1154 672 ἐπειδὴ
1211 603 1390 672 χρόνοι
1449 605 1726 675 παρῆλθον

211 694 417 747 πλεῖστοι
447 687 623 747 112111;
651 686 712 738 τὸ
740 688 1148 760 ἀμνημόνευτον
1176 693 1362 763 σχεδὸν
1387 695 1634 764 ήκοντες,
1669 695 1727 762 ἐξ

208 785 257 838 οὗ
282 785 361 836 τὴν
386 781 544 848 ἀγρόν
565 779 612 830 οί
641 779 697 830 ἐν
735 782 800 849 τῇ
836 779 928 834 τοῦ
959 780 1328 852 Ἐσφιγμένου
1375 789 1508 856 μονῇ
1543 789 1727 840 κατεῖ.

205 879 283 946 χόν
311 892 362 926 τε
401 872 486 924 καὶ
529 871 779 940 ἐνέμοντο
805 913 817 935 ,
873 877 966 926 καὶ
1008 875 1314 946 παλαιγενῆ
1375 878 1724 948 δικαιώματα

203 968 486 1036 ἐνεφάνισαν
514 965 601 1015 καὶ
635 964 806 1017 σεπτά
857 967 1107 1034 βασιλικά
1145 969 1564 1040 προστάγματα,
1613 975 1726 1037 τοῖς

201 1059 530 1128 δικαιώμασιν
561 1057 616 1120 ἐς
653 1055 884 1128 ὕστερον
921 1062 1001 1123 εἰς
1037 1061 1311 1133 ἐδρασμὸν
1357 1064 1727 1135 ἐπακολουθή-

200 1171 359 1215 σαντα,
393 1149 707 1220 βεϐαιοῦντα
739 1153 802 1220 τῇ
849 1154 982 1222 μονῇ
1013 1149 1074 1206 τό
1095 1172 1152 1206 τε
1180 1155 1272 1207 ἐπὶ
1302 1155 1378 1224 τῷ
1411 1157 1567 1227 ἀγρῷ
1591 1174 1726 1210 παν-

195 1228 402 1299 τάπασιν
431 1241 803 1310 ἀνενόχλητον,
829 1243 909 1297 ἔτι
942 1244 995 1297 δὲ
1029 1248 1122 1297 καὶ
1151 1245 1248 1317 τὴν
1279 1247 1476 1318 χρῆσιν
1504 1250 1602 1318 τῆς
1628 1251 1723 1318 ἀρ-

194 1338 318 1397 δείας
345 1333 429 1386 τοῦ
455 1334 632 1386 ἐκεῖσε
661 1332 852 1398 ὕδατος
883 1336 1020 1408 αὐτῇ
1075 1337 1417 1406 ἀπονέμοντα
1453 1341 1592 1394 κατά
1625 1340 1723 1412 τὴν

194 1427 275 1496 ήδη
305 1424 572 1494 προϐᾶσαν
606 1424 730 1494 περὶ
760 1427 953 1479 τούτου
981 1427 1161 1495 κρίσιν
1185 1430 1447 1500 πρότερον
1469 1431 1721 1502 τοπικήν,

192 1520 263 1572 διὰ
296 1517 457 1569 ταῦτα
482 1514 688 1568 δίκαιον
719 1516 857 1571 εἶναι
899 1523 1150 1590 κατέχειν
1191 1521 1282 1573 καί
1320 1522 1580 1588 νέμεσθαι
1629 1526 1724 1577 καὶ

192 1610 328 1672 εἰςτδ
359 1608 482 1676 ἐξῆς
517 1608 646 1671 τοὺς
673 1611 733 1662 ἐν
761 1613 823 1680 τῇ
859 1611 1088 1683 ῥηθείσῃ
1131 1615 1269 1682 μονῇ
1297 1613 1390 1666 τοῦ
1421 1612 1723 1684 Ἐσφιγμέ-

189 1719 264 1754 νου
285 1701 370 1769 τᾶν
398 1699 637 1751 τοιοῦτον
659 1701 851 1770 ἀγρὸν,
880 1701 975 1754 καὶ
1023 1702 1099 1772 μὴ
1138 1704 1416 1769 εὑρίσκειν
1447 1707 1598 1774 παρά
1627 1703 1722 1758 τοῦ

191 1793 365 1863 μέρους
385 1790 477 1860 τῆς
493 1789 830 1864 δηλωθείσης
861 1793 1026 1862 μονῆς
1053 1792 1145 1846 τοῦ
1177 1794 1503 1850 Βατοπεδίου
1529 1796 1722 1850 τούτου

1830 607 1897 665 αὖ
1930 613 2098 668 κακὸν
2155 615 2216 667 16
2246 616 2363 681 -τῆς
2403 619 2650 686 ταραχῆς
2707 634 2765 670 τε
2815 619 2908 670 καὶ
2949 618 3281 681 διαστάσεως
3307 619 3402 672 καὶ
3471 639 3476 677 ξ

1830 705 1999 757 πᾶσιν
2037 699 2119 768 οἷς
2143 706 2289 770 είκδς
2316 706 2445 776 περὶ
2475 707 2684 761 τούτων
2717 710 2854 779 πρὸς
2889 703 3087 773 αὖτοὺς
3117 708 3402 780 χρησάμε-
3473 701 3478 735 Γ

1829 811 1909 847 νοι
1939 795 2142 862 λόγοις,
2168 798 2347 850 πᾶσαν
2377 798 2700 868 ἐπιμέλειαν
2745 801 3065 870 ποιήσαιντο
3101 805 3207 854 ’καὶ
3235 817 3402 854 σπου-

1827 884 1942 954 δὴν,
1983 885 2122 938 ὥστε
2144 886 2225 938 ἐνί
2254 902 2317 952 γε
2352 885 2430 955 τῷ
2461 888 2647 957 τρόπῳ
2681 889 2761 952 εἰς
2812 889 3161 956 καταλλαγάς
3202 891 3401 953 αὐτοὺς

1827 974 2127 1044 ἐμϐιϐάσαι
2162 977 2253 1030 καί.
2275 977 2373 1046 τήν
2401 978 2480 1040 εἰς
2511 978 2572 1031 16
2598 979 2727 1050 ἑξῆς
2753 978 3087 1050 μνηστεῦσαι
3113 980 3399 1051 εἰρηνικὴν
3442 1016 3448 1022 η

1825 1069 1920 1122 ἐπὶ
1947 1067 2022 1138 τῷ
2054 1070 2341 1140 πράγματι
2365 1073 2700 1127 κατάστασιν
2736 1075 2830 1129 καὶ
2857 1077 3041 1130 πεῖσαι
3071 1078 3194 1139 τοὺς
3222 1077 3396 1129 τοιού-

1825 1179 1970 1228 τους,
2000 1163 2048 1215 εἰ
2105 1162 2349 1228 δυνατὸν,
2399 1165 2432 1235 ἢ
2489 1167 2688 1234 πράσει
2742 1167 3120 1238 ήάνταλλαγῇ
3161 1171 3224 1238 τῇ
3259 1185 3392 1239 πρε-

1825 1254 2003 1325 πούσῃ
2029 1256 2121 1308 καὶ
2226 1256 2291 1310 ἂν
2323 1257 2372 1310 οἱ
2399 1257 2493 1310 τοῦ
2539 1257 2901 1326 Ἐσφιγμένου
2927 1249 3269 1329 ἀρέσκοιντο,
3297 1259 3398 1330 τὴν

1825 1345 1918 1396 ἐπὶ
1951 1344 2028 1413 τῷ
2079 1347 2233 1416 ἀγρῷ
2286 1347 2532 1401 διάλυσιν
2566 1350 2904 1418 ποιήσασθαι
2960 1351 3068 1403 τῶν
3095 1340 3396 1421 ὀχλήσεων,

1826 1435 2280 1504 καταδεξαμένων
2334 1438 2579 1508 δηλονότι
2643 1439 2752 1492 τῶν
2803 1440 2896 1494 τοῦ
2950 1440 3310 1511 Ἐσφιγμένου
3360 1441 3395 1513 ἢ

1827 1525 2073 1595 πωλῆσαι
2103 1528 2134 1599 ἢ
2165 1529 2490 1595 ἀνταλλάξαι
2524 1532 2657 1601 πρὸς
2693 1532 2818 1593 τοὺς
2867 1533 3276 1604 Βατοπεδηνοὺς
3306 1532 3397 1586 τὸν

1825 1615 2064 1670 τοιοῦτον
2097 1617 2290 1687 ἀγρὸν,
2325 1622 2517 1692 ἐπειδὴ
2551 1625 2643 1678 καί⁸
2673 1625 2722 1677 οῐ
2756 1625 3145 1691 Βατοπεδηνοί,
3182 1624 3230 1676 εἰ
3267 1623 3398 1693 βούο

1825 1707 2001 1760 λοιντο
2028 1708 2122 1762 τοῦ
2156 1710 2494 1783 ζητουμένου
2551 1716 2852 1785 ἐπιτυχεῖν,
2912 1716 3068 1787 ἰκανῇ
3119 1715 3398 1783 ὀφείλουσι

1825 1799 2134 1868 χρήσασθαι
2165 1805 2229 1872 τῇ
2260 1804 2690 1870 συγκαταϐάσει,
2730 1807 2872 1860 ὥστε
2907 1811 3089 1861 πεῖσαι
3121 1809 3214 1860 καὶ
3241 1806 3399 1877 ἐφελο

187 1885 346 1936 ἐνεκεν
368 1883 688 1936 δυναστείαν
710 1884 811 1952 τὴν
841 1885 1107 1954 τυχοῦσαν
1134 1885 1167 1957 ἢ
1210 1886 1564 1957 διενόχλησιν,
1587 1890 1722 1957 μήτε
1756 1868 1796 1922 Β
1825 1889 2092 1945 κύσασθαι
2119 1868 2246 1954 τοῦς
2273 1868 2419 1966 ἐν-τῇ
2466 1895 2560 1948 τοῦ
2609 1868 2975 1967 Ἑσφιγμένου
3010 1901 3147 1969 μονῇ
3186 1868 3392 1968 προθύ-

187 1973 258 2027 ἐπ’
285 1974 412 2044 αὐτῇ
446 1974 510 2044 δή
538 1976 608 2044 τῇ
656 1977 794 2046 νομῇ
825 1977 917 2027 καὶ
948 1978 1150 2048 κατοχῇ
1181 1976 1275 2029 τοῦ
1327 1977 1498 2047 ἀγροῦ
1531 1979 1624 2032 καὶ
1657 1981 1720 2048 τῇ

184 2065 420 2121 ἀνέκαθεν
478 2069 714 2138 περιοχῇ
762 2064 951 2130 αὐτοῦ,
990 2069 1128 2138 μήτε
1182 2069 1275 2121 ἐπὶ
1311 2073 1376 2138 τῇ
1403 2070 1596 2141 χρήσει
1622 2070 1725 2138 τῆς

183 2159 376 2226 ἀρδείας
407 2157 499 2211 τοῦ
527 2159 825 2229 εἰρημένου
853 2159 1064 2224 ὓδατος,
1110 2159 1191 2214 ἔτι
1220 2160 1275 2214 δὲ
1305 2162 1723 2230 ἀνοικοδομῆσαι

179 2251 284 2313 τοὺς
307 2251 716 2318 Βατοπεδηνοὺς
749 2251 817 2304 τά
846 2252 1275 2323 πυρποληθέντα
1307 2255 1400 2308 καὶ
1448 2255 1724 2326 καταϐλη-

179 2346 314 2398 θέντα
337 2346 617 2415 οἰκήματα
640 2361 712 2398 πα
722 2345 769 2415 ρ’
795 2345 976 2399 αὐτῶν
1003 2346 1035 2416 ἢ
1059 2347 1156 2414 τὴν
1179 2347 1267 2402 ἐπ’
1293 2349 1477 2411 αὐτοῖς
1506 2349 1600 2402 καὶ
1623 2349 1723 2420 τήν

175 2439 318 2509 ἀλλην
373 2437 598 2491 ἃπασαν
649 2439 942 2501 ἀποδοῦναι
995 2438 1222 2510 ζημίαν,
1279 2441 1462 2504 καθὼς
1497 2443 1563 2496 ἀν
1607 2443 1722 2496 δια-

175 2537 328 2602 γνοῖεν
353 2535 417 2589 τά
452 2536 586 2602 περὶ
617 2537 715 2605 τῆς
745 2532 950 2602 ζημίας
979 2537 1026 2588 οἰ
1061 2537 1158 2606 τὴν
1206 2537 1335 2606 περὶ
1368 2533 1559 2589 τούτου
1591 2536 1722 2588 ἀναο

170 2627 393 2692 τεθέντες
422 2626 557 2697 παρ’
593 2627 755 2696 ἡμῶν
794 2627 1128 2697 ποιήσασθαι
1181 2625 1477 2694 διάγνωσιν
1500 2643 1530 2684 σ,
1566 2627 1722 2696 όφείυ

170 2722 302 2775 λουσι
329 2722 434 2793 γὰρ
493 2719 941 2791 ἐμφανιζομένου
982 2718 1076 2773 τοῦ
1128 2719 1398 2789 παρόντος
1432 2720 1531 2788 τῆς
1564 2719 1720 2788 ήμῶν

169 2818 504 2888 μετριότητος
563 2815 966 2884 ὑπομνήματος
1021 2814 1335 2867 συνέλευσιν
1387 2811 1718 2882 ποιήσασθαι

164 2913 287 2965 κατά
315 2911 412 2981 τήν
447 2911 541 2964 ἐπὶ
576 2913 692 2972 τοῖς
724 2909 986 2974 τοιούτοις
1007 2908 1318 2979 κρατοῦσαν
1363 2911 1420 2962 ἐν
1451 2907 1527 2976 τῷ
1563 2909 1718 2979 Ὀρει

161 3003 294 3070 τάξιν
325 3021 381 3056 τε
439 3001 534 3056 καὶ
600 2999 888 3071 συνήθειαν
935 3000 962 3053 ὂ
1013 3017 1071 3053 τε
1108 3000 1188 3062 εἰς
1218 2999 1316 3070 τὴν
1349 3000 1442 3053 τοῦ
1491 3000 1717 3069 Πρώτου

161 3095 335 3164 ἐνοχὴν
368 3093 851 3162 ἀνατεθησόμενος
897 3091 1004 3143 τῶν
1055 3089 1234 3142 ἐκεῖσε
1269 3088 1582 3159 σεϐασμίων
1625 3106 1720 3156 μο-

1835 1995 1951 2048 μως
1980 1983 2131 2050 σχεῖν
2160 1983 2254 2035 καὶ
2284 1984 2588 2047 αύτοθελῶς
2623 1986 2756 2055 πρὸς
2786 1986 2819 2056 ἢ
2873 1987 2973 2055 τὴν
3002 1989 3262 2060 πρᾶσινῆ
3297 1989 3397 2060 τήν

1831 2071 2172 2140 ἀπαλλαγὴν
2206 2073 2299 2126 τοῦ
2336 2075 2505 2142 ἀγροῦ
2536 2079 2628 2129 καὶ
2655 2077 2748 2130 τοῦ
2775 2067 2981 2133 οἰκείου
3005 2081 3192 2143 αὐτοῖς
3225 2083 3400 2152 ἐκχω-

1832 2161 1997 2233 ρῆσαι
2031 2164 2264 2220 δικαίου.
2299 2166 2360 2218 Εἰ
2408 2167 2452 2219 δ’
2480 2167 2586 2238 ἀρα
2643 2170 2717 2240 μή
2758 2170 2900 2224 οὕτω
2927 2169 3102 2226 ταῦτα
3134 2173 3397 2244 προϐαιη,
3495 2162 3499 2164 ’

1832 2254 1967 2324 μηδέ
2023 2257 2336 2327 πειθόμενοι
2379 2259 2653 2327 φαίνοιντο
2705 2263 2799 2315 ἐπὶ
2825 2266 2892 2334 τῇ
2922 2263 3193 2334 συμϐάσει
3225 2268 3272 2319 οί
3301 2265 3396 2319 τοῦ

1841 2345 2222 2417 Ἐσφιγμένου,
2253 2351 2374 2404 τότε
2403 2351 2468 2423 δὴ
2516 2354 2731 2420 πάντως
2778 2357 2836 2420 ἐξ
2889 2357 3136 2427 ἀνάγκης
3171 2361 3305 2412 κατά
3337 2359 3400 2412 τὸ

1825 2439 2034 2494 δίκαιον
2068 2442 2459 2514 στερχθήσεται
2485 2448 2579 2499 καὶ
2624 2447 2871 2516 διαμενεί
2925 2449 3011 2502 ἐπ’
3053 2449 3400 2520 ἀμφοτέραις

1828 2531 1922 2584 καὶ
1949 2532 2028 2594 εἰς
2049 2537 2108 2586 16
2129 2534 2252 2604 ἐξῆς
2310 2537 2430 2598 ταῖς
2461 2541 2650 2606 μοναϊς
2689 2539 2721 2608 ὴ
2755 2539 2965 2594 παλαιὰ
3012 2541 3105 2593 ἐπὶ
3137 2543 3215 2611 τῷ
3241 2542 3398 2642 ἀγρέῧ

1827 2623 1966 2694 νομὴ
1996 2626 2093 2680 καὶ
2129 2627 2411 2699 συνήθεια,
2465 2631 2559 2683 καί
2590 2630 2714 2683 οὔτε
2752 2635 2903 2700 παρά
2961 2633 3058 2699 τὴν
3091 2633 3274 2704 κοινὴν
3301 2623 3397 2686 τὸῦ
3495 2658 3497 2660 ·

1831 2715 2033 2788 Ὄρους
2081 2719 2230 2785 τάξιν
2277 2722 2370 2774 καὶ
2401 2723 2736 2776 διατύπωσιν
2766 2725 3157 2794 ἐνεργήσουσιν
3207 2727 3256 2778 οί
3288 2723 3398 2779 τῶν

1819 2807 2152 2880 ἀμφοτέρων
2202 2812 2380 2880 μονῶν
2427 2814 2561 2883 πρὸς
2623 2813 2887 2884 ἀλλήλους
2918 2815 3012 2867 ἐπί
3057 2813 3135 2886 τῷ
3171 2814 3398 2885 τοιούτῳ

1827 2904 2002 2974 ἀγρῷ,
2053 2903 2193 2958 ὥστε
2251 2904 2426 2976 ῆζῶα
2455 2907 2770 2976 ἐπεισάγειν
2818 2907 3071 2980 ἢέτερόν
3123 2926 3176 2961 τι
3220 2911 3399 2963 ποιεῖν

1827 2996 1977 3066 παρὰ
2005 2995 2074 3048 τά
2101 2999 2252 3067 κοινῇ
2294 3000 2650 3070 κρατήσαντα
2683 2997 2778 3052 τοῦ
2817 3000 3020 3072 Ὄρους
3052 3002 3240 3070 ἔθιμα,
3265 3001 3392 3056 οὔτε

1829 3091 1936 3158 μὴν
1965 3089 2116 3160 παρά
2139 3089 2238 3160 τὴν
2270 3089 2408 3143 ἰδίαν
2437 3091 2585 3160 αύτῷ
2612 3091 2901 3159 συνήθειαν
2926 3093 3021 3163 τήν
3055 3094 3118 3145 ἐκ
3150 3094 3399 3149 παλαιῶν

157 3186 267 3252 νῶν,
296 3186 424 3240 ἀλλά
456 3186 522 3257 δὴ
557 3186 656 3238 καί
683 3184 732 3236 οί
753 3182 930 3237 λοιποὶ
955 3181 1277 3254 τιμιώτατοι
1318 3181 1720 3252 καθηγούμενοι
1751 3194 1794 3251 C
1825 3179 1932 3234 τῶν
1963 3182 2172 3250 χρόνων
2203 3181 2260 3232 ἐν
2294 3181 2478 3243 αὐτοῖς
2518 3183 2853 3252 τηρηθεῖσαν
2899 3183 3288 3256 διαπράξονταί
3318 3203 3392 3254 τι,

154 3283 250 3333 τῶν
279 3280 333 3332 ἐν
362 3278 440 3348 τῷ
469 3277 631 3348 αύτῷ
657 3279 812 3347 Ὄρει
839 3277 1181 3345 σεμνοτέρων
1216 3276 1393 3343 μονῶν
1422 3277 1516 3328 καὶ
1544 3273 1722 3327 λοιποί

152 3391 283 3438 τινες
310 3373 414 3427 τῶν
449 3373 645 3425 ἐκεῖσε
678 3370 878 3438 τιμίων
934 3370 1028 3421 καὶ
1063 3368 1454 3438 πνευματικῶν
1487 3366 1719 3437 ἀνδρῶν,

152 3467 238 3519 καὶ
269 3463 637 3536 ποιήσασθαι,
663 3463 737 3526 ὡς
761 3459 1150 3529 διεταξάμεθα,
1185 3459 1282 3529 τήν
1311 3459 1604 3527 διάγνωσιν
1629 3462 1723 3515 καὶ

127 3557 432 3627 ’ἐκτίμησιν
489 3558 600 3626 τῆς
657 3557 715 3606 ἐν
747 3552 824 3622 τῷ
879 3549 1036 3621 ἀγρῷ
1087 3552 1394 3620 γενομένης
1431 3549 1581 3621 παρὰ
1612 3549 1720 3604 τῶν

148 3649 532 3721 Βατοπεδηνῶν
595 3645 798 3719 ζημίας
845 3646 939 3699 καί
982 3644 1366 3714 ἰκανοποιῆσαι
1395 3642 1622 3714 ταύτην,
1660 3642 1720 3696 ὃν

145 3742 350 3814 εἴρηται
380 3743 617 3813 τρόπον,
652 3738 787 3808 πρὸς
816 3738 876 3791 16
913 3737 1078 3808 μέρος
1107 3736 1210 3806 τῆς
1236 3735 1329 3790 τοῦ
1360 3735 1721 3805 Ἐσφιγμένου

147 3835 297 3903 μονῆς
323 3850 337 3864 ο
365 3832 512 3902 πλὴν
537 3829 690 3884 οὕτω
727 3828 830 3898 μέν
865 3827 965 3898 τὴν
1019 3827 1259 3882 νικῶσαν
1303 3827 1524 3895 εἴληφεν
1564 3828 1596 3895 ή
1626 3824 1720 3879 τοῦ

155 3924 516 3996 Ἐσφιγμένου
574 3923 712 3993 μονὴ
749 3921 842 3973 καὶ
871 3919 969 3991 τὴν
993 3919 1313 3973 δεσποτείαν
1349 3917 1492 3988 ἔχειν
1523 3917 1723 3988 ἐψήφι-

141 4034 253 4071 σται
289 4017 382 4071 τοῦ
444 4016 657 4087 ἀγροῦ,
709 4013 790 4066 ἐτι
845 4012 902 4066 δὲ
953 4011 1248 4066 ἀπολαϐεῖν
1278 4011 1371 4063 καὶ
1430 4008 1527 4079 τήν
1558 4011 1613 4061 ἐν
1643 4009 1720 4078 τῷ

135 4109 284 4182 ἀγρῷ
309 4109 631 4178 γενομένην
677 4106 859 4167 αὐτοῖς
915 4104 1120 4174 ζημίαν
1157 4102 1308 4173 παρὰ
1342 4102 1449 4154 τῶν
1479 4103 1723 4155 Batone-

131 4203 318 4268 δηνῶν.
366 4201 518 4254 Ἀλλ’
553 4198 776 4268 ἐπειδὴ,
814 4195 1139 4264 ἀνθρώπους
1163 4194 1323 4256 ὄντας
1359 4194 1482 4254 τοὺς
1513 4195 1570 4245 ἐν
1601 4195 1720 4255 ταῖς

131 4294 454 4365 εἰρημέναις
521 4291 628 4345 τοῦ
687 4288 1021 4342 Βιτοπεδίου
1069 4289 1164 4340 καὶ
1212 4289 1306 4340 τοῦ
1349 4287 1718 4356 Ἐσφιγμένου

133 4391 338 4457 μοναϊς,
383 4387 553 4440 οὐδὲν
590 4384 817 4446 ἀπεικὸς
853 4382 949 4436 καὶ
1008 4379 1171 4433 πάλιν
1206 4397 1258 4432 τι
1319 4378 1426 4430 τῶν
1460 4379 1719 4430 τοιούτων

128 4482 188 4534 ἐκ
218 4479 612 4553 μικροψυχίας
642 4475 856 4539 παθεῖν,
893 4470 1169 4526 καὶτοῦτο
1203 4468 1718 4542 εἴωθεκσυμϐαίνειν

1827 3273 1962 3326 ἀλλά
1995 3274 2218 3342 μενοῦσι
2255 3273 2390 3342 πρὸς
2417 3274 2684 3344 ἀλλήλους
2707 3275 3072 3344 ἀπρόσκοποι,
3106 3276 3200 3330 καὶ
3226 3279 3392 3347 ἀρκε-

1827 3364 2119 3435 σθήσονται
2153 3364 2243 3418 ἐπὶ
2273 3367 2383 3428 τοῖς
2412 3365 2619 3420 ἐαυτῶν
2647 3368 2795 3428 ἰδίοις
2830 3368 2923 3449 κσιί
2955 3358 3222 3438 ’καθαρῶς
3257 3370 3394 3438 ἀνή-

1824 3473 2012 3510 κουσιν
2043 3457 2249 3519 αὐτοῖς,
2295 3457 2567 3527 μηδεμίαν
2616 3459 2710 3513 τοῦ
2769 3459 2959 3512 λοιποῦ
3022 3460 3396 3531 προσάγοντες

1824 3548 2100 3618 ἀφορμὴν,
2123 3550 2245 3602 ἐπεὶ
2274 3550 2334 3602 16
2367 3549 2440 3620 μὴ
2475 3552 2713 3618 ἐμμένον
2749 3536 3041 3619 τούτοιςέξ
3067 3553 3396 3624 ἀμφοτέρων

1823 3639 1930 3693 τῶν
1958 3641 2139 3710 μερῶν
2167 3644 2231 3712 τῇ
2265 3642 2552 3714 πρεπούσῃ
2589 3643 3078 3717 καθυπαχθήσεται
3108 3647 3283 3715 ζημίᾳ
3303 3646 3400 3699 καὶ

1823 3731 2022 3803 εὐθύνῃ
2082 3732 2277 3804 βαρείᾳ
2303 3734 2664 3789 ύποπεσείται
2702 3740 3077 3807 πνευματικῇ.
3135 3737 3257 3790 Τῶν
3287 3737 3397 3807 γὰρ

1825 3823 2130 3892 εἰρημένων
2167 3826 2328 3894 χάριν
2364 3828 2459 3878 καὶ
2496 3827 2596 3895 τῆς
2622 3829 2702 3890 είς
2736 3828 2794 3880 16
2827 3827 2955 3898 ἐξῆς
2997 3827 3260 3898 διαμονῆς
3295 3830 3398 3882 αὑ·-

1821 3915 1933 3968 τῶν
1970 3933 2030 3968 τε
2066 3917 2160 3968 καὶ
2191 3916 2536 3986 βεϐαιώσεως
2562 3921 2654 3971 καὶ
2682 3922 2742 3973 16
2778 3921 2952 3991 παρόν
2982 3920 3390 3992 ὑπομνηματῶ-

1823 4008 1911 4069 δες
1945 4009 2178 4078 γράμμα
2227 4009 2327 4079 τῆς
2353 4010 2515 4079 ήμῶν
2547 4013 2902 4082 μετριότητος
2945 4013 3164 4066 ἐκτεθὲν
3203 4013 3293 4065 καὶ
3325 4013 3390 4083 τῇ

1823 4099 2124 4170 ὑπογραφῇ
2156 4104 2248 4153 καὶ
2280 4105 2534 4171 σφραγῖδι
2560 4101 2724 4167 αὐτῆς
2756 4103 3026 4157 πιστωθέν
3057 4105 3287 4174 ἐπεδόθη
3316 4105 3396 4174 τῷ

1827 4193 1988 4262 μέρει
2022 4193 2118 4261 τῆς
2150 4193 2450 4261 σεϐασμίας
2480 4194 2770 4265 βασιλικῆς
2806 4197 2972 4267 μονῆς
2994 4195 3088 4247 τοῦ
3120 4200 3394 4250 Δεσπότου

1824 4285 2074 4354 Σωτῆργς
2105 4287 2344 4356 Χριστοῦ
2371 4288 2470 4358 τῆς
2497 4288 2945 4358 ἐπικεκλημένης
2968 4289 3058 4341 τοῦ
3098 4290 3399 4360 Ἐσφιγμέ-

1823 4393 1916 4430 νου
1937 4378 2015 4438 εἰς
2041 4379 2262 4448 διηνεκῆ
2285 4382 2382 4449 τὴν
2409 4379 2732 4447 ἀσφάλειαν.
2767 4380 2911 4448 Μηνί
2943 4379 3147 4450 Ἰουλίῳ
3176 4382 3274 4434 ινδ.
3302 4387 3394 4449 ιγ’.

1894 4469 1931 4540 τ
1960 4465 2100 4538 Εἶχε
2136 4469 2168 4536 ἡ
2205 4472 2523 4541 ὑποπραρὴ
2586 4473 2651 4525 τό
2677 4487 2689 4502 ⁸
2741 4473 3033 4539 Ἰωάννης
3072 4472 3220 4539 ἐλέῳ
3249 4473 3396 4526 Θεοῦ

122 4573 191 4636 ὡς
220 4549 292 4628 τά
321 4549 532 4635 πολλά,
572 4572 696 4623 ἐπεὶ
728 4570 819 4622 καί
855 4564 1016 4636 φύσει
1049 4564 1336 4634 πρόχειρον
1366 4564 1398 4635 ή
1429 4563 1596 4617 κακία
1625 4562 1718 4615 καὶ
1751 4549 1795 4605 Ῑ)
1823 4561 2296 4630 ἀρχιεπίσκοπος
2318 4564 3032 4628 Κωνσταντινουπόλεως,
3071 4563 3224 4626 Νέας
3262 4561 3396 4616 Ῥώ-

121 4666 285 4731 πολὺς
312 4668 411 4721 ἐπὶ
436 4667 503 4717 16
545 4666 730 4734 χεῖρον
755 4661 782 4713 ὁ
809 4660 935 4730 ῥοῦς
994 4661 1026 4730 ἥ
1086 4657 1287 4726 μᾶλλον
1347 4656 1580 4708 πλατεῖά
1611 4675 1713 4722 τις,

118 4756 508 4826 εύαγγελικῶς
572 4754 772 4817 εἰπεῖν,
801 4753 832 4820 ή
868 4753 948 4813 εἰς
997 4749 1166 4820 αὐτὴν
1200 4748 1316 4810 ὁδὸς
1349 4747 1444 4799 καὶ
1474 4745 1714 4816 εύρύχωε⁸

121 4863 230 4916 ρος,
260 4847 358 4900 καὶ
535 4845 703 4898 πᾶσιν
732 4839 1059 4912 ἀνθρώποις,
1092 4839 1342 4908 μοναχοίς
1369 4853 1432 4904 γε
1467 4836 1572 4906 μὴν
1611 4835 1718 4906 μά-

113 4941 293 5001 λιστα,
332 4940 436 4991 ἆτε
481 4937 683 5004 κόσμῳ
718 4933 1044 5003 νεκρωθεῖσι
1092 4930 1186 4982 καὶ
1220 4928 1528 4996 κοσμικοῖς,
1553 4928 1716 4996 μηδε-

115 5032 246 5099 μίαν
308 5029 535 5082 διδόναι
569 5025 648 5095 τῷ
695 5023 918 5094 πονηρῷ
977 5021 1233 5093 πάροδον,
1265 5019 1398 5073 ἀλλά
1433 5017 1716 5086 παροῦσαν

109 5120 210 5188 μὲν
268 5121 519 5191 εἰρήνην
562 5116 868 5188 περιέπειν,
934 5113 1181 5167 ἀποῦσαν
1225 5113 1280 5166 δὲ
1325 5110 1716 5165 ἀνακαλεῖσθαι

109 5213 260 5285 πάσῃ
287 5211 542 5280 σπουδῇ,
573 5210 668 5261 καὶ
719 5207 899 5260 πάντα
950 5205 1158 5258 ἐλάττω
1212 5203 1467 5274 ἡγεῖσθαι
1518 5205 1617 5273 τῆς
1657 5206 1715 5256 ἐν

100 5306 332 5377 Χριστῷ
363 5303 645 5375 ὁμονοίας
678 5300 937 5370 κτήματά
965 5317 1024 5352 τε
1064 5301 1159 5352 καὶ
1207 5298 1512 5370 πράγματα
1534 5314 1548 5330 ο
1593 5299 1715 5351 ἐπεὶ

98 5395 190 5448 οὖν
220 5395 375 5448 οὕτω
399 5395 596 5454 ταῦτα
625 5393 717 5446 καὶ
746 5392 904 5466 οὐδὲν.
927 5392 1069 5445 οὕτω
1095 5392 1449 5462 περιποιητὸν
1478 5391 1556 5452 είς
1581 5390 1714 5458 ὁμό-

96 5506 248 5540 νοιαν
284 5487 366 5551 ὡς
399 5485 471 5540 τὸ
502 5484 918 5555 περιαιρεῖσθαι
949 5484 1044 5546 τὰς
1072 5482 1443 5551 ὑποκειμένας
1472 5483 1563 5534 καὶ
1593 5485 1714 5551 ἐρε-

96 5581 370 5647 θιζούσας
406 5582 498 5642 εἰς
533 5578 601 5660 ιδ
656 5579 824 5632 κακὸν
857 5577 1136 5650 ἀφορμάς,
1189 5573 1301 5632 δεῖν
1334 5577 1478 5646 ἔγνω
1509 5578 1601 5630 καὶ
1627 5577 1715 5630 διά

87 5671 255 5726 τοῦτο
316 5675 355 5744 ἡ
419 5669 742 5742 μητριότης
776 5668 956 5740 ήμῶν,
987 5667 1062 5731 ώς
1091 5668 1156 5722 ἂν
1207 5668 1256 5721 οἰ
1284 5668 1380 5736 τὴν
1411 5667 1712 5738 εἰρημένην
1747 5706 1758 5714 .

90 5765 358 5828 ἐξέτασιν
393 5763 509 5816 καὶ
548 5761 809 5815 ἰκάνωσιν
839 5760 1131 5830 ταχθέντες
1167 5761 1391 5829 ποιῆσαι
1423 5760 1596 5827 τίμιοι
1620 5759 1712 5811 καὶ

87 5854 494 5928 πνευματικοὶ
525 5851 742 5924 ἀνδρες,
780 5853 1196 5926 ύπομνήσαντες
1220 5853 1343 5917 τοὺς
1372 5851 1428 5905 ἐν
1466 5850 1710 5922 ἀμφοτέ-

1820 4669 1962 4722 μης.
1998 4650 2095 4704 καί
2126 4653 2540 4721 οἱκου].ιενικὸς
2565 4653 2955 4724 πατριάρχης.

1824 4766 1913 4822 Vl.
1948 4765 2189 4838 Synodus
2215 4767 2431 4820 absolvit
2454 4771 2762 4840 monac/pun
2793 4771 3057 4840 Igualium
3088 4779 3395 4832 monasterii

2171 4847 2367 4889 sancta:
2395 4841 2578 4892 Anuw.
2614 4838 2857 4906 (Initium
2891 4843 3076 4914 decu.)
3271 4907 3281 4916 Ι

1897 4968 1911 4984 .
1951 4973 1964 4988 .
2007 4968 2021 4984 .
2051 4971 2063 4984 .
2093 4932 2186 4984 καί
2213 4931 2474 5000 ἠρώτησα
2505 4932 2692 4995 αὐτὸν,
2726 4933 2822 4986 καὶ
2847 4935 3230 5006 ἀπελογήσατο
3260 4956 3394 5008 προς

1827 5062 1841 5078 .
1871 5062 1886 5079 .
1912 5061 1927 5076 .
1954 5061 1969 5076 .
2007 5009 2297 5095 [άῙπλοῖκῷ
2324 5022 2466 5092 λόγῳ
2517 5021 2611 5074 καί
2639 5023 2696 5089 ἐξ
2748 5024 2967 5095 ἀγάπης
3021 5025 3216 5092 οὕτως,
3259 5031 3340 5082 ὅτι
3367 5031 3394 5081 ὁ

1823 5115 2080 5183 Θεόφιλος
2109 5117 2336 5178 ἐκεῖνος,
2380 5114 2454 5176 ώς
2485 5109 2652 5184 ἦλθεν
2691 5116 2771 5179 εἰς
2807 5116 2904 5188 τήν
2929 5118 3241 5186 Ἀνατοῦὴν,
3266 5121 3399 5174 ὠνό-

1827 5225 1996 5278 μασεν
2053 5208 2247 5260 ἐαυτὸν
2303 5205 2774 5278 Ἱεροσολυμίτην,
2807 5211 2901 5262 καὶ
2933 5205 3077 5282 εῖχεν
3114 5215 3176 5265 ἐκ
3204 5215 3392 5268 τούτου

1823 5299 2016 5368 φήμην
2048 5298 2316 5370 μεγάλην,
2352 5301 2447 5351 καὶ
2479 5297 2710 5353 ἔϐλεπον
2743 5302 2952 5355 ἐκεῖνον
2983 5303 3169 5356 πολλοὶ
3191 5305 3263 5366 ὼς
3292 5325 3393 5358 κα-

1822 5389 1911 5442 λον
1936 5389 2246 5459 ἄνθρωπον.
2287 5390 2562 5459 Ἀπῆλθον
2589 5391 2682 5444 οῦν
2704 5391 2879 5458 κάγὼ,
2908 5393 3002 5444 καὶ
3032 5388 3173 5444 εἶδον
3203 5396 3389 5459 αὐτὸν,

1821 5480 1912 5532 καὶ
1942 5480 2197 5550 ὡμίλησα
2244 5483 2379 5553 πρὸς
2408 5482 2588 5551 ὀλίγον
2609 5499 2622 5513 '
2653 5473 2879 5552 ὕστερον
2902 5483 2976 5546 δὲ,
3015 5483 3087 5546 ώς
3116 5484 3389 5555 ἐγνώσθη,

1821 5573 1903 5626 ὅτι
1931 5576 2030 5627 οὐκ
2055 5573 2208 5628 ἐστιν
2243 5574 2708 5646 Ἱεροσολυμίτης,
2736 5575 2853 5628 ἀλλ’
2873 5575 2900 5630 ό
2929 5579 3237 5648 κατάρατος
3263 5577 3393 5631 Θεό-

1821 5665 1998 5734 φιλος,
2027 5667 2384 5737 κατήργησαν
2414 5667 2507 5720 καὶ
2538 5667 2938 5735 ἀνεθεμάτισαν
2971 5670 3171 5730 πάντες
3201 5669 3388 5737 αὐτὸν,

1819 5760 1913 5811 καὶ
1944 5757 2053 5825 ἐγὼ
2085 5758 2140 5811 δὲ
2178 5759 2391 5828 ὁμοίως
2416 5761 2742 5828 κατήργησα
2773 5762 2865 5811 καὶ
2895 5760 3264 5828 ἀνεθεμάτισα
3293 5763 3387 5815 αύ-

1817 5851 1932 5909 τόν.
1997 5849 2182 5906 Ταῦτά
2237 5867 2326 5922 μοι
2362 5840 2586 5906 ἐίπενό
2619 5852 2724 5921 κῦρ
2783 5850 3041 5921 Ἰγνάτιος
3102 5856 3248 5922 ἐντὸς
3284 5855 3384 5927 τῆς
