3866 6536
234 362 371 430 1105

1307 370 1700 437 εΥΝοῡιείΕ
1744 378 2425 442 CONSTITUT-IONES.

3338 386 3472 456 1106

224 480 405 551 πολλῷ
440 481 601 536 πλέον
634 481 728 536 καὶ
764 482 792 535 6
839 485 1134 555 κράτιστος
1179 490 1272 541 καὶ
1314 489 1468 559 ἅγιός
1500 508 1604 561 μου
1649 495 1805 547 αὑτο-
1837 512 1879 564 Α
1911 511 2096 564 χοντος
2122 496 2150 547 ὁ
2176 495 2414 559 τοιοῦτος
2450 498 2800 569 ἱερομόναχος
2837 499 3018 572 λίχνον
3066 502 3341 560 ἐπιϐαλὼν
3372 507 3476 577 δμ-

223 574 472 645 κράτωρ,
500 576 527 626 6
552 574 658 628 τῶν
690 574 874 629 καλῶν
926 578 1181 632 ἁπάντων
1240 581 1508 654 διάπυρος
1540 585 1797 655 ἐραστὴς,

218 666 247 718 6
276 664 389 717 τῶν
412 664 718 734 ἐκκλησιῶν
745 665 839 719 τοῦ
882 668 1018 721 Θεοῦ
1052 672 1146 723 καὶ
1208 675 1490 745 πρόμαχος
1528 676 1623 728 καὶ
1669 695 1799 748 προέ-

217 756 419 827 νοητῆς
446 757 541 810 καὶ
573 755 825 827 ζηλωτὴς
859 761 952 813 καὶ
984 764 1322 835 σπουδαστὴς
1356 766 1797 833 ἁκατάπαυστος,

220 848 525 917 ηὐδόκησεν
551 850 653 918 ἤδη
690 851 828 919 μετά
855 853 964 906 τῶν
1002 854 1180 908 ἄλλων
1211 859 1305 909 καὶ
1336 858 1497 911 τοῦτο
1541 862 1607 931 τῇ
1639 862 1799 930 ἡμῶν

217 940 543 1011 ἀδελφότητι
585 943 1060 1013 καταπράεασθαι,
1110 946 1250 1001 ὥστε
1280 949 1379 1020 τὴν
1414 952 1513 1021 τῆς
1559 952 1785 1022 ἁγιότη-

214 1031 308 1093 τός
338 1049 433 1085 σου
460 1035 541 1096 είς
596 1034 662 1087 τά
693 1034 925 1089 ἐνταῦθα
985 1024 1285 1110 ἐπιδημίαν
1341 1041 1434 1097 καὶ
1496 1043 1796 1114 ὲκζητῆσαι

210 1124 311 1177 καὶ
344 1126 425 1189 εἱς
464 1124 638 1196 πέρας
668 1127 842 1181 ἐλθεῖν
869 1130 1094 1203 ποιῆσαι
1127 1131 1263 1186 Θεοῦ
1300 1135 1509 1204 χάριτι,
1544 1136 1639 1189 καὶ
1687 1137 1797 1190 τοί-

208 1234 309 1270 νυν
346 1217 599 1288 βασιλικά
632 1221 771 1288 μετά
806 1220 917 1274 τῶν
936 1223 1250 1293 ἐρχομένων
1308 1226 1593 1299 πρέσϐεων
1625 1228 1794 1295 ἐπέμ-

208 1309 438 1379 φθησαν
470 1310 572 1381 ήδη
622 1313 933 1382 γράμματα
984 1314 1081 1368 καὶ
1139 1318 1317 1372 σεπτά
1367 1318 1791 1391 προστάγματα,

205 1399 313 1469 τὴν
349 1400 453 1469 τῆς
479 1404 581 1473 σῆς
627 1403 914 1473 ἁγιότητος
972 1404 1164 1474 ἄφιξιν
1219 1409 1635 1479 οἱκονομοῦντα.
1682 1412 1793 1466 Καὶ

207 1494 390 1563 αὑτὴν
414 1494 471 1546 δὲ
506 1496 891 1567 ὲκκαλούμεθα
924 1501 1023 1574 τὴν
1054 1502 1324 1574 ἀγιότητὰ
1373 1520 1489 1570 σου,
1519 1505 1659 1575 ὅπερ
1714 1506 1791 1559 εί-

201 1585 365 1650 δότες
385 1588 481 1640 καὶ
506 1589 690 1658 ἡμεῖς,
721 1590 796 1654 ὥς
823 1592 1079 1662 ἀσμένως
1114 1595 1214 1648 καὶ
1250 1596 1389 1666 αὑτὴ
1421 1597 1539 1667 ήσὴ
1568 1598 1790 1666 ἁγιότης

202 1680 306 1732 καὶ
351 1680 565 1750 θελήσει
592 1684 685 1735 καὶ
718 1685 1060 1750 ἐπισπεύσει,
1095 1687 1246 1756 ὅμως
1280 1689 1357 1760 τῷ
1392 1691 1489 1743 τοῦ
1533 1690 1791 1760 πράγμα-

198 1786 299 1832 τος
336 1771 645 1841 κινούμενοι
673 1774 820 1846 πόοῳ
853 1776 944 1830 καὶ
968 1777 1056 1829 διὰ
1072 1777 1182 1830 τῶν
1200 1780 1485 1849 παρόντων
1526 1783 1790 1851 γραμμά-

1908 603 1985 654 μα
2042 586 2120 657 τῷ
2153 587 2372 659 ὡραρίῳ
2408 589 2599 643 τούτου
2669 591 2920 659 ὑφείλετο
2968 594 3131 667 μέρος
3175 615 3228 650 τι
3265 601 3472 654 ἐκεῖθεν

1903 678 2213 748 ἀποτεμώνο
2249 682 2387 749 μετά
2434 683 2632 751 μικρὸν
2661 683 2716 737 δὲ
2742 686 2770 737 6
2797 684 3043 750 διάκονος
3069 688 3250 754 οὗτος,
3281 693 3471 745 αίσθό·

1904 787 2066 839 μενος
2104 770 2197 823 τοῦ
2227 773 2600 843 τολμήματος,
2636 776 2771 830 πολὺ
2806 774 2884 848 ,ἦν
2915 780 3087 849 ὀχλῶν
3121 781 3332 834 ἐκεῖνον
3376 784 3472 837 καὶ

1900 860 2040 930 πρὸς
2073 861 2171 932 τὴν
2201 863 2458 917 ἀπόδοσιν
2493 867 2587 920 τοῦ
2611 867 2915 933 κλαπέντος
2941 870 3467 941 ὲκϐιαζόμενοςηοῦ

1898 948 1955 1004 δὲ
1978 950 2145 1021 μηδὲν
2168 952 2457 1021 ὑφελέσθαι
2479 955 2907 1028 διατεινομένου.
2931 961 2958 1012 6
2979 961 3073 1013 τοῦ
3102 962 3469 1032 Προικονήσου

1899 1043 2108 1096 ἑκείνου
2130 1045 2380 1115 ἀδελφὸς,
2411 1050 2440 1100 6
2472 1051 2825 1121 ἱερομόναχος
2842 1052 3061 1116 Λουκᾶς
3109 1054 3340 1124 πλησίον
3379 1055 3467 1108 εύ-

1898 1136 2222 1205 ρισκόμενος
2254 1138 2348 1191 καὶ⁹
2386 1140 2478 1192 τὸν
2521 1140 2678 1211 ὄχλον
2728 1144 3003 1214 ἀκηκοὼς,
3047 1147 3281 1217 ἐπείπερ
3350 1143 3465 1216 εῐχέ

1895 1243 2016 1279 τινα
2075 1228 2181 1297 πρὸ
2255 1232 2467 1300 χρόνων
2537 1231 2696 1296 εἰδὼς
2750 1233 3109 1306 ἱερομόναχον
3143 1238 3337 1292 ἁλόντα
3368 1230 3469 1291 ὶπὶ

1894 1317 2072 1390 κλοπῇ
2156 1319 2433 1390 ἱερατικοῦ
2517 1322 2780 1391 φελωνίου
2862 1326 2954 1378 καὶ
3048 1328 3463 1399 ὲπιτραχηλίου,

1892 1408 2083 1461 τοῦτον
2128 1409 2339 1463 ἐκεῖνον
2394 1406 2532 1465 εῖναι
2600 1413 2950 1480 ὑπώπτευσε,
2999 1418 3093 1470 καὶ¹
3126 1418 3299 1484 λέγων
3356 1420 3468 1472 διε-

1891 1501 2098 1554 τείνετο
2158 1500 2460 1574 ζητηθῆναι
2510 1507 2602 1558 τὸν
2647 1506 2910 1571 τοιοῦτον,
2962 1508 3021 1571 6;
3070 1509 3133 1579 δὴ
3157 1510 3251 1563 καὶ
3294 1511 3465 1579 ζητη-

1893 1592 2006 1655 θεὶς
2039 1592 2290 1663 εὓρηται·
2346 1597 2407 1649 οὑ
2442 1598 2632 1666 μέντοι
2674 1594 2745 1669 ἦν
2774 1600 2984 1664 ἐκεῖνος
3036 1602 3064 1653 6
3119 1601 3180 1655 τὸ
3225 1602 3463 1672 ὠράριον

1892 1685 2246 1755 ὑφελόμενος,
2280 1688 2416 1743 ἀλλά
2441 1690 2502 1743 τὸ
2529 1691 2629 1760 μὲν
2662 1692 2901 1763 ὠράριον
2932 1694 3165 1763 εὓρηται
3194 1694 3345 1761 παρὰ
3389 1694 3467 1762 τῷ

1893 1775 2161 1844 σύνεγγυς
2215 1779 2487 1849 ἱσταμένῳ
2520 1782 2879 1852 ίερομονάχῳ,
2939 1776 3094 1846 οὗτος
3146 1783 3202 1836 δὲ
3236 1783 3465 1854 εὕρηται

199 1879 319 1913 των
355 1864 714 1935 ὲπεγείρομεν
759 1867 857 1938 τὴν
890 1868 1020 1939 περὶ
1063 1869 1123 1923 τὸ
1172 1871 1338 1925 καλὸν
1358 1873 1514 1927 τοῦτο
1549 1875 1785 1945 σπουδὴν
1819 1854 1859 1909 Β
1886 1869 2277 1935 κατασιγάξων
2307 1872 2402 1923 καὶ
2426 1874 2732 1941 παραινῶν.
2777 1874 2852 1944 μὴ
2874 1874 3077 1944 ἔκδηλα
3107 1876 3370 1944 γενέσθαι
3398 1874 3465 1927 τά

208 1954 313 2005 καὶ
368 1957 678 2027 προθυμίαν
729 1960 830 2029 τῆς
885 1959 984 2029 σῆς
1035 1962 1341 2032 ἁγιότητος,
1385 1964 1480 2018 καὶ
1532 1966 1791 2039 ἀξιοῦμεν

194 2044 418 2113 ἀόκνως
448 2048 541 2102 καὶ
567 2048 883 2120 προθύμως,
920 2054 999 2116 εἱς
1021 2052 1145 2106 ὅσον
1188 2055 1384 2119 ἔνεστι,
1422 2057 1524 2127 τῆς
1552 2060 1691 2129 πρὸς
1717 2060 1789 2113 τὰ

194 2130 308 2190 ὧδε
348 2140 621 2209 φερούσης
648 2142 914 2210 ἅψασθαιο
960 2146 1115 2198 ἔσται
1162 2147 1267 2218 γὰρ
1323 2146 1482 2203 τοῦτο
1529 2150 1790 2221 πλείστης

197 2232 311 2299 μὲν
349 2234 448 2285 καὶ
503 2236 604 2305 τῆς
639 2237 780 2290 κατά
817 2237 951 2292 Θεὸν
1010 2239 1142 2309 ἡμῖν
1198 2242 1539 2313 εὐφροσύνης
1592 2244 1785 2311 αἱτιον,

198 2323 474 2396 πλείστης
500 2325 559 2379 δὲ
596 2327 802 2397 μᾶλλον
839 2330 935 2382 καὶ
972 2330 1049 2401 τῷ
1079 2332 1357 2403 κρατίστῳ
1388 2333 1484 2387 καὶ
1517 2334 1660 2406 ἁγίῳ
1686 2352 1787 2406 μου

193 2417 578 2488 αὐτοκράτορι
600 2420 875 2499 ἀποδοχῆς
898 2421 1067 2488 ἀξιον,
1093 2424 1154 2477 τὸ
1181 2424 1239 2477 δὲ
1284 2424 1493 2498 μεῖζον,
1562 2427 1643 2480 ὅτι
1694 2428 1790 2482 καὶ

194 2512 287 2574 είς
316 2511 481 2576 δόξαν
516 2513 671 2567 ἔσται
693 2515 850 2570 τοῦτο
875 2517 983 2571 τῶν
1035 2518 1279 2571 εὑσεϐῶν
1329 2519 1426 2572 καὶ
1458 2520 1551 2573 τοῦ
1594 2519 1789 2587 γένους

204 2604 322 2656 τῶν
350 2606 720 2675 Χριστιανῶν·
753 2608 884 2662 ὅταν
913 2610 1024 2681 γάρ
1081 2612 1137 2666 αἱ
1189 2610 1285 2677 τοῦ
1319 2611 1455 2665 Θεοῦ
1499 2611 1787 2683 ἐκκλησίαι

192 2699 522 2767 ὁμοφρινως
554 2699 717 2769 ἔχωσι
741 2700 835 2753 καὶ
857 2702 1229 2772 συμϐατικῶς,
1275 2706 1379 2758 καὶ
1416 2705 1466 2758 οἱ
1493 2704 1563 2759 τὰ
1595 2705 1788 2776 πρῶτα

194 2790 471 2859 φέροντες
501 2790 602 2859 τῆς
655 2793 839 2848 αὑτῶν
893 2796 1267 2866 ποιμαντικῆς
1322 2797 1577 2863 ἐξουσίας
1636 2797 1788 2869 παρά

195 2879 346 2933 Θεοῦ
403 2882 718 2954 ὁμοφρόνως
751 2884 918 2956 ἔχωσι
942 2884 1036 2938 καὶ
1063 2887 1133 2940 τά
1184 2890 1364 2942 πάντα
1426 2891 1785 2956 κοινωνικῶς,

189 2973 325 3025 τότε
359 2976 460 3026 καὶ
491 2974 521 3027 6
551 2974 808 3045 πολέμιος
833 2977 927 3030 τοῦ
973 2979 1163 3046 γένους
1195 2980 1303 3033 τῶν
1351 2982 1719 3053 Χριστιανῶν,
1759 2983 1788 3036 6

188 3068 584 3137 ἐπικείμενος
615 3069 815 3132 Σατάν,
870 3069 1126 3137 βάλλεται
1161 3071 1258 3125 καὶ
1296 3072 1660 3143 τιτρώσκεται
1690 3074 1787 3127 καὶ
1845 3120 1855 3128 .

188 3157 311 3210 τῶν
348 3157 663 3210 σκανδάλων
688 3158 979 3226 ἀφίσταται
1001 3162 1097 3213 καὶ
1144 3161 1442 3243 ὑποχωρεῖ,
1481 3162 1784 3233 ἐπιλάμπει
1812 3199 1856 3258 c

187 3248 251 3301 δὲ
284 3248 353 3300 τὸ
380 3250 481 3317 τῆς
507 3249 733 3320 εἰρήνης
788 3252 884 3305 καὶ
922 3250 1303 3321 ὁμοφροσύνης
1363 3252 1548 3317 καλὸν,
1586 3253 1679 3306 καὶ
1726 3254 1787 3307 τὸ

187 3339 601 3411 Χριστώνυμον
629 3341 777 3395 ἁπαν
804 3342 1078 3414 πλήρωμα
1103 3345 1311 3415 σκιρτᾷ
1344 3343 1438 3397 καὶ
1471 3343 1788 3411 ἀγάλλεται,

186 3432 295 3485 καὶ
339 3433 417 3495 ὠς
448 3434 536 3504 ὑφ’
561 3434 644 3486 ἐν).
704 3433 852 3506 χορῷ
880 3436 1068 3506 κοινὴν
1098 3436 1417 3506 ἀναπέμπει
1450 3437 1550 3506 τὴν
1579 3436 1793 3503 δοξολο·

187 3526 329 3595 γὶαν
351 3526 491 3595 Θεῷ,
521 3526 588 3579 δι’
616 3522 685 3599 ἧς
713 3529 807 3582 καὶ
834 3529 1013 3599 ἡμεῖς,
1049 3528 1123 3592 ὡς
1158 3531 1447 3600 κορυφαῖοι
1493 3531 1590 3583 καὶ
1619 3531 1789 3601 ἀρχη-

186 3620 290 3687 γοὶ
321 3618 421 3672 τοῦ
449 3618 704 3672 τοσούτου
736 3620 903 3673 καλοῦ
939 3621 1033 3674 καὶ
1090 3621 1484 3693 ἁρχιποιμένες
1517 3621 1654 3675 Θεοῦ
1693 3622 1790 3693 χά-

188 3729 315 3781 ριτι
348 3711 597 3782 μεγάλας
647 3713 869 3777 καὶτὰς
932 3714 1171 3783 ἀμοιϐὰς
1207 3714 1336 3783 παρ’
1361 3714 1529 3768 αὑτοῦ
1570 3714 1786 3785 ἐκδεχό-

189 3803 370 3874 μεθα,
398 3798 472 3857 ῶν
496 3804 707 3872 γένοιτο
734 3805 829 3859 καὶ
860 3806 1134 3876 ἐπιτυχεῖν
1165 3808 1311 3877 ἡμᾶς
1334 3808 1429 3860 καὶ
1455 3823 1789 3878 συνευφραν-

188 3898 364 3969 θῆναι
394 3899 808 3970 πνευματικῶς,
839 3899 935 3953 νῦν
963 3900 1062 3965 μὲν
1090 3903 1157 3972 τῇ
1183 3900 1325 3954 κατά
1389 3900 1549 3971 σῶμα
1597 3900 1775 3973 ταύτῃ

186 3993 477 4064 ἐπιδημίᾳ
523 3995 616 4047 καὶ
681 3994 995 4064 ἐνοποιήσει
1043 3992 1143 4062 τῆς
1191 3993 1289 4062 σῆς
1319 3992 1611 4061 ἁγιότητος
1678 3992 1786 4046 τῶν

190 4087 493 4158 μυστικῶν
520 4086 762 4156 χαρίτων
821 4086 918 4139 καὶ
974 4085 1091 4155 ἁμα
1123 4084 1231 4139 τῶν
1295 4084 1442 4147 κατὰ
1502 4084 1630 4137 θέαν
1687 4085 1786 4140 καὶ

182 4179 423 4247 ὁμιλίαν
450 4179 712 4250 ἀλλήλοις
774 4178 1316 4242 συναπολαύσαντας,
1392 4178 1688 4247 ἐσύστερον
1726 4178 1783 4232 δὲ

184 4275 294 4327 καὶ
320 4273 381 4325 ὲν
410 4274 523 4335 τοῖς
548 4272 868 4339 ἀπεράντως
922 4269 1293 4335 διαιωνίζουσι
1354 4268 1463 4321 τῶν
1494 4270 1645 4338 παρά
1682 4268 1783 4339 τῆς

189 4362 483 4436 μακαρίας
512 4363 606 4415 καὶ
656 4361 947 4432 όμοουσίου
1007 4363 1103 4417 καὶ
1154 4364 1501 4434 ἀγαθοδώρου
1552 4364 1782 4435 Τριάδος

184 4456 524 4526 ὲλλάμψεων
554 4455 885 4522 ἀξιωθέντας
921 4454 994 4525 (εί
1028 4456 1126 4526 μὲν
1160 4455 1304 4525 μέγα
1329 4456 1492 4511 τοῦτο
1518 4458 1611 4513 καὶ
1638 4456 1779 4527 ὑπὲρ

1892 1960 1985 2028 τῆς
2024 1960 2253 2031 κλοπῆς.
2285 1961 2506 2017 Τούτων
2534 1965 2589 2018 δὲ
2623 1968 2933 2036 γενομένων
2948 1968 3044 2022 καὶ
3074 1970 3153 2031 είς
3177 1968 3274 2029 τὰς
3304 1966 3470 2035 ήμῶν

1891 2051 2116 2122 ὕστερον
2145 2057 2609 2126 παραγενομένων
2644 2058 2840 2123 ἀκοάς,
2890 2059 2972 2112 ἔτι
3003 2059 3061 2111 δὲ
3115 2058 3464 2131 ζητηθέντων

1890 2142 2121 2197 καὶτῶν
2152 2145 2407 2215 μοναχῶν
2430 2148 2574 2201 κατά
2612 2148 2779 2220 τάχος
2812 2150 3027 2219 ὁρισμῷ
3060 2152 3152 2203 καὶ
3180 2153 3461 2220 προσταγῇ

1888 2232 1983 2286 τοῦ
2013 2236 2303 2305 κρατίστου
2332 2239 2616 2315 καὶᾼάγίου
2647 2258 2750 2310 μου
2779 2242 3184 2315 αὐτοκράτορος
3239 2243 3367 2314 περὶ
3397 2243 3463 2294 τά

1887 2325 2114 2381 τοιαῦτα
2150 2328 2296 2400 ζήλῳ
2325 2313 2452 2402 θείῲ
2510 2335 2605 2386 καὶ
2630 2333 2830 2405 σπουδῇ
2869 2313 3108 2406 μεγίστη
3175 2336 3464 2404 χρωμένου

1890 2422 2141 2492 πανταχῆ
2186 2423 2281 2475 καὶ
2336 2425 2583 2493 σφοδρῶς
2641 2426 2807 2479 αὑτοῦ
2862 2428 3005 2481 κατά
3052 2431 3160 2480 τῶν
3207 2429 3461 2482 τοιούτων

1890 2514 2219 2583 φερομένου,
2247 2513 2743 2586 συλλαμϐάνονται,
2785 2518 2876 2571 καὶ
2906 2520 3036 2589 πρὸς
3084 2522 3145 2572 τὸ
3169 2518 3290 2572 καθ’
3313 2521 3461 2589 ἡμᾶς

1890 2602 2036 2673 ἱερὸν
2091 2606 2367 2660 συνοδικδν
2442 2609 2796 2681 δικαστήριον
2871 2613 3118 2679 ἄγονται.
3174 2611 3455 2676 Ἐξετάζει

1886 2692 2159 2748 τοίνυντὰ
2190 2697 2415 2750 τοιαῦτα
2455 2700 2659 2753 τούτων
2707 2702 3028 2771 ἐγκλήματα.
3080 2705 3112 2772 ἠ
3167 2704 3461 2775 μετριότης

1887 2786 2047 2857 ἡμῶν
2077 2790 2216 2859 μετά
2248 2788 2357 2843 τῶν
2388 2793 2516 2861 περὶ
2547 2793 2715 2864 αὑτὴν
2774 2796 3082 2863 ίερωτάτων
3134 2797 3457 2867 ἀρχιερέων,

1888 2881 1982 2933 καὶ
2014 2872 2251 2951 εὑροῦσα
2270 2883 2515 2950 τούτους,
2551 2885 2641 2938 τὸν
2671 2887 2773 2956 μὲν
2805 2886 3200 2959 ἐξελεγχθέντα
3231 2889 3335 2942 ὑπὸ
3365 2889 3459 2941 τοῦ

1888 2962 2053 3029 αὑτοῦ
2082 2975 2331 3030 διακόνου
2352 2977 2424 3040 ὼς
2469 2979 2814 3048 ἀποτεμόντα
2869 2983 2963 3034 καὶ
3010 2982 3341 3051 ἀφελόμενον
3401 2984 3461 3034 τὸ

1887 3064 2091 3118 κλαπὲν
2115 3068 2279 3137 μέρος
2305 3067 2397 3120 τοῦ
2424 3070 2691 3139 ὠραρίου,
2722 3073 2813 3122 τὸν
2840 3071 2895 3123 δὲ
2936 3072 3000 3123 ἐκ
3050 3089 3107 3123 τε
3167 3072 3261 3123 τοῦ
3290 3073 3461 3123 τοιού-

1886 3172 1978 3209 του
2007 3156 2357 3228 ἱερομονάχου
2388 3159 2571 3213 Λουκᾶ
2593 3161 2687 3212 καὶ
2715 3159 2809 3213 τοῦ
2858 3161 3222 3223 ἀπολέσαντος
3270 3161 3338 3213 τά
3384 3162 3458 3213 εί-

1890 3248 2103 3318 ρημένα
2134 3248 2505 3321 πρεσϐυτέρου
2530 3250 2620 3303 τοῦ
2658 3291 2673 3305 .
2708 3291 2723 3306 .
2756 3291 2770 3306 .
2806 3274 2820 3307 ;
2855 3293 2869 3307 .
2912 3253 3201 3324 ἱερατικῶς
3251 3252 3454 3321 ἐξυπη-

1890 3339 2172 3411 ρετοῦντος
2196 3342 2274 3411 τῷ
2309 3342 2439 3413 θείῳ
2473 3342 2585 3414 ναῷ
2625 3345 2724 3411 τῆς
2784 3346 2945 3413 ἁγίας
3005 3346 3099 3398 τοῦ
3164 3345 3298 3397 Θεοῦ
3360 3349 3457 3397 καὶ

1887 3436 2140 3506 Σωτῆρος
2168 3437 2324 3506 ἡμῶν
2353 3437 2695 3507 ἀναλήψεως,
2720 3439 2840 3492 ὅθεν
2869 3440 2933 3509 δὴ
2966 3439 3252 3492 καὶταῦτα
3300 3437 3455 3489 ἐκλά-

1887 3544 2093 3595 πησαν,
2147 3529 2566 3601 ἐξελεγχόμενον
2600 3530 2827 3601 ὁμοίως,
2875 3530 2949 3592 ὡς
3009 3532 3272 3601 πρότερον
3355 3531 3453 3600 μὲν

1887 3621 2139 3689 ἀφείλετο
2190 3622 2382 3676 τούτου
2462 3622 2724 3694 φελὼνιον
2758 3626 2853 3678 καὶ
2893 3624 3297 3695 έπιτραχήλιον,
3360 3625 3453 3677 καὶ

1886 3712 2084 3766 ἁλόντα
2129 3713 2221 3766 ἐπὶ
2251 3717 2317 3785 τῇ
2366 3714 2572 3768 τούτων
2625 3716 2799 3787 κλοπῇ
2854 3716 3165 3785 προφανῶς,
3221 3717 3342 3768 τότε
3394 3713 3450 3767 δὲ

1889 3808 2027 3875 μετὰ
2055 3806 2155 3877 τῆς
2178 3808 2477 3878 γενομένης
2510 3807 2714 3877 κλοπῆς
2735 3807 2830 3861 τοῦ
2856 3806 3095 3879 ὼραρίου
3146 3803 3455 3872 κατασιγά-

1886 3897 1999 3961 ζειν
2036 3899 2131 3952 καὶ⁵
2155 3900 2528 3970 ἀποκρύπτειν
2562 3901 2903 3972 πειρώμενον
2935 3901 3027 3954 καὶ
3052 3898 3323 3961 πείθοντα,
3352 3915 3453 3952 κα-

1884 3990 2167 4044 τεδίκασεν
2192 3991 2369 4043 αὑτῶν
2390 3992 2490 4059 τῆς
2515 3992 2820 4063 ἱερωσύνης
2846 3990 3188 4063 καθαίρεσιν,
3211 3991 3285 4053 ὡς
3316 3989 3452 4057 ἀλη-

1885 4081 1993 4146 θῶς
2012 4082 2346 4153 ἐνεχομένων
2376 4084 2488 4145 τοῖς
2519 4083 2785 4147 τοιούτοις
2818 4083 3133 4155 ἐγκλήμασι
3184 4084 3282 4151 τῆς
3328 4082 3454 4135 κλο-

1883 4176 2012 4246 πῆς.
2048 4177 2111 4228 El
2142 4176 2251 4247 γὰρ
2283 4177 2311 4229 6
2338 4176 2501 4240 ἀλοὺς
2535 4175 2712 4247 κλοπῇ
2737 4193 2884 4240 τινος
2910 4178 3012 4230 οὑκ
3061 4174 3448 4247 ἀφιερωμένου

1882 4268 2003 4338 Θεῷ
2035 4268 2363 4340 πράγματος
2394 4268 2811 4338 ἀπογυμνοῦται
2848 4267 2994 4321 κατά
3025 4267 3118 4320 τον
3162 4266 3453 4319 ἀποστολι-

1882 4359 1978 4412 κὸν
2037 4360 2240 4413 κανόνα
2297 4359 2397 4430 τῆς
2489 4360 2790 4429 ἱερωσύνης
2840 4358 3209 4430 ἀσυμπαθῶς,
3267 4356 3451 4425 πολλῷ

1885 4449 2086 4522 μᾶλλον
2124 4450 2190 4504 ἂν
2221 4451 2306 4519 εἴη
2340 4453 2637 4523 προσήκων
2694 4454 2758 4522 τῇ
2804 4450 3032 4523 τοιαύτῃ
3091 4448 3361 4520 καταδίκῃ
3424 4450 3452 4499 6

184 4551 378 4619 ἡμᾶς,
403 4546 490 4616 εἴη
519 4547 574 4601 δὲ
612 4548 763 4617 ὅμως
800 4549 869 4618 τῇ
913 4547 1122 4601 ἐκεῖθεν
1146 4547 1532 4619 φιλανθρωπία
1559 4548 1653 4603 καὶ
1682 4548 1777 4619 χά·
1802 4553 1855 4613 ι)
1882 4542 2155 4615 φωραθείς
2185 4560 2245 4596 τε
2281 4543 2375 4596 καὶ
2431 4544 2731 4615 κρατηθεὶς
2777 4545 2857 4606 εἱς
2894 4543 3054 4615 ἱερῶν
3106 4541 3451 4612 πραγμάτων

187 4640 361 4712 ριτι),
392 4643 489 4697 καὶ
512 4638 816 4707 φωτοειδῶν
860 4640 979 4692 ἐκεῖ
1006 4640 1101 4693 καὶ
1166 4641 1463 4711 ἀκηράτων
1522 4640 1774 4711 τέρψεων

185 4750 262 4785 συ
273 4731 689 4801 μμετασχόντας
720 4733 853 4783 πᾶσι
886 4732 999 4794 τοῖς
1023 4730 1336 4800 θεαρέστως
1391 4732 1493 4799 τὴν
1516 4730 1609 4784 τοῦ
1636 4729 1773 4786 Θεοῦ

186 4823 443 4892 ποίμνην
473 4819 615 4873 κατά
640 4820 701 4873 τὸ
738 4820 901 4875 αὑτοῦ
928 4820 1177 4891 βούλημα
1226 4820 1545 4884 διιθύνασιν,
1590 4817 1673 4875 ῶν
1703 4822 1767 4892 τῇ

185 4913 390 4978 εὑαγεῖ
409 4911 585 4980 μερίδι
603 4911 697 4964 καὶ
712 4912 856 4979 ἡμᾶς
877 4913 904 4965 6
922 4910 1233 4978 πανάγαθος
1263 4910 1516 4978 συνέταξε
1550 4910 1773 4981 Κύριος.

251 5003 394 5060 XIV.
437 5004 680 5071 Synodus
714 5004 968 5074 quosdam
999 5002 1373 5058 ecclesiasticos
1403 5003 1738 5058 condemnat.

268 5098 311 5168 -ι-
356 5096 596 5168 Ἓρῤᾐθη
624 5096 682 5160 ἐξ
708 5097 876 5166 ἀκοῆς
900 5098 997 5151 καὶ
1050 5098 1214 5168 μέχρι
1237 5098 1331 5150 τοῦ
1357 5099 1420 5151 ὲκ
1446 5097 1582 5151 Θεοῦ
1616 5097 1774 5168 βασι-

184 5192 334 5252 λέως
365 5188 623 5258 ἔφθασεν,
657 5189 741 5241 ὅτι
770 5189 835 5259 δὴ
856 5189 1187 5259 τελουμένης
1210 5192 1309 5260 τῆς
1344 5191 1616 5260 παννύχου
1643 5191 1772 5244 στά-

185 5297 341 5342 σεως
372 5282 429 5332 ἐν
463 5281 531 5350 τῇ
557 5279 717 5350 ἑορτῇ
744 5279 837 5333 τοῦ
860 5279 1094 5349 μεγάλου
1114 5280 1171 5332 ὲν
1187 5280 1360 5347 ἁγίοις
1386 5281 1596 5350 Πατρὸς
1616 5281 1774 5350 ἡμῶν

180 5374 296 5430 τοῦ
324 5375 713 5443 Χρυσοστόμου
741 5374 910 5442 συνῆν
938 5373 1079 5444 μετά
1110 5371 1219 5425 τῶν
1251 5374 1644 5443 ὴμφιεσμένων
1674 5374 1774 5445 τὴν

188 5465 490 5537 ἱερατικὴν
520 5465 712 5534 στολὴν
743 5464 836 5518 καί
870 5482 952 5529 τις
980 5466 1044 5517 ὲκ
1071 5465 1167 5535 τῆς
1218 5466 1517 5537 σεϐασμίας
1567 5466 1774 5536 βασιλι-

184 5559 304 5627 κῆς
333 5558 426 5611 τοῦ
458 5556 772 5628 Προδρόμου
811 5556 978 5628 μονῆς
1019 5558 1111 5611 τὶν
1148 5556 1242 5611 τοῦ
1268 5558 1515 5612 διακόνου
1560 5559 1771 5629 βαθμὸν

183 5653 341 5721 ἔχων
366 5649 696 5718 καλούμενος
728 5650 1052 5713 Θαλάσσιος,
1084 5650 1399 5721 ἔμπροσθεν
1425 5653 1521 5704 καὶ
1542 5652 1772 5719 ἔγγιστά

182 5760 343 5804 τινος
376 5742 735 5811 ἱερομονάχου
773 5742 1082 5811 ἱστάμενος,
1131 5743 1537 5813 ὀνομαζομένου
1575 5742 1765 5795 Ἰωαν-

187 5835 405 5899 νικίου,
431 5827 491 5887 οῦ
522 5833 588 5905 δὴ
622 5838 715 5889 καὶ
741 5832 832 5888 τὸν
864 5832 989 5889 νοῦν
1034 5837 1145 5900 τοῖς
1176 5834 1767 5907 ψαλλομένοιςπροσέ-

1882 4636 2109 4705 κλοπήν.
2138 4636 2395 4689 Ἔσονται
2415 4636 2705 4708 τοιγαροῦν
2725 4636 2774 4688 οἱ
2805 4634 3041 4707 τοιοῦτοι
3070 4634 3131 4687 τὸ
3163 4634 3274 4687 ἀπὸ
3327 4634 3450 4688 τοῦ-

1881 4730 1936 4783 δε
1973 4729 2415 4799 ἀποτετμημένοι
2445 4728 2540 4783 τοῦ
2570 4729 2678 4782 τῶν
2703 4710 2898 4799 ἱερέων
2930 4725 3121 4797 χοροῦ.
3198 4725 3357 4778 Ἐπεὶ
3389 4726 3447 4779 δὲ

1882 4822 1978 4874 καὶ
2007 4821 2116 4875 όὲκ
2144 4820 2238 4873 τοῦ
2271 4822 2509 4891 κὰστρου
2560 4821 2654 4874 τοῦ
2685 4821 3019 4890 Νικητιάτου
3071 4817 3446 4889 πρεσϐύτερος

1880 4912 2153 4987 Θεόδωρρς
2177 4914 2205 4965 6
2248 4910 2525 4982 Ῥαδηνὸς,
2557 4912 2750 4981 ῶσπερ
2785 4911 3181 4979 ἐπιλαθόμενος
3203 4910 3447 4981 πρέσϐυς

1879 5004 2017 5071 πρὸς
2048 5004 2183 5056 Θεὸν
2230 5005 2372 5075 ὑπὲρ
2404 5006 2516 5056 τῶν
2561 5004 2618 5069 ἐξ
2650 5003 2814 5057 αὑτοῦ
2846 5004 2911 5075 δὴ
2972 5003 3109 5057 Θεοῦ
3174 5003 3445 5071 βασιλέων

1878 5095 2108 5164 ὀφείλων
2130 5090 2292 5160 εἶναι,
2317 5097 2382 5166 τῇ
2407 5095 2541 5164 πρὸς
2593 5096 2791 5158 αὑτοὺς
2814 5095 3036 5165 δυσνοίᾳ
3060 5096 3302 5165 ἁντήσας
3332 5095 3446 5148 ἐκί-

1880 5204 2008 5257 νησε
2035 5186 2288 5255 γλῶσσαν
2321 5188 2559 5257 ματαίαν
2587 5190 2684 5242 καὶ
2728 5189 2884 5259 χείλη
2942 5188 3093 5242 δόλια
3146 5189 3243 5240 καὶ
3281 5187 3445 5256 βλασ-

1880 5280 2090 5349 φημίαν
2115 5280 2209 5332 καὶ
2230 5279 2442 5331 ἀδικίαν
2465 5282 2545 5343 είς
2572 5282 2634 5332 τὸ
2666 5280 2940 5350 βασίλειον
2992 5279 3124 5348 ὕψος
3176 5278 3432 5349 ἐλάλησε,

1878 5368 2107 5441 περιιὼν
2134 5369 2421 5436 ἀλλοτρίας
2450 5370 2654 5434 πόλεις,
2689 5367 2807 5424 εἶτα
2858 5370 2953 5423 καὶ¹
2984 5370 3216 5423 ἐνταῦθα
3247 5370 3440 5422 ἐπανι-

1876 5462 1951 5516 ὼν
1998 5462 2175 5533 ἤνοιξε
2205 5463 2265 5514 τδ
2312 5462 2486 5531 στόμα
2512 5465 2607 5517 καὶ
2637 5462 2874 5531 ἐξέχεεν,
2918 5461 2975 5514 ὃν
2996 5460 3222 5531 ἔτρεφεν
3249 5460 3314 5512 ὲκ
3337 5460 3436 5527 τῆς

1874 5557 2130 5627 τοιαύτης
2155 5558 2403 5620 δυσνοίας
2426 5558 2523 5611 ἱόνο
2551 5559 2626 5620 ῶς
2648 5558 2743 5610 καὶ
2772 5555 2939 5608 αὑτὸν
2974 5554 3268 5615 συνοδικῶς
3286 5569 3440 5624 παρ-

1877 5652 2163 5719 ιστάμενον
2219 5652 2315 5704 καὶ
2373 5651 2764 5719 ἐξεταζόμενον
2800 5655 2896 5704 καὶ
2945 5652 3069 5721 δίχα.
3099 5649 3243 5713 τινὸς
3280 5649 3437 5715 ἐλέγ-

1877 5761 2062 5818 χοντος
2092 5742 2497 5814 ἀνομολογῆσαι
2525 5746 2595 5796 τά
2623 5741 2876 5809 τοιαῦτα,
2944 5744 3104 5797 ἅτινα
3134 5743 3229 5794 καὶ
3275 5742 3437 5812 ἡμεῖς

1877 5837 2065 5900 ἀκοαῖς
2102 5834 2458 5905 ἀπαράδεκτα
2510 5833 2797 5905 κρίναντες
2834 5836 2955 5890 οὑδὲ
2993 5838 3291 5910 προφέρειν
3316 5834 3435 5889 δέον
