3940 6550
403 406 543 474 1119

1364 409 1692 473 JOANNIS
1731 409 1993 472 GLYCIS
2032 407 2143 471 (ΞΡ.
2188 407 2707 471 ΡΑΤΒῐΑΒΟΗᾹζ

3518 404 3659 467 1120

399 524 491 593 ρία
518 520 658 591 ήτοῦ
700 518 959 591 Γαϐριὴλ,
994 521 1091 575 καὶ
1139 521 1427 594 ἀνέφερεν,
1484 522 1561 588 ὡς
1616 524 1784 595 ἀνδρα
1835 522 1975 577 κατά
2006 532 2049 591 Α
2079 522 2220 594 πρὸς
2247 522 2347 593 τὴν
2374 523 2567 593 χρείαν
2589 523 2861 592 ἐξαρκεῖν,
2897 521 2997 593 τὴν
3030 522 3260 594 δυνατὴν
3306 520 3669 591 προμήθειαν·

393 614 594 684 νόμους
624 604 735 683 εἶχέ
757 630 875 666 τινα
904 613 1198 684 Θεόδωρον,
1231 612 1569 684 καλούμενον
1626 616 1719 670 106
1768 616 1969 687 Μαμά-

393 705 552 774 τξην,
589 706 681 757 καὶ
703 702 893 758 τούτου
919 705 1010 758 10v
1042 704 1156 774 βίον
1180 705 1666 769 ἀπολιπόντοςέπὶ
1697 705 1845 760 παιδὶ
1870 706 1971 759 οὐκ

394 797 623 867 ἠθέλησε
654 796 925 866 δευτέροις
957 798 1218 868 ὁμιλῆσαι
1284 800 1504 869 γάμοις,
1556 799 1678 853 ἀλλ’
1731 798 1879 854 ἔστιν
1911 799 1969 853 ὲν

398 889 719 959 σωφροσύνῃ
768 889 1029 955 διάγουσα
1080 892 1174 945 καλ.
1232 891 1329 961 τῆς
1368 890 1550 961 ψυχῆς
1608 892 1972 962 φροντίζουσα

394 980 488 1033 τοῦ
527 982 740 1048 ἀνδρός.
776 977 909 1035 Εἶτα
945 982 1081 1050 μετά
1108 984 1405 1037 δεκαπέντε
1441 985 1536 1036 νῦν
1587 985 1816 1054 χρόνους
1878 983 1973 1037 καὶ

395 1072 487 1123 τοῦ
528 1074 716 1135 παιδὸς
744 1074 1173 1143 τελευτήσαντος
1201 1076 1503 1145 πειρῶνται
1531 1078 1581 1129 οί
1612 1075 1972 1145 άνδράδελφοι

395 1164 601 1232 ταύτην
626 1166 947 1232 ἀφελέσθαι,
978 1169 1044 1237 ἢν
1074 1168 1269 1238 ἐκείνῳ
1298 1168 1361 1236 δὴ
1390 1168 1468 1233 τῷ
1496 1168 1597 1237 υίῷ
1628 1167 1797 1237 αὐτῆς
1842 1167 1974 1236 ἀνή-

397 1274 601 1310 κουσαν
638 1261 835 1329 μερίδα
860 1264 1131 1330 παρέσχον
1160 1262 1224 1315 ἐκ
1279 1259 1377 1315 τοῦ
1422 1260 1800 1330 περιελθόντος
1850 1259 1973 1312 τού-

396 1365 509 1411 τοις
539 1352 818 1421 κτήματος
856 1353 963 1404 ἀπδ
994 1352 1363 1423 κληρονομίας
1390 1354 1485 1407 τοῦ
1514 1352 1721 1422 πατρὸς
1771 1351 1971 1416 αὐτῶν,

396 1440 678 1492 ἀδιαθέτου
748 1442 807 1494 τὸ
870 1433 1045 1512 χρεὼν
1101 1444 1620 1514 λειτουργήσαντος,
1684 1439 1745 1497 οὗ
1811 1441 1973 1512 χάριν

398 1532 491 1583 καὶ
554 1531 749 1602 ἐδεήθη
804 1534 901 1601 τῆς
947 1534 1105 1604 ήμῶν
1159 1536 1529 1607 μετριότητος.
1584 1535 1853 1603 Παρόντες
1917 1533 1975 1586 δέ

397 1621 475 1688 τῷ
534 1621 872 1694 δικαστηρίῳ
936 1626 1030 1678 καί
1076 1625 1127 1677 οί
1179 1624 1410 1679 τοιοῦτοι
1462 1624 1833 1695 ἀνδράδελφοι,
1879 1623 1975 1677 καὶ

397 1710 465 1762 τὰ
486 1712 751 1780 εἰρημένα
798 1714 894 1783 τῆς
951 1713 1168 1785 νύμφης
1227 1715 1431 1786 ταύτης
1489 1714 1554 1785 δὴ
1605 1714 1704 1783 τῆς
1754 1712 1972 1785 Μαρίας

398 1800 699 1871 διεξιούσης
757 1803 1070 1869 ἀκούοντες,
1123 1800 1297 1859 ταυτά
1345 1806 1443 1873 μὲν
1492 1800 1633 1876 ἦσαν
1681 1804 1775 1857 καὶ
1819 1804 1975 1857 αὐτοὶ

2073 614 2477 669 ἐπιδείκνυσθαι
2518 615 2607 668 καὶ
2658 614 2718 666 10
2745 613 2922 668 ἐνδέον
2978 614 3344 684 ἀναπληροῦν,
3392 612 3460 665 ἵν’
3512 611 3653 664 οῦτιτ

2072 709 2169 762 καὶ
2192 706 2344 761 αὐτοὶ
2374 708 2636 777 ἀνενδότῳ
2667 706 2830 777 ἔχωσι
2872 706 3156 779 προθυμίᾳ
3214 704 3662 774 συνεφάπτεσθαι

2074 800 2172 854 καὶ
2206 800 2805 866 συναντιλαμϐάνεσθαι
2831 800 2941 854 τῶν
2993 799 3379 869 πνευματικῶν
3424 798 3663 864 ἀγώνων

2052 890 2234 961 ⁹αὐτῇ.
2271 892 2523 955 Τοιοῦτος
2556 892 2619 961 δὴ
2647 891 2724 944 ὢν
2747 891 3009 961 τυγχάνει
3044 890 3139 943 καὶ
3167 892 3195 943 ό
3224 888 3517 959 ίερώτατος
3551 906 3663 956 μη-

2072 984 2397 1053 τροπολίτης
2428 984 2791 1051 Χαλκηδόνος,
2816 983 3142 1052 ὕπέρτιμο·,
3198 982 3257 1034 ἐν
3287 980 3429 1050 άγίῳ
3491 979 3667 1033 Πνεύ-

2079 1090 2211 1145 ματι
2247 1074 2531 1145 ἀγαπητὸς
2564 1073 2793 1143 ἀδελφὸς
2824 1075 2925 1143 τῆς
2958 1073 3117 1143 ήμῶν
3149 1073 3505 1143 μετριότητος
3561 1072 3667 1124 καὶ

2082 1165 2513 1236 συλλειτουργδς,
2550 1166 2683 1220 πολὺ
2716 1169 2814 1236 μὲν
2835 1167 2939 1221 κάν
2988 1168 3099 1228 τοῖς
3128 1164 3360 1232 καιρίοις
3398 1164 3460 1217 10
3516 1164 3656 1231 παρ’

2076 1259 2268 1315 ἐαυτοῦ
2298 1259 2568 1330 χρήσιμον
2596 1260 2992 1329 παρεχόμενος,
3029 1259 3171 1328 ῑχων
3203 1258 3260 1312 δέ
3288 1259 3439 1323 ὅμως
3460 1257 3667 1319 ἐνδεῶς

2074 1348 2175 1415 τῆς
2206 1348 2590 1419 προσηκούσης
2620 1349 2953 1418 αὐταρκείας
2978 1350 3150 1416 αύτῷ.
3205 1348 3407 1402 Μέντοι
3437 1349 3553 1412 καὶ,
3582 1345 3666 1408 ὡς

2076 1441 2344 1509 προσῆκε,
2404 1440 2908 1509 προμηθευσαμένη
2963 1440 3154 1493 τούτου
3207 1441 3240 1511 ή
3282 1440 3574 1511 μετριότης
3598 1440 3667 1508 ήο

2080 1529 2198 1599 μῶν
2231 1531 2380 1599 κοινῇ
2414 1528 2582 1599 ψήφῳ
2639 1529 2731 1581 καὶ
2760 1529 2941 1598 κρίσει
2993 1529 3088 1582 καὶ
3146 1527 3255 1581 τῶν
3307 1526 3437 1597 περὶΙ
3489 1526 3669 1597 αὐτὴν

2080 1602 2390 1689 ἱερωτάτων
2419 1618 2745 1691 ἀρχιερέων,
2769 1620 2862 1673 τοῦ
2893 1620 3243 1689 Ἡρακλείας,
3268 1618 3361 1673 τοῦ
3386 1618 3666 1688 Σάρδεων,

2075 1711 2171 1764 τοῦ
2206 1712 2594 1782 Νικομηδείας,
2642 1712 2737 1765 τοῦ
2789 1713 3048 1781 Νικαίας,
3102 1712 3196 1766 τοῦ
3243 1711 3664 1782 Μονεμσασίας,

2076 1802 2169 1857 τοῦ
2205 1804 2695 1874 Ποντοηρακλείας,
2720 1806 2815 1859 τοῦ
2843 1804 3116 1877 Προύσης.
3172 1804 3488 1874 Περγάμου,
3547 1803 3649 1857 τοῦ

400 1890 913 1959 συνομολογοῦντες,
942 1895 1264 1961 διετείνοντο
1302 1872 1359 1948 δέ
1388 1872 1535 1965 ὅμως
1568 1896 1631 1949 ἐν
1682 1893 1760 1964 τῷ
1798 1894 1974 1966 μέρει,
2011 1872 2052 1928 Β
2080 1894 2309 1963 Μύρων,
2360 1872 2455 1946 τοῦ
2506 1872 2976 1963 Χριστουπόλεως,
3034 1872 3130 1947 τοῦ
3180 1872 3502 1964 Δυρραχίου,
3562 1892 3665 1945 106

396 1980 581 2035 δοῦναι
606 1972 831 2046 τούτους
878 1985 1015 2055 πρὸς
1040 1986 1129 2039 τὸν
1161 1986 1382 2057 ἀνεψιὸν
1406 1987 1505 2059 τὴν
1532 1986 1788 2057 τοιαύτην
1826 1986 1980 2056 μερί-

400 2073 468 2125 δα
502 2075 596 2127 καὶ
626 2075 869 2140 δικαίους
900 2074 1041 2131 εἷναι
1100 2080 1283 2145 πάλιν,
1328 2080 1543 2133 ἐκείνου
1593 2077 1975 2148 παρελθόντος,

398 2164 603 2237 ταύτην
642 2168 850 2223 λαϐεῖν.
883 2170 1091 2239 Διέγνω
1120 2167 1213 2226 οῦν
1243 2175 1275 2243 ή
1310 2173 1603 2243 μετριότης
1632 2171 1792 2242 ἡμῶν
1840 2170 1980 2239 μετά

398 2255 504 2307 τῶν
537 2257 665 2325 περὶ
705 2258 876 2329 αὐτὴν
928 2261 1236 2330 ίερωτάτων
1278 2262 1603 2332 ἀρχιερέων,
1659 2260 1756 2313 τοῦ
1812 2258 1979 2328 Ἥρα-

398 2347 603 2411 κλείας,
644 2350 738 2403 106
771 2353 1041 2423 Σάρδεων,
1075 2354 1168 2407 τοῦ
1190 2353 1579 2424 Νικομηδείας.
1611 2350 1703 2405 τοῦ
1726 2349 1977 2415 Νικαίας,

398 2437 494 2491 τοῦ
554 2441 921 2511 Χαλκηδόνος,
968 2445 1064 2498 τοῦ
1104 2446 1510 2515 Μονεμὸασίας,
1552 2444 1645 2498 τοῦ
1699 2442 1976 2514 Προύσης,

398 2528 493 2582 τοῦ
528 2532 846 2603 Περγάμου,
876 2534 970 2587 τοῦ
1000 2536 1241 2607 Σερῤὦν,
1263 2537 1357 2591 τοῦ
1387 2537 1858 2605 Χριστουπόλεως,
1884 2537 1977 2590 τοῦ

401 2624 731 2692 Δυρραχίου,
768 2626 861 2677 τοῦ
894 2627 1233 2699 Μιτυλήνης,
1262 2628 1356 2683 τοῦ
1408 2629 1634 2699 Βιζύης,
1692 2630 1787 2682 τοῦ
1842 2628 1977 2682 Κίου

400 2710 609 2763 καὶτοῦ
651 2713 911 2781 Μηδείας,
943 2716 1019 2784 μὴ
1048 2716 1194 2787 ἔχειν
1217 2719 1356 2782 ὅλως
1388 2721 1454 2773 ἐκ
1507 2719 1618 2772 τῶν
1682 2718 1844 2789 ίερῶν
1895 2716 1981 2772 νό-

404 2818 524 2868 μων
545 2802 913 2872 δικαιολογίαν
936 2807 1061 2870 τοὺς
1102 2808 1499 2879 ἀνδραδέλφους
1551 2810 1645 2863 ἐπὶ
1685 2814 1752 2882 τῇ
1804 2808 1977 2880 δηλω-

404 2893 561 2963 θείσῃ
593 2894 774 2965 μερίδι
804 2912 817 2925 ·
847 2897 972 2949 ἐπεὶ
995 2899 1105 2968 γάρ
1143 2900 1237 2953 τοῦ
1268 2902 1472 2971 πατρὸς
1501 2902 1684 2955 αὐτῶν
1732 2902 1863 2955 ῐδιον
1910 2895 1979 2972 ἦν

402 2984 466 3035 10
496 2984 703 3051 κτῆμα,
736 2986 830 3039 καλ⁵
851 2986 926 3051 ὡς
954 2989 1016 3041 10
1040 2991 1334 3058 πρόσωπον
1362 2994 1583 3064 φέροντι
1618 2992 1713 3047 τοῦ
1746 2993 1977 3063 ἀδελφοῦ

403 3071 665 3125 δεδώκασι
690 3076 786 3127 καὶ
818 3076 893 3145 τῷ
915 3078 1122 3149 ἀνεψιῷ
1145 3080 1207 3132 τὸ
1227 3081 1451 3151 ἀνῆκον,
1487 3082 1587 3153 οὐχ
1620 3077 1769 3138 οῦτοι
1803 3083 1978 3137 δίκαι-

2078 1986 2415 2056 Μιτυλήνης,
2446 1984 2540 2039 τοῦ
2572 1985 2797 2057 Βιζύης,
2829 1985 2922 2039 τοῦ
2955 1988 3089 2039 Κίου
3124 1986 3221 2040 καὶ
3253 1984 3348 2039 τοῦ
3393 1984 3665 2053 Μηδείας,

2080 2076 2360 2147 παρέσχεν
2390 2076 2540 2146 αὐτῷ
2571 2078 2713 2130 κατὰ
2738 2077 2898 2146 λόγον
2925 2078 3221 2141 ἐπιδόσεως
3282 2076 3381 2147 τὴν
3422 2076 3667 2143 ἁγιωτά-

2079 2184 2181 2238 την
2206 2167 2645 2238 ἀρχιεπισκοπὴν
2704 2170 3053 2239 Μαρωνείας,
3098 2168 3223 2222 ὅθεν
3286 2169 3381 2222 καὶ
3438 2166 3667 2232 καθέξει

2079 2261 2250 2332 αὐτὴν
2271 2264 2299 2315 ὁ
2328 2263 2489 2326 0610;
2516 2263 2807 2334 ἱερώτατος
2863 2262 3270 2334 μητροπολίτης
3319 2260 3668 2330 Χαλκηδόνος

2080 2354 2173 2406 καὶ
2202 2352 2503 2423 ὑπέρτιμος
2535 2356 2631 2408 καὶ
2683 2358 2751 2408 τά
2811 2354 2903 2408 ὑπ’
2956 2351 3127 2423 αὐτὴν
3174 2352 3374 2416 πάντα,
3422 2350 3520 2404 καὶ
3578 2350 3668 2401 ἐπ’

2078 2444 2260 2505 ἀδείας
2281 2444 2394 2507 ἱξει
2435 2446 2739 2516 ἱερουργεῖν
2759 2447 2816 2499 ἐν
2838 2444 2975 2516 αὐτῇ
3002 2445 3097 2498 καὶ
3131 2444 3412 2505 διακόνους
3465 2441 3665 2512 προδι-

2080 2534 2268 2596 δάζειν
2297 2534 2393 2587 καὶ
2454 2536 2881 2606 πρεσδυτέρους,
2939 2538 3021 2589 ἔτι
3072 2536 3128 2589 δὲ
3180 2534 3274 2587 καὶ
3325 2532 3667 2603 ἡγουμένους

2078 2623 2430 2693 ἐγκαθιστᾷν,
2453 2626 2548 2677 καὶ
2575 2625 2764 2690 ἀπλῶς
2790 2626 2901 2679 τῶν
2930 2626 3148 2697 ἐκείνης
3172 2628 3386 2681 πάντων
3411 2625 3663 2696 μεθέξει,

2078 2717 2178 2771 ὅσα
2195 2732 2261 2784 γε
2294 2717 2385 2768 καὶ
2418 2716 2643 2785 γνήσιος
2670 2718 2989 2787 ἀρχιερεὺς,
3036 2718 3165 2773 ἀνευ
3198 2719 3385 2786 μέντοι
3418 2719 3521 2787 τῆς
3572 2717 3667 2770 τοῦ

2082 2807 2228 2877 ίεροῦ
2284 2808 2574 2877 συνθρόνου
2634 2809 3093 2879 ἐγκαθιδρύσεως.
3142 2810 3305 2865 Ὅθεν
3356 2810 3670 2879 ὀφείλουσιν

2078 2899 2133 2953 οῐ
2160 2917 2219 2953 τε
2262 2900 2518 2972 κληρικοὶ
2552 2902 2650 2971 τῆς
2712 2900 3047 2972 δηλωθείσης
3086 2902 3395 2972 ἁγιωτάτης
3434 2901 3673 2970 Ἐκκλη-

2080 2990 2200 3052 σίας
2230 2990 2556 3062 Μαρωνείας
2608 2991 2702 3045 καὶ
2756 2992 2806 3045 οί
2867 2992 2973 3045 ὑπὸ
3030 2993 3128 3063 τὴν
3184 2994 3401 3061 ἐνορῖαν
3462 2991 3673 3058 ταύτης

2076 3082 2356 3147 τελοῦντες
2423 3085 2518 3138 καὶ
2563 3086 2943 3156 πνευματικὴν
2997 3086 3372 3155 ἐπικράτειαν,
3429 3084 3671 3154 ἱερωμέ-

404 3164 454 3215 οί
486 3166 590 3216 είσι
623 3166 743 3219 κατ’
791 3166 988 3231 αὐτοὺς
1038 3171 1165 3233 τοὺς
1220 3170 1397 3235 θείους
1444 3174 1639 3243 νόμους
1687 3175 1976 3245 ἀναζητεῖν
2004 3222 2045 3246 ί,
2081 3190 2183 3240 νοι,
2224 3176 2551 3244 μονάζοντες
2604 3177 2698 3232 καὶ
2750 3176 2813 3229 10
2853 3177 3039 3231 λοιπὸν
3079 3175 3473 3246 Χριστώνυμον
3533 3174 3675 3242 πλήν

404 3255 560 3309 τοῦτο
618 3257 995 3329 κληρονομεῖν,
1028 3262 1144 3316 ἀλλ’
1186 3263 1299 3328 ἔξει
1359 3264 1460 3335 τὴν
1497 3266 1687 3319 τούτου
1722 3267 1977 3338 κληρονο-

408 3349 539 3417 μίαν
592 3352 673 3413 είς
731 3352 1094 3423 ἀναφαίρετον
1149 3355 1183 3425 ή
1239 3356 1448 3409 ἐκείνου
1513 3359 1732 3427 μήτηρ,
1792 3357 1861 3411 δι’
1919 3358 1979 3412 ὃν

404 3437 471 3504 δὴ
548 3443 643 3494 καὶ
703 3442 772 3495 τά
846 3443 940 3496 τοῦ
1004 3446 1196 3518 ἀνδρὸς
1261 3448 1706 3519 ἐκληρονόμησε.
1779 3487 1800 3507 .
1865 3486 1881 3505 .
1958 3488 1978 3506 .

407 3532 730 3603 πράγματα,
788 3536 908 3589 ὅθεν
956 3540 1048 3591 καὶ
1097 3540 1371 3609 ὀφείλουσι
1416 3542 1722 3595 παύσεσθαι
1775 3544 1825 3595 οἱ
1874 3563 1982 3599 τοι·

406 3625 553 3678 οὗτοι
612 3627 964 3697 ἀνδράδελφοι
1037 3630 1106 3683 δι’
1156 3631 1339 3701 ὄχλου.
1388 3671 1405 3688 .
1478 3673 1494 3690 .
1549 3672 1567 3690 .
1604 3635 1795 3688 τούτου
1824 3637 1982 3706 χάριν

408 3722 601 3791 αὑτήν.
632 3722 733 3776 Διά
790 3724 900 3795 γάρ
951 3725 1110 3779 τοῦτο
1171 3728 1270 3780 καὶ
1339 3729 1401 3781 10
1472 3730 1645 3799 παρὸν
1705 3732 1984 3786 συνοδικδν

408 3816 643 3885 γράμμα
706 3816 806 3885 τῆς
876 3817 1034 3886 ἡμῶν
1104 3819 1457 3890 μετριότητος
1504 3821 1610 3891 (τῇ
1675 3822 1984 3893 διαληφθεί-

411 3906 723 3977 σῃ)λ1αρίᾳ
780 3909 846 3977 τῇ
902 3906 997 3961 τοῦ
1067 3907 1308 3979 Γαϐριὴλ
1364 3912 1443 3974 είς
1504 3910 1803 3981 ἀσφάλειαν
1862 3913 1984 3965 ἐπι-

407 3997 638 4051 δέδοται.

479 4089 520 4161 -ι-
560 4086 773 4159 Εἶχε..
804 4129 857 4147 ..

411 4249 575 4306 XXV.
607 4251 846 4320 Synodus
878 4253 1229 4323 metropolin
1275 4252 1620 4309 Chalcedonis
1651 4254 1856 4323 confert
1900 4274 1986 4311 ar-

548 4324 988 4393 clu'episwpalum
1020 4325 1285 4379 Maronea:
1306 4342 1399 4397 per
1434 4328 1841 4397 adjuncu'onem.

479 4458 521 4529 ἰ-
562 4458 843 4529 Προσῆκον
865 4460 1027 4530 ἔργον
1050 4460 1157 4528 ἀρα
1192 4462 1307 4524 τοῖς
1352 4461 1608 4531 λαχοῦσιν
1654 4461 1843 4533 ἄρχειν
1891 4465 1987 4519 καὶ

2084 3282 2267 3337 ρωμα,
2298 3266 2552 3332 δέξασθαι
2581 3265 2772 3321 τοῦτον
2806 3270 2901 3323 καὶ
2927 3268 3016 3323 διά
3055 3268 3235 3339 πάσης
3268 3267 3423 3335 ἀγειν
3479 3266 3673 3331 αἰδοῦς

2084 3358 2177 3409 καὶ
2201 3358 2368 3427 τιμῆς
2400 3358 2493 3411 καὶ
2547 3359 2647 3428 τὴν
2711 3360 3093 3431 προσήκουσαν
3150 3358 3428 3428 ὑποταγὴν
3490 3358 3672 3427 τούτῳ

2082 3449 2179 3501 καὶ
2210 3447 2523 3502 εὐπείθειαν
2554 3450 2851 3519 ἀπονέμειν
2902 3452 2978 3515 ὡς
3031 3452 3280 3521 ἀρχιερεῖ
3328 3449 3515 3504 αὐτῶν
3576 3449 3672 3501 καὶ

2085 3542 2254 3612 πατρὶ
2277 3543 2369 3596 καὶ
2398 3543 2700 3614 διδασκάλῳ
2729 3544 3111 3615 πνευματικιῖῃ
3176 3544 3265 3613 ἐφ’
3308 3539 3393 3606 οἷς
3449 3544 3517 3596 ἂν
3576 3543 3669 3596 611‘

2084 3634 2255 3689 06106
2293 3635 2629 3691 νουθετοῖντο
2664 3639 2758 3692 καὶ
2783 3639 3161 3692 ἐπιτάττοιντο
3199 3637 3335 3706 πρὸς
3386 3637 3670 3706 σωτηρίαν

2087 3727 2430 3782 συντείνουσι
2453 3728 2562 3782 τῶν
2620 3728 2807 3799 ψυχῶν
2874 3729 3074 3783 αὐτῶν.
3122 3729 3243 3805 Ἐπὶ
3311 3730 3488 3799 τούτῳ
3555 3728 3667 3797 γὰρ

2086 3819 2181 3872 καὶ
2214 3818 2275 3871 τὸ
2324 3820 2500 3889 παρὸν
2537 3821 2818 3875 συνοδικδν
2843 3821 3074 3894 γράμμα
3103 3825 3201 3893 τῆς
3228 3821 3389 3891 ήμῶν
3452 3822 3668 3891 μετριό-

2086 3928 2249 3980 τητος
2272 3910 2450 3983 τούτῳ
2477 3912 2542 3983 δὴ
2576 3912 2654 3985 τῷ
2688 3914 3038 3983 διαληφθέντι
3071 3916 3355 3987 ίιρωτάτῳ
3390 3930 3665 3984 μητροπο-

2085 4004 2210 4077 Mm
2241 4004 2581 4076 Χαλκηδόνος
2612 4007 2708 4061 καὶ
2761 4006 3069 4079 ύπερτίμῳ,
3104 4010 3163 4062 ἐν
3208 4008 3349 4079 ἀγίῳ
3385 4006 3663 4076 Πνεύματι

2086 4095 2356 4167 ἀγαπητῷ
2391 4096 2605 4167 ἀδελφῷ
2628 4099 2729 4168 τῆς
2758 4099 2919 4169 ήμῶν
2943 4102 3299 4171 μετριότητος
3323 4102 3420 4153 καὶ
3456 4097 3665 4151 συλλει-

2084 4189 2324 4261 τουργῷ,
2364 4190 2445 4253 είς
2480 4191 2779 4261 ἀσφάλειαν
2810 4192 3133 4247 ὲπιδέδοται.

2088 4345 2276 4405 XXVI.
2309 4346 2550 4419 Synodu:
2576 4351 2806 4423 concedi:
2845 4362 2901 4406 ut
2942 4353 3044 4405 duo
3076 4352 3292 4406 lectores
3319 4368 3661 4423 promovean-

2473 4431 2561 4474 tur
2595 4422 2662 4474 ad
2686 4423 3025 4476 diaconatum
3053 4435 3301 4494 gradum.

415 4551 707 4603 ίδιαίτατον
743 4552 978 4620 μάλιστα
1021 4552 1130 4603 τῶν
1166 4552 1629 4621 συνδιαφερόντων
1680 4545 1861 4618 αὐτοῖς
1891 4556 1986 4619 τάς
2020 4560 2066 4616 D
2163 4556 2202 4611 Ι.
2244 4557 2287 4628 -ι-
2323 4558 2469 4627 Μηνὶ
2494 4559 2847 4631 Φεϐρουαρίῳ
2880 4562 2976 4615 ίνδ.
3006 4562 3066 4615 ιδ’
3097 4564 3283 4633 ἐδέησε
3321 4564 3398 4635 τῷ
3428 4566 3535 4619 ἀπὸ
3567 4565 3663 4633 τῆς

412 4645 506 4697 ἐπὶ
534 4643 632 4711 τῆς
671 4644 843 4711 ἀρχῆς
873 4643 1176 4711 φροντίδας,
1211 4644 1298 4712 ἐφ’
1349 4639 1433 4708 οἷς
1486 4645 1798 4714 ἀναγκαίως
1857 4645 1989 4719 χρῄ-

410 4736 567 4799 ζουσι
612 4735 1056 4805 προμηθεύεσθαι
1092 4738 1186 4789 καὶ
1220 4736 1483 4799 ἀνενδεεῖς
1514 4738 1779 4809 καθιστᾷν
1808 4756 1988 4807 πραγ-

413 4827 802 4896 ματευομένοις
823 4826 913 4879 τὸν
933 4827 1132 4897 τρόπον
1163 4827 1351 4882 τοῦτον
1382 4830 1476 4883 καὶ
1508 4830 1984 4899 οίκονομουμένοις

409 4920 473 4971 τὸ
500 4918 756 4988 ἐπίμονον
779 4918 921 4988 ἔχειν
955 4920 1198 4984 ἐκείνους
1241 4922 1333 4975 καὶ
1374 4922 1602 4992 ἀντέχον
1621 4922 1717 4975 καὶ
1740 4925 1987 4990 γενναῖον

412 5014 540 5080 περὶ
590 5013 687 5075 τὰς
750 5014 1115 5081 προκειμένας
1144 5014 1235 5067 καὶ
1266 5015 1552 5084 φροντίδας
1576 5018 1672 5067 καὶ
1705 5017 1983 5084 ἐργασίας,

410 5104 538 5157 ὥστ’
571 5100 709 5157 εῐναι
748 5105 840 5157 καὶ
879 5106 1096 5169 ίκανοὺς
1112 5108 1207 5160 καὶ
1238 5108 1550 5178 προθύμους
1580 5108 1989 5175 συναγωνιστάς

415 5202 505 5251 καὶ
522 5198 922 5269 συλλήπτορας,
959 5199 1081 5251 ἐπεὶ
1100 5199 1210 5252 τῶν
1242 5202 1648 5270 συναιρομένων
1675 5202 1985 5270 ἀμελουμέ-

415 5307 520 5341 νων
554 5290 765 5360 ἀνάγκη
796 5292 943 5343 πᾶσα
974 5292 1066 5344 καὶ
1095 5291 1293 5354 αὐτοὺς
1321 5292 1379 5344 τό
1406 5293 1455 5360 γ’
1482 5292 1537 5358 ἐξ
1564 5293 1787 5346 ἐκείνων
1822 5282 1988 5362 μέρος

413 5382 751 5448 ἐλλελεῖφθαι
775 5383 872 5450 τῆς
910 5380 1292 5452 προσηκούσης
1350 5383 1608 5450 σπουδῆς.
1667 5382 1853 5437 Ταῦτά
1905 5400 1987 5436 τοι

414 5476 507 5525 καὶ
535 5475 567 5543 ἡ
592 5474 881 5543 μετριότης
904 5474 1178 5543 ήμῶν,ῶς
1214 5474 1274 5526 ’ἐν
1312 5490 1365 5527 τι
1402 5473 1512 5527 τῶν
1572 5473 1806 5542 μάλιστα
1848 5476 1990 5528 εἰκό-

414 5583 544 5629 των,
581 5566 867 5633 μᾶλλονδὲ
904 5568 999 5620 καὶ
1065 5568 1607 5636 ἀναγκαιοτάτωνβν
1660 5568 1860 5638 σπουδῇ
1921 5570 1987 5640 τῇ

416 5659 774 5727 προσηκούσῃ
812 5659 909 5711 σὺν
927 5657 1044 5728 Θεῷ
1083 5659 1313 5723 τίθεται,
1350 5658 1443 5710 καὶ
1477 5656 1759 5727 φροντίδος
1804 5660 1861 5711 06
1891 5659 1989 5729 τῆς

416 5746 705 5819 ἐλαχίστης
764 5749 924 5815 ἀξιοῖ,
958 5749 1099 5803 ὥστε
1138 5754 1251 5815 τοῖς
1294 5750 1369 5820 μὴ
1417 5750 1614 5813 ἱκανῶς
1665 5748 1876 5818 ἔχουσιν
1927 5753 1990 5805 ἐκ

422 5840 532 5894 τῶν
560 5840 687 5909 περὶ
721 5840 889 5912 αὐτὴν
922 5842 1229 5913 ίερωτάτων
1282 5840 1611 5915 ἀρχιερέων
1646 5840 1859 5906 ἑαυτοῖς
1921 5843 1989 5897 τὰ

2092 4649 2276 4719 χώρας
2308 4652 2417 4703 τῶν
2448 4652 2854 4723 Μαμουδέρτων
2891 4656 3109 4727 Μιχαὴλ
3142 4656 3222 4726 τῷ
3255 4657 3548 4728 Σγουρανῷ
3584 4659 3662 4717 είς

2094 4741 2453 4813 ἀναγνώστην
2509 4743 2886 4816 εὑρισκομένῳ
2939 4747 3375 4817 προδιδασθῑψαι
3434 4750 3513 4810 είς
3568 4750 3659 4800 τὸν

2092 4830 2186 4884 τοῦ
2212 4831 2459 4885 διακόνου
2503 4832 2731 4903 βαθμὸν,
2765 4835 2861 4887 καὶ
2893 4837 3119 4907 ἐκινήθη
3162 4838 3319 4906 λόγος
3350 4839 3657 4901 συνοδικῶς,

2092 4922 2166 4985 ὡς
2192 4922 2297 4992 πρὸ
2320 4925 2485 4993 τρῶν
2540 4925 2640 4996 ήδη
2698 4928 2903 4996 χρόνων
2938 4928 3211 5000 προσῆλθε
3261 4930 3339 5001 τῷ
3391 4930 3663 5000 ἱερωτάτη»

2096 5015 2468 5086 μητροπολίτῃ
2520 5017 2907 5088 Νικομηδείας,
2964 5020 3251 5090 ύπερτίμῳ
3309 5022 3405 5074 καὶ
3454 5021 3659 5090 ἐξάρχῳ

2093 5107 2275 5176 πάσης
2298 5107 2573 5171 Βιθυνίας,
2605 5109 2698 5162 ἐπὶ
2750 5109 2827 5177 τῷ
2857 5112 3260 5181 σφραγισθῆναι
3312 5116 3392 5174 είς
3422 5112 3661 5178 ἀναγνώ-

2095 5216 2227 5269 στην
2264 5201 2388 5268 παρ’
2421 5201 2610 5269 αὐτοῦ,
2643 5204 2737 5257 καὶ
2783 5205 2867 5256 ὅτι
2919 5205 2995 5274 μὴ
3058 5200 3174 5274 εἶχε
3226 5204 3529 5275 μαρτυρίας
3576 5205 3637 5269 ἐγ

2094 5294 2358 5361 γράφους,
2399 5292 2583 5356 καθὼς
2610 5297 2943 5363 νενόμισται,
2976 5300 3077 5351 οὐκ
3106 5298 3263 5366 ἔτυχε
3288 5298 3384 5351 τοῦ
3410 5299 3659 5365 αίτουμέ-

2095 5397 2187 5433 νου
2224 5396 2239 5410 ·
2273 5380 2514 5449 ζητήσας
2547 5382 2605 5435 δὲ
2628 5384 2757 5446 τοὺς
2785 5385 2993 5448 είὸότας
3014 5388 3083 5439 τὰ
3116 5386 3237 5440 κατ’
3268 5387 3433 5439 αὐτὸν
3468 5388 3655 5455 κληριε-

2094 5472 2223 5533 κους
2250 5472 2343 5526 τοῦ
2392 5473 2539 5526 θείου
2574 5473 2704 5527 ναοῦ
2736 5475 2831 5527 τοῦ
2868 5476 3026 5543 ἁγίου
3063 5478 3544 5547 μεγαλομάρτυρος
3569 5477 3655 5530 καὶ

2093 5564 2492 5634 τροπαιοφόρου
2528 5565 2822 5635 Γεωργίου,
2855 5568 2932 5630 ὡς
2966 5569 3029 5623 ἂν
3058 5562 3205 5622 οὗτοι
3238 5570 3471 5623 δώσουσι
3526 5586 3656 5639 μαρ-

2094 5658 2286 5727 τυρίας
2309 5658 2449 5728 ὑπὲρ
2468 5657 2658 5721 αὐτοῦ,
2682 5660 2749 5712 τὰ
2774 5661 2965 5730 πρῶτα
3003 5661 3101 5730 μὲν
3133 5662 3232 5716 οὐκ
3262 5662 3527 5732 ἐποίησαν
3543 5660 3654 5713 τοῦ·

2096 5768 2175 5816 το,
2201 5751 2446 5814 εἰπόντες
2477 5752 2614 5821 πρὸς
2639 5752 2729 5805 τὸν
2771 5752 2932 5807 αὑτὸν
2990 5753 3283 5823 ίερώτατον
3335 5754 3651 5824 μητροπολί-

2095 5860 2193 5913 την
2225 5840 2611 5913 Νικομηδείας,
2666 5844 2812 5917 ἔχειν
2869 5845 2929 5910 ἐξ
2966 5846 3153 5917 ἀκοῆς,
3204 5848 3286 5901 ὅτι
3341 5846 3649 5919 σταυρικ.ὺς
