  <div class='ocr_page' id='page_1' title='image "/cluster/home/n/w/nwhite01/storage/ocr_20150623/152/hvd.32044019208404/572.png"; bbox 0 0 3866 6560; ppageno 0'>
   <div class='ocr_carea' id='block_1_1' title="bbox 200 391 330 458">
    <p class='ocr_par' dir='ltr' id='par_1_1' title="bbox 200 391 330 458">
     <span class='ocr_line' id='line_1_1' title="bbox 200 391 330 458; baseline -0.015 0"><span class='ocrx_word' id='word_1_1' title='bbox 200 391 330 458; x_wconf 70' lang='lat'><strong>1121</strong></span> 
     </span>
    </p>
   </div>
   <div class='ocr_carea' id='block_1_2' title="bbox 1270 376 2393 448">
    <p class='ocr_par' dir='ltr' id='par_1_2' title="bbox 1270 376 2393 448">
     <span class='ocr_line' id='line_1_2' title="bbox 1270 376 2393 448; baseline -0.004 -2"><span class='ocrx_word' id='word_1_2' title='bbox 1270 380 1667 448; x_wconf 63' lang='lat' dir='ltr'>SYNODICE</span> <span class='ocrx_word' id='word_1_3' title='bbox 1709 380 1853 443; x_wconf 64' lang='lat' dir='ltr'>COS</span> <span class='ocrx_word' id='word_1_4' title='bbox 1864 376 2393 443; x_wconf 84' lang='lat' dir='ltr'>STITUTIONES.</span> 
     </span>
    </p>
   </div>
   <div class='ocr_carea' id='block_1_3' title="bbox 3314 374 3451 445">
    <p class='ocr_par' dir='ltr' id='par_1_3' title="bbox 3314 374 3451 445">
     <span class='ocr_line' id='line_1_3' title="bbox 3314 374 3451 445; baseline 0.029 -4"><span class='ocrx_word' id='word_1_5' title='bbox 3314 374 3451 445; x_wconf 78' lang='lat'><strong>1122</strong></span> 
     </span>
    </p>
   </div>
   <div class='ocr_carea' id='block_1_4' title="bbox 189 494 3449 578">
    <p class='ocr_par' dir='ltr' id='par_1_4' title="bbox 189 494 3449 578">
     <span class='ocr_line' id='line_1_4' title="bbox 189 494 3449 578; baseline -0.003 -17"><span class='ocrx_word' id='word_1_6' title='bbox 189 510 428 578; x_wconf 74' lang='grc' dir='ltr'>δεσμοὺς</span> <span class='ocrx_word' id='word_1_7' title='bbox 454 507 482 560; x_wconf 92' lang='lat'>6</span> <span class='ocrx_word' id='word_1_8' title='bbox 507 507 745 572; x_wconf 76' lang='grc' dir='ltr'>τοιοῦτος</span> <span class='ocrx_word' id='word_1_9' title='bbox 777 507 1081 578; x_wconf 80' lang='grc' dir='ltr'>Σγουρανδς</span> <span class='ocrx_word' id='word_1_10' title='bbox 1119 506 1271 560; x_wconf 74' lang='grc' dir='ltr'>ἔθετο</span> <span class='ocrx_word' id='word_1_11' title='bbox 1299 507 1391 559; x_wconf 69' lang='grc' dir='ltr'>ἐπὶ</span> <span class='ocrx_word' id='word_1_12' title='bbox 1443 505 1522 575; x_wconf 85' lang='grc' dir='ltr'>τῷ</span> <span class='ocrx_word' id='word_1_13' title='bbox 1583 502 1767 555; x_wconf 79' lang='grc' dir='ltr'>λαΰεῖν</span> <span class='ocrx_word' id='word_1_14' title='bbox 1795 507 1852 571; x_wconf 69' lang='grc' dir='ltr'>Α·</span> <span class='ocrx_word' id='word_1_15' title='bbox 1874 502 1967 556; x_wconf 81' lang='grc' dir='ltr'>ἐπὶ</span> <span class='ocrx_word' id='word_1_16' title='bbox 1990 502 2154 555; x_wconf 82' lang='grc' dir='ltr'><strong>πλέον</strong></span> <span class='ocrx_word' id='word_1_17' title='bbox 2183 495 2601 572; x_wconf 81' lang='grc' dir='ltr'>ἀκριὸώσασθαι</span> <span class='ocrx_word' id='word_1_18' title='bbox 2644 494 2745 568; x_wconf 79' lang='grc' dir='ltr'>τὴν</span> <span class='ocrx_word' id='word_1_19' title='bbox 2788 494 3070 561; x_wconf 76' lang='grc' dir='ltr'>ὑπόθεσιν,</span> <span class='ocrx_word' id='word_1_20' title='bbox 3107 497 3449 569; x_wconf 79' lang='grc' dir='ltr'>μετεκλήθη-</span> 
     </span>
    </p>
   </div>
   <div class='ocr_carea' id='block_1_5' title="bbox 189 594 1772 670">
    <p class='ocr_par' dir='ltr' id='par_1_5' title="bbox 189 594 1772 670">
     <span class='ocr_line' id='line_1_5' title="bbox 189 594 1772 670; baseline -0.005 -13"><span class='ocrx_word' id='word_1_21' title='bbox 189 605 268 665; x_wconf 87' lang='grc' dir='ltr'>είς</span> <span class='ocrx_word' id='word_1_22' title='bbox 303 602 542 669; x_wconf 76' lang='grc' dir='ltr'>γυναῖκα</span> <span class='ocrx_word' id='word_1_23' title='bbox 571 601 669 670; x_wconf 79' lang='grc' dir='ltr'>τῆν</span> <span class='ocrx_word' id='word_1_24' title='bbox 702 601 977 670; x_wconf 81' lang='grc' dir='ltr'>θυγατέρα</span> <span class='ocrx_word' id='word_1_25' title='bbox 1004 598 1098 654; x_wconf 84' lang='grc' dir='ltr'>τοῦ</span> <span class='ocrx_word' id='word_1_26' title='bbox 1138 598 1473 668; x_wconf 77' lang='grc' dir='ltr'>καλουμένου</span> <span class='ocrx_word' id='word_1_27' title='bbox 1508 594 1772 664; x_wconf 89' lang='grc' dir='ltr'>Γαληνοῦ.</span> 
     </span>
    </p>
   </div>
   <div class='ocr_carea' id='block_1_6' title="bbox 198 688 1774 764">
    <p class='ocr_par' dir='ltr' id='par_1_6' title="bbox 198 688 1774 764">
     <span class='ocr_line' id='line_1_6' title="bbox 198 688 1774 764; baseline 0.006 -18"><span class='ocrx_word' id='word_1_28' title='bbox 198 695 351 746; x_wconf 74' lang='grc' dir='ltr'>Ἐπεὶ</span> <span class='ocrx_word' id='word_1_29' title='bbox 369 694 426 748; x_wconf 80' lang='grc' dir='ltr'>δὲ</span> <span class='ocrx_word' id='word_1_30' title='bbox 451 696 479 747; x_wconf 89' lang='grc' dir='ltr'>ό</span> <span class='ocrx_word' id='word_1_31' title='bbox 507 693 695 764; x_wconf 73' lang='grc' dir='ltr'>ῥηθεὶς</span> <span class='ocrx_word' id='word_1_32' title='bbox 726 693 1022 763; x_wconf 77' lang='grc' dir='ltr'>ἱερώτατος</span> <span class='ocrx_word' id='word_1_33' title='bbox 1048 689 1462 763; x_wconf 81' lang='grc' dir='ltr'>μητροπολίτης</span> <span class='ocrx_word' id='word_1_34' title='bbox 1516 688 1565 741; x_wconf 84' lang='grc' dir='ltr'><strong>Ν</strong></span> <span class='ocrx_word' id='word_1_35' title='bbox 1573 703 1774 757; x_wconf 69' lang='grc' dir='ltr'>ικομτΓ</span> 
     </span>
    </p>
   </div>
   <div class='ocr_carea' id='block_1_7' title="bbox 184 778 1774 855">
    <p class='ocr_par' dir='ltr' id='par_1_7' title="bbox 184 778 1774 855">
     <span class='ocr_line' id='line_1_7' title="bbox 184 778 1774 855; baseline -0.006 -16"><span class='ocrx_word' id='word_1_36' title='bbox 184 786 335 849; x_wconf 81' lang='grc' dir='ltr'>δείας</span> <span class='ocrx_word' id='word_1_37' title='bbox 369 784 774 855; x_wconf 77' lang='grc' dir='ltr'>μετεκαλέσατο</span> <span class='ocrx_word' id='word_1_38' title='bbox 805 784 899 838; x_wconf 89' lang='grc' dir='ltr'>τὸν</span> <span class='ocrx_word' id='word_1_39' title='bbox 950 781 1191 838; x_wconf 87' lang='grc' dir='ltr'>τοιοῦτον</span> <span class='ocrx_word' id='word_1_40' title='bbox 1236 780 1473 852; x_wconf 85' lang='grc' dir='ltr'>Γαληνὸν</span> <span class='ocrx_word' id='word_1_41' title='bbox 1502 778 1596 833; x_wconf 80' lang='grc' dir='ltr'>καὶ</span> <span class='ocrx_word' id='word_1_42' title='bbox 1648 778 1774 831; x_wconf 85' lang='grc' dir='ltr'>ἐπι-</span> 
     </span>
    </p>
   </div>
   <div class='ocr_carea' id='block_1_8' title="bbox 185 866 1775 946">
    <p class='ocr_par' dir='ltr' id='par_1_8' title="bbox 185 866 1775 946">
     <span class='ocr_line' id='line_1_8' title="bbox 185 866 1775 946; baseline -0.005 -18"><span class='ocrx_word' id='word_1_43' title='bbox 185 875 355 945; x_wconf 79' lang='grc' dir='ltr'>τιμίῳ</span> <span class='ocrx_word' id='word_1_44' title='bbox 410 874 675 946; x_wconf 84' lang='grc' dir='ltr'>βαρύνας,</span> <span class='ocrx_word' id='word_1_45' title='bbox 736 874 813 945; x_wconf 80' lang='grc' dir='ltr'>μὴ</span> <span class='ocrx_word' id='word_1_46' title='bbox 866 871 1183 944; x_wconf 76' lang='grc' dir='ltr'>ἀποκρύψαι</span> <span class='ocrx_word' id='word_1_47' title='bbox 1236 870 1296 923; x_wconf 88' lang='grc' dir='ltr'>τό</span> <span class='ocrx_word' id='word_1_48' title='bbox 1347 867 1569 940; x_wconf 78' lang='grc' dir='ltr'>ἀληθὲς,</span> <span class='ocrx_word' id='word_1_49' title='bbox 1616 866 1775 937; x_wconf 71' lang='grc' dir='ltr'>ἔσχεν</span> 
     </span>
    </p>
   </div>
   <div class='ocr_carea' id='block_1_9' title="bbox 187 958 1776 1037">
    <p class='ocr_par' dir='ltr' id='par_1_9' title="bbox 187 958 1776 1037">
     <span class='ocr_line' id='line_1_9' title="bbox 187 958 1776 1037; baseline -0.006 -17"><span class='ocrx_word' id='word_1_50' title='bbox 187 965 696 1036; x_wconf 83' lang='grc' dir='ltr'>ἀνομολογήσαντα,</span> <span class='ocrx_word' id='word_1_51' title='bbox 740 965 1027 1037; x_wconf 89' lang='grc' dir='ltr'>κινηθῆναι</span> <span class='ocrx_word' id='word_1_52' title='bbox 1066 964 1167 1036; x_wconf 81' lang='grc' dir='ltr'>μὲν</span> <span class='ocrx_word' id='word_1_53' title='bbox 1214 962 1408 1031; x_wconf 89' lang='grc' dir='ltr'>λόγους</span> <span class='ocrx_word' id='word_1_54' title='bbox 1461 958 1591 1031; x_wconf 74' lang='grc' dir='ltr'>περὶ</span> <span class='ocrx_word' id='word_1_55' title='bbox 1650 958 1776 1011; x_wconf 88' lang='grc' dir='ltr'>τού-</span> 
     </span>
    </p>
   </div>
   <div class='ocr_carea' id='block_1_10' title="bbox 189 1052 1774 1129">
    <p class='ocr_par' dir='ltr' id='par_1_10' title="bbox 189 1052 1774 1129">
     <span class='ocr_line' id='line_1_10' title="bbox 189 1052 1774 1129; baseline -0.001 -19"><span class='ocrx_word' id='word_1_56' title='bbox 189 1074 314 1120; x_wconf 83' lang='grc' dir='ltr'>του.</span> <span class='ocrx_word' id='word_1_57' title='bbox 345 1058 425 1129; x_wconf 83' lang='grc' dir='ltr'>μὴ</span> <span class='ocrx_word' id='word_1_58' title='bbox 452 1060 635 1129; x_wconf 76' lang='grc' dir='ltr'>μέντοι</span> <span class='ocrx_word' id='word_1_59' title='bbox 675 1058 771 1112; x_wconf 75' lang='grc' dir='ltr'>καὶ</span> <span class='ocrx_word' id='word_1_60' title='bbox 821 1058 1152 1129; x_wconf 82' lang='grc' dir='ltr'>σταυρικοὺς</span> <span class='ocrx_word' id='word_1_61' title='bbox 1199 1056 1471 1127; x_wconf 80' lang='grc' dir='ltr'>προϐῆναι</span> <span class='ocrx_word' id='word_1_62' title='bbox 1522 1052 1774 1124; x_wconf 83' lang='grc' dir='ltr'>δεσμοὺς,</span> 
     </span>
    </p>
   </div>
   <div class='ocr_carea' id='block_1_11' title="bbox 188 1144 1774 1222">
    <p class='ocr_par' dir='ltr' id='par_1_11' title="bbox 188 1144 1774 1222">
     <span class='ocr_line' id='line_1_11' title="bbox 188 1144 1774 1222; baseline -0.002 -21"><span class='ocrx_word' id='word_1_63' title='bbox 188 1148 391 1221; x_wconf 78' lang='grc' dir='ltr'><strong>ὅτιπερ</strong></span> <span class='ocrx_word' id='word_1_64' title='bbox 422 1151 455 1218; x_wconf 77' lang='grc' dir='ltr'><strong>ἠ</strong></span> <span class='ocrx_word' id='word_1_65' title='bbox 510 1150 645 1220; x_wconf 85' lang='grc' dir='ltr'>κόρη</span> <span class='ocrx_word' id='word_1_66' title='bbox 684 1150 892 1220; x_wconf 86' lang='grc' dir='ltr'>χρόνων</span> <span class='ocrx_word' id='word_1_67' title='bbox 926 1145 994 1222; x_wconf 78' lang='grc' dir='ltr'>ῆν</span> <span class='ocrx_word' id='word_1_68' title='bbox 1025 1149 1083 1213; x_wconf 81' lang='grc' dir='ltr'>ἐξ</span> <span class='ocrx_word' id='word_1_69' title='bbox 1118 1146 1424 1217; x_wconf 87' lang='grc' dir='ltr'>τηνικαῦτα</span> <span class='ocrx_word' id='word_1_70' title='bbox 1451 1145 1543 1199; x_wconf 77' lang='grc' dir='ltr'>καὶ</span> <span class='ocrx_word' id='word_1_71' title='bbox 1573 1147 1601 1199; x_wconf 98' lang='lat'>6</span> <span class='ocrx_word' id='word_1_72' title='bbox 1637 1144 1774 1215; x_wconf 82' lang='grc' dir='ltr'>ἀνὴρ</span> 
     </span>
    </p>
   </div>
   <div class='ocr_carea' id='block_1_12' title="bbox 186 1235 1776 1309">
    <p class='ocr_par' dir='ltr' id='par_1_12' title="bbox 186 1235 1776 1309">
     <span class='ocr_line' id='line_1_12' title="bbox 186 1235 1776 1309; baseline -0.002 -19"><span class='ocrx_word' id='word_1_73' title='bbox 186 1235 346 1291; x_wconf 76' lang='grc' dir='ltr'>δέκα.</span> <span class='ocrx_word' id='word_1_74' title='bbox 412 1236 547 1291; x_wconf 79' lang='grc' dir='ltr'>Τότε</span> <span class='ocrx_word' id='word_1_75' title='bbox 603 1238 913 1309; x_wconf 80' lang='grc' dir='ltr'>μαρτυρίας</span> <span class='ocrx_word' id='word_1_76' title='bbox 970 1238 1280 1309; x_wconf 81' lang='grc' dir='ltr'>ἐκθεμένων</span> <span class='ocrx_word' id='word_1_77' title='bbox 1340 1237 1453 1291; x_wconf 86' lang='grc' dir='ltr'>τῶν</span> <span class='ocrx_word' id='word_1_78' title='bbox 1516 1236 1776 1290; x_wconf 80' lang='grc' dir='ltr'>τοιούτων</span> 
     </span>
    </p>
   </div>
   <div class='ocr_carea' id='block_1_13' title="bbox 189 1327 1778 1401">
    <p class='ocr_par' dir='ltr' id='par_1_13' title="bbox 189 1327 1778 1401">
     <span class='ocr_line' id='line_1_13' title="bbox 189 1327 1778 1401; baseline -0.002 -20"><span class='ocrx_word' id='word_1_79' title='bbox 189 1327 479 1399; x_wconf 84' lang='grc' dir='ltr'>κληρικῶν</span> <span class='ocrx_word' id='word_1_80' title='bbox 508 1330 733 1399; x_wconf 84' lang='grc' dir='ltr'>γέγονεν</span> <span class='ocrx_word' id='word_1_81' title='bbox 756 1328 1111 1401; x_wconf 85' lang='grc' dir='ltr'>ἀναγνώστης</span> <span class='ocrx_word' id='word_1_82' title='bbox 1158 1330 1593 1400; x_wconf 75' lang='grc' dir='ltr'>ἐκκλησιαστικῇ</span> <span class='ocrx_word' id='word_1_83' title='bbox 1644 1344 1778 1397; x_wconf 78' lang='grc' dir='ltr'>προ·</span> 
     </span>
    </p>
   </div>
   <div class='ocr_carea' id='block_1_14' title="bbox 185 1419 1778 1491">
    <p class='ocr_par' dir='ltr' id='par_1_14' title="bbox 185 1419 1778 1491">
     <span class='ocr_line' id='line_1_14' title="bbox 185 1419 1778 1491; baseline -0.001 -20"><span class='ocrx_word' id='word_1_84' title='bbox 185 1422 397 1491; x_wconf 75' lang='grc' dir='ltr'>τροπῇ.</span> <span class='ocrx_word' id='word_1_85' title='bbox 430 1419 490 1472; x_wconf 79' lang='grc' dir='ltr'>οὐ</span> <span class='ocrx_word' id='word_1_86' title='bbox 522 1420 900 1491; x_wconf 76' lang='grc' dir='ltr'>προεδιδάσθη</span> <span class='ocrx_word' id='word_1_87' title='bbox 924 1421 979 1474; x_wconf 83' lang='grc' dir='ltr'>δέ</span> <span class='ocrx_word' id='word_1_88' title='bbox 1013 1438 1076 1491; x_wconf 85' lang='grc' dir='ltr'>γε</span> <span class='ocrx_word' id='word_1_89' title='bbox 1099 1424 1202 1475; x_wconf 72' lang='grc' dir='ltr'>’καὶ</span> <span class='ocrx_word' id='word_1_90' title='bbox 1249 1422 1330 1486; x_wconf 83' lang='grc' dir='ltr'>είς</span> <span class='ocrx_word' id='word_1_91' title='bbox 1380 1419 1650 1484; x_wconf 88' lang='grc' dir='ltr'>διάκονον,</span> <span class='ocrx_word' id='word_1_92' title='bbox 1693 1419 1778 1471; x_wconf 84' lang='grc' dir='ltr'>ότι</span> 
     </span>
    </p>
   </div>
   <div class='ocr_carea' id='block_1_15' title="bbox 187 1507 1778 1584">
    <p class='ocr_par' dir='ltr' id='par_1_15' title="bbox 187 1507 1778 1584">
     <span class='ocr_line' id='line_1_15' title="bbox 187 1507 1778 1584; baseline -0.003 -18"><span class='ocrx_word' id='word_1_93' title='bbox 187 1513 269 1581; x_wconf 79' lang='grc' dir='ltr'>μὴ</span> <span class='ocrx_word' id='word_1_94' title='bbox 304 1511 516 1581; x_wconf 82' lang='grc' dir='ltr'>χρόνων</span> <span class='ocrx_word' id='word_1_95' title='bbox 536 1507 605 1583; x_wconf 77' lang='grc' dir='ltr'>ἦν</span> <span class='ocrx_word' id='word_1_96' title='bbox 656 1512 799 1567; x_wconf 82' lang='grc' dir='ltr'>κατὰ</span> <span class='ocrx_word' id='word_1_97' title='bbox 831 1513 1033 1584; x_wconf 86' lang='grc' dir='ltr'>νόμους</span> <span class='ocrx_word' id='word_1_98' title='bbox 1085 1513 1263 1567; x_wconf 76' lang='grc' dir='ltr'>εἴκοσι</span> <span class='ocrx_word' id='word_1_99' title='bbox 1325 1512 1512 1567; x_wconf 89' lang='grc' dir='ltr'>πέντε.</span> <span class='ocrx_word' id='word_1_100' title='bbox 1540 1508 1656 1566; x_wconf 82' lang='grc' dir='ltr'>Νῦν</span> <span class='ocrx_word' id='word_1_101' title='bbox 1719 1507 1778 1562; x_wconf 79' lang='grc' dir='ltr'>δέ</span> 
     </span>
    </p>
   </div>
   <div class='ocr_carea' id='block_1_16' title="bbox 186 1601 1780 1677">
    <p class='ocr_par' dir='ltr' id='par_1_16' title="bbox 186 1601 1780 1677">
     <span class='ocr_line' id='line_1_16' title="bbox 186 1601 1780 1677; baseline 0 -23"><span class='ocrx_word' id='word_1_102' title='bbox 186 1603 568 1674; x_wconf 68' lang='grc' dir='ltr'>αἰτησαμένου</span> <span class='ocrx_word' id='word_1_103' title='bbox 599 1605 795 1659; x_wconf 88' lang='grc' dir='ltr'>τούτου</span> <span class='ocrx_word' id='word_1_104' title='bbox 829 1605 920 1659; x_wconf 75' lang='grc' dir='ltr'>τὸν</span> <span class='ocrx_word' id='word_1_105' title='bbox 952 1604 1195 1660; x_wconf 83' lang='grc' dir='ltr'>τοιοῦτον</span> <span class='ocrx_word' id='word_1_106' title='bbox 1228 1603 1611 1677; x_wconf 73' lang='grc' dir='ltr'>προῦιϐασμδν</span> <span class='ocrx_word' id='word_1_107' title='bbox 1665 1601 1780 1655; x_wconf 85' lang='grc' dir='ltr'>ἐκί-</span> 
     </span>
    </p>
   </div>
   <div class='ocr_carea' id='block_1_17' title="bbox 186 1692 1778 1767">
    <p class='ocr_par' dir='ltr' id='par_1_17' title="bbox 186 1692 1778 1767">
     <span class='ocr_line' id='line_1_17' title="bbox 186 1692 1778 1767; baseline 0.002 -24"><span class='ocrx_word' id='word_1_108' title='bbox 186 1705 364 1760; x_wconf 83' lang='grc' dir='ltr'>νησαν</span> <span class='ocrx_word' id='word_1_109' title='bbox 411 1693 464 1746; x_wconf 84' lang='grc' dir='ltr'>οί</span> <span class='ocrx_word' id='word_1_110' title='bbox 488 1692 639 1747; x_wconf 79' lang='grc' dir='ltr'>αὐτοὶ</span> <span class='ocrx_word' id='word_1_111' title='bbox 673 1694 929 1765; x_wconf 76' lang='grc' dir='ltr'>κληρικοὶ</span> <span class='ocrx_word' id='word_1_112' title='bbox 957 1696 1020 1749; x_wconf 82' lang='grc' dir='ltr'>τὸ</span> <span class='ocrx_word' id='word_1_113' title='bbox 1054 1696 1347 1767; x_wconf 75' lang='grc' dir='ltr'>εἰρημένον</span> <span class='ocrx_word' id='word_1_114' title='bbox 1378 1694 1656 1766; x_wconf 70' lang='grc' dir='ltr'>ἕγκλημα,</span> <span class='ocrx_word' id='word_1_115' title='bbox 1684 1693 1778 1747; x_wconf 69' lang='grc' dir='ltr'>καλ⁸</span> 
     </span>
    </p>
   </div>
   <div class='ocr_carea' id='block_1_18' title="bbox 185 1780 1777 1858">
    <p class='ocr_par' dir='ltr' id='par_1_18' title="bbox 185 1780 1777 1858">
     <span class='ocr_line' id='line_1_18' title="bbox 185 1780 1777 1858; baseline 0.001 -24"><span class='ocrx_word' id='word_1_116' title='bbox 185 1780 473 1836; x_wconf 72' lang='grc' dir='ltr'>ὅτιταῦτα</span> <span class='ocrx_word' id='word_1_117' title='bbox 506 1783 677 1849; x_wconf 79' lang='grc' dir='ltr'>οὕτως</span> <span class='ocrx_word' id='word_1_118' title='bbox 702 1785 837 1857; x_wconf 75' lang='grc' dir='ltr'>ἔχει,</span> <span class='ocrx_word' id='word_1_119' title='bbox 871 1788 1301 1841; x_wconf 76' lang='grc' dir='ltr'>διεδεδαιώσατο</span> <span class='ocrx_word' id='word_1_120' title='bbox 1333 1787 1432 1858; x_wconf 80' lang='grc' dir='ltr'>μὲν</span> <span class='ocrx_word' id='word_1_121' title='bbox 1465 1785 1657 1857; x_wconf 85' lang='grc' dir='ltr'>παρὼν</span> <span class='ocrx_word' id='word_1_122' title='bbox 1711 1786 1777 1852; x_wconf 77' lang='grc' dir='ltr'>τῇ</span> 
     </span>
    </p>
   </div>
   <div class='ocr_carea' id='block_1_19' title="bbox 188 1871 1779 1952">
    <p class='ocr_par' dir='ltr' id='par_1_19' title="bbox 188 1871 1779 1952">
     <span class='ocr_line' id='line_1_19' title="bbox 188 1871 1779 1952; baseline 0.002 -24"><span class='ocrx_word' id='word_1_123' title='bbox 188 1875 403 1946; x_wconf 73' lang='grc' dir='ltr'>συνόδῳ</span> <span class='ocrx_word' id='word_1_124' title='bbox 437 1871 591 1941; x_wconf 78' lang='grc' dir='ltr'>οὗτος</span> <span class='ocrx_word' id='word_1_125' title='bbox 619 1878 684 1949; x_wconf 82' lang='grc' dir='ltr'>δὴ</span> <span class='ocrx_word' id='word_1_126' title='bbox 714 1879 741 1931; x_wconf 90' lang='lat'>6</span> <span class='ocrx_word' id='word_1_127' title='bbox 776 1879 1071 1952; x_wconf 83' lang='grc' dir='ltr'>ἱερώτατος</span> <span class='ocrx_word' id='word_1_128' title='bbox 1104 1877 1511 1950; x_wconf 86' lang='grc' dir='ltr'>μητροπολίτης</span> <span class='ocrx_word' id='word_1_129' title='bbox 1535 1878 1779 1947; x_wconf 85' lang='grc' dir='ltr'>Νικομη-</span> 
     </span>
    </p>
   </div>
   <div class='ocr_carea' id='block_1_20' title="bbox 185 1964 1780 2042">
    <p class='ocr_par' dir='ltr' id='par_1_20' title="bbox 185 1964 1780 2042">
     <span class='ocr_line' id='line_1_20' title="bbox 185 1964 1780 2042; baseline 0.003 -25"><span class='ocrx_word' id='word_1_130' title='bbox 185 1964 831 2037; x_wconf 70' lang='grc' dir='ltr'>δείας,·ἐνεφανίσθησαν</span> <span class='ocrx_word' id='word_1_131' title='bbox 866 1971 957 2023; x_wconf 83' lang='grc' dir='ltr'>καὶ</span> <span class='ocrx_word' id='word_1_132' title='bbox 989 1969 1045 2023; x_wconf 86' lang='grc' dir='ltr'>αί</span> <span class='ocrx_word' id='word_1_133' title='bbox 1072 1972 1379 2042; x_wconf 81' lang='grc' dir='ltr'>μαρτυρίαι</span> <span class='ocrx_word' id='word_1_134' title='bbox 1437 1968 1549 2021; x_wconf 91' lang='grc' dir='ltr'>τῶν</span> <span class='ocrx_word' id='word_1_135' title='bbox 1597 1968 1780 2023; x_wconf 76' lang='grc' dir='ltr'>αὐτῶν</span> 
     </span>
    </p>
   </div>
   <div class='ocr_carea' id='block_1_21' title="bbox 186 2057 1780 2133">
    <p class='ocr_par' dir='ltr' id='par_1_21' title="bbox 186 2057 1780 2133">
     <span class='ocr_line' id='line_1_21' title="bbox 186 2057 1780 2133; baseline 0.003 -24"><span class='ocrx_word' id='word_1_136' title='bbox 186 2057 479 2128; x_wconf 84' lang='grc' dir='ltr'>κληρικῶν</span> <span class='ocrx_word' id='word_1_137' title='bbox 511 2060 663 2130; x_wconf 82' lang='grc' dir='ltr'>παρά</span> <span class='ocrx_word' id='word_1_138' title='bbox 693 2060 788 2113; x_wconf 89' lang='grc' dir='ltr'>τοῦ</span> <span class='ocrx_word' id='word_1_139' title='bbox 846 2060 1141 2133; x_wconf 79' lang='grc' dir='ltr'>δεξαμένου</span> <span class='ocrx_word' id='word_1_140' title='bbox 1199 2062 1407 2124; x_wconf 85' lang='grc' dir='ltr'>ταύτας</span> <span class='ocrx_word' id='word_1_141' title='bbox 1451 2060 1550 2115; x_wconf 75' lang='grc' dir='ltr'>καὶ</span> <span class='ocrx_word' id='word_1_142' title='bbox 1597 2058 1780 2123; x_wconf 81' lang='grc' dir='ltr'>δόντος</span> 
     </span>
    </p>
   </div>
   <div class='ocr_carea' id='block_1_22' title="bbox 186 2142 1781 2224">
    <p class='ocr_par' dir='ltr' id='par_1_22' title="bbox 186 2142 1781 2224">
     <span class='ocr_line' id='line_1_22' title="bbox 186 2142 1781 2224; baseline 0.002 -22"><span class='ocrx_word' id='word_1_143' title='bbox 186 2152 295 2221; x_wconf 77' lang='grc' dir='ltr'>τὴν</span> <span class='ocrx_word' id='word_1_144' title='bbox 350 2152 668 2223; x_wconf 80' lang='grc' dir='ltr'>προτροπὴν</span> <span class='ocrx_word' id='word_1_145' title='bbox 720 2154 861 2209; x_wconf 86' lang='grc' dir='ltr'>κατά</span> <span class='ocrx_word' id='word_1_146' title='bbox 910 2155 971 2208; x_wconf 83' lang='grc' dir='ltr'>τὸ</span> <span class='ocrx_word' id='word_1_147' title='bbox 1014 2142 1270 2224; x_wconf 84' lang='grc' dir='ltr'>κρατοῦν</span> <span class='ocrx_word' id='word_1_148' title='bbox 1328 2151 1781 2224; x_wconf 76' lang='grc' dir='ltr'>ἐκκλησιαστικὸν</span> 
     </span>
    </p>
   </div>
   <div class='ocr_carea' id='block_1_23' title="bbox 190 2241 1779 2318">
    <p class='ocr_par' dir='ltr' id='par_1_23' title="bbox 190 2241 1779 2318">
     <span class='ocr_line' id='line_1_23' title="bbox 190 2241 1779 2318; baseline 0.001 -22"><span class='ocrx_word' id='word_1_149' title='bbox 190 2242 339 2307; x_wconf 76' lang='grc' dir='ltr'>ῐθος.</span> <span class='ocrx_word' id='word_1_150' title='bbox 375 2241 508 2297; x_wconf 83' lang='grc' dir='ltr'>Είτά</span> <span class='ocrx_word' id='word_1_151' title='bbox 558 2261 642 2309; x_wconf 89' lang='grc' dir='ltr'>τις</span> <span class='ocrx_word' id='word_1_152' title='bbox 696 2247 764 2300; x_wconf 82' lang='grc' dir='ltr'>ἐκ</span> <span class='ocrx_word' id='word_1_153' title='bbox 817 2246 927 2301; x_wconf 87' lang='grc' dir='ltr'>τῶν</span> <span class='ocrx_word' id='word_1_154' title='bbox 973 2247 1154 2301; x_wconf 79' lang='grc' dir='ltr'>αὐτῶν</span> <span class='ocrx_word' id='word_1_155' title='bbox 1207 2246 1485 2318; x_wconf 88' lang='grc' dir='ltr'>κληρικῶν</span> <span class='ocrx_word' id='word_1_156' title='bbox 1535 2245 1779 2308; x_wconf 82' lang='grc' dir='ltr'>διάκονος</span> 
     </span>
    </p>
   </div>
   <div class='ocr_carea' id='block_1_24' title="bbox 188 2334 1781 2409">
    <p class='ocr_par' dir='ltr' id='par_1_24' title="bbox 188 2334 1781 2409">
     <span class='ocr_line' id='line_1_24' title="bbox 188 2334 1781 2409; baseline 0.001 -22"><span class='ocrx_word' id='word_1_157' title='bbox 188 2334 475 2407; x_wconf 87' lang='grc' dir='ltr'>Θεόδωρος</span> <span class='ocrx_word' id='word_1_158' title='bbox 506 2337 534 2391; x_wconf 93' lang='lat'>6</span> <span class='ocrx_word' id='word_1_159' title='bbox 556 2338 892 2407; x_wconf 87' lang='grc' dir='ltr'>Δραγιλανδς</span> <span class='ocrx_word' id='word_1_160' title='bbox 919 2339 1249 2408; x_wconf 87' lang='grc' dir='ltr'>καλούμενος</span> <span class='ocrx_word' id='word_1_161' title='bbox 1294 2338 1547 2409; x_wconf 77' lang='grc' dir='ltr'>ἐκίνησεν</span> <span class='ocrx_word' id='word_1_162' title='bbox 1592 2337 1781 2407; x_wconf 74' lang='grc' dir='ltr'>ἕτερον</span> 
     </span>
    </p>
   </div>
   <div class='ocr_carea' id='block_1_25' title="bbox 187 2426 1782 2502">
    <p class='ocr_par' dir='ltr' id='par_1_25' title="bbox 187 2426 1782 2502">
     <span class='ocr_line' id='line_1_25' title="bbox 187 2426 1782 2502; baseline 0.001 -23"><span class='ocrx_word' id='word_1_163' title='bbox 187 2426 821 2500; x_wconf 69' lang='grc' dir='ltr'>εγκλημα,ὄτιγείτονα</span> <span class='ocrx_word' id='word_1_164' title='bbox 847 2432 988 2502; x_wconf 85' lang='grc' dir='ltr'>ἐχων</span> <span class='ocrx_word' id='word_1_165' title='bbox 1036 2430 1130 2485; x_wconf 77' lang='grc' dir='ltr'>τὸν</span> <span class='ocrx_word' id='word_1_166' title='bbox 1180 2430 1492 2501; x_wconf 82' lang='grc' dir='ltr'>δηλωθέντα</span> <span class='ocrx_word' id='word_1_167' title='bbox 1536 2430 1782 2500; x_wconf 84' lang='grc' dir='ltr'>Σγουρα-</span> 
     </span>
    </p>
   </div>
   <div class='ocr_carea' id='block_1_26' title="bbox 188 2519 1781 2595">
    <p class='ocr_par' dir='ltr' id='par_1_26' title="bbox 188 2519 1781 2595">
     <span class='ocr_line' id='line_1_26' title="bbox 188 2519 1781 2595; baseline -0.001 -22"><span class='ocrx_word' id='word_1_168' title='bbox 188 2520 287 2574; x_wconf 78' lang='grc' dir='ltr'>νὺν</span> <span class='ocrx_word' id='word_1_169' title='bbox 317 2521 607 2593; x_wconf 64' lang='grc' dir='ltr'>⁴ίιρώτησεν</span> <span class='ocrx_word' id='word_1_170' title='bbox 640 2523 802 2578; x_wconf 81' lang='grc' dir='ltr'>αὑτὸν</span> <span class='ocrx_word' id='word_1_171' title='bbox 833 2524 913 2577; x_wconf 79' lang='grc' dir='ltr'>ἐτι</span> <span class='ocrx_word' id='word_1_172' title='bbox 954 2524 1152 2593; x_wconf 85' lang='grc' dir='ltr'>μόνους</span> <span class='ocrx_word' id='word_1_173' title='bbox 1204 2522 1535 2595; x_wconf 78' lang='grc' dir='ltr'>ἀρῤαὸῶνας</span> <span class='ocrx_word' id='word_1_174' title='bbox 1588 2519 1781 2592; x_wconf 79' lang='grc' dir='ltr'>έχοντα</span> 
     </span>
    </p>
   </div>
   <div class='ocr_carea' id='block_1_27' title="bbox 191 2610 1781 2687">
    <p class='ocr_par' dir='ltr' id='par_1_27' title="bbox 191 2610 1781 2687">
     <span class='ocr_line' id='line_1_27' title="bbox 191 2610 1781 2687; baseline -0.001 -20"><span class='ocrx_word' id='word_1_175' title='bbox 191 2618 342 2685; x_wconf 86' lang='grc' dir='ltr'>μετά</span> <span class='ocrx_word' id='word_1_176' title='bbox 370 2616 471 2687; x_wconf 85' lang='grc' dir='ltr'>τῆς</span> <span class='ocrx_word' id='word_1_177' title='bbox 502 2612 635 2680; x_wconf 79' lang='grc' dir='ltr'>ιδίας</span> <span class='ocrx_word' id='word_1_178' title='bbox 668 2618 953 2685; x_wconf 81' lang='grc' dir='ltr'>γυναικὸς,</span> <span class='ocrx_word' id='word_1_179' title='bbox 982 2616 1100 2681; x_wconf 89' lang='grc' dir='ltr'>πῶς</span> <span class='ocrx_word' id='word_1_180' title='bbox 1126 2614 1526 2671; x_wconf 74' lang='grc' dir='ltr'>διαναπαύεται</span> <span class='ocrx_word' id='word_1_181' title='bbox 1578 2614 1658 2677; x_wconf 88' lang='grc' dir='ltr'>είς</span> <span class='ocrx_word' id='word_1_182' title='bbox 1708 2610 1781 2666; x_wconf 82' lang='grc' dir='ltr'>τά</span> 
     </span>
    </p>
   </div>
   <div class='ocr_carea' id='block_1_28' title="bbox 190 2704 1782 2781">
    <p class='ocr_par' dir='ltr' id='par_1_28' title="bbox 190 2704 1782 2781">
     <span class='ocr_line' id='line_1_28' title="bbox 190 2704 1782 2781; baseline -0.002 -20"><span class='ocrx_word' id='word_1_183' title='bbox 190 2708 502 2778; x_wconf 84' lang='grc' dir='ltr'>πενθερικά</span> <span class='ocrx_word' id='word_1_184' title='bbox 524 2709 720 2776; x_wconf 87' lang='grc' dir='ltr'>αὑτοῦ,</span> <span class='ocrx_word' id='word_1_185' title='bbox 751 2712 778 2764; x_wconf 90' lang='lat'>6</span> <span class='ocrx_word' id='word_1_186' title='bbox 818 2710 875 2764; x_wconf 75' lang='grc' dir='ltr'>δὲ</span> <span class='ocrx_word' id='word_1_187' title='bbox 906 2711 1043 2781; x_wconf 79' lang='grc' dir='ltr'>πρὸς</span> <span class='ocrx_word' id='word_1_188' title='bbox 1078 2708 1242 2763; x_wconf 81' lang='grc' dir='ltr'>αὑτὸν</span> <span class='ocrx_word' id='word_1_189' title='bbox 1294 2704 1441 2772; x_wconf 80' lang='grc' dir='ltr'>εἷπε,</span> <span class='ocrx_word' id='word_1_190' title='bbox 1485 2706 1563 2775; x_wconf 77' lang='grc' dir='ltr'>μὴ</span> <span class='ocrx_word' id='word_1_191' title='bbox 1618 2722 1782 2775; x_wconf 81' lang='grc' dir='ltr'>φρον-</span> 
     </span>
    </p>
   </div>
   <div class='ocr_carea' id='block_1_29' title="bbox 187 2799 1778 2873">
    <p class='ocr_par' dir='ltr' id='par_1_29' title="bbox 187 2799 1778 2873">
     <span class='ocr_line' id='line_1_29' title="bbox 187 2799 1778 2873; baseline -0.001 -21"><span class='ocrx_word' id='word_1_192' title='bbox 187 2800 320 2854; x_wconf 83' lang='grc' dir='ltr'>τίδα</span> <span class='ocrx_word' id='word_1_193' title='bbox 355 2800 504 2870; x_wconf 84' lang='grc' dir='ltr'>ἐχειν</span> <span class='ocrx_word' id='word_1_194' title='bbox 527 2803 654 2873; x_wconf 80' lang='grc' dir='ltr'>περὶ</span> <span class='ocrx_word' id='word_1_195' title='bbox 689 2801 907 2868; x_wconf 86' lang='grc' dir='ltr'>τούτου,</span> <span class='ocrx_word' id='word_1_196' title='bbox 935 2801 1171 2872; x_wconf 86' lang='grc' dir='ltr'>ἐπείπερ</span> <span class='ocrx_word' id='word_1_197' title='bbox 1200 2800 1405 2870; x_wconf 79' lang='grc' dir='ltr'>ἔφθασε</span> <span class='ocrx_word' id='word_1_198' title='bbox 1452 2799 1681 2870; x_wconf 87' lang='grc' dir='ltr'>μιγῆναι</span> <span class='ocrx_word' id='word_1_199' title='bbox 1712 2799 1778 2870; x_wconf 83' lang='grc' dir='ltr'>τῇ</span> 
     </span>
    </p>
   </div>
   <div class='ocr_carea' id='block_1_30' title="bbox 191 2888 1780 2964">
    <p class='ocr_par' dir='ltr' id='par_1_30' title="bbox 191 2888 1780 2964">
     <span class='ocr_line' id='line_1_30' title="bbox 191 2888 1780 2964; baseline -0.001 -20"><span class='ocrx_word' id='word_1_200' title='bbox 191 2893 426 2964; x_wconf 76' lang='grc' dir='ltr'>τοιαύτη</span> <span class='ocrx_word' id='word_1_201' title='bbox 455 2897 679 2962; x_wconf 78' lang='grc' dir='ltr'>γυναικὶ</span> <span class='ocrx_word' id='word_1_202' title='bbox 732 2895 925 2950; x_wconf 79' lang='grc' dir='ltr'>αὑτοῦ.</span> <span class='ocrx_word' id='word_1_203' title='bbox 964 2896 1074 2948; x_wconf 77' lang='grc' dir='ltr'>Καὶ</span> <span class='ocrx_word' id='word_1_204' title='bbox 1130 2891 1545 2964; x_wconf 73' lang='grc' dir='ltr'>ἀπαρνουμένου</span> <span class='ocrx_word' id='word_1_205' title='bbox 1586 2888 1780 2943; x_wconf 80' lang='grc' dir='ltr'>τούτου</span> 
     </span>
    </p>
   </div>
   <div class='ocr_carea' id='block_1_31' title="bbox 191 2983 1783 3057">
    <p class='ocr_par' dir='ltr' id='par_1_31' title="bbox 191 2983 1783 3057">
     <span class='ocr_line' id='line_1_31' title="bbox 191 2983 1783 3057; baseline -0.003 -19"><span class='ocrx_word' id='word_1_206' title='bbox 191 2984 264 3055; x_wconf 74' lang='grc' dir='ltr'>δὴ</span> <span class='ocrx_word' id='word_1_207' title='bbox 293 2983 389 3039; x_wconf 87' lang='grc' dir='ltr'>τοῦ</span> <span class='ocrx_word' id='word_1_208' title='bbox 424 2984 761 3057; x_wconf 87' lang='grc' dir='ltr'>Σγουρανοῦ,</span> <span class='ocrx_word' id='word_1_209' title='bbox 799 2986 889 3041; x_wconf 76' lang='grc' dir='ltr'>τὸν</span> <span class='ocrx_word' id='word_1_210' title='bbox 914 2984 1156 3039; x_wconf 86' lang='grc' dir='ltr'>τοιοῦτον</span> <span class='ocrx_word' id='word_1_211' title='bbox 1204 2984 1360 3053; x_wconf 88' lang='grc' dir='ltr'>λόγον</span> <span class='ocrx_word' id='word_1_212' title='bbox 1390 2984 1587 3049; x_wconf 81' lang='grc' dir='ltr'>εἰπεῖν,</span> <span class='ocrx_word' id='word_1_213' title='bbox 1647 2998 1783 3053; x_wconf 86' lang='grc' dir='ltr'>προ-</span> 
     </span>
    </p>
   </div>
   <div class='ocr_carea' id='block_1_32' title="bbox 193 3074 1781 3153">
    <p class='ocr_par' dir='ltr' id='par_1_32' title="bbox 193 3074 1781 3153">
     <span class='ocr_line' id='line_1_32' title="bbox 193 3074 1781 3153; baseline -0.003 -18"><span class='ocrx_word' id='word_1_214' title='bbox 193 3079 535 3151; x_wconf 75' lang='grc' dir='ltr'>ϐαλλομένου</span> <span class='ocrx_word' id='word_1_215' title='bbox 564 3081 621 3135; x_wconf 80' lang='grc' dir='ltr'>δὲ</span> <span class='ocrx_word' id='word_1_216' title='bbox 686 3082 804 3152; x_wconf 76' lang='grc' dir='ltr'>ἅμα</span> <span class='ocrx_word' id='word_1_217' title='bbox 856 3082 957 3153; x_wconf 82' lang='grc' dir='ltr'>τὴν</span> <span class='ocrx_word' id='word_1_218' title='bbox 1016 3079 1479 3144; x_wconf 73' lang='grc' dir='ltr'>Μουζαλώνισσαν</span> <span class='ocrx_word' id='word_1_219' title='bbox 1528 3077 1622 3131; x_wconf 83' lang='grc' dir='ltr'>καὶ</span> <span class='ocrx_word' id='word_1_220' title='bbox 1680 3074 1781 3147; x_wconf 79' lang='grc' dir='ltr'>τὴν</span> 
     </span>
    </p>
   </div>
   <div class='ocr_carea' id='block_1_33' title="bbox 1879 588 3449 663">
    <p class='ocr_par' dir='ltr' id='par_1_33' title="bbox 1879 588 3449 663">
     <span class='ocr_line' id='line_1_33' title="bbox 1879 588 3449 663; baseline -0.002 -16"><span class='ocrx_word' id='word_1_221' title='bbox 1879 610 1980 648; x_wconf 91' lang='grc' dir='ltr'>σαν</span> <span class='ocrx_word' id='word_1_222' title='bbox 2009 594 2090 656; x_wconf 85' lang='grc' dir='ltr'>είς</span> <span class='ocrx_word' id='word_1_223' title='bbox 2137 592 2235 661; x_wconf 80' lang='grc' dir='ltr'>τὴν</span> <span class='ocrx_word' id='word_1_224' title='bbox 2272 589 2492 644; x_wconf 84' lang='grc' dir='ltr'>σύνοδον</span> <span class='ocrx_word' id='word_1_225' title='bbox 2537 589 2630 643; x_wconf 75' lang='grc' dir='ltr'>καὶ</span> <span class='ocrx_word' id='word_1_226' title='bbox 2674 589 2725 642; x_wconf 87' lang='grc' dir='ltr'>οί</span> <span class='ocrx_word' id='word_1_227' title='bbox 2775 588 2931 643; x_wconf 74' lang='grc' dir='ltr'>αὐτοὶ</span> <span class='ocrx_word' id='word_1_228' title='bbox 2978 588 3258 661; x_wconf 86' lang='grc' dir='ltr'>μάρτυρες</span> <span class='ocrx_word' id='word_1_229' title='bbox 3290 592 3383 645; x_wconf 80' lang='grc' dir='ltr'>καὶ</span> <span class='ocrx_word' id='word_1_230' title='bbox 3414 593 3449 663; x_wconf 76' lang='grc' dir='ltr'>η</span> 
     </span>
    </p>
   </div>
   <div class='ocr_carea' id='block_1_34' title="bbox 1876 678 3453 756">
    <p class='ocr_par' dir='ltr' id='par_1_34' title="bbox 1876 678 3453 756">
     <span class='ocr_line' id='line_1_34' title="bbox 1876 678 3453 756; baseline -0.001 -17"><span class='ocrx_word' id='word_1_231' title='bbox 1876 684 2018 755; x_wconf 77' lang='grc' dir='ltr'>αὐτὴ</span> <span class='ocrx_word' id='word_1_232' title='bbox 2051 684 2209 756; x_wconf 82' lang='grc' dir='ltr'>γυνὴ,</span> <span class='ocrx_word' id='word_1_233' title='bbox 2240 684 2335 737; x_wconf 75' lang='grc' dir='ltr'>καὶ</span> <span class='ocrx_word' id='word_1_234' title='bbox 2369 682 2827 753; x_wconf 84' lang='grc' dir='ltr'>συνωμολόγησαν</span> <span class='ocrx_word' id='word_1_235' title='bbox 2869 683 2937 738; x_wconf 82' lang='grc' dir='ltr'>τὰ</span> <span class='ocrx_word' id='word_1_236' title='bbox 2966 683 3130 738; x_wconf 84' lang='grc' dir='ltr'>αὐτά.</span> <span class='ocrx_word' id='word_1_237' title='bbox 3163 678 3296 737; x_wconf 82' lang='grc' dir='ltr'>Εἶτα</span> <span class='ocrx_word' id='word_1_238' title='bbox 3321 685 3453 738; x_wconf 85' lang='grc' dir='ltr'>ἐπε-</span> 
     </span>
    </p>
   </div>
   <div class='ocr_carea' id='block_1_35' title="bbox 1876 776 3452 850">
    <p class='ocr_par' dir='ltr' id='par_1_35' title="bbox 1876 776 3452 850">
     <span class='ocr_line' id='line_1_35' title="bbox 1876 776 3452 850; baseline 0 -18"><span class='ocrx_word' id='word_1_239' title='bbox 1876 779 2062 849; x_wconf 87' lang='grc' dir='ltr'>τράπη</span> <span class='ocrx_word' id='word_1_240' title='bbox 2110 777 2386 850; x_wconf 82' lang='grc' dir='ltr'>ἐρωτῆσαι</span> <span class='ocrx_word' id='word_1_241' title='bbox 2437 776 2536 847; x_wconf 80' lang='grc' dir='ltr'>τὴν</span> <span class='ocrx_word' id='word_1_242' title='bbox 2592 777 2761 849; x_wconf 82' lang='grc' dir='ltr'>αὐτὴν</span> <span class='ocrx_word' id='word_1_243' title='bbox 2816 779 3051 847; x_wconf 81' lang='grc' dir='ltr'>γυναῖκα</span> <span class='ocrx_word' id='word_1_244' title='bbox 3083 779 3111 831; x_wconf 92' lang='grc' dir='ltr'>ό</span> <span class='ocrx_word' id='word_1_245' title='bbox 3160 778 3452 849; x_wconf 80' lang='grc' dir='ltr'>ἱερώτατος</span> 
     </span>
    </p>
   </div>
   <div class='ocr_carea' id='block_1_36' title="bbox 1883 866 3454 941">
    <p class='ocr_par' dir='ltr' id='par_1_36' title="bbox 1883 866 3454 941">
     <span class='ocr_line' id='line_1_36' title="bbox 1883 866 3454 941; baseline 0.003 -21"><span class='ocrx_word' id='word_1_246' title='bbox 1883 868 2293 939; x_wconf 87' lang='grc' dir='ltr'>μητροπολίτης</span> <span class='ocrx_word' id='word_1_247' title='bbox 2344 866 2597 938; x_wconf 88' lang='grc' dir='ltr'>Προύσης</span> <span class='ocrx_word' id='word_1_248' title='bbox 2632 870 2727 921; x_wconf 70' lang='grc' dir='ltr'>καὶ</span> <span class='ocrx_word' id='word_1_249' title='bbox 2782 868 3103 940; x_wconf 84' lang='grc' dir='ltr'>ὑπέρτιμος,</span> <span class='ocrx_word' id='word_1_250' title='bbox 3144 869 3178 941; x_wconf 73' lang='grc' dir='ltr'><strong><em>ἦ</em></strong></span> <span class='ocrx_word' id='word_1_251' title='bbox 3231 870 3298 940; x_wconf 79' lang='grc' dir='ltr'>δὴ</span> <span class='ocrx_word' id='word_1_252' title='bbox 3356 872 3454 925; x_wconf 77' lang='grc' dir='ltr'>καὶ</span> 
     </span>
    </p>
   </div>
   <div class='ocr_carea' id='block_1_37' title="bbox 1879 957 3451 1030">
    <p class='ocr_par' dir='ltr' id='par_1_37' title="bbox 1879 957 3451 1030">
     <span class='ocr_line' id='line_1_37' title="bbox 1879 957 3451 1030; baseline 0.002 -19"><span class='ocrx_word' id='word_1_253' title='bbox 1879 958 2220 1029; x_wconf 77' lang='grc' dir='ltr'>ἐρωτηθεῖσα</span> <span class='ocrx_word' id='word_1_254' title='bbox 2252 957 2384 1028; x_wconf 85' lang='grc' dir='ltr'>παρ’</span> <span class='ocrx_word' id='word_1_255' title='bbox 2427 958 2594 1013; x_wconf 81' lang='grc' dir='ltr'>αύτοῦ</span> <span class='ocrx_word' id='word_1_256' title='bbox 2636 958 2732 1012; x_wconf 83' lang='grc' dir='ltr'>καὶ</span> <span class='ocrx_word' id='word_1_257' title='bbox 2781 959 3048 1030; x_wconf 83' lang='grc' dir='ltr'>ἐπιτιμίῳ</span> <span class='ocrx_word' id='word_1_258' title='bbox 3078 959 3451 1029; x_wconf 80' lang='grc' dir='ltr'>ύποϐληθεῖσα</span> 
     </span>
    </p>
   </div>
   <div class='ocr_carea' id='block_1_38' title="bbox 1879 1048 3453 1122">
    <p class='ocr_par' dir='ltr' id='par_1_38' title="bbox 1879 1048 3453 1122">
     <span class='ocr_line' id='line_1_38' title="bbox 1879 1048 3453 1122; baseline 0.003 -20"><span class='ocrx_word' id='word_1_259' title='bbox 1879 1049 2293 1120; x_wconf 82' lang='grc' dir='ltr'>ἀνωμολόγησε,</span> <span class='ocrx_word' id='word_1_260' title='bbox 2331 1048 2542 1119; x_wconf 90' lang='grc' dir='ltr'>ψευδῶς</span> <span class='ocrx_word' id='word_1_261' title='bbox 2569 1052 2854 1104; x_wconf 76' lang='grc' dir='ltr'>κατειπεῖν</span> <span class='ocrx_word' id='word_1_262' title='bbox 2882 1050 2979 1104; x_wconf 91' lang='grc' dir='ltr'>τοῦ</span> <span class='ocrx_word' id='word_1_263' title='bbox 3024 1052 3268 1105; x_wconf 91' lang='grc' dir='ltr'>τοιούτου</span> <span class='ocrx_word' id='word_1_264' title='bbox 3302 1053 3453 1122; x_wconf 77' lang='grc' dir='ltr'>Καρ-</span> 
     </span>
    </p>
   </div>
   <div class='ocr_carea' id='block_1_39' title="bbox 1880 1141 3454 1216">
    <p class='ocr_par' dir='ltr' id='par_1_39' title="bbox 1880 1141 3454 1216">
     <span class='ocr_line' id='line_1_39' title="bbox 1880 1141 3454 1216; baseline 0.003 -22"><span class='ocrx_word' id='word_1_265' title='bbox 1880 1141 2143 1213; x_wconf 85' lang='grc' dir='ltr'>6αληνοῦ,</span> <span class='ocrx_word' id='word_1_266' title='bbox 2175 1142 2467 1214; x_wconf 82' lang='grc' dir='ltr'>κινηθῆναι</span> <span class='ocrx_word' id='word_1_267' title='bbox 2494 1142 2550 1195; x_wconf 81' lang='grc' dir='ltr'>δὲ</span> <span class='ocrx_word' id='word_1_268' title='bbox 2583 1143 2719 1213; x_wconf 81' lang='grc' dir='ltr'>πρὸς</span> <span class='ocrx_word' id='word_1_269' title='bbox 2742 1142 2918 1208; x_wconf 85' lang='grc' dir='ltr'>τοῦτο⁹</span> <span class='ocrx_word' id='word_1_270' title='bbox 2948 1142 3137 1213; x_wconf 63' lang='grc' dir='ltr'>τδμέν</span> <span class='ocrx_word' id='word_1_271' title='bbox 3161 1145 3327 1216; x_wconf 76' lang='grc' dir='ltr'>ἔρωτι</span> <span class='ocrx_word' id='word_1_272' title='bbox 3359 1146 3454 1199; x_wconf 90' lang='grc' dir='ltr'>τοῦ</span> 
     </span>
    </p>
   </div>
   <div class='ocr_carea' id='block_1_40' title="bbox 1880 1233 3455 1306">
    <p class='ocr_par' dir='ltr' id='par_1_40' title="bbox 1880 1233 3455 1306">
     <span class='ocr_line' id='line_1_40' title="bbox 1880 1233 3455 1306; baseline 0.001 -19"><span class='ocrx_word' id='word_1_273' title='bbox 1880 1234 2066 1288; x_wconf 78' lang='grc' dir='ltr'>λαϐεῖν</span> <span class='ocrx_word' id='word_1_274' title='bbox 2094 1233 2260 1288; x_wconf 82' lang='grc' dir='ltr'>αὐτὸν</span> <span class='ocrx_word' id='word_1_275' title='bbox 2289 1234 2370 1297; x_wconf 81' lang='grc' dir='ltr'>είς</span> <span class='ocrx_word' id='word_1_276' title='bbox 2393 1234 2584 1305; x_wconf 82' lang='grc' dir='ltr'>ἀνδρα.</span> <span class='ocrx_word' id='word_1_277' title='bbox 2616 1234 2677 1288; x_wconf 85' lang='grc' dir='ltr'>τὸ</span> <span class='ocrx_word' id='word_1_278' title='bbox 2705 1234 2762 1287; x_wconf 87' lang='grc' dir='ltr'>δὲ</span> <span class='ocrx_word' id='word_1_279' title='bbox 2788 1234 2882 1287; x_wconf 75' lang='grc' dir='ltr'>καὶ</span> <span class='ocrx_word' id='word_1_280' title='bbox 2909 1234 3147 1306; x_wconf 77' lang='grc' dir='ltr'>ὑποϐολῇ</span> <span class='ocrx_word' id='word_1_281' title='bbox 3178 1238 3276 1305; x_wconf 86' lang='grc' dir='ltr'>τῆς</span> <span class='ocrx_word' id='word_1_282' title='bbox 3304 1236 3455 1300; x_wconf 89' lang='grc' dir='ltr'>θείας</span> 
     </span>
    </p>
   </div>
   <div class='ocr_carea' id='block_1_41' title="bbox 1881 1326 3456 1398">
    <p class='ocr_par' dir='ltr' id='par_1_41' title="bbox 1881 1326 3456 1398">
     <span class='ocr_line' id='line_1_41' title="bbox 1881 1326 3456 1398; baseline 0.001 -16"><span class='ocrx_word' id='word_1_283' title='bbox 1881 1326 2051 1382; x_wconf 83' lang='grc' dir='ltr'>αὑτοῦ</span> <span class='ocrx_word' id='word_1_284' title='bbox 2084 1330 2179 1396; x_wconf 85' lang='grc' dir='ltr'>τῆς</span> <span class='ocrx_word' id='word_1_285' title='bbox 2214 1326 2755 1397; x_wconf 82' lang='grc' dir='ltr'>Θεοδωροπουλίνης,</span> <span class='ocrx_word' id='word_1_286' title='bbox 2785 1327 2855 1398; x_wconf 78' lang='grc' dir='ltr'>ῆν</span> <span class='ocrx_word' id='word_1_287' title='bbox 2884 1326 2947 1396; x_wconf 78' lang='grc' dir='ltr'>δὴ</span> <span class='ocrx_word' id='word_1_288' title='bbox 2986 1328 3081 1381; x_wconf 81' lang='grc' dir='ltr'>καὶ</span> <span class='ocrx_word' id='word_1_289' title='bbox 3116 1328 3284 1389; x_wconf 80' lang='grc' dir='ltr'>αὐτὴν</span> <span class='ocrx_word' id='word_1_290' title='bbox 3308 1331 3335 1383; x_wconf 89' lang='lat'>6</span> <span class='ocrx_word' id='word_1_291' title='bbox 3360 1330 3456 1383; x_wconf 83' lang='grc' dir='ltr'>αύ-</span> 
     </span>
    </p>
   </div>
   <div class='ocr_carea' id='block_1_42' title="bbox 1879 1417 3457 1491">
    <p class='ocr_par' dir='ltr' id='par_1_42' title="bbox 1879 1417 3457 1491">
     <span class='ocr_line' id='line_1_42' title="bbox 1879 1417 3457 1491; baseline 0.001 -20"><span class='ocrx_word' id='word_1_292' title='bbox 1879 1418 1971 1482; x_wconf 79' lang='grc' dir='ltr'>τδς</span> <span class='ocrx_word' id='word_1_293' title='bbox 2001 1418 2294 1489; x_wconf 77' lang='grc' dir='ltr'>ἱερώτατος</span> <span class='ocrx_word' id='word_1_294' title='bbox 2324 1419 2728 1491; x_wconf 86' lang='grc' dir='ltr'>μητροπολίτης</span> <span class='ocrx_word' id='word_1_295' title='bbox 2756 1417 3011 1490; x_wconf 91' lang='grc' dir='ltr'>Προύσης</span> <span class='ocrx_word' id='word_1_296' title='bbox 3033 1420 3127 1474; x_wconf 73' lang='grc' dir='ltr'>καὶ</span> <span class='ocrx_word' id='word_1_297' title='bbox 3153 1419 3457 1490; x_wconf 81' lang='grc' dir='ltr'>ύπέρτιμος</span> 
     </span>
    </p>
   </div>
   <div class='ocr_carea' id='block_1_43' title="bbox 1881 1501 3461 1583">
    <p class='ocr_par' dir='ltr' id='par_1_43' title="bbox 1881 1501 3461 1583">
     <span class='ocr_line' id='line_1_43' title="bbox 1881 1501 3461 1583; baseline -0.001 -19"><span class='ocrx_word' id='word_1_298' title='bbox 1881 1511 2171 1583; x_wconf 75' lang='grc' dir='ltr'>ἐπετράπη</span> <span class='ocrx_word' id='word_1_299' title='bbox 2203 1513 2479 1582; x_wconf 87' lang='grc' dir='ltr'>ἐρωτῆσαι</span> <span class='ocrx_word' id='word_1_300' title='bbox 2530 1510 2629 1566; x_wconf 80' lang='grc' dir='ltr'>σὺν</span> <span class='ocrx_word' id='word_1_301' title='bbox 2659 1511 2737 1581; x_wconf 83' lang='grc' dir='ltr'>τῷ</span> <span class='ocrx_word' id='word_1_302' title='bbox 2773 1511 2995 1583; x_wconf 77' lang='grc' dir='ltr'>ἄρχοντι</span> <span class='ocrx_word' id='word_1_303' title='bbox 3028 1512 3137 1565; x_wconf 90' lang='grc' dir='ltr'>τῶν</span> <span class='ocrx_word' id='word_1_304' title='bbox 3188 1501 3461 1583; x_wconf 83' lang='grc' dir='ltr'>μοναστη-</span> 
     </span>
    </p>
   </div>
   <div class='ocr_carea' id='block_1_44' title="bbox 1886 1602 3459 1677">
    <p class='ocr_par' dir='ltr' id='par_1_44' title="bbox 1886 1602 3459 1677">
     <span class='ocr_line' id='line_1_44' title="bbox 1886 1602 3459 1677; baseline 0 -21"><span class='ocrx_word' id='word_1_305' title='bbox 1886 1604 2019 1674; x_wconf 85' lang='grc' dir='ltr'>ρίων</span> <span class='ocrx_word' id='word_1_306' title='bbox 2056 1604 2135 1675; x_wconf 83' lang='grc' dir='ltr'>τῷ</span> <span class='ocrx_word' id='word_1_307' title='bbox 2160 1604 2484 1677; x_wconf 86' lang='grc' dir='ltr'>Παραδείσῳ</span> <span class='ocrx_word' id='word_1_308' title='bbox 2518 1602 2659 1675; x_wconf 87' lang='grc' dir='ltr'>μετά</span> <span class='ocrx_word' id='word_1_309' title='bbox 2684 1603 2987 1673; x_wconf 78' lang='grc' dir='ltr'>ἀσφαλείας</span> <span class='ocrx_word' id='word_1_310' title='bbox 3012 1604 3111 1674; x_wconf 89' lang='grc' dir='ltr'>τῆς</span> <span class='ocrx_word' id='word_1_311' title='bbox 3144 1603 3459 1674; x_wconf 84' lang='grc' dir='ltr'>προσηκού-</span> 
     </span>
    </p>
   </div>
   <div class='ocr_carea' id='block_1_45' title="bbox 1882 1693 3463 1767">
    <p class='ocr_par' dir='ltr' id='par_1_45' title="bbox 1882 1693 3463 1767">
     <span class='ocr_line' id='line_1_45' title="bbox 1882 1693 3463 1767; baseline 0 -18"><span class='ocrx_word' id='word_1_312' title='bbox 1882 1711 2005 1766; x_wconf 86' lang='grc' dir='ltr'>σης,</span> <span class='ocrx_word' id='word_1_313' title='bbox 2040 1696 2137 1749; x_wconf 75' lang='grc' dir='ltr'>καὶ</span> <span class='ocrx_word' id='word_1_314' title='bbox 2178 1694 2550 1767; x_wconf 82' lang='grc' dir='ltr'>ἐρωτηθείσης</span> <span class='ocrx_word' id='word_1_315' title='bbox 2582 1693 2787 1765; x_wconf 83' lang='grc' dir='ltr'>ταύτης</span> <span class='ocrx_word' id='word_1_316' title='bbox 2832 1695 2925 1749; x_wconf 81' lang='grc' dir='ltr'>ὑπ’</span> <span class='ocrx_word' id='word_1_317' title='bbox 2951 1695 3117 1750; x_wconf 81' lang='grc' dir='ltr'>αὐτοῦ</span> <span class='ocrx_word' id='word_1_318' title='bbox 3150 1698 3246 1750; x_wconf 75' lang='grc' dir='ltr'>καὶ</span> <span class='ocrx_word' id='word_1_319' title='bbox 3277 1696 3463 1751; x_wconf 76' lang='grc' dir='ltr'>διασει-</span> 
     </span>
    </p>
   </div>
   <div class='ocr_carea' id='block_1_46' title="bbox 1883 1782 3460 1858">
    <p class='ocr_par' dir='ltr' id='par_1_46' title="bbox 1883 1782 3460 1858">
     <span class='ocr_line' id='line_1_46' title="bbox 1883 1782 3460 1858; baseline 0.001 -19"><span class='ocrx_word' id='word_1_320' title='bbox 1883 1786 2295 1858; x_wconf 83' lang='grc' dir='ltr'>6αιωσαμένης,</span> <span class='ocrx_word' id='word_1_321' title='bbox 2349 1786 2432 1839; x_wconf 88' lang='grc' dir='ltr'>ὅτι</span> <span class='ocrx_word' id='word_1_322' title='bbox 2488 1786 2787 1841; x_wconf 82' lang='grc' dir='ltr'>σκάνδαλον</span> <span class='ocrx_word' id='word_1_323' title='bbox 2844 1787 2944 1855; x_wconf 82' lang='grc' dir='ltr'>μὲν</span> <span class='ocrx_word' id='word_1_324' title='bbox 2988 1782 3104 1857; x_wconf 81' lang='grc' dir='ltr'>εἶχε</span> <span class='ocrx_word' id='word_1_325' title='bbox 3164 1788 3307 1856; x_wconf 87' lang='grc' dir='ltr'>μετὰ</span> <span class='ocrx_word' id='word_1_326' title='bbox 3359 1788 3460 1857; x_wconf 88' lang='grc' dir='ltr'>τῆς</span> 
     </span>
    </p>
   </div>
   <div class='ocr_carea' id='block_1_47' title="bbox 1812 1847 3462 1953">
    <p class='ocr_par' dir='ltr' id='par_1_47' title="bbox 1812 1847 3462 1953">
     <span class='ocr_line' id='line_1_47' title="bbox 1812 1847 3462 1953; baseline 0.001 -19"><span class='ocrx_word' id='word_1_327' title='bbox 1812 1847 2513 1953; x_wconf 46' lang='grc' dir='ltr'>Βδηλωθείσης-γυναικὸς</span> <span class='ocrx_word' id='word_1_328' title='bbox 2564 1881 2692 1951; x_wconf 85' lang='grc' dir='ltr'>περί</span> <span class='ocrx_word' id='word_1_329' title='bbox 2747 1847 2895 1944; x_wconf 78' lang='grc' dir='ltr'>τινος</span> <span class='ocrx_word' id='word_1_330' title='bbox 2938 1847 3207 1953; x_wconf 63' lang='grc' dir='ltr'>βιωτικῆς</span> <span class='ocrx_word' id='word_1_331' title='bbox 3259 1847 3462 1937; x_wconf 45' lang='grc' dir='ltr'>ὕποθέξι</span> 
     </span>
    </p>
   </div>
   <div class='ocr_carea' id='block_1_48' title="bbox 1884 1972 3461 2047">
    <p class='ocr_par' dir='ltr' id='par_1_48' title="bbox 1884 1972 3461 2047">
     <span class='ocr_line' id='line_1_48' title="bbox 1884 1972 3461 2047; baseline 0.002 -22"><span class='ocrx_word' id='word_1_332' title='bbox 1884 1990 2047 2038; x_wconf 80' lang='grc' dir='ltr'>σεως,</span> <span class='ocrx_word' id='word_1_333' title='bbox 2076 1974 2175 2045; x_wconf 82' lang='grc' dir='ltr'>οὐχ</span> <span class='ocrx_word' id='word_1_334' title='bbox 2205 1972 2443 2027; x_wconf 79' lang='grc' dir='ltr'>ὑπέϐαλε</span> <span class='ocrx_word' id='word_1_335' title='bbox 2488 1973 2545 2027; x_wconf 81' lang='grc' dir='ltr'>δέ</span> <span class='ocrx_word' id='word_1_336' title='bbox 2578 1974 2795 2042; x_wconf 84' lang='grc' dir='ltr'>ἐκείνην</span> <span class='ocrx_word' id='word_1_337' title='bbox 2825 1974 2970 2029; x_wconf 87' lang='grc' dir='ltr'>κατά</span> <span class='ocrx_word' id='word_1_338' title='bbox 3000 1974 3101 2045; x_wconf 86' lang='grc' dir='ltr'>τῆς</span> <span class='ocrx_word' id='word_1_339' title='bbox 3136 1976 3461 2047; x_wconf 63' lang='grc' dir='ltr'>ὑπολήψεως</span> 
     </span>
    </p>
   </div>
   <div class='ocr_carea' id='block_1_49' title="bbox 1880 2063 3461 2137">
    <p class='ocr_par' dir='ltr' id='par_1_49' title="bbox 1880 2063 3461 2137">
     <span class='ocr_line' id='line_1_49' title="bbox 1880 2063 3461 2137; baseline 0.001 -18"><span class='ocrx_word' id='word_1_340' title='bbox 1880 2067 2265 2137; x_wconf 84' lang='grc' dir='ltr'>κατηγορῆσαι</span> <span class='ocrx_word' id='word_1_341' title='bbox 2297 2063 2393 2119; x_wconf 90' lang='grc' dir='ltr'>τοῦ</span> <span class='ocrx_word' id='word_1_342' title='bbox 2425 2064 2670 2137; x_wconf 77' lang='grc' dir='ltr'>ἀνεψιοῦ,</span> <span class='ocrx_word' id='word_1_343' title='bbox 2702 2065 2785 2119; x_wconf 82' lang='grc' dir='ltr'>ὅτι</span> <span class='ocrx_word' id='word_1_344' title='bbox 2819 2066 2955 2137; x_wconf 89' lang='grc' dir='ltr'>μηδέ</span> <span class='ocrx_word' id='word_1_345' title='bbox 2991 2066 3198 2122; x_wconf 88' lang='grc' dir='ltr'>σύνοιδέ</span> <span class='ocrx_word' id='word_1_346' title='bbox 3238 2085 3289 2121; x_wconf 88' lang='grc' dir='ltr'>τι</span> <span class='ocrx_word' id='word_1_347' title='bbox 3318 2068 3461 2121; x_wconf 83' lang='grc' dir='ltr'>κατά</span> 
     </span>
    </p>
   </div>
   <div class='ocr_carea' id='block_1_50' title="bbox 1881 2157 3459 2233">
    <p class='ocr_par' dir='ltr' id='par_1_50' title="bbox 1881 2157 3459 2233">
     <span class='ocr_line' id='line_1_50' title="bbox 1881 2157 3459 2233; baseline 0.001 -21"><span class='ocrx_word' id='word_1_348' title='bbox 1881 2160 1980 2228; x_wconf 86' lang='grc' dir='ltr'>τῆς</span> <span class='ocrx_word' id='word_1_349' title='bbox 2034 2157 2358 2228; x_wconf 79' lang='grc' dir='ltr'>ὑπολήψεως</span> <span class='ocrx_word' id='word_1_350' title='bbox 2413 2158 2601 2213; x_wconf 83' lang='grc' dir='ltr'>αὐτοῦ.</span> <span class='ocrx_word' id='word_1_351' title='bbox 2642 2158 2804 2212; x_wconf 81' lang='grc' dir='ltr'>Ὅθεν</span> <span class='ocrx_word' id='word_1_352' title='bbox 2860 2160 2956 2213; x_wconf 81' lang='grc' dir='ltr'>καὶ</span> <span class='ocrx_word' id='word_1_353' title='bbox 3008 2160 3307 2233; x_wconf 76' lang='grc' dir='ltr'>ἐδικαιώθη</span> <span class='ocrx_word' id='word_1_354' title='bbox 3363 2163 3459 2213; x_wconf 81' lang='grc' dir='ltr'>καὶ</span> 
     </span>
    </p>
   </div>
   <div class='ocr_carea' id='block_1_51' title="bbox 1882 2244 3460 2324">
    <p class='ocr_par' dir='ltr' id='par_1_51' title="bbox 1882 2244 3460 2324">
     <span class='ocr_line' id='line_1_51' title="bbox 1882 2244 3460 2324; baseline 0.002 -20"><span class='ocrx_word' id='word_1_355' title='bbox 1882 2244 2042 2316; x_wconf 72' lang='grc' dir='ltr'>οὗτος</span> <span class='ocrx_word' id='word_1_356' title='bbox 2073 2250 2392 2317; x_wconf 87' lang='grc' dir='ltr'>συνοδικῶς,</span> <span class='ocrx_word' id='word_1_357' title='bbox 2442 2249 2878 2324; x_wconf 76' lang='grc' dir='ltr'>προῦιϐασθῆναι</span> <span class='ocrx_word' id='word_1_358' title='bbox 2926 2252 3224 2317; x_wconf 79' lang='grc' dir='ltr'>ἀκωλύτως</span> <span class='ocrx_word' id='word_1_359' title='bbox 3258 2255 3338 2318; x_wconf 87' lang='grc' dir='ltr'>είς</span> <span class='ocrx_word' id='word_1_360' title='bbox 3366 2251 3460 2307; x_wconf 84' lang='grc' dir='ltr'>τδν</span> 
     </span>
    </p>
   </div>
   <div class='ocr_carea' id='block_1_52' title="bbox 1880 2341 2539 2414">
    <p class='ocr_par' dir='ltr' id='par_1_52' title="bbox 1880 2341 2539 2414">
     <span class='ocr_line' id='line_1_52' title="bbox 1880 2341 2539 2414; baseline 0.005 -18"><span class='ocrx_word' id='word_1_361' title='bbox 1880 2341 1981 2413; x_wconf 87' lang='grc' dir='ltr'>τῆς</span> <span class='ocrx_word' id='word_1_362' title='bbox 2007 2341 2280 2407; x_wconf 83' lang='grc' dir='ltr'>διακονίας</span> <span class='ocrx_word' id='word_1_363' title='bbox 2304 2341 2539 2414; x_wconf 88' lang='grc' dir='ltr'>βαθμόν.</span> 
     </span>
    </p>
   </div>
   <div class='ocr_carea' id='block_1_53' title="bbox 1883 2503 3461 2578">
    <p class='ocr_par' dir='ltr' id='par_1_53' title="bbox 1883 2503 3461 2578">
     <span class='ocr_line' id='line_1_53' title="bbox 1883 2503 3461 2578; baseline 0.002 -19"><span class='ocrx_word' id='word_1_364' title='bbox 1883 2503 2094 2559; x_wconf 70' lang='lat' dir='ltr'>XXVII.</span> <span class='ocrx_word' id='word_1_365' title='bbox 2123 2504 2364 2575; x_wconf 75' lang='lat' dir='ltr'>Synodus</span> <span class='ocrx_word' id='word_1_366' title='bbox 2397 2506 2743 2578; x_wconf 69' lang='lat' dir='ltr'>muropolilte</span> <span class='ocrx_word' id='word_1_367' title='bbox 2775 2508 3087 2578; x_wconf 78' lang='lat' dir='ltr'>Dyrrhachii</span> <span class='ocrx_word' id='word_1_368' title='bbox 3122 2508 3327 2578; x_wconf 72' lang='lat' dir='ltr'>confert</span> <span class='ocrx_word' id='word_1_369' title='bbox 3350 2525 3461 2562; x_wconf 77' lang='lat' dir='ltr'>mc-</span> 
     </span>
    </p>
   </div>
   <div class='ocr_carea' id='block_1_54' title="bbox 2096 2577 3245 2648">
    <p class='ocr_par' dir='ltr' id='par_1_54' title="bbox 2096 2577 3245 2648">
     <span class='ocr_line' id='line_1_54' title="bbox 2096 2577 3245 2648; baseline 0.004 -20"><span class='ocrx_word' id='word_1_370' title='bbox 2096 2580 2338 2647; x_wconf 75' lang='grc' dir='ltr'>ινοροίὶιη</span> <span class='ocrx_word' id='word_1_371' title='bbox 2374 2577 2683 2648; x_wconf 74' lang='lat' dir='ltr'>Selymbria:</span> <span class='ocrx_word' id='word_1_372' title='bbox 2717 2577 3245 2648; x_wconf 28' lang='lat' dir='ltr'>per&#39;udjunclioncm.</span> 
     </span>
    </p>
   </div>
   <div class='ocr_carea' id='block_1_55' title="bbox 1952 2710 3466 2785">
    <p class='ocr_par' dir='ltr' id='par_1_55' title="bbox 1952 2710 3466 2785">
     <span class='ocr_line' id='line_1_55' title="bbox 1952 2710 3466 2785; baseline -0.001 -17"><span class='ocrx_word' id='word_1_373' title='bbox 1952 2713 1992 2785; x_wconf 65' lang='grc' dir='ltr'>’ἶ-</span> <span class='ocrx_word' id='word_1_374' title='bbox 2019 2714 2130 2768; x_wconf 61' lang='lat' dir='ltr'><strong>K0).</strong></span> <span class='ocrx_word' id='word_1_375' title='bbox 2157 2710 2316 2766; x_wconf 84' lang='grc' dir='ltr'>τοῦτο</span> <span class='ocrx_word' id='word_1_376' title='bbox 2346 2711 2403 2766; x_wconf 83' lang='grc' dir='ltr'>δέ</span> <span class='ocrx_word' id='word_1_377' title='bbox 2446 2712 2557 2784; x_wconf 79' lang='grc' dir='ltr'>ἄρα</span> <span class='ocrx_word' id='word_1_378' title='bbox 2590 2711 2685 2766; x_wconf 90' lang='grc' dir='ltr'>τοῦ</span> <span class='ocrx_word' id='word_1_379' title='bbox 2718 2712 2933 2767; x_wconf 78' lang='grc' dir='ltr'>δικαίου</span> <span class='ocrx_word' id='word_1_380' title='bbox 2968 2731 3025 2767; x_wconf 89' lang='grc' dir='ltr'>τε</span> <span class='ocrx_word' id='word_1_381' title='bbox 3070 2714 3163 2768; x_wconf 76' lang='grc' dir='ltr'>καὶ</span> <span class='ocrx_word' id='word_1_382' title='bbox 3191 2712 3466 2784; x_wconf 81' lang='grc' dir='ltr'>καθήκον-</span> 
     </span>
    </p>
   </div>
   <div class='ocr_carea' id='block_1_56' title="bbox 1890 2793 3463 2874">
    <p class='ocr_par' dir='ltr' id='par_1_56' title="bbox 1890 2793 3463 2874">
     <span class='ocr_line' id='line_1_56' title="bbox 1890 2793 3463 2874; baseline 0.001 -18"><span class='ocrx_word' id='word_1_383' title='bbox 1890 2793 1977 2867; x_wconf 83' lang='grc' dir='ltr'>τος</span> <span class='ocrx_word' id='word_1_384' title='bbox 2003 2805 2165 2872; x_wconf 86' lang='grc' dir='ltr'>εῖπερ</span> <span class='ocrx_word' id='word_1_385' title='bbox 2193 2802 2322 2855; x_wconf 69' lang='grc' dir='ltr'>ἄλλο</span> <span class='ocrx_word' id='word_1_386' title='bbox 2350 2818 2404 2855; x_wconf 88' lang='grc' dir='ltr'>τι</span> <span class='ocrx_word' id='word_1_387' title='bbox 2452 2802 2698 2871; x_wconf 77' lang='grc' dir='ltr'>πέφυκεν</span> <span class='ocrx_word' id='word_1_388' title='bbox 2732 2796 2897 2866; x_wconf 78' lang='grc' dir='ltr'>εἶναι,</span> <span class='ocrx_word' id='word_1_389' title='bbox 2923 2802 3047 2865; x_wconf 71' lang='grc' dir='ltr'>τοὺς</span> <span class='ocrx_word' id='word_1_390' title='bbox 3079 2805 3463 2874; x_wconf 82' lang='grc' dir='ltr'>πνευματικὴν</span> 
     </span>
    </p>
   </div>
   <div class='ocr_carea' id='block_1_57' title="bbox 1882 2894 3464 2966">
    <p class='ocr_par' dir='ltr' id='par_1_57' title="bbox 1882 2894 3464 2966">
     <span class='ocr_line' id='line_1_57' title="bbox 1882 2894 3464 2966; baseline 0.001 -18"><span class='ocrx_word' id='word_1_391' title='bbox 1882 2896 2402 2966; x_wconf 79' lang='grc' dir='ltr'>ἐγκεχειρισμένους</span> <span class='ocrx_word' id='word_1_392' title='bbox 2460 2895 2787 2947; x_wconf 76' lang='grc' dir='ltr'>ἐπιστασίαν</span> <span class='ocrx_word' id='word_1_393' title='bbox 2840 2894 3104 2958; x_wconf 82' lang='grc' dir='ltr'>ἀνενδεῶς</span> <span class='ocrx_word' id='word_1_394' title='bbox 3161 2895 3312 2966; x_wconf 75' lang='grc' dir='ltr'>ἔχειν</span> <span class='ocrx_word' id='word_1_395' title='bbox 3365 2899 3464 2950; x_wconf 73' lang='grc' dir='ltr'>καὶ</span> 
     </span>
    </p>
   </div>
   <div class='ocr_carea' id='block_1_58' title="bbox 1887 2986 3463 3058">
    <p class='ocr_par' dir='ltr' id='par_1_58' title="bbox 1887 2986 3463 3058">
     <span class='ocr_line' id='line_1_58' title="bbox 1887 2986 3463 3058; baseline 0.001 -17"><span class='ocrx_word' id='word_1_396' title='bbox 1887 2989 2108 3051; x_wconf 80' lang='grc' dir='ltr'>ίκανὼς,</span> <span class='ocrx_word' id='word_1_397' title='bbox 2140 2988 2241 3041; x_wconf 80' lang='grc' dir='ltr'>ὅσα</span> <span class='ocrx_word' id='word_1_398' title='bbox 2270 3004 2333 3056; x_wconf 89' lang='grc' dir='ltr'>γε</span> <span class='ocrx_word' id='word_1_399' title='bbox 2377 2988 2515 3057; x_wconf 84' lang='grc' dir='ltr'>πρὸς</span> <span class='ocrx_word' id='word_1_400' title='bbox 2547 2987 2738 3058; x_wconf 84' lang='grc' dir='ltr'>χρείαν</span> <span class='ocrx_word' id='word_1_401' title='bbox 2767 2986 2896 3058; x_wconf 79' lang='grc' dir='ltr'>ῆκει</span> <span class='ocrx_word' id='word_1_402' title='bbox 2942 2987 3037 3040; x_wconf 89' lang='grc' dir='ltr'>τοῦ</span> <span class='ocrx_word' id='word_1_403' title='bbox 3090 2988 3365 3058; x_wconf 87' lang='grc' dir='ltr'>σώματος,</span> <span class='ocrx_word' id='word_1_404' title='bbox 3398 2990 3463 3043; x_wconf 79' lang='grc' dir='ltr'>ἵν’</span> 
     </span>
    </p>
   </div>
   <div class='ocr_carea' id='block_1_59' title="bbox 1884 3078 3462 3151">
    <p class='ocr_par' dir='ltr' id='par_1_59' title="bbox 1884 3078 3462 3151">
     <span class='ocr_line' id='line_1_59' title="bbox 1884 3078 3462 3151; baseline 0.001 -19"><span class='ocrx_word' id='word_1_405' title='bbox 1884 3078 2057 3144; x_wconf 77' lang='grc' dir='ltr'>οὕτως</span> <span class='ocrx_word' id='word_1_406' title='bbox 2086 3078 2243 3132; x_wconf 89' lang='grc' dir='ltr'>αύτοί</span> <span class='ocrx_word' id='word_1_407' title='bbox 2268 3096 2326 3131; x_wconf 90' lang='grc' dir='ltr'>τε</span> <span class='ocrx_word' id='word_1_408' title='bbox 2366 3079 2441 3149; x_wconf 73' lang='grc' dir='ltr'>μὴ</span> <span class='ocrx_word' id='word_1_409' title='bbox 2472 3080 2602 3149; x_wconf 70' lang='grc' dir='ltr'>περὶ</span> <span class='ocrx_word' id='word_1_410' title='bbox 2632 3080 2701 3131; x_wconf 76' lang='grc' dir='ltr'>τὰ</span> <span class='ocrx_word' id='word_1_411' title='bbox 2731 3078 2933 3144; x_wconf 78' lang='grc' dir='ltr'>ἔξωθεν</span> <span class='ocrx_word' id='word_1_412' title='bbox 2971 3080 3213 3148; x_wconf 76' lang='grc' dir='ltr'>ἀσχόλως</span> <span class='ocrx_word' id='word_1_413' title='bbox 3248 3081 3462 3151; x_wconf 77' lang='grc' dir='ltr'>ἔχοντες</span> 
     </span>
    </p>
   </div>
   <div class='ocr_carea' id='block_1_60' title="bbox 194 3167 3462 3245">
    <p class='ocr_par' dir='ltr' id='par_1_60' title="bbox 194 3167 3462 3245">
     <span class='ocr_line' id='line_1_60' title="bbox 194 3167 3462 3245; baseline -0 -18"><span class='ocrx_word' id='word_1_414' title='bbox 194 3174 539 3244; x_wconf 77' lang='grc' dir='ltr'>Θεοδηγίναν</span> <span class='ocrx_word' id='word_1_415' title='bbox 570 3174 705 3245; x_wconf 78' lang='grc' dir='ltr'>πρὸς</span> <span class='ocrx_word' id='word_1_416' title='bbox 740 3173 1050 3245; x_wconf 82' lang='grc' dir='ltr'>μαρτυρίαν</span> <span class='ocrx_word' id='word_1_417' title='bbox 1095 3172 1191 3225; x_wconf 84' lang='grc' dir='ltr'>τοῦ</span> <span class='ocrx_word' id='word_1_418' title='bbox 1227 3170 1497 3241; x_wconf 80' lang='grc' dir='ltr'>παρθένον</span> <span class='ocrx_word' id='word_1_419' title='bbox 1553 3167 1775 3241; x_wconf 83' lang='grc' dir='ltr'>εὑρεθῆ·</span> <span class='ocrx_word' id='word_1_420' title='bbox 1806 3186 1851 3244; x_wconf 74' lang='lat' dir='ltr'>c</span> <span class='ocrx_word' id='word_1_421' title='bbox 1886 3169 1966 3223; x_wconf 71' lang='grc' dir='ltr'>ἐνὶ</span> <span class='ocrx_word' id='word_1_422' title='bbox 2019 3170 2197 3240; x_wconf 83' lang='grc' dir='ltr'>τούτῳ</span> <span class='ocrx_word' id='word_1_423' title='bbox 2250 3170 2347 3222; x_wconf 59' lang='grc' dir='ltr'>καὶ⁵</span> <span class='ocrx_word' id='word_1_424' title='bbox 2390 3169 2537 3239; x_wconf 84' lang='grc' dir='ltr'>μόνῳ</span> <span class='ocrx_word' id='word_1_425' title='bbox 2597 3169 2951 3239; x_wconf 75' lang='grc' dir='ltr'>σχολάζοντες</span> <span class='ocrx_word' id='word_1_426' title='bbox 3011 3172 3109 3222; x_wconf 72' lang='grc' dir='ltr'>σὺν</span> <span class='ocrx_word' id='word_1_427' title='bbox 3156 3171 3305 3244; x_wconf 79' lang='grc' dir='ltr'>πάσῃ</span> <span class='ocrx_word' id='word_1_428' title='bbox 3351 3168 3462 3226; x_wconf 83' lang='grc' dir='ltr'>εἶεν</span> 
     </span>
    </p>
   </div>
   <div class='ocr_carea' id='block_1_61' title="bbox 194 3261 1781 3337">
    <p class='ocr_par' dir='ltr' id='par_1_61' title="bbox 194 3261 1781 3337">
     <span class='ocr_line' id='line_1_61' title="bbox 194 3261 1781 3337; baseline -0.005 -16"><span class='ocrx_word' id='word_1_429' title='bbox 194 3283 287 3321; x_wconf 87' lang='grc' dir='ltr'>ναι</span> <span class='ocrx_word' id='word_1_430' title='bbox 309 3267 411 3337; x_wconf 84' lang='grc' dir='ltr'>τὴν</span> <span class='ocrx_word' id='word_1_431' title='bbox 432 3267 601 3337; x_wconf 85' lang='grc' dir='ltr'>κόρην</span> <span class='ocrx_word' id='word_1_432' title='bbox 620 3268 677 3320; x_wconf 88' lang='grc' dir='ltr'>ἐν</span> <span class='ocrx_word' id='word_1_433' title='bbox 705 3265 783 3337; x_wconf 85' lang='grc' dir='ltr'>τῷ</span> <span class='ocrx_word' id='word_1_434' title='bbox 810 3264 907 3319; x_wconf 89' lang='grc' dir='ltr'>τοῦ</span> <span class='ocrx_word' id='word_1_435' title='bbox 959 3266 1139 3336; x_wconf 84' lang='grc' dir='ltr'>γάμου</span> <span class='ocrx_word' id='word_1_436' title='bbox 1173 3264 1375 3336; x_wconf 79' lang='grc' dir='ltr'>καιρῷ,</span> <span class='ocrx_word' id='word_1_437' title='bbox 1407 3263 1528 3316; x_wconf 72' lang='grc' dir='ltr'>ἐπεὶ</span> <span class='ocrx_word' id='word_1_438' title='bbox 1564 3262 1639 3333; x_wconf 76' lang='grc' dir='ltr'>μὴ</span> <span class='ocrx_word' id='word_1_439' title='bbox 1692 3261 1781 3314; x_wconf 84' lang='grc' dir='ltr'>δυ-</span> 
     </span>
    </p>
   </div>
   <div class='ocr_carea' id='block_1_62' title="bbox 194 3349 1781 3429">
    <p class='ocr_par' dir='ltr' id='par_1_62' title="bbox 194 3349 1781 3429">
     <span class='ocr_line' id='line_1_62' title="bbox 194 3349 1781 3429; baseline -0.007 -17"><span class='ocrx_word' id='word_1_440' title='bbox 194 3358 382 3422; x_wconf 86' lang='grc' dir='ltr'>νατῶς</span> <span class='ocrx_word' id='word_1_441' title='bbox 414 3354 561 3429; x_wconf 82' lang='grc' dir='ltr'>εἶχον</span> <span class='ocrx_word' id='word_1_442' title='bbox 584 3349 742 3411; x_wconf 74' lang='grc' dir='ltr'>αὗται</span> <span class='ocrx_word' id='word_1_443' title='bbox 772 3357 965 3411; x_wconf 87' lang='grc' dir='ltr'>τούτου</span> <span class='ocrx_word' id='word_1_444' title='bbox 1022 3356 1186 3428; x_wconf 83' lang='grc' dir='ltr'>χάριν</span> <span class='ocrx_word' id='word_1_445' title='bbox 1220 3354 1358 3425; x_wconf 88' lang='grc' dir='ltr'>πρὸς</span> <span class='ocrx_word' id='word_1_446' title='bbox 1408 3354 1509 3423; x_wconf 75' lang='grc' dir='ltr'>τὴν</span> <span class='ocrx_word' id='word_1_447' title='bbox 1564 3350 1781 3404; x_wconf 90' lang='grc' dir='ltr'>σύνοδον</span> 
     </span>
    </p>
   </div>
   <div class='ocr_carea' id='block_1_63' title="bbox 193 3444 1779 3522">
    <p class='ocr_par' dir='ltr' id='par_1_63' title="bbox 193 3444 1779 3522">
     <span class='ocr_line' id='line_1_63' title="bbox 193 3444 1779 3522; baseline -0.006 -18"><span class='ocrx_word' id='word_1_448' title='bbox 193 3452 536 3520; x_wconf 84' lang='grc' dir='ltr'>ἀπαντῆσαι,</span> <span class='ocrx_word' id='word_1_449' title='bbox 559 3449 972 3522; x_wconf 86' lang='grc' dir='ltr'>διεμηνύθησαν</span> <span class='ocrx_word' id='word_1_450' title='bbox 1008 3447 1147 3520; x_wconf 90' lang='grc' dir='ltr'>μετά</span> <span class='ocrx_word' id='word_1_451' title='bbox 1173 3446 1269 3501; x_wconf 89' lang='grc' dir='ltr'>τοῦ</span> <span class='ocrx_word' id='word_1_452' title='bbox 1301 3444 1658 3516; x_wconf 84' lang='grc' dir='ltr'>ἐντιμοτάτου</span> <span class='ocrx_word' id='word_1_453' title='bbox 1690 3444 1779 3495; x_wconf 86' lang='grc' dir='ltr'>ἐκ·</span> 
     </span>
    </p>
   </div>
   <div class='ocr_carea' id='block_1_64' title="bbox 194 3532 1781 3613">
    <p class='ocr_par' dir='ltr' id='par_1_64' title="bbox 194 3532 1781 3613">
     <span class='ocr_line' id='line_1_64' title="bbox 194 3532 1781 3613; baseline -0.007 -16"><span class='ocrx_word' id='word_1_454' title='bbox 194 3542 594 3612; x_wconf 82' lang='grc' dir='ltr'>κλησιαστικοῦ</span> <span class='ocrx_word' id='word_1_455' title='bbox 627 3542 721 3595; x_wconf 89' lang='grc' dir='ltr'>τοῦ</span> <span class='ocrx_word' id='word_1_456' title='bbox 753 3540 1313 3613; x_wconf 81' lang='grc' dir='ltr'>Καδαλλαροπούλου,</span> <span class='ocrx_word' id='word_1_457' title='bbox 1339 3540 1433 3597; x_wconf 74' lang='grc' dir='ltr'>καὶ</span> <span class='ocrx_word' id='word_1_458' title='bbox 1463 3532 1781 3590; x_wconf 76' lang='grc' dir='ltr'>διεϐεϐαιὼ-</span> 
     </span>
    </p>
   </div>
   <div class='ocr_carea' id='block_1_65' title="bbox 195 3628 1783 3707">
    <p class='ocr_par' dir='ltr' id='par_1_65' title="bbox 195 3628 1783 3707">
     <span class='ocr_line' id='line_1_65' title="bbox 195 3628 1783 3707; baseline -0.006 -15"><span class='ocrx_word' id='word_1_459' title='bbox 195 3655 390 3704; x_wconf 84' lang='grc' dir='ltr'>σαντο,</span> <span class='ocrx_word' id='word_1_460' title='bbox 419 3638 501 3691; x_wconf 83' lang='grc' dir='ltr'>ὅτι</span> <span class='ocrx_word' id='word_1_461' title='bbox 530 3637 590 3691; x_wconf 87' lang='grc' dir='ltr'>ού</span> <span class='ocrx_word' id='word_1_462' title='bbox 632 3637 888 3707; x_wconf 87' lang='grc' dir='ltr'>παρῆσαν</span> <span class='ocrx_word' id='word_1_463' title='bbox 928 3635 1251 3705; x_wconf 72' lang='grc' dir='ltr'>τελουμένου</span> <span class='ocrx_word' id='word_1_464' title='bbox 1288 3632 1384 3687; x_wconf 88' lang='grc' dir='ltr'>τοῦ</span> <span class='ocrx_word' id='word_1_465' title='bbox 1417 3632 1618 3702; x_wconf 86' lang='grc' dir='ltr'>γάμου,</span> <span class='ocrx_word' id='word_1_466' title='bbox 1648 3628 1783 3683; x_wconf 84' lang='grc' dir='ltr'>ἀλλά</span> 
     </span>
    </p>
   </div>
   <div class='ocr_carea' id='block_1_66' title="bbox 97 3720 1779 3800">
    <p class='ocr_par' dir='ltr' id='par_1_66' title="bbox 97 3720 1779 3800">
     <span class='ocr_line' id='line_1_66' title="bbox 97 3720 1779 3800; baseline -0.007 -14"><span class='ocrx_word' id='word_1_467' title='bbox 97 3756 101 3759; x_wconf 91' lang='grc'>·</span> <span class='ocrx_word' id='word_1_468' title='bbox 196 3746 347 3794; x_wconf 84' lang='grc' dir='ltr'>τινες</span> <span class='ocrx_word' id='word_1_469' title='bbox 377 3731 639 3800; x_wconf 83' lang='grc' dir='ltr'>γυναῖκες</span> <span class='ocrx_word' id='word_1_470' title='bbox 682 3727 889 3795; x_wconf 82' lang='grc' dir='ltr'>αὐτῶν,</span> <span class='ocrx_word' id='word_1_471' title='bbox 920 3723 997 3782; x_wconf 83' lang='grc' dir='ltr'>ῶν</span> <span class='ocrx_word' id='word_1_472' title='bbox 1044 3726 1110 3798; x_wconf 76' lang='grc' dir='ltr'>δὴ</span> <span class='ocrx_word' id='word_1_473' title='bbox 1160 3726 1256 3779; x_wconf 79' lang='grc' dir='ltr'>καὶ</span> <span class='ocrx_word' id='word_1_474' title='bbox 1316 3720 1779 3796; x_wconf 86' lang='grc' dir='ltr'>μετακληθεισῶν,</span> 
     </span>
    </p>
   </div>
   <div class='ocr_carea' id='block_1_67' title="bbox 193 3814 1785 3890">
    <p class='ocr_par' dir='ltr' id='par_1_67' title="bbox 193 3814 1785 3890">
     <span class='ocr_line' id='line_1_67' title="bbox 193 3814 1785 3890; baseline -0.005 -18"><span class='ocrx_word' id='word_1_475' title='bbox 193 3820 495 3889; x_wconf 74' lang='grc' dir='ltr'>ἐπετράπη</span> <span class='ocrx_word' id='word_1_476' title='bbox 539 3820 567 3875; x_wconf 87' lang='grc' dir='ltr'>ὁ</span> <span class='ocrx_word' id='word_1_477' title='bbox 602 3817 895 3890; x_wconf 73' lang='grc' dir='ltr'>ἱερώτατος</span> <span class='ocrx_word' id='word_1_478' title='bbox 924 3816 1360 3888; x_wconf 84' lang='grc' dir='ltr'>ἀρχιεπίσκοπος</span> <span class='ocrx_word' id='word_1_479' title='bbox 1399 3814 1601 3884; x_wconf 76' lang='grc' dir='ltr'>Βιζύης</span> <span class='ocrx_word' id='word_1_480' title='bbox 1648 3815 1785 3880; x_wconf 75' lang='grc' dir='ltr'>ἐρω-</span> 
     </span>
    </p>
   </div>
   <div class='ocr_carea' id='block_1_68' title="bbox 194 3902 1783 3981">
    <p class='ocr_par' dir='ltr' id='par_1_68' title="bbox 194 3902 1783 3981">
     <span class='ocr_line' id='line_1_68' title="bbox 194 3902 1783 3981; baseline -0.006 -16"><span class='ocrx_word' id='word_1_481' title='bbox 194 3911 371 3981; x_wconf 84' lang='grc' dir='ltr'>τῆσαι</span> <span class='ocrx_word' id='word_1_482' title='bbox 398 3911 599 3975; x_wconf 86' lang='grc' dir='ltr'>ταύτας</span> <span class='ocrx_word' id='word_1_483' title='bbox 632 3908 751 3981; x_wconf 82' lang='grc' dir='ltr'>μετ’</span> <span class='ocrx_word' id='word_1_484' title='bbox 779 3910 1084 3979; x_wconf 84' lang='grc' dir='ltr'>ἀσφαλείας</span> <span class='ocrx_word' id='word_1_485' title='bbox 1107 3908 1203 3978; x_wconf 89' lang='grc' dir='ltr'>τῆς</span> <span class='ocrx_word' id='word_1_486' title='bbox 1244 3906 1631 3977; x_wconf 80' lang='grc' dir='ltr'>προσηκούσης</span> <span class='ocrx_word' id='word_1_487' title='bbox 1665 3902 1783 3975; x_wconf 74' lang='grc' dir='ltr'>ἅμα</span> 
     </span>
    </p>
   </div>
   <div class='ocr_carea' id='block_1_69' title="bbox 194 3996 1784 4069">
    <p class='ocr_par' dir='ltr' id='par_1_69' title="bbox 194 3996 1784 4069">
     <span class='ocr_line' id='line_1_69' title="bbox 194 3996 1784 4069; baseline -0.003 -19"><span class='ocrx_word' id='word_1_488' title='bbox 194 4000 316 4062; x_wconf 88' lang='grc' dir='ltr'>τοῖς</span> <span class='ocrx_word' id='word_1_489' title='bbox 363 3998 735 4069; x_wconf 84' lang='grc' dir='ltr'>ἐντιμοτάτοις</span> <span class='ocrx_word' id='word_1_490' title='bbox 788 3996 1291 4067; x_wconf 76' lang='grc' dir='ltr'>ἐκκλησιαστικοῑς,</span> <span class='ocrx_word' id='word_1_491' title='bbox 1343 3996 1420 4067; x_wconf 81' lang='grc' dir='ltr'>τῷ</span> <span class='ocrx_word' id='word_1_492' title='bbox 1464 4012 1525 4049; x_wconf 87' lang='grc' dir='ltr'>τε</span> <span class='ocrx_word' id='word_1_493' title='bbox 1562 3997 1784 4065; x_wconf 78' lang='grc' dir='ltr'>ἄρχοντι</span> 
     </span>
    </p>
   </div>
   <div class='ocr_carea' id='block_1_70' title="bbox 193 4087 1783 4163">
    <p class='ocr_par' dir='ltr' id='par_1_70' title="bbox 193 4087 1783 4163">
     <span class='ocr_line' id='line_1_70' title="bbox 193 4087 1783 4163; baseline -0.002 -19"><span class='ocrx_word' id='word_1_494' title='bbox 193 4092 311 4144; x_wconf 84' lang='grc' dir='ltr'>τῶν</span> <span class='ocrx_word' id='word_1_495' title='bbox 343 4092 725 4163; x_wconf 81' lang='grc' dir='ltr'>μοναστηρίων</span> <span class='ocrx_word' id='word_1_496' title='bbox 743 4089 821 4161; x_wconf 83' lang='grc' dir='ltr'>τῷ</span> <span class='ocrx_word' id='word_1_497' title='bbox 856 4090 1180 4162; x_wconf 85' lang='grc' dir='ltr'>Παραδείσῳ</span> <span class='ocrx_word' id='word_1_498' title='bbox 1209 4090 1305 4145; x_wconf 88' lang='grc' dir='ltr'>καὶ</span> <span class='ocrx_word' id='word_1_499' title='bbox 1360 4089 1440 4160; x_wconf 82' lang='grc' dir='ltr'>τῷ</span> <span class='ocrx_word' id='word_1_500' title='bbox 1490 4087 1783 4143; x_wconf 63' lang='lat' dir='ltr'>K060110-</span> 
     </span>
    </p>
   </div>
   <div class='ocr_carea' id='block_1_71' title="bbox 196 4180 1786 4255">
    <p class='ocr_par' dir='ltr' id='par_1_71' title="bbox 196 4180 1786 4255">
     <span class='ocr_line' id='line_1_71' title="bbox 196 4180 1786 4255; baseline -0.003 -19"><span class='ocrx_word' id='word_1_501' title='bbox 196 4183 480 4255; x_wconf 83' lang='grc' dir='ltr'>ροπούλῳ,</span> <span class='ocrx_word' id='word_1_502' title='bbox 540 4185 632 4237; x_wconf 78' lang='grc' dir='ltr'>καὶ</span> <span class='ocrx_word' id='word_1_503' title='bbox 663 4183 1218 4252; x_wconf 74' lang='grc' dir='ltr'>διαδεδαιωσαμένων</span> <span class='ocrx_word' id='word_1_504' title='bbox 1269 4182 1497 4247; x_wconf 86' lang='grc' dir='ltr'>τούτων,</span> <span class='ocrx_word' id='word_1_505' title='bbox 1535 4180 1786 4251; x_wconf 83' lang='grc' dir='ltr'>παρθένῳ</span> 
     </span>
    </p>
   </div>
   <div class='ocr_carea' id='block_1_72' title="bbox 199 4272 1786 4346">
    <p class='ocr_par' dir='ltr' id='par_1_72' title="bbox 199 4272 1786 4346">
     <span class='ocr_line' id='line_1_72' title="bbox 199 4272 1786 4346; baseline -0.003 -18"><span class='ocrx_word' id='word_1_506' title='bbox 199 4274 437 4345; x_wconf 85' lang='grc' dir='ltr'>μιγῆναι</span> <span class='ocrx_word' id='word_1_507' title='bbox 495 4274 588 4328; x_wconf 78' lang='grc' dir='ltr'>τὸν</span> <span class='ocrx_word' id='word_1_508' title='bbox 650 4275 957 4346; x_wconf 84' lang='grc' dir='ltr'>δηλωθέντα</span> <span class='ocrx_word' id='word_1_509' title='bbox 1006 4273 1312 4344; x_wconf 80' lang='grc' dir='ltr'>Σγουρανδν</span> <span class='ocrx_word' id='word_1_510' title='bbox 1366 4276 1434 4345; x_wconf 80' lang='grc' dir='ltr'>τῇ</span> <span class='ocrx_word' id='word_1_511' title='bbox 1482 4274 1657 4344; x_wconf 74' lang='grc' dir='ltr'>κόρῃ,</span> <span class='ocrx_word' id='word_1_512' title='bbox 1709 4272 1786 4335; x_wconf 81' lang='grc' dir='ltr'>ὡς</span> 
     </span>
    </p>
   </div>
   <div class='ocr_carea' id='block_1_73' title="bbox 197 4362 1786 4436">
    <p class='ocr_par' dir='ltr' id='par_1_73' title="bbox 197 4362 1786 4436">
     <span class='ocr_line' id='line_1_73' title="bbox 197 4362 1786 4436; baseline -0.003 -17"><span class='ocrx_word' id='word_1_513' title='bbox 197 4368 298 4419; x_wconf 75' lang='grc' dir='ltr'>καὶ</span> <span class='ocrx_word' id='word_1_514' title='bbox 329 4367 617 4435; x_wconf 81' lang='grc' dir='ltr'>παρούσας</span> <span class='ocrx_word' id='word_1_515' title='bbox 636 4366 841 4430; x_wconf 80' lang='grc' dir='ltr'>ταύτας</span> <span class='ocrx_word' id='word_1_516' title='bbox 888 4366 1015 4419; x_wconf 83' lang='grc' dir='ltr'>ίδεῐν</span> <span class='ocrx_word' id='word_1_517' title='bbox 1046 4366 1145 4436; x_wconf 80' lang='grc' dir='ltr'>τὴν</span> <span class='ocrx_word' id='word_1_518' title='bbox 1175 4366 1276 4435; x_wconf 90' lang='grc' dir='ltr'>τῆς</span> <span class='ocrx_word' id='word_1_519' title='bbox 1316 4362 1619 4435; x_wconf 72' lang='grc' dir='ltr'>παρθενίας</span> <span class='ocrx_word' id='word_1_520' title='bbox 1678 4380 1786 4416; x_wconf 80' lang='grc' dir='ltr'>πα-</span> 
     </span>
    </p>
   </div>
   <div class='ocr_carea' id='block_1_74' title="bbox 201 4457 1786 4532">
    <p class='ocr_par' dir='ltr' id='par_1_74' title="bbox 201 4457 1786 4532">
     <span class='ocr_line' id='line_1_74' title="bbox 201 4457 1786 4532; baseline -0.003 -18"><span class='ocrx_word' id='word_1_521' title='bbox 201 4462 496 4532; x_wconf 75' lang='grc' dir='ltr'>ράστασιν,</span> <span class='ocrx_word' id='word_1_522' title='bbox 524 4459 815 4530; x_wconf 83' lang='grc' dir='ltr'>ἐδικαιώθη</span> <span class='ocrx_word' id='word_1_523' title='bbox 848 4458 1142 4520; x_wconf 84' lang='grc' dir='ltr'>συνοδικῶς</span> <span class='ocrx_word' id='word_1_524' title='bbox 1174 4460 1201 4511; x_wconf 85' lang='grc' dir='ltr'>ό</span> <span class='ocrx_word' id='word_1_525' title='bbox 1221 4458 1513 4529; x_wconf 74' lang='grc' dir='ltr'>είρημένος</span> <span class='ocrx_word' id='word_1_526' title='bbox 1544 4457 1786 4527; x_wconf 89' lang='grc' dir='ltr'>Σγουρα-</span> 
     </span>
    </p>
   </div>
   <div class='ocr_carea' id='block_1_75' title="bbox 1885 3261 3463 3334">
    <p class='ocr_par' dir='ltr' id='par_1_75' title="bbox 1885 3261 3463 3334">
     <span class='ocr_line' id='line_1_75' title="bbox 1885 3261 3463 3334; baseline 0.002 -19"><span class='ocrx_word' id='word_1_527' title='bbox 1885 3263 2116 3333; x_wconf 71' lang='grc' dir='ltr'>σπουδῆ,</span> <span class='ocrx_word' id='word_1_528' title='bbox 2164 3263 2316 3325; x_wconf 79' lang='grc' dir='ltr'>ὅπως</span> <span class='ocrx_word' id='word_1_529' title='bbox 2354 3261 2453 3333; x_wconf 77' lang='grc' dir='ltr'>τὴν</span> <span class='ocrx_word' id='word_1_530' title='bbox 2502 3262 3029 3332; x_wconf 83' lang='grc' dir='ltr'>ἐμπεπιστευμένην</span> <span class='ocrx_word' id='word_1_531' title='bbox 3063 3263 3246 3327; x_wconf 80' lang='grc' dir='ltr'>αὐτοῖς</span> <span class='ocrx_word' id='word_1_532' title='bbox 3294 3282 3463 3334; x_wconf 83' lang='grc' dir='ltr'>φρον-</span> 
     </span>
    </p>
   </div>
   <div class='ocr_carea' id='block_1_76' title="bbox 1880 3352 3463 3427">
    <p class='ocr_par' dir='ltr' id='par_1_76' title="bbox 1880 3352 3463 3427">
     <span class='ocr_line' id='line_1_76' title="bbox 1880 3352 3463 3427; baseline 0.002 -20"><span class='ocrx_word' id='word_1_533' title='bbox 1880 3354 2001 3407; x_wconf 87' lang='grc' dir='ltr'>τίδα</span> <span class='ocrx_word' id='word_1_534' title='bbox 2028 3357 2121 3408; x_wconf 81' lang='grc' dir='ltr'>καὶ</span> <span class='ocrx_word' id='word_1_535' title='bbox 2150 3354 2471 3422; x_wconf 88' lang='grc' dir='ltr'>ἐπιμέλειαν</span> <span class='ocrx_word' id='word_1_536' title='bbox 2499 3352 2612 3407; x_wconf 87' lang='grc' dir='ltr'>τῶν</span> <span class='ocrx_word' id='word_1_537' title='bbox 2642 3352 2834 3423; x_wconf 83' lang='grc' dir='ltr'>ψυχῶν</span> <span class='ocrx_word' id='word_1_538' title='bbox 2867 3353 3045 3417; x_wconf 84' lang='grc' dir='ltr'>καλῶς</span> <span class='ocrx_word' id='word_1_539' title='bbox 3069 3356 3162 3408; x_wconf 74' lang='grc' dir='ltr'>καὶ</span> <span class='ocrx_word' id='word_1_540' title='bbox 3182 3355 3259 3417; x_wconf 86' lang='grc' dir='ltr'>ὡς</span> <span class='ocrx_word' id='word_1_541' title='bbox 3292 3373 3463 3427; x_wconf 85' lang='grc' dir='ltr'>προσ-</span> 
     </span>
    </p>
   </div>
   <div class='ocr_carea' id='block_1_77' title="bbox 1882 3445 3461 3522">
    <p class='ocr_par' dir='ltr' id='par_1_77' title="bbox 1882 3445 3461 3522">
     <span class='ocr_line' id='line_1_77' title="bbox 1882 3445 3461 3522; baseline 0.002 -23"><span class='ocrx_word' id='word_1_542' title='bbox 1882 3448 2015 3517; x_wconf 77' lang='grc' dir='ltr'>ῆκόν</span> <span class='ocrx_word' id='word_1_543' title='bbox 2066 3447 2184 3499; x_wconf 87' lang='grc' dir='ltr'>ἐστι</span> <span class='ocrx_word' id='word_1_544' title='bbox 2230 3446 2530 3509; x_wconf 79' lang='grc' dir='ltr'>διιθύνωσι,</span> <span class='ocrx_word' id='word_1_545' title='bbox 2584 3447 2811 3519; x_wconf 84' lang='grc' dir='ltr'>προσέτι</span> <span class='ocrx_word' id='word_1_546' title='bbox 2858 3445 2916 3501; x_wconf 80' lang='grc' dir='ltr'>δὲ</span> <span class='ocrx_word' id='word_1_547' title='bbox 2977 3450 3073 3501; x_wconf 77' lang='grc' dir='ltr'>καὶ</span> <span class='ocrx_word' id='word_1_548' title='bbox 3117 3449 3325 3519; x_wconf 75' lang='grc' dir='ltr'>ἑτέροις</span> <span class='ocrx_word' id='word_1_549' title='bbox 3363 3449 3461 3522; x_wconf 82' lang='grc' dir='ltr'>[ὡς</span> 
     </span>
    </p>
   </div>
   <div class='ocr_carea' id='block_1_78' title="bbox 1882 3537 3458 3613">
    <p class='ocr_par' dir='ltr' id='par_1_78' title="bbox 1882 3537 3458 3613">
     <span class='ocr_line' id='line_1_78' title="bbox 1882 3537 3458 3613; baseline 0.004 -22"><span class='ocrx_word' id='word_1_550' title='bbox 1882 3537 2057 3612; x_wconf 71' lang='grc' dir='ltr'>σηκὸς</span> <span class='ocrx_word' id='word_1_551' title='bbox 2083 3538 2335 3593; x_wconf 87' lang='grc' dir='ltr'>δύναιντο</span> <span class='ocrx_word' id='word_1_552' title='bbox 2362 3540 2644 3609; x_wconf 86' lang='grc' dir='ltr'>ἐπαρκεῖν,</span> <span class='ocrx_word' id='word_1_553' title='bbox 2681 3537 2777 3602; x_wconf 82' lang='grc' dir='ltr'>οὓς</span> <span class='ocrx_word' id='word_1_554' title='bbox 2808 3538 3031 3611; x_wconf 81' lang='grc' dir='ltr'>ἀπόρως</span> <span class='ocrx_word' id='word_1_555' title='bbox 3058 3542 3190 3610; x_wconf 76' lang='grc' dir='ltr'>περὶ</span> <span class='ocrx_word' id='word_1_556' title='bbox 3216 3542 3309 3596; x_wconf 73' lang='grc' dir='ltr'>τὸν</span> <span class='ocrx_word' id='word_1_557' title='bbox 3342 3542 3458 3613; x_wconf 81' lang='grc' dir='ltr'>βίον</span> 
     </span>
    </p>
   </div>
   <div class='ocr_carea' id='block_1_79' title="bbox 1883 3631 3461 3705">
    <p class='ocr_par' dir='ltr' id='par_1_79' title="bbox 1883 3631 3461 3705">
     <span class='ocr_line' id='line_1_79' title="bbox 1883 3631 3461 3705; baseline 0.001 -19"><span class='ocrx_word' id='word_1_558' title='bbox 1883 3634 1912 3686; x_wconf 87' lang='lat'>6</span> <span class='ocrx_word' id='word_1_559' title='bbox 1934 3631 2127 3702; x_wconf 82' lang='grc' dir='ltr'>χρόνος</span> <span class='ocrx_word' id='word_1_560' title='bbox 2149 3631 2296 3702; x_wconf 76' lang='grc' dir='ltr'>ἐχειν</span> <span class='ocrx_word' id='word_1_561' title='bbox 2328 3631 2642 3701; x_wconf 76' lang='grc' dir='ltr'>ἠνάγκασεν</span> <span class='ocrx_word' id='word_1_562' title='bbox 2677 3673 2693 3689; x_wconf 94' lang='grc'><strong>.</strong></span> <span class='ocrx_word' id='word_1_563' title='bbox 2728 3673 2743 3688; x_wconf 94' lang='grc'><strong>.</strong></span> <span class='ocrx_word' id='word_1_564' title='bbox 2785 3672 2799 3686; x_wconf 90' lang='grc'><em>.</em></span> <span class='ocrx_word' id='word_1_565' title='bbox 2836 3673 2852 3689; x_wconf 89' lang='grc'><strong>.</strong></span> <span class='ocrx_word' id='word_1_566' title='bbox 2884 3642 2899 3686; x_wconf 87' lang='lat'>.‘</span> <span class='ocrx_word' id='word_1_567' title='bbox 2930 3631 3066 3685; x_wconf 86' lang='grc' dir='ltr'>ἀλλὰ</span> <span class='ocrx_word' id='word_1_568' title='bbox 3110 3634 3205 3686; x_wconf 89' lang='grc' dir='ltr'>τοῦ</span> <span class='ocrx_word' id='word_1_569' title='bbox 3230 3651 3291 3703; x_wconf 90' lang='grc' dir='ltr'>γε</span> <span class='ocrx_word' id='word_1_570' title='bbox 3324 3652 3461 3705; x_wconf 78' lang='grc' dir='ltr'>προ-</span> 
     </span>
    </p>
   </div>
   <div class='ocr_carea' id='block_1_80' title="bbox 1882 3723 3460 3796">
    <p class='ocr_par' dir='ltr' id='par_1_80' title="bbox 1882 3723 3460 3796">
     <span class='ocr_line' id='line_1_80' title="bbox 1882 3723 3460 3796; baseline 0.001 -19"><span class='ocrx_word' id='word_1_571' title='bbox 1882 3724 2044 3793; x_wconf 81' lang='grc' dir='ltr'>τέρου</span> <span class='ocrx_word' id='word_1_572' title='bbox 2076 3723 2171 3777; x_wconf 75' lang='grc' dir='ltr'>καὶ</span> <span class='ocrx_word' id='word_1_573' title='bbox 2204 3723 2331 3778; x_wconf 73' lang='grc' dir='ltr'>καθ’</span> <span class='ocrx_word' id='word_1_574' title='bbox 2358 3724 2556 3788; x_wconf 74' lang='grc' dir='ltr'>αὐτοὺς</span> <span class='ocrx_word' id='word_1_575' title='bbox 2586 3723 2663 3796; x_wconf 78' lang='grc' dir='ltr'>μὴ</span> <span class='ocrx_word' id='word_1_576' title='bbox 2690 3724 3090 3794; x_wconf 66' lang='grc' dir='ltr'>ἀποτυγχάνει)</span> <span class='ocrx_word' id='word_1_577' title='bbox 3134 3726 3245 3780; x_wconf 88' lang='grc' dir='ltr'>τῶν</span> <span class='ocrx_word' id='word_1_578' title='bbox 3287 3727 3460 3796; x_wconf 82' lang='grc' dir='ltr'>ἀναγ-</span> 
     </span>
    </p>
   </div>
   <div class='ocr_carea' id='block_1_81' title="bbox 1884 3815 3461 3882">
    <p class='ocr_par' dir='ltr' id='par_1_81' title="bbox 1884 3815 3461 3882">
     <span class='ocr_line' id='line_1_81' title="bbox 1884 3815 3461 3882; baseline 0.003 -13"><span class='ocrx_word' id='word_1_579' title='bbox 1884 3815 2192 3870; x_wconf 81' lang='grc' dir='ltr'>καιοτάτων</span> <span class='ocrx_word' id='word_1_580' title='bbox 2246 3815 2462 3879; x_wconf 84' lang='grc' dir='ltr'>πάντως</span> <span class='ocrx_word' id='word_1_581' title='bbox 2520 3817 2705 3881; x_wconf 72' lang='grc' dir='ltr'>ἐστὶν,</span> <span class='ocrx_word' id='word_1_582' title='bbox 2760 3815 2958 3870; x_wconf 80' lang='grc' dir='ltr'>οὐκοῦν</span> <span class='ocrx_word' id='word_1_583' title='bbox 3001 3818 3096 3871; x_wconf 82' lang='grc' dir='ltr'>καί</span> <span class='ocrx_word' id='word_1_584' title='bbox 3146 3836 3301 3882; x_wconf 88' lang='grc' dir='ltr'>τινας</span> <span class='ocrx_word' id='word_1_585' title='bbox 3351 3820 3461 3873; x_wconf 90' lang='grc' dir='ltr'>τῶν</span> 
     </span>
    </p>
   </div>
   <div class='ocr_carea' id='block_1_82' title="bbox 1888 3906 3461 3981">
    <p class='ocr_par' dir='ltr' id='par_1_82' title="bbox 1888 3906 3461 3981">
     <span class='ocr_line' id='line_1_82' title="bbox 1888 3906 3461 3981; baseline 0.001 -18"><span class='ocrx_word' id='word_1_586' title='bbox 1888 3908 2019 3980; x_wconf 74' lang='grc' dir='ltr'>περ1⁵</span> <span class='ocrx_word' id='word_1_587' title='bbox 2041 3909 2191 3978; x_wconf 78' lang='grc' dir='ltr'>ἡμᾶς</span> <span class='ocrx_word' id='word_1_588' title='bbox 2216 3908 2528 3978; x_wconf 87' lang='grc' dir='ltr'>ίερωτάτων</span> <span class='ocrx_word' id='word_1_589' title='bbox 2548 3906 2871 3978; x_wconf 83' lang='grc' dir='ltr'>ἀρχιερέων)</span> <span class='ocrx_word' id='word_1_590' title='bbox 2891 3908 3086 3971; x_wconf 83' lang='grc' dir='ltr'>ἐνδεῶς</span> <span class='ocrx_word' id='word_1_591' title='bbox 3109 3909 3217 3962; x_wconf 90' lang='grc' dir='ltr'>τῶν</span> <span class='ocrx_word' id='word_1_592' title='bbox 3242 3912 3378 3981; x_wconf 60' lang='grc' dir='ltr'>πρδς</span> <span class='ocrx_word' id='word_1_593' title='bbox 3400 3910 3461 3964; x_wconf 83' lang='grc' dir='ltr'>τὸ</span> 
     </span>
    </p>
   </div>
   <div class='ocr_carea' id='block_1_83' title="bbox 1885 3997 3466 4071">
    <p class='ocr_par' dir='ltr' id='par_1_83' title="bbox 1885 3997 3466 4071">
     <span class='ocr_line' id='line_1_83' title="bbox 1885 3997 3466 4071; baseline -0.001 -16"><span class='ocrx_word' id='word_1_594' title='bbox 1885 4000 2161 4070; x_wconf 79' lang='grc' dir='ltr'>αὔταρκες</span> <span class='ocrx_word' id='word_1_595' title='bbox 2186 3998 2412 4069; x_wconf 72' lang='grc' dir='ltr'>ἔχοντας</span> <span class='ocrx_word' id='word_1_596' title='bbox 2433 3998 2525 4052; x_wconf 79' lang='grc' dir='ltr'>καὶ</span> <span class='ocrx_word' id='word_1_597' title='bbox 2547 3997 2674 4068; x_wconf 76' lang='grc' dir='ltr'>μήθ’</span> <span class='ocrx_word' id='word_1_598' title='bbox 2696 3998 2881 4061; x_wconf 83' lang='grc' dir='ltr'>αὐτοῖς</span> <span class='ocrx_word' id='word_1_599' title='bbox 2907 3997 3037 4069; x_wconf 81' lang='grc' dir='ltr'>μήθ’</span> <span class='ocrx_word' id='word_1_600' title='bbox 3059 3999 3269 4069; x_wconf 77' lang='grc' dir='ltr'>ἑτέροις</span> <span class='ocrx_word' id='word_1_601' title='bbox 3292 4002 3466 4071; x_wconf 85' lang='grc' dir='ltr'>ἐπαρ-</span> 
     </span>
    </p>
   </div>
   <div class='ocr_carea' id='block_1_84' title="bbox 1886 4088 3461 4162">
    <p class='ocr_par' dir='ltr' id='par_1_84' title="bbox 1886 4088 3461 4162">
     <span class='ocr_line' id='line_1_84' title="bbox 1886 4088 3461 4162; baseline -0.002 -15"><span class='ocrx_word' id='word_1_602' title='bbox 1886 4096 2004 4147; x_wconf 84' lang='grc' dir='ltr'>κεῖν</span> <span class='ocrx_word' id='word_1_603' title='bbox 2030 4092 2391 4162; x_wconf 82' lang='grc' dir='ltr'>δυναμένους.</span> <span class='ocrx_word' id='word_1_604' title='bbox 2420 4088 2518 4144; x_wconf 63' lang='lat' dir='ltr'>ire</span> <span class='ocrx_word' id='word_1_605' title='bbox 2547 4088 2651 4159; x_wconf 90' lang='grc' dir='ltr'>τῆς</span> <span class='ocrx_word' id='word_1_606' title='bbox 2680 4088 2744 4141; x_wconf 85' lang='grc' dir='ltr'>ἐκ</span> <span class='ocrx_word' id='word_1_607' title='bbox 2768 4089 2876 4143; x_wconf 88' lang='grc' dir='ltr'>τῶν</span> <span class='ocrx_word' id='word_1_608' title='bbox 2903 4090 3026 4143; x_wconf 80' lang='grc' dir='ltr'>κατ’</span> <span class='ocrx_word' id='word_1_609' title='bbox 3057 4090 3255 4154; x_wconf 82' lang='grc' dir='ltr'>αὐτοὺς</span> <span class='ocrx_word' id='word_1_610' title='bbox 3289 4091 3461 4157; x_wconf 80' lang='grc' dir='ltr'>άγιωο</span> 
     </span>
    </p>
   </div>
   <div class='ocr_carea' id='block_1_85' title="bbox 1884 4183 3460 4255">
    <p class='ocr_par' dir='ltr' id='par_1_85' title="bbox 1884 4183 3460 4255">
     <span class='ocr_line' id='line_1_85' title="bbox 1884 4183 3460 4255; baseline -0.002 -16"><span class='ocrx_word' id='word_1_611' title='bbox 1884 4187 2067 4241; x_wconf 89' lang='grc' dir='ltr'>τάτων</span> <span class='ocrx_word' id='word_1_612' title='bbox 2107 4185 2418 4255; x_wconf 81' lang='grc' dir='ltr'>ἐκκλησιῶν</span> <span class='ocrx_word' id='word_1_613' title='bbox 2449 4184 2716 4255; x_wconf 75' lang='grc' dir='ltr'>προσόδου</span> <span class='ocrx_word' id='word_1_614' title='bbox 2753 4183 3071 4251; x_wconf 70' lang='grc' dir='ltr'>φθάσαντας</span> <span class='ocrx_word' id='word_1_615' title='bbox 3103 4184 3460 4253; x_wconf 82' lang='grc' dir='ltr'>ἐστερῆσθαι,</span> 
     </span>
    </p>
   </div>
   <div class='ocr_carea' id='block_1_86' title="bbox 1885 4273 3464 4349">
    <p class='ocr_par' dir='ltr' id='par_1_86' title="bbox 1885 4273 3464 4349">
     <span class='ocr_line' id='line_1_86' title="bbox 1885 4273 3464 4349; baseline -0.003 -17"><span class='ocrx_word' id='word_1_616' title='bbox 1885 4279 1986 4349; x_wconf 87' lang='grc' dir='ltr'>τῆς</span> <span class='ocrx_word' id='word_1_617' title='bbox 2029 4277 2125 4331; x_wconf 87' lang='grc' dir='ltr'>τοῦ</span> <span class='ocrx_word' id='word_1_618' title='bbox 2156 4277 2356 4346; x_wconf 83' lang='grc' dir='ltr'>καιροῦ</span> <span class='ocrx_word' id='word_1_619' title='bbox 2399 4275 2721 4346; x_wconf 81' lang='grc' dir='ltr'>δυσχερείας</span> <span class='ocrx_word' id='word_1_620' title='bbox 2748 4274 2824 4339; x_wconf 84' lang='grc' dir='ltr'>ὡς</span> <span class='ocrx_word' id='word_1_621' title='bbox 2872 4274 2974 4328; x_wconf 81' lang='grc' dir='ltr'>οὐκ</span> <span class='ocrx_word' id='word_1_622' title='bbox 3006 4274 3173 4344; x_wconf 80' lang='grc' dir='ltr'>ἐχρῆν</span> <span class='ocrx_word' id='word_1_623' title='bbox 3224 4273 3464 4327; x_wconf 84' lang='grc' dir='ltr'>ἀπολαύ-</span> 
     </span>
    </p>
   </div>
   <div class='ocr_carea' id='block_1_87' title="bbox 1888 4364 3464 4440">
    <p class='ocr_par' dir='ltr' id='par_1_87' title="bbox 1888 4364 3464 4440">
     <span class='ocr_line' id='line_1_87' title="bbox 1888 4364 3464 4440; baseline -0.004 -16"><span class='ocrx_word' id='word_1_624' title='bbox 1888 4387 2112 4436; x_wconf 84' lang='grc' dir='ltr'>σαντας,</span> <span class='ocrx_word' id='word_1_625' title='bbox 2147 4368 2489 4440; x_wconf 68' lang='grc' dir='ltr'>προμηθείας</span> <span class='ocrx_word' id='word_1_626' title='bbox 2519 4365 2704 4431; x_wconf 78' lang='grc' dir='ltr'>ἀξιοῦν</span> <span class='ocrx_word' id='word_1_627' title='bbox 2750 4367 2785 4437; x_wconf 80' lang='grc' dir='ltr'>η</span> <span class='ocrx_word' id='word_1_628' title='bbox 2820 4364 3113 4435; x_wconf 86' lang='grc' dir='ltr'>μετριότης</span> <span class='ocrx_word' id='word_1_629' title='bbox 3148 4365 3309 4435; x_wconf 76' lang='grc' dir='ltr'>ἡμῶν</span> <span class='ocrx_word' id='word_1_630' title='bbox 3340 4365 3464 4435; x_wconf 77' lang='grc' dir='ltr'>βούο</span> 
     </span>
    </p>
   </div>
   <div class='ocr_carea' id='block_1_88' title="bbox 1886 4455 3464 4529">
    <p class='ocr_par' dir='ltr' id='par_1_88' title="bbox 1886 4455 3464 4529">
     <span class='ocr_line' id='line_1_88' title="bbox 1886 4455 3464 4529; baseline -0.004 -15"><span class='ocrx_word' id='word_1_631' title='bbox 1886 4461 2067 4517; x_wconf 88' lang='grc' dir='ltr'>λεται.</span> <span class='ocrx_word' id='word_1_632' title='bbox 2118 4460 2290 4514; x_wconf 85' lang='grc' dir='ltr'>Πόθεν</span> <span class='ocrx_word' id='word_1_633' title='bbox 2318 4460 2426 4529; x_wconf 81' lang='grc' dir='ltr'>γὰρ</span> <span class='ocrx_word' id='word_1_634' title='bbox 2480 4457 2705 4513; x_wconf 76' lang='grc' dir='ltr'>ἄλλοθεν</span> <span class='ocrx_word' id='word_1_635' title='bbox 2754 4456 2932 4527; x_wconf 85' lang='grc' dir='ltr'>χρεὼν</span> <span class='ocrx_word' id='word_1_636' title='bbox 2964 4455 3026 4508; x_wconf 80' lang='grc' dir='ltr'>εὖ</span> <span class='ocrx_word' id='word_1_637' title='bbox 3078 4455 3306 4524; x_wconf 78' lang='grc' dir='ltr'>πάσχειν</span> <span class='ocrx_word' id='word_1_638' title='bbox 3337 4458 3464 4518; x_wconf 61' lang='grc' dir='ltr'>τοὺς</span> 
     </span>
    </p>
   </div>
   <div class='ocr_carea' id='block_1_89' title="bbox 199 4537 3467 4624">
    <p class='ocr_par' dir='ltr' id='par_1_89' title="bbox 199 4537 3467 4624">
     <span class='ocr_line' id='line_1_89' title="bbox 199 4537 3467 4624; baseline -0.003 -17"><span class='ocrx_word' id='word_1_639' title='bbox 199 4554 294 4617; x_wconf 77' lang='grc' dir='ltr'>νὸς</span> <span class='ocrx_word' id='word_1_640' title='bbox 317 4552 751 4624; x_wconf 72' lang='grc' dir='ltr'>προδιδασθῆναι</span> <span class='ocrx_word' id='word_1_641' title='bbox 778 4551 1073 4616; x_wconf 75' lang='grc' dir='ltr'>ἀκωλύτως</span> <span class='ocrx_word' id='word_1_642' title='bbox 1106 4552 1187 4616; x_wconf 87' lang='grc' dir='ltr'>είς</span> <span class='ocrx_word' id='word_1_643' title='bbox 1220 4551 1314 4606; x_wconf 75' lang='grc' dir='ltr'>τὸν</span> <span class='ocrx_word' id='word_1_644' title='bbox 1356 4551 1454 4622; x_wconf 90' lang='grc' dir='ltr'>τῆς</span> <span class='ocrx_word' id='word_1_645' title='bbox 1507 4549 1785 4613; x_wconf 83' lang='grc' dir='ltr'>διακονίας</span> <span class='ocrx_word' id='word_1_646' title='bbox 1816 4556 1861 4613; x_wconf 81' lang='lat' dir='ltr'><strong>D</strong></span> <span class='ocrx_word' id='word_1_647' title='bbox 1890 4555 1991 4624; x_wconf 67' lang='grc' dir='ltr'>τὴν</span> <span class='ocrx_word' id='word_1_648' title='bbox 2026 4553 2319 4623; x_wconf 71' lang='grc' dir='ltr'>ἀδελφικὴν</span> <span class='ocrx_word' id='word_1_649' title='bbox 2378 4537 3042 4621; x_wconf 55' lang='grc' dir='ltr'>πληροῦπαςῆόμήγυριν</span> <span class='ocrx_word' id='word_1_650' title='bbox 3082 4548 3173 4600; x_wconf 72' lang='grc' dir='ltr'>καὶ</span> <span class='ocrx_word' id='word_1_651' title='bbox 3209 4546 3467 4617; x_wconf 75' lang='grc' dir='ltr'>βοηθείας</span> 
     </span>
    </p>
   </div>
   <div class='ocr_carea' id='block_1_90' title="bbox 197 4644 442 4717">
    <p class='ocr_par' dir='ltr' id='par_1_90' title="bbox 197 4644 442 4717">
     <span class='ocr_line' id='line_1_90' title="bbox 197 4644 442 4717; baseline -0.004 -17"><span class='ocrx_word' id='word_1_652' title='bbox 197 4644 442 4717; x_wconf 80' lang='grc' dir='ltr'>βαθμόν.</span> 
     </span>
    </p>
   </div>
   <div class='ocr_carea' id='block_1_91' title="bbox 275 4824 1784 4901">
    <p class='ocr_par' dir='ltr' id='par_1_91' title="bbox 275 4824 1784 4901">
     <span class='ocr_line' id='line_1_91' title="bbox 275 4824 1784 4901; baseline -0.005 -16"><span class='ocrx_word' id='word_1_653' title='bbox 275 4831 348 4885; x_wconf 87' lang='lat' dir='ltr'>Il.</span> <span class='ocrx_word' id='word_1_654' title='bbox 380 4829 420 4901; x_wconf 65' lang='grc' dir='ltr'>-ι-</span> <span class='ocrx_word' id='word_1_655' title='bbox 450 4829 540 4899; x_wconf 76' lang='grc' dir='ltr'>Τῷ</span> <span class='ocrx_word' id='word_1_656' title='bbox 572 4826 718 4900; x_wconf 81' lang='grc' dir='ltr'>αύτῷ</span> <span class='ocrx_word' id='word_1_657' title='bbox 773 4828 903 4900; x_wconf 72' lang='grc' dir='ltr'>μηνὶ</span> <span class='ocrx_word' id='word_1_658' title='bbox 938 4828 1123 4899; x_wconf 87' lang='grc' dir='ltr'>ἐδέησε</span> <span class='ocrx_word' id='word_1_659' title='bbox 1172 4825 1370 4896; x_wconf 79' lang='grc' dir='ltr'>καὶτῷ</span> <span class='ocrx_word' id='word_1_660' title='bbox 1429 4824 1784 4896; x_wconf 78' lang='grc' dir='ltr'>Καρϐαληνῷ</span> 
     </span>
    </p>
   </div>
   <div class='ocr_carea' id='block_1_92' title="bbox 202 4919 1785 4995">
    <p class='ocr_par' dir='ltr' id='par_1_92' title="bbox 202 4919 1785 4995">
     <span class='ocr_line' id='line_1_92' title="bbox 202 4919 1785 4995; baseline -0.004 -16"><span class='ocrx_word' id='word_1_661' title='bbox 202 4924 473 4995; x_wconf 84' lang='grc' dir='ltr'>Θεοδώρῳ</span> <span class='ocrx_word' id='word_1_662' title='bbox 507 4922 565 4991; x_wconf 77' lang='grc' dir='ltr'>ἐξ</span> <span class='ocrx_word' id='word_1_663' title='bbox 596 4922 945 4992; x_wconf 82' lang='grc' dir='ltr'>ἀναγνώστου</span> <span class='ocrx_word' id='word_1_664' title='bbox 980 4920 1420 4991; x_wconf 75' lang='grc' dir='ltr'>προϐιϐασοῆναι</span> <span class='ocrx_word' id='word_1_665' title='bbox 1453 4920 1531 4982; x_wconf 82' lang='grc' dir='ltr'>είς</span> <span class='ocrx_word' id='word_1_666' title='bbox 1561 4920 1655 4972; x_wconf 73' lang='grc' dir='ltr'>τὸν</span> <span class='ocrx_word' id='word_1_667' title='bbox 1685 4919 1785 4989; x_wconf 92' lang='grc' dir='ltr'>τῆς</span> 
     </span>
    </p>
   </div>
   <div class='ocr_carea' id='block_1_93' title="bbox 203 5016 1785 5093">
    <p class='ocr_par' dir='ltr' id='par_1_93' title="bbox 203 5016 1785 5093">
     <span class='ocr_line' id='line_1_93' title="bbox 203 5016 1785 5093; baseline -0.003 -18"><span class='ocrx_word' id='word_1_668' title='bbox 203 5021 485 5085; x_wconf 86' lang='grc' dir='ltr'>διακονίας</span> <span class='ocrx_word' id='word_1_669' title='bbox 517 5019 750 5093; x_wconf 80' lang='grc' dir='ltr'>βαθμὸν,</span> <span class='ocrx_word' id='word_1_670' title='bbox 782 5018 877 5073; x_wconf 83' lang='grc' dir='ltr'>καὶ</span> <span class='ocrx_word' id='word_1_671' title='bbox 906 5018 1220 5088; x_wconf 84' lang='grc' dir='ltr'>κινηθέντος</span> <span class='ocrx_word' id='word_1_672' title='bbox 1250 5017 1414 5085; x_wconf 89' lang='grc' dir='ltr'>λόγου</span> <span class='ocrx_word' id='word_1_673' title='bbox 1456 5016 1632 5068; x_wconf 70' lang='grc' dir='ltr'>εἰπεῖν</span> <span class='ocrx_word' id='word_1_674' title='bbox 1662 5032 1785 5070; x_wconf 85' lang='grc' dir='ltr'>τινα</span> 
     </span>
    </p>
   </div>
   <div class='ocr_carea' id='block_1_94' title="bbox 203 5107 1783 5184">
    <p class='ocr_par' dir='ltr' id='par_1_94' title="bbox 203 5107 1783 5184">
     <span class='ocr_line' id='line_1_94' title="bbox 203 5107 1783 5184; baseline -0.006 -16"><span class='ocrx_word' id='word_1_675' title='bbox 203 5117 446 5184; x_wconf 78' lang='grc' dir='ltr'>γυναῖκα</span> <span class='ocrx_word' id='word_1_676' title='bbox 476 5112 706 5183; x_wconf 87' lang='grc' dir='ltr'>μιγῆναι</span> <span class='ocrx_word' id='word_1_677' title='bbox 756 5109 944 5165; x_wconf 85' lang='grc' dir='ltr'>τοῦτον</span> <span class='ocrx_word' id='word_1_678' title='bbox 974 5110 1140 5182; x_wconf 76' lang='grc' dir='ltr'>αὐτῇ,</span> <span class='ocrx_word' id='word_1_679' title='bbox 1183 5110 1437 5178; x_wconf 77' lang='grc' dir='ltr'>παρέστη</span> <span class='ocrx_word' id='word_1_680' title='bbox 1487 5107 1783 5170; x_wconf 79' lang='grc' dir='ltr'>συνοδικῶς</span> 
     </span>
    </p>
   </div>
   <div class='ocr_carea' id='block_1_95' title="bbox 204 5199 1785 5275">
    <p class='ocr_par' dir='ltr' id='par_1_95' title="bbox 204 5199 1785 5275">
     <span class='ocr_line' id='line_1_95' title="bbox 204 5199 1785 5275; baseline -0.005 -16"><span class='ocrx_word' id='word_1_681' title='bbox 204 5208 235 5259; x_wconf 85' lang='lat'>6</span> <span class='ocrx_word' id='word_1_682' title='bbox 273 5206 437 5268; x_wconf 77' lang='grc' dir='ltr'>αὐτὸς</span> <span class='ocrx_word' id='word_1_683' title='bbox 476 5203 857 5275; x_wconf 66' lang='grc' dir='ltr'>Καρϐαληνδς,</span> <span class='ocrx_word' id='word_1_684' title='bbox 897 5204 993 5254; x_wconf 77' lang='grc' dir='ltr'>καὶ</span> <span class='ocrx_word' id='word_1_685' title='bbox 1026 5201 1312 5270; x_wconf 84' lang='grc' dir='ltr'>ἀνέφερεν,</span> <span class='ocrx_word' id='word_1_686' title='bbox 1354 5200 1430 5261; x_wconf 86' lang='grc' dir='ltr'>ὠς</span> <span class='ocrx_word' id='word_1_687' title='bbox 1479 5200 1584 5270; x_wconf 58' lang='grc' dir='ltr'>πρδ</span> <span class='ocrx_word' id='word_1_688' title='bbox 1616 5199 1785 5268; x_wconf 75' lang='grc' dir='ltr'>τριῶν</span> 
     </span>
    </p>
   </div>
   <div class='ocr_carea' id='block_1_96' title="bbox 212 5291 1786 5369">
    <p class='ocr_par' dir='ltr' id='par_1_96' title="bbox 212 5291 1786 5369">
     <span class='ocr_line' id='line_1_96' title="bbox 212 5291 1786 5369; baseline -0.006 -18"><span class='ocrx_word' id='word_1_689' title='bbox 212 5299 322 5369; x_wconf 76' lang='grc' dir='ltr'>ῆδη</span> <span class='ocrx_word' id='word_1_690' title='bbox 358 5297 566 5369; x_wconf 84' lang='grc' dir='ltr'>χρόνων</span> <span class='ocrx_word' id='word_1_691' title='bbox 595 5297 839 5367; x_wconf 74' lang='grc' dir='ltr'>ᾐτήσατο</span> <span class='ocrx_word' id='word_1_692' title='bbox 872 5295 962 5347; x_wconf 79' lang='grc' dir='ltr'>τὸν</span> <span class='ocrx_word' id='word_1_693' title='bbox 991 5294 1233 5347; x_wconf 89' lang='grc' dir='ltr'>τοιοῦτον</span> <span class='ocrx_word' id='word_1_694' title='bbox 1262 5291 1661 5363; x_wconf 73' lang='grc' dir='ltr'>προϐιϐασμδν,</span> <span class='ocrx_word' id='word_1_695' title='bbox 1692 5291 1786 5341; x_wconf 73' lang='grc' dir='ltr'>καὶ</span> 
     </span>
    </p>
   </div>
   <div class='ocr_carea' id='block_1_97' title="bbox 206 5382 1783 5459">
    <p class='ocr_par' dir='ltr' id='par_1_97' title="bbox 206 5382 1783 5459">
     <span class='ocr_line' id='line_1_97' title="bbox 206 5382 1783 5459; baseline -0.008 -15"><span class='ocrx_word' id='word_1_696' title='bbox 206 5390 335 5444; x_wconf 86' lang='grc' dir='ltr'>τότε</span> <span class='ocrx_word' id='word_1_697' title='bbox 369 5389 598 5459; x_wconf 79' lang='grc' dir='ltr'>ἐλάλησε</span> <span class='ocrx_word' id='word_1_698' title='bbox 624 5387 721 5456; x_wconf 80' lang='grc' dir='ltr'>τὴν</span> <span class='ocrx_word' id='word_1_699' title='bbox 750 5386 1011 5455; x_wconf 88' lang='grc' dir='ltr'>τοιαύτην</span> <span class='ocrx_word' id='word_1_700' title='bbox 1044 5384 1379 5455; x_wconf 88' lang='grc' dir='ltr'>κατηγορίαν</span> <span class='ocrx_word' id='word_1_701' title='bbox 1406 5384 1528 5437; x_wconf 81' lang='grc' dir='ltr'>κατ’</span> <span class='ocrx_word' id='word_1_702' title='bbox 1562 5382 1725 5435; x_wconf 80' lang='grc' dir='ltr'>αὑτοῦ</span> <span class='ocrx_word' id='word_1_703' title='bbox 1750 5384 1783 5452; x_wconf 76' lang='grc' dir='ltr'>η</span> 
     </span>
    </p>
   </div>
   <div class='ocr_carea' id='block_1_98' title="bbox 204 5476 1782 5552">
    <p class='ocr_par' dir='ltr' id='par_1_98' title="bbox 204 5476 1782 5552">
     <span class='ocr_line' id='line_1_98' title="bbox 204 5476 1782 5552; baseline -0.008 -15"><span class='ocrx_word' id='word_1_704' title='bbox 204 5482 443 5552; x_wconf 83' lang='grc' dir='ltr'>τοιαύτη</span> <span class='ocrx_word' id='word_1_705' title='bbox 470 5481 630 5552; x_wconf 84' lang='grc' dir='ltr'>γυνή.</span> <span class='ocrx_word' id='word_1_706' title='bbox 673 5479 1005 5545; x_wconf 81' lang='grc' dir='ltr'>Ἐξετάσεως</span> <span class='ocrx_word' id='word_1_707' title='bbox 1032 5478 1089 5531; x_wconf 82' lang='grc' dir='ltr'>δέ</span> <span class='ocrx_word' id='word_1_708' title='bbox 1120 5478 1418 5546; x_wconf 89' lang='grc' dir='ltr'>γενομένης</span> <span class='ocrx_word' id='word_1_709' title='bbox 1461 5476 1782 5545; x_wconf 71' lang='grc' dir='ltr'>ἀπηλέγχέη</span> 
     </span>
    </p>
   </div>
   <div class='ocr_carea' id='block_1_99' title="bbox 209 5566 1786 5644">
    <p class='ocr_par' dir='ltr' id='par_1_99' title="bbox 209 5566 1786 5644">
     <span class='ocr_line' id='line_1_99' title="bbox 209 5566 1786 5644; baseline -0.008 -16"><span class='ocrx_word' id='word_1_710' title='bbox 209 5577 321 5629; x_wconf 75' lang='grc' dir='ltr'>ὑπὸ</span> <span class='ocrx_word' id='word_1_711' title='bbox 360 5572 654 5644; x_wconf 86' lang='grc' dir='ltr'>μαρτύρων</span> <span class='ocrx_word' id='word_1_712' title='bbox 680 5572 772 5624; x_wconf 90' lang='grc' dir='ltr'>τοῦ</span> <span class='ocrx_word' id='word_1_713' title='bbox 801 5586 861 5623; x_wconf 87' lang='grc' dir='ltr'>τε</span> <span class='ocrx_word' id='word_1_714' title='bbox 897 5569 1149 5624; x_wconf 76' lang='grc' dir='ltr'>Ὶωάνιου</span> <span class='ocrx_word' id='word_1_715' title='bbox 1180 5567 1273 5621; x_wconf 87' lang='grc' dir='ltr'>τοῦ</span> <span class='ocrx_word' id='word_1_716' title='bbox 1308 5566 1658 5635; x_wconf 66' lang='grc' dir='ltr'>Κουτούφαρι</span> <span class='ocrx_word' id='word_1_717' title='bbox 1690 5566 1786 5616; x_wconf 74' lang='grc' dir='ltr'>καὶ</span> 
     </span>
    </p>
   </div>
   <div class='ocr_carea' id='block_1_100' title="bbox 204 5658 1785 5734">
    <p class='ocr_par' dir='ltr' id='par_1_100' title="bbox 204 5658 1785 5734">
     <span class='ocr_line' id='line_1_100' title="bbox 204 5658 1785 5734; baseline -0.009 -12"><span class='ocrx_word' id='word_1_718' title='bbox 204 5667 306 5722; x_wconf 85' lang='grc' dir='ltr'>τοῦ</span> <span class='ocrx_word' id='word_1_719' title='bbox 341 5665 673 5734; x_wconf 83' lang='grc' dir='ltr'>Κωνσταπῆ,</span> <span class='ocrx_word' id='word_1_720' title='bbox 711 5666 891 5734; x_wconf 86' lang='grc' dir='ltr'>μάτην</span> <span class='ocrx_word' id='word_1_721' title='bbox 922 5663 1115 5716; x_wconf 88' lang='grc' dir='ltr'>τούτου</span> <span class='ocrx_word' id='word_1_722' title='bbox 1148 5661 1550 5732; x_wconf 84' lang='grc' dir='ltr'>κατηγορῆσαι.</span> <span class='ocrx_word' id='word_1_723' title='bbox 1580 5658 1674 5710; x_wconf 80' lang='grc' dir='ltr'>καὶ</span> <span class='ocrx_word' id='word_1_724' title='bbox 1706 5658 1785 5718; x_wconf 83' lang='grc' dir='ltr'>είς</span> 
     </span>
    </p>
   </div>
   <div class='ocr_carea' id='block_1_101' title="bbox 206 5748 1785 5831">
    <p class='ocr_par' dir='ltr' id='par_1_101' title="bbox 206 5748 1785 5831">
     <span class='ocr_line' id='line_1_101' title="bbox 206 5748 1785 5831; baseline -0.008 -18"><span class='ocrx_word' id='word_1_725' title='bbox 206 5759 563 5831; x_wconf 84' lang='grc' dir='ltr'>παράστασιν</span> <span class='ocrx_word' id='word_1_726' title='bbox 615 5758 723 5810; x_wconf 88' lang='grc' dir='ltr'>τῶν</span> <span class='ocrx_word' id='word_1_727' title='bbox 755 5756 1065 5827; x_wconf 79' lang='grc' dir='ltr'>εἰρημένων</span> <span class='ocrx_word' id='word_1_728' title='bbox 1111 5754 1396 5823; x_wconf 83' lang='grc' dir='ltr'>ἐνεφάνισε</span> <span class='ocrx_word' id='word_1_729' title='bbox 1426 5752 1660 5820; x_wconf 79' lang='grc' dir='ltr'>γράμμα</span> <span class='ocrx_word' id='word_1_730' title='bbox 1689 5748 1785 5802; x_wconf 87' lang='grc' dir='ltr'>τοῦ</span> 
     </span>
    </p>
   </div>
   <div class='ocr_carea' id='block_1_102' title="bbox 205 5837 1786 5926">
    <p class='ocr_par' dir='ltr' id='par_1_102' title="bbox 205 5837 1786 5926">
     <span class='ocr_line' id='line_1_102' title="bbox 205 5837 1786 5926; baseline -0.008 -17"><span class='ocrx_word' id='word_1_731' title='bbox 205 5855 289 5926; x_wconf 80' lang='grc' dir='ltr'>τῷ</span> <span class='ocrx_word' id='word_1_732' title='bbox 325 5853 447 5907; x_wconf 83' lang='grc' dir='ltr'>τότε</span> <span class='ocrx_word' id='word_1_733' title='bbox 479 5851 656 5923; x_wconf 79' lang='grc' dir='ltr'>καιρῷ</span> <span class='ocrx_word' id='word_1_734' title='bbox 689 5848 1200 5922; x_wconf 79' lang='grc' dir='ltr'>πατριαρχεύοντος,</span> <span class='ocrx_word' id='word_1_735' title='bbox 1242 5847 1387 5919; x_wconf 76' lang='grc' dir='ltr'>Πλὴν</span> <span class='ocrx_word' id='word_1_736' title='bbox 1419 5845 1541 5899; x_wconf 72' lang='grc' dir='ltr'>ἐπεὶ</span> <span class='ocrx_word' id='word_1_737' title='bbox 1574 5843 1694 5898; x_wconf 84' lang='grc' dir='ltr'>δέον</span> <span class='ocrx_word' id='word_1_738' title='bbox 1718 5837 1786 5914; x_wconf 77' lang='grc' dir='ltr'>ἦν</span> 
     </span>
    </p>
   </div>
   <div class='ocr_carea' id='block_1_103' title="bbox 1895 4640 3464 4718">
    <p class='ocr_par' dir='ltr' id='par_1_103' title="bbox 1895 4640 3464 4718">
     <span class='ocr_line' id='line_1_103' title="bbox 1895 4640 3464 4718; baseline -0.004 -17"><span class='ocrx_word' id='word_1_739' title='bbox 1895 4647 2085 4718; x_wconf 89' lang='grc' dir='ltr'>ίκανῆς</span> <span class='ocrx_word' id='word_1_740' title='bbox 2138 4642 2637 4715; x_wconf 81' lang='grc' dir='ltr'>μεταλαγχάνεινῆ</span> <span class='ocrx_word' id='word_1_741' title='bbox 2688 4642 2819 4712; x_wconf 70' lang='grc' dir='ltr'>παρ’</span> <span class='ocrx_word' id='word_1_742' title='bbox 2848 4641 3006 4712; x_wconf 80' lang='grc' dir='ltr'>ὴμῶν</span> <span class='ocrx_word' id='word_1_743' title='bbox 3050 4640 3158 4692; x_wconf 91' lang='grc' dir='ltr'>τῶν</span> <span class='ocrx_word' id='word_1_744' title='bbox 3191 4641 3259 4692; x_wconf 63' lang='grc' dir='ltr'>τὰ</span> <span class='ocrx_word' id='word_1_745' title='bbox 3305 4640 3464 4694; x_wconf 87' lang='grc' dir='ltr'>κοινά</span> 
     </span>
    </p>
   </div>
   <div class='ocr_carea' id='block_1_104' title="bbox 1893 4731 3467 4803">
    <p class='ocr_par' dir='ltr' id='par_1_104' title="bbox 1893 4731 3467 4803">
     <span class='ocr_line' id='line_1_104' title="bbox 1893 4731 3467 4803; baseline -0.006 -10"><span class='ocrx_word' id='word_1_746' title='bbox 1893 4739 1994 4793; x_wconf 83' lang='grc' dir='ltr'>σὺν</span> <span class='ocrx_word' id='word_1_747' title='bbox 2029 4739 2219 4801; x_wconf 80' lang='grc' dir='ltr'>αὐτοῖς</span> <span class='ocrx_word' id='word_1_748' title='bbox 2251 4737 2345 4789; x_wconf 76' lang='grc' dir='ltr'>καὶ</span> <span class='ocrx_word' id='word_1_749' title='bbox 2389 4734 2738 4803; x_wconf 86' lang='grc' dir='ltr'>πνευματικὰ</span> <span class='ocrx_word' id='word_1_750' title='bbox 2770 4732 3123 4802; x_wconf 80' lang='grc' dir='ltr'>πραττόντων</span> <span class='ocrx_word' id='word_1_751' title='bbox 3151 4731 3245 4785; x_wconf 76' lang='grc' dir='ltr'>καὶ</span> <span class='ocrx_word' id='word_1_752' title='bbox 3276 4749 3467 4802; x_wconf 88' lang='grc' dir='ltr'>συνερ-</span> 
     </span>
    </p>
   </div>
   <div class='ocr_carea' id='block_1_105' title="bbox 1890 4817 3465 4900">
    <p class='ocr_par' dir='ltr' id='par_1_105' title="bbox 1890 4817 3465 4900">
     <span class='ocr_line' id='line_1_105' title="bbox 1890 4817 3465 4900; baseline -0.006 -16"><span class='ocrx_word' id='word_1_753' title='bbox 1890 4831 2023 4900; x_wconf 81' lang='grc' dir='ltr'>γοὺς</span> <span class='ocrx_word' id='word_1_754' title='bbox 2047 4830 2245 4892; x_wconf 80' lang='grc' dir='ltr'>αὐτοὺς</span> <span class='ocrx_word' id='word_1_755' title='bbox 2281 4828 2377 4881; x_wconf 81' lang='grc' dir='ltr'>ἐπὶ</span> <span class='ocrx_word' id='word_1_756' title='bbox 2413 4817 2526 4890; x_wconf 79' lang='grc' dir='ltr'>τοῖς</span> <span class='ocrx_word' id='word_1_757' title='bbox 2556 4825 3011 4893; x_wconf 85' lang='grc' dir='ltr'>ἀναγκαιοτάτοις</span> <span class='ocrx_word' id='word_1_758' title='bbox 3047 4824 3235 4893; x_wconf 74' lang='grc' dir='ltr'>φέρειν</span> <span class='ocrx_word' id='word_1_759' title='bbox 3272 4824 3465 4893; x_wconf 86' lang='grc' dir='ltr'>λαχόν-</span> 
     </span>
    </p>
   </div>
   <div class='ocr_carea' id='block_1_106' title="bbox 1890 4911 3463 4993">
    <p class='ocr_par' dir='ltr' id='par_1_106' title="bbox 1890 4911 3463 4993">
     <span class='ocr_line' id='line_1_106' title="bbox 1890 4911 3463 4993; baseline -0.006 -16"><span class='ocrx_word' id='word_1_760' title='bbox 1890 4940 2001 4978; x_wconf 91' lang='grc' dir='ltr'>των</span> <span class='ocrx_word' id='word_1_761' title='bbox 2034 4926 2100 4993; x_wconf 73' lang='grc' dir='ltr'>τῇ</span> <span class='ocrx_word' id='word_1_762' title='bbox 2152 4924 2217 4975; x_wconf 85' lang='grc' dir='ltr'>ἐκ</span> <span class='ocrx_word' id='word_1_763' title='bbox 2264 4920 2400 4974; x_wconf 83' lang='grc' dir='ltr'>Θεοῦ</span> <span class='ocrx_word' id='word_1_764' title='bbox 2453 4920 2659 4989; x_wconf 85' lang='grc' dir='ltr'>χάριτι,</span> <span class='ocrx_word' id='word_1_765' title='bbox 2704 4915 2799 4980; x_wconf 75' lang='grc' dir='ltr'>οὓς</span> <span class='ocrx_word' id='word_1_766' title='bbox 2827 4914 2952 4969; x_wconf 77' lang='grc' dir='ltr'>οὔτε</span> <span class='ocrx_word' id='word_1_767' title='bbox 2999 4911 3139 4985; x_wconf 74' lang='grc' dir='ltr'>αἷμα</span> <span class='ocrx_word' id='word_1_768' title='bbox 3173 4915 3297 4969; x_wconf 78' lang='grc' dir='ltr'>οὔτε</span> <span class='ocrx_word' id='word_1_769' title='bbox 3354 4915 3463 4985; x_wconf 85' lang='grc' dir='ltr'>μὴν</span> 
     </span>
    </p>
   </div>
   <div class='ocr_carea' id='block_1_107' title="bbox 1895 5007 3468 5087">
    <p class='ocr_par' dir='ltr' id='par_1_107' title="bbox 1895 5007 3468 5087">
     <span class='ocr_line' id='line_1_107' title="bbox 1895 5007 3468 5087; baseline -0.005 -17"><span class='ocrx_word' id='word_1_770' title='bbox 1895 5016 2059 5087; x_wconf 61' lang='grc' dir='ltr'>σὰρξ,</span> <span class='ocrx_word' id='word_1_771' title='bbox 2086 5014 2223 5069; x_wconf 82' lang='grc' dir='ltr'>ἀλλά</span> <span class='ocrx_word' id='word_1_772' title='bbox 2252 5014 2316 5066; x_wconf 70' lang='grc' dir='ltr'>τὸ</span> <span class='ocrx_word' id='word_1_773' title='bbox 2355 5011 2580 5078; x_wconf 83' lang='grc' dir='ltr'>Πνεῦμα</span> <span class='ocrx_word' id='word_1_774' title='bbox 2604 5008 2665 5063; x_wconf 78' lang='grc' dir='ltr'>τὸ</span> <span class='ocrx_word' id='word_1_775' title='bbox 2709 5009 2865 5077; x_wconf 76' lang='grc' dir='ltr'>ἆγιον</span> <span class='ocrx_word' id='word_1_776' title='bbox 2898 5009 3171 5062; x_wconf 83' lang='grc' dir='ltr'>τελεώσαν</span> <span class='ocrx_word' id='word_1_777' title='bbox 3195 5007 3332 5077; x_wconf 86' lang='grc' dir='ltr'>ὁμοῦ</span> <span class='ocrx_word' id='word_1_778' title='bbox 3370 5008 3468 5062; x_wconf 77' lang='grc' dir='ltr'>καὶ</span> 
     </span>
    </p>
   </div>
   <div class='ocr_carea' id='block_1_108' title="bbox 1892 5100 3464 5183">
    <p class='ocr_par' dir='ltr' id='par_1_108' title="bbox 1892 5100 3464 5183">
     <span class='ocr_line' id='line_1_108' title="bbox 1892 5100 3464 5183; baseline -0.008 -19"><span class='ocrx_word' id='word_1_779' title='bbox 1892 5113 2088 5183; x_wconf 78' lang='grc' dir='ltr'>χρῖσαν</span> <span class='ocrx_word' id='word_1_780' title='bbox 2116 5109 2196 5171; x_wconf 84' lang='grc' dir='ltr'>είς</span> <span class='ocrx_word' id='word_1_781' title='bbox 2239 5106 2340 5175; x_wconf 82' lang='grc' dir='ltr'>τὴν</span> <span class='ocrx_word' id='word_1_782' title='bbox 2377 5103 2757 5174; x_wconf 79' lang='grc' dir='ltr'>πνευματικὴν</span> <span class='ocrx_word' id='word_1_783' title='bbox 2805 5101 3041 5172; x_wconf 81' lang='grc' dir='ltr'>συνῆψεν</span> <span class='ocrx_word' id='word_1_784' title='bbox 3084 5100 3464 5170; x_wconf 82' lang='grc' dir='ltr'>ἀδελφότητας</span> 
     </span>
    </p>
   </div>
   <div class='ocr_carea' id='block_1_109' title="bbox 1890 5192 3461 5268">
    <p class='ocr_par' dir='ltr' id='par_1_109' title="bbox 1890 5192 3461 5268">
     <span class='ocr_line' id='line_1_109' title="bbox 1890 5192 3461 5268; baseline -0.009 -13"><span class='ocrx_word' id='word_1_785' title='bbox 1890 5202 2078 5255; x_wconf 78' lang='grc' dir='ltr'>τοῦτον</span> <span class='ocrx_word' id='word_1_786' title='bbox 2109 5197 2176 5268; x_wconf 72' lang='grc' dir='ltr'>δὴ</span> <span class='ocrx_word' id='word_1_787' title='bbox 2210 5196 2301 5250; x_wconf 75' lang='grc' dir='ltr'>τὸν</span> <span class='ocrx_word' id='word_1_788' title='bbox 2344 5194 2543 5265; x_wconf 76' lang='grc' dir='ltr'>τρόπον</span> <span class='ocrx_word' id='word_1_789' title='bbox 2573 5193 2669 5246; x_wconf 74' lang='grc' dir='ltr'>καὶ</span> <span class='ocrx_word' id='word_1_790' title='bbox 2717 5192 2795 5260; x_wconf 82' lang='grc' dir='ltr'>τῷ</span> <span class='ocrx_word' id='word_1_791' title='bbox 2849 5192 3129 5261; x_wconf 83' lang='grc' dir='ltr'>ίερωτάτῳ</span> <span class='ocrx_word' id='word_1_792' title='bbox 3177 5208 3461 5261; x_wconf 77' lang='grc' dir='ltr'>μητροποο</span> 
     </span>
    </p>
   </div>
   <div class='ocr_carea' id='block_1_110' title="bbox 1890 5282 3465 5364">
    <p class='ocr_par' dir='ltr' id='par_1_110' title="bbox 1890 5282 3465 5364">
     <span class='ocr_line' id='line_1_110' title="bbox 1890 5282 3465 5364; baseline -0.008 -19"><span class='ocrx_word' id='word_1_793' title='bbox 1890 5293 2015 5364; x_wconf 77' lang='grc' dir='ltr'>λίτῃ</span> <span class='ocrx_word' id='word_1_794' title='bbox 2047 5288 2381 5361; x_wconf 77' lang='grc' dir='ltr'>Δυρραχίου,</span> <span class='ocrx_word' id='word_1_795' title='bbox 2430 5286 2739 5356; x_wconf 84' lang='grc' dir='ltr'>ύπερτίμῳ,</span> <span class='ocrx_word' id='word_1_796' title='bbox 2770 5282 3042 5353; x_wconf 77' lang='grc' dir='ltr'>ἀγαπητῷ</span> <span class='ocrx_word' id='word_1_797' title='bbox 3091 5284 3228 5335; x_wconf 80' lang='grc' dir='ltr'>κατᾶ</span> <span class='ocrx_word' id='word_1_798' title='bbox 3258 5282 3465 5349; x_wconf 81' lang='grc' dir='ltr'>Κύριον</span> 
     </span>
    </p>
   </div>
   <div class='ocr_carea' id='block_1_111' title="bbox 1892 5373 3463 5453">
    <p class='ocr_par' dir='ltr' id='par_1_111' title="bbox 1892 5373 3463 5453">
     <span class='ocr_line' id='line_1_111' title="bbox 1892 5373 3463 5453; baseline -0.01 -15"><span class='ocrx_word' id='word_1_799' title='bbox 1892 5383 2107 5453; x_wconf 80' lang='grc' dir='ltr'>ἀδελφῷ</span> <span class='ocrx_word' id='word_1_800' title='bbox 2140 5382 2239 5449; x_wconf 87' lang='grc' dir='ltr'>τῆς</span> <span class='ocrx_word' id='word_1_801' title='bbox 2286 5380 2446 5451; x_wconf 74' lang='grc' dir='ltr'>ἡμῶν</span> <span class='ocrx_word' id='word_1_802' title='bbox 2497 5379 2850 5448; x_wconf 73' lang='grc' dir='ltr'>μετριότητος</span> <span class='ocrx_word' id='word_1_803' title='bbox 2884 5375 2976 5428; x_wconf 79' lang='grc' dir='ltr'>καὶ</span> <span class='ocrx_word' id='word_1_804' title='bbox 3035 5373 3463 5443; x_wconf 76' lang='grc' dir='ltr'>συλλειτουργῷ,</span> 
     </span>
    </p>
   </div>
   <div class='ocr_carea' id='block_1_112' title="bbox 1893 5464 3466 5546">
    <p class='ocr_par' dir='ltr' id='par_1_112' title="bbox 1893 5464 3466 5546">
     <span class='ocr_line' id='line_1_112' title="bbox 1893 5464 3466 5546; baseline -0.013 -15"><span class='ocrx_word' id='word_1_805' title='bbox 1893 5472 2256 5546; x_wconf 80' lang='grc' dir='ltr'>ἀπορουμένῳ</span> <span class='ocrx_word' id='word_1_806' title='bbox 2291 5471 2420 5539; x_wconf 79' lang='grc' dir='ltr'>περὶ</span> <span class='ocrx_word' id='word_1_807' title='bbox 2447 5472 2517 5522; x_wconf 79' lang='grc' dir='ltr'>τὰ</span> <span class='ocrx_word' id='word_1_808' title='bbox 2549 5468 2844 5535; x_wconf 86' lang='grc' dir='ltr'>ἀναγκαῖα,</span> <span class='ocrx_word' id='word_1_809' title='bbox 2880 5466 2977 5534; x_wconf 81' lang='grc' dir='ltr'>τὴν</span> <span class='ocrx_word' id='word_1_810' title='bbox 3014 5464 3329 5530; x_wconf 71' lang='grc' dir='ltr'>ἁγιωτάτην</span> <span class='ocrx_word' id='word_1_811' title='bbox 3359 5480 3466 5531; x_wconf 88' lang='grc' dir='ltr'>μη-</span> 
     </span>
    </p>
   </div>
   <div class='ocr_carea' id='block_1_113' title="bbox 1892 5555 3463 5638">
    <p class='ocr_par' dir='ltr' id='par_1_113' title="bbox 1892 5555 3463 5638">
     <span class='ocr_line' id='line_1_113' title="bbox 1892 5555 3463 5638; baseline -0.01 -16"><span class='ocrx_word' id='word_1_812' title='bbox 1892 5568 2150 5638; x_wconf 81' lang='grc' dir='ltr'>τρόπολιν</span> <span class='ocrx_word' id='word_1_813' title='bbox 2192 5562 2496 5633; x_wconf 80' lang='grc' dir='ltr'>Σηλυϐρίας</span> <span class='ocrx_word' id='word_1_814' title='bbox 2548 5560 2892 5631; x_wconf 86' lang='grc' dir='ltr'>χηρεύουσαν</span> <span class='ocrx_word' id='word_1_815' title='bbox 2925 5557 3027 5627; x_wconf 83' lang='grc' dir='ltr'>ῆδη</span> <span class='ocrx_word' id='word_1_816' title='bbox 3076 5556 3171 5609; x_wconf 74' lang='grc' dir='ltr'>καὶ</span> <span class='ocrx_word' id='word_1_817' title='bbox 3199 5555 3463 5625; x_wconf 83' lang='grc' dir='ltr'>δεομένην</span> 
     </span>
    </p>
   </div>
   <div class='ocr_carea' id='block_1_114' title="bbox 1893 5646 3466 5724">
    <p class='ocr_par' dir='ltr' id='par_1_114' title="bbox 1893 5646 3466 5724">
     <span class='ocr_line' id='line_1_114' title="bbox 1893 5646 3466 5724; baseline -0.01 -10"><span class='ocrx_word' id='word_1_818' title='bbox 1893 5660 1989 5714; x_wconf 87' lang='grc' dir='ltr'>τοῦ</span> <span class='ocrx_word' id='word_1_819' title='bbox 2027 5658 2490 5724; x_wconf 77' lang='grc' dir='ltr'>ἐπιστατήσοντος</span> <span class='ocrx_word' id='word_1_820' title='bbox 2524 5652 2871 5720; x_wconf 82' lang='grc' dir='ltr'>ἀπονέμομεν</span> <span class='ocrx_word' id='word_1_821' title='bbox 2914 5648 3059 5702; x_wconf 44' lang='lat' dir='ltr'>uti;</span> <span class='ocrx_word' id='word_1_822' title='bbox 3096 5647 3255 5715; x_wconf 71' lang='grc' dir='ltr'>λόγον</span> <span class='ocrx_word' id='word_1_823' title='bbox 3285 5646 3466 5699; x_wconf 81' lang='grc' dir='ltr'>ἐπιδό-</span> 
     </span>
    </p>
   </div>
   <div class='ocr_carea' id='block_1_115' title="bbox 1895 5738 3462 5821">
    <p class='ocr_par' dir='ltr' id='par_1_115' title="bbox 1895 5738 3462 5821">
     <span class='ocr_line' id='line_1_115' title="bbox 1895 5738 3462 5821; baseline -0.013 -12"><span class='ocrx_word' id='word_1_824' title='bbox 1895 5770 2031 5817; x_wconf 84' lang='grc' dir='ltr'>σεως</span> <span class='ocrx_word' id='word_1_825' title='bbox 2063 5752 2217 5821; x_wconf 85' lang='grc' dir='ltr'>κοινῇ</span> <span class='ocrx_word' id='word_1_826' title='bbox 2266 5748 2437 5819; x_wconf 72' lang='grc' dir='ltr'>ψήφῳ</span> <span class='ocrx_word' id='word_1_827' title='bbox 2483 5746 2594 5798; x_wconf 89' lang='grc' dir='ltr'>τῶν</span> <span class='ocrx_word' id='word_1_828' title='bbox 2632 5742 2944 5806; x_wconf 80' lang='grc' dir='ltr'>ἱερωτάτων</span> <span class='ocrx_word' id='word_1_829' title='bbox 2997 5739 3328 5811; x_wconf 79' lang='grc' dir='ltr'>ἀρχιερέων,</span> <span class='ocrx_word' id='word_1_830' title='bbox 3368 5738 3462 5791; x_wconf 83' lang='grc' dir='ltr'>τοῦ</span> 
     </span>
    </p>
   </div>
   <div class='ocr_carea' id='block_1_116' title="bbox 1908 5831 3461 5916">
    <p class='ocr_par' dir='ltr' id='par_1_116' title="bbox 1908 5831 3461 5916">
     <span class='ocr_line' id='line_1_116' title="bbox 1908 5831 3461 5916; baseline -0.01 -18"><span class='ocrx_word' id='word_1_831' title='bbox 1908 5841 2262 5916; x_wconf 75' lang='grc' dir='ltr'>⁹Πρακλιείας,</span> <span class='ocrx_word' id='word_1_832' title='bbox 2320 5837 2414 5893; x_wconf 87' lang='grc' dir='ltr'>τοῦ</span> <span class='ocrx_word' id='word_1_833' title='bbox 2457 5836 2731 5907; x_wconf 81' lang='grc' dir='ltr'>Σάρδεων,</span> <span class='ocrx_word' id='word_1_834' title='bbox 2786 5832 2881 5888; x_wconf 87' lang='grc' dir='ltr'>τοῦ</span> <span class='ocrx_word' id='word_1_835' title='bbox 2930 5832 3318 5906; x_wconf 61' lang='grc' dir='ltr'>Νικορηξείας,</span> <span class='ocrx_word' id='word_1_836' title='bbox 3366 5831 3461 5883; x_wconf 72' lang='grc' dir='ltr'>τοῦ</span> 
     </span>
    </p>
   </div>
  </div>
