3940 6550
461 396 600 463 1H3

1434 407 1759 472 JDANNIS
1788 410 2057 474 ϐλ.ΥοΙὸ
2097 413 2202 476 CP.
2247 413 2753 480 PATRIARCH/E

3543 429 3658 494 lli

456 511 629 580 νομὰς
664 512 1019 584 ὀδηγήσοντος
1065 515 1158 570 τδν
1189 518 1247 572 ἐν
1280 518 1419 591 αύτῇ
1451 520 1845 592 Χριστώνυμον
1877 523 2026 591 λαδν,
2059 539 2103 596 Α
2134 527 2434 581 ποιούντων
2491 531 2633 584 αὐτὰ
2678 535 2751 603 τῇ
2776 531 2871 584 τοῦ
2915 533 3214 605 ἀρχιερέως
3250 539 3552 607 παραινέσει
3575 546 3656 598 καὶ

453 601 707 673 διδόαμεν
753 604 904 676 αύτῷ
947 608 1088 661 κατά
1131 609 1288 678 λόγον
1335 611 1626 676 ἐπιδόσεως
1673 615 1823 684 κοινῇ
1858 613 2028 685 ψήφῳ

452 693 562 748 τῶν
612 695 740 765 περὶ
793 697 940 767 ἡμᾶς
1003 699 1314 769 ίερωτάτων
1367 705 1671 777 ἀρχιερέων
1720 708 1813 760 τοῦ
1857 710 2026 780 Ἡρα-

453 785 662 850 κλείας.
692 787 787 841 τοῦ
835 790 1200 862 Χαλκηδόνος,
1242 795 1338 848 τοῦ
1367 797 1880 869 Ἀδριανουπόλεως,
1923 799 2021 854 τοῦ

454 875 773 950 Μελιτινῆς,
828 881 922 936 τοῦ
969 884 1382 951 Μονεμδασίας,
1451 889 1547 943 τοῦ
1597 891 1883 962 Γαγγρῶν,
1933 894 2026 950 τοῦ

454 968 729 1042 Προύσης.
765 971 860 1027 τοῦ
917 976 1138 1046 Πηγῶν,
1173 979 1265 1031 τοῦ
1322 981 1605 1052 Βερῤοίας.
1653 984 1745 1037 τοῦ
1785 984 2027 1057 Σερρῶν,

451 1059 546 1113 τοῦ
585 1061 894 1128 Φιλίππων,
946 1068 1041 1120 τοῦ
1078 1071 1410 1142 Δυρραχίου,
1439 1072 1530 1126 τοῦ
1570 1074 1902 1147 Μιτυλήνης,
1934 1079 2026 1134 τοῦ

461 1153 712 1220 Ῥωσίου,
762 1156 860 1212 τοῦ
893 1159 1112 1232 Ἀπρω,
1155 1161 1250 1215 τοῦ
1297 1165 1640 1240 Καυκασίου.
1673 1167 1764 1220 τοῦ
1798 1168 2025 1239 Βιζύης,

449 1244 543 1299 τοῦ
578 1245 854 1319 Μεσήνης,
887 1251 981 1304 τοῦ
1013 1250 1298 1320 Ξανθείας,
1342 1257 1436 1309 τοῦ
1489 1260 1584 1310 Κῶ
1635 1259 1728 1311 καὶ
1767 1261 1861 1314 τοῦ
1903 1263 2026 1330 Μη-

448 1335 622 1404 δείας,
655 1339 729 1403 ώς
762 1340 828 1394 ἂν
856 1341 1017 1406 αὐτὸς
1044 1344 1144 1412 μὲν
1195 1345 1448 1417 βοηθείας
1480 1349 1690 1405 ἐκεῖθεν
1734 1352 2029 1421 ἐπιτυγχά-

448 1445 531 1482 νοι
574 1431 745 1498 τινὸς,
784 1434 871 1501 ἐφ’
909 1429 990 1498 οἷς
1029 1438 1088 1490 ἐν
1134 1438 1292 1510 χρείᾳ
1341 1439 1702 1509 καθέστηκεν,
1811 1442 1866 1495 δέ
1907 1444 2024 1496 κατ’

447 1523 666 1594 ἐκείνην
700 1523 826 1589 λαός
849 1529 916 1599 τῇ
952 1528 1144 1583 τούτου
1175 1533 1544 1602 προσσχόντες
1575 1533 1899 1606 διδασκαλίᾳ
1934 1535 2026 1588 καὶ

450 1609 706 1686 ὑποθήκῃ
735 1610 846 1668 τῶν
895 1615 1076 1670 καλῶν
1126 1619 1424 1689 ὼφελοῖντο
1485 1622 1612 1692 περὶ
1677 1622 1880 1695 ψυχὴν,
1934 1626 2027 1678 καὶ

446 1704 807 1772 ἐπανάγοιντο
856 1709 1130 1780 ὁσημέραι
1187 1711 1324 1782 πρὸς
1380 1711 1478 1782 τὴν
1533 1716 1613 1778 είς
1667 1715 1736 1768 τά
1794 1716 2027 1787 κρείττω

445 1795 708 1863 ἐπίδοσιν,
748 1801 1008 1872 συνάρσει
1040 1805 1134 1858 καὶ⁵
1167 1805 1386 1877 εὐδοκία
1431 1807 1592 1862 Θεοῦ.
1631 1808 1866 1874 Καθέξει
1917 1811 2024 1862 τοί-

2137 628 2200 665 συ
2209 612 2438 685 μσουλῇ,
2462 615 2772 685 ὀφείλουσιν
2793 617 2842 670 οἱ
2861 618 3094 672 τοιοῦτοι
3117 619 3390 690 ίερώτατοι
3416 623 3658 694 ἀρχιερεῖς

2135 704 2363 775 ποιῆσαι
2423 705 2763 776 ἐπιφώνησιν
2808 709 2945 776 πρὸς
2982 710 3072 763 τὸν
3106 712 3280 764 ἐκεῖσε
3315 713 3661 781 Χριστιανικδν

2132 795 2279 860 λαὸν,
2313 796 2390 860 ὡς
2435 799 2502 852 ἂν
2552 799 2719 870 μηδὲν
2767 801 3011 872 τολμῶσί
3069 821 3122 857 τι
3165 805 3416 875 τοιοῦτον,
3468 811 3543 863 ὅτι
3593 815 3660 874 είς

2134 891 2311 960 κρίμα
2339 893 2434 945 καὶ
2457 893 2733 948 ἀπώλειαν
2758 896 2836 949 ἐνι
2861 897 2958 966 τῆς
2986 896 3166 968 ψυχῆς
3199 899 3396 962 αὐτῶν,
3423 902 3512 955 καὶ
3531 903 3661 959 ούδέν

2134 983 2409 1052 ὀφείλουσι
2433 989 2774 1059 παρακούειν
2798 989 2892 1042 τοῦ
2917 991 3143 1060 γνησίου
3165 993 3346 1047 αὐτῶν
3371 994 3660 1065 ἀρχιερέως,

2134 1075 2260 1130 οὔτε
2291 1078 2386 1130 ἐπὶ
2416 1081 2530 1140 τοῖς
2556 1082 2841 1146 τοιούτοις,
2864 1079 2990 1135 οῦτε
3019 1083 3110 1137 ἐπὶ
3138 1086 3252 1147 τοῖς
3289 1085 3482 1151 ἄλλοις,
3505 1081 3576 1150 οἷς
3593 1089 3665 1142 λέ-

2134 1185 2220 1237 γει
2261 1173 2398 1241 πρὸς
2426 1172 2622 1236 αὐτοὺς
2673 1175 2754 1236 είς
2797 1175 3218 1244 ὠφέλειαν’τῶν
3261 1179 3442 1249 ψυχῶν
3476 1183 3661 1244 αὐτῶν,

2134 1262 2274 1316 ἀλλά
2325 1264 2421 1316 καὶ
2451 1265 2504 1318 εί
2528 1283 2582 1320 τι
2619 1268 2958 1321 συνοικέσιον
2987 1269 3324 1339 εὑρίσκεται,
3354 1272 3546 1339 ὀφείλει
3565 1275 3663 1327 δια-

2136 1355 2467 1424 σπασθῆναι.
2508 1355 2600 1418 Εἰς
2631 1358 2742 1427 γὰρ
2770 1359 2870 1427 τὴν
2896 1359 3028 1430 περὶ¹
3057 1359 3250 1414 τούτου
3279 1361 3559 1430 ἀσφάλειαν
3586 1365 3663 1416 καὶ

2133 1445 2196 1498 τὸ
2237 1447 2411 1517 παρὸν
2445 1449 2728 1502 συνοδικὸν
2758 1449 2995 1522 γράμμα
3038 1451 3140 1523 τῆς
3173 1453 3329 1523 ἡμῶν
3353 1456 3663 1525 μετριότητος

2135 1539 2484 1595 ἀπολέλυται.
3664 1579 3672 1614 ι

2202 1630 2242 1702 ἰ’
2273 1627 2416 1701 Εἶχε
2448 1633 2729 1701 τόσΜηνὶ
2762 1672 2779 1688 .
2821 1672 2836 1688 .
2882 1674 2898 1690 .
2941 1672 2956 1689 .
2999 1674 3015 1692 .
3060 1637 3176 1691 ινδ.
3209 1643 3283 1692 a’.

2134 1747 2294 1823 XLII.
2333 1749 2574 1823 Synodus
2603 1752 2874 1819 respondet
2904 1756 2972 1807 ad
3012 1756 3314 1823 petitionem
3365 1752 3663 1820 Metropolim

2203 1819 2419 1898 Αιςαιίιε
2445 1821 2506 1877 de
2537 1823 2712 1891 pravis
2751 1823 2976 1879 moribus
3012 1819 3110 1882 ἰικί
3151 1826 3208 1879 in
3247 1826 3359 1898 ejug
3387 1825 3569 1880 dim-esi
3591 1827 3659 1880 in-

445 1905 541 1941 νυν
565 1892 591 1943 ό
615 1891 775 1956 αὐτὸς
801 1893 1095 1963 ἱερώτατος
1125 1899 1528 1971 μητροπολίτης
1560 1888 2024 1972 Ποντοηρακλείας
2058 1901 2098 1958 Β
2199 1890 2500 1945 valuerunt-

446 1981 541 2034 καὶ
570 1983 870 2056 ὑπέρτιμης
901 1987 996 2058 τὴν
1037 1991 1338 2062 εἰρημένην
1374 1993 1688 2064 ἁγιωτάτην
1715 1995 2022 2063 ἐπισκοπὴν

445 2074 539 2127 τοῦ
575 2074 865 2143 Ἀμυκλίου
896 2083 1032 2150 μετά
1057 2083 1276 2136 πάντων
1316 2083 1424 2138 τῶν
1456 2085 1549 2136 ὑπ’
1580 2084 1774 2155 αὐτὴν,
1807 2087 1904 2139 καὶ
1936 2085 2021 2139 ἐπ’

449 2166 636 2232 ἁδείας
665 2170 776 2233 ’ἐξει
808 2173 1114 2245 ἱερουργεῖν
1137 2179 1194 2228 ἐν
1221 2177 1356 2249 αὐτῇ
1390 2180 1483 2233 καὶ
1516 2178 1797 2236 διακόνους
1830 2179 2020 2252 προϐι-

449 2260 639 2326 ϐάζειν
667 2266 784 2319 καὶ.
811 2304 827 2324 .
858 2307 872 2322 .
906 2305 922 2322 .
952 2305 965 2320 .
1004 2266 1155 2324 Finis
1185 2270 1348 2325 deest.

448 2421 586 2478 XLI.
620 2423 863 2500 Synodus
905 2427 1054 2496 jubet
1087 2431 1384 2500 examinqri
1429 2446 1616 2483 causas
1645 2411 2019 2488 ecclesiastiéas

908 2502 962 2551 in
997 2500 1270 2570 metropoli
1297 2498 1560 2571 Sngdwar.

449 2672 468 2689 ι
509 2671 526 2689 .
571 2671 586 2688 .
627 2673 642 2688 .
689 2676 703 2691 .
747 2671 766 2687 .
809 2675 823 2686 .
867 2628 1269 2706 (οί)κοδομῆσαι
1307 2639 1594 2708 μέλλοντες
1633 2639 1808 2704 θείους
1837 2642 2018 2704 ναούς.

447 2726 510 2779 Ol
561 2726 615 2778 δὲ
650 2727 997 2798 κατέστησαν
1031 2729 1169 2782 αύτά
1205 2731 1285 2793 είς
1316 2729 1445 2794 τοὺς
1485 2732 1592 2802 πρὸ
1636 2733 1844 2802 χρόνων
1887 2735 2022 2802 φθάο

447 2835 650 2882 σαντας
683 2820 1071 2892 ἀνεγερθῆναι,
1103 2823 1179 2886 ὡς
1228 2827 1466 2893 εἴρηται,
1499 2825 1684 2890 ναοὺς,
1715 2827 1806 2878 καὶ
1835 2826 2018 2880 ἔκτοτε

449 2910 836 2969 ἰδιοποιοῦνται
897 2914 1097 2976 αὐτοὺς
1141 2915 1216 2974 ὡς
1261 2917 1724 2986 πατριαρχικούς.
1762 2919 2018 2989 Ἀνέφερε

445 3004 540 3057 καὶ
571 3005 647 3067 ὡς
682 3006 789 3074 πρὸ
831 3007 1038 3078 χρόνων
1082 3009 1279 3080 συνέϐη
1340 3009 1706 3080 ἐξοικισθῆναί
1742 3029 1862 3064 τινα
1911 3013 2020 3066 τῶν

448 3097 666 3169 χωρίων
721 3097 822 3167 τῆς
886 3101 1099 3172 ἐνορίας
1149 3101 1313 3154 αὑτοῦ
1358 3104 1423 3154 ἐκ
1456 3105 1554 3172 τῆς
1593 3103 1702 3182 τῶν
1735 3105 2020 3173 Ταταρίων

443 3191 771 3262 ἐπιδρομῆς,
805 3193 1210 3248 ἐπανελθόντων
1237 3195 1292 3248 δὲ
1328 3195 1491 3250 πάλιν
1522 3199 1602 3259 είς
1624 3197 1761 3251 αύτά
1789 3199 1899 3250 τῶν
1922 3201 2020 3252 ἐπ-

444 3284 606 3336 οίκων
651 3284 834 3337 αὐτῶν
862 3289 955 3337 καὶ⁵
984 3287 1431 3358 κατοικησάντων
1464 3289 1522 3341 ἐν
1545 3289 1748 3355 αὐτοῖς,
1781 3289 2021 3360 ἀπῆλθον

443 3381 491 3432 οί
525 3380 746 3450 ἐξαρχοι
772 3379 865 3432 τοῦ
901 3382 1196 3449 ίερωτάτου
1235 3381 1636 3451 μητροπολίτου
1681 3383 1903 3449 Ιότθίας
1929 3385 2022 3438 καὶ

445 3472 774 3541 ύπερτίμου,
809 3471 904 3524 καὶ
939 3457 1218 3544 ’ἐποίησαν
1260 3475 1318 3527 ἐν
1362 3475 1477 3533 τοῖς
1510 3475 1776 3540 τοιούτοις
1801 3477 2020 3546 χωρίοις

446 3564 833 3629 σταυροπήγια
863 3563 960 3628 τῆς
989 3563 1379 3632 μητροπόλεως
1410 3565 1656 3630 Γοτθίας,
1705 3567 1797 3619 καὶ
1833 3566 2017 3620 ἐκτοτε

444 3652 767 3712 ἀπαιτοῦσιν
819 3655 975 3708 αὐτοὶ
1023 3655 1174 3725 παρά
1204 3655 1312 3708 τῶν
1344 3657 1583 3710 ἐποίκων
1613 3658 1724 3710 τῶν
1757 3657 2020 3712 τοιούτων

444 3747 659 3817 χωρίων
711 3747 808 3800 καὶ
863 3747 922 3799 τὸ
966 3749 1276 3814 κανονικὸν,
1321 3749 1443 3801 ὅσον
1475 3750 1749 3818 ὀφείλεται
1793 3751 1928 3820 πρὸς
1958 3751 2018 3803 τὸ

447 3837 613 3906 μέρος
667 3838 771 3908 τῆς
811 3839 1198 3910 μητροπόλεως
1243 3841 1563 3909 Σουγδαίας,
1608 3843 1702 3894 καὶ
1749 3842 2018 3912 ἐζήτησαν

444 3931 540 3983 ἐπὶ
575 3929 785 3998 τούτοις
833 3934 1016 4001 τυχεῖν
1062 3933 1349 4001 συνοδικῆς
1392 3933 1758 4001 διαγνώσεως.
1793 3936 2017 4006 Ἐκρινε

442 4025 622 4078 τοίνυν
677 4024 711 4095 ὴ
777 4025 1069 4095 μετριότης
1125 4027 1282 4096 ἡμῶν
1335 4027 1474 4096 μετά
1507 4027 1618 4080 τῶν
1669 4029 1798 4098 περὶ
1849 4028 2017 4098 αὐτὴν

447 4115 760 4184 ίερωτάτων
785 4116 1123 4187 ἀρχιερέων,
1140 4117 1233 4173 τοῦ
1265 4119 1616 4188 Ἡρακλείας,
1635 4121 1730 4173 τοῦ
1758 4119 2013 4182 Νικαίας,

443 4207 540 4268 τοῦ
575 4209 986 4273 Φιλαδελφείας,
1033 4210 1130 4264 τοῦ
1185 4212 1459 4282 Προύσης,
1503 4212 1596 4266 τοῦ
1653 4213 1874 4281 Πηγῶν,
1921 4211 2015 4264 τοῦ

444 4302 688 4373 Σεῤῥῶν,
737 4306 832 4356 τοῦ
885 4305 1214 4375 Δυρραχίου,
1265 4305 1360 4359 τοῦ
1425 4306 1740 4368 Ἀτταλείας
1795 4308 1888 4360 καὶ
1922 4304 2016 4357 τοῦ

444 4397 724 4467 Μεσήνης,
758 4398 845 4450 ἵνα
878 4397 1104 4467 γένηται
1153 4399 1392 4462 τοπικῶς
1426 4398 1496 4452 δι’
1539 4398 1862 4460 ἐπιστασίας
1907 4397 2016 4450 τῶν

447 4486 979 4556 πλησιοχωρούντων
1045 4486 1352 4556 ἀρχιερέων
1418 4485 1692 4550 ἐξέτασις,
1765 4488 2014 4555 παρεῖναι

2195 2003 2238 2074 ’ί-
2285 2003 2348 2060 ’0
2403 2004 2697 2074 ἱερώτατος
2756 2007 3166 2077 μητροπολίτης
3230 2008 3532 2071 Ἀτταλείας
3581 2009 3659 2062 καὶ

2125 2094 2448 2164 ύπέρτιμος,
2479 2099 2534 2150 ἐν
2557 2097 2700 2168 ἀγίῳ
2729 2097 3006 2168 Πνεύματι
3035 2099 3324 2167 ἀγαπητὸς
3349 2099 3555 2166 ἀδελφὸς
3577 2099 3658 2167 τῆς

2123 2187 2280 2256 ἡμῶν
2306 2189 2660 2259 μετριότητος
2703 2191 2799 2244 καὶ
2849 2192 3289 2262 συλλειτουργὸς,
3320 2192 3564 2263 ἀνέφερεν
3593 2191 3657 2252 εἰς

2121 2277 2222 2345 τὴν
2246 2275 2369 2327 καθ’
2399 2277 2546 2346 ἡμᾶς
2573 2277 2726 2348 ἱερὰν
2755 2279 2850 2332 καί
2874 2280 3023 2334 θείαν
3055 2281 3300 2350 σύνοδον,
3321 2280 3392 2344 ῶς
3414 2298 3546 2342 τινες
3569 2279 3657 2334 τῶν

2123 2368 2400 2439 κληρικῶν
2425 2370 2522 2440 τῆς
2551 2375 2673 2425 κατ’
2709 2373 2870 2427 αὐτὸν
2900 2374 3154 2442 τοιαύτης
3189 2375 3554 2446 μητροπόλεως
3581 2375 3659 2425 καὶ

2121 2459 2231 2512 τῶν
2265 2461 2448 2514 ἐκεῖσε
2475 2464 2776 2531 ,κοσμικῶν
2811 2464 3114 2534 ἀνθρώπων
3153 2467 3397 2535 ἔφθασαν
3440 2464 3658 2528 ἀναδέξα-

2123 2550 2246 2603 σθαί
2277 2569 2401 2604 τινα
2446 2553 2552 2606 ἀπὸ
2584 2554 2692 2607 τῶν
2725 2557 3107 2626 μοναστηρίων
3157 2560 3256 2626 τῆς
3298 2557 3460 2625 αὐτῆς
3491 2571 3658 2625 μητρο-

2123 2642 2352 2708 πόλεως,
2384 2641 2648 2707 ὡσαύτως
2676 2645 2770 2698 καί
2794 2662 2943 2709 τινας
2973 2647 3081 2699 ἀπὸ
3102 2646 3212 2700 τῶν
3236 2647 3328 2699 ὑπ’
3348 2645 3504 2716 αὐτὴν
3526 2644 3658 2697 θείων

2125 2734 2273 2788 ναῶν
2303 2735 2633 2790 ἐκδοθέντων
2660 2738 2756 2790 καὶ
2785 2738 2892 2791 τῶν
2915 2739 3172 2792 τοιούτων
3207 2741 3560 2809 μοναστηρεων
3581 2739 3657 2790 καὶ

2121 2827 2230 2879 τῶν
2268 2826 2411 2879 ναῶν
2465 2828 2618 2898 παρά
2670 2829 2779 2881 τῶν
2821 2829 2965 2883 κατά
3001 2831 3230 2900 καιροὺς
3265 2829 3550 2900 ἀρχιερέων
3577 2829 3658 2897 τῆς

2121 2919 2294 2988 αὐτῆς
2323 2921 2632 2990 ἁγιωτάτης
2655 2921 2953 2991 ἐκκλησίας
2980 2923 3120 2976 κατά
3153 2925 3358 2976 σκοπὸν
3386 2923 3472 2976 τοῦ
3498 2924 3659 2990 ἐπιμεο

2120 3001 2269 3074 λείας
2299 3013 2429 3082 παρ’
2463 3012 2647 3066 αὐτῶν
2696 3012 2980 3079 ἀξιοῦσθαι
3037 3017 3130 3068 καὶ
3172 3014 3564 3085 περιποιήσεως
3595 3012 3659 3073 είς

2122 3104 2182 3155 τὸ
2230 3106 2584 3160 συνίστασθαι
2641 3110 2736 3160 καὶ
2789 3106 3130 3177 βελτιοῦσθαι
3177 3106 3508 3174 αύτὰ,διέ6η
3545 3104 3658 3170 δέὴ

2125 3197 2331 3265 κατοχὴ
2382 3196 2587 3252 τούτων
2631 3201 2728 3253 καὶ
2765 3201 2850 3263 είς
2893 3200 3017 3262 τοὺς
3049 3199 3354 3266 ἀπογόνους
3385 3198 3487 3250 τῶν
3514 3194 3657 3248 τοιού·

2124 3306 2232 3341 των
2271 3290 2548 3358 κληρικῶν
2593 3294 2687 3344 καὶ
2737 3292 3018 3362 κοσμικῶν
3051 3291 3358 3361 ἀνθρώπων
3391 3332 3407 3359 ,
3435 3289 3561 3343 κατὰ
3588 3307 3658 3358 μι-

2123 3381 2254 3450 κρὸν
2301 3380 2358 3434 δέ
2400 3382 2495 3435 ἐπὶ
2526 3382 2782 3436 τοσοῦτον
2825 3386 3174 3455 κατήντησαν
3209 3387 3288 3447 εἰς
3323 3386 3576 3456 ἐρήμωσιν
3603 3381 3658 3433 τὰ

2121 3473 2340 3526 τοιαῦτα
2388 3476 2729 3546 μοναστήρια
2762 3477 2855 3529 καὶ
2881 3478 2930 3529 οἰ
2959 3475 3076 3530 ναοὶ
3109 3476 3167 3542 ἐξ
3201 3475 3457 3546 ἀμελείας
3482 3473 3656 3538 αὐτῶν,

2119 3565 2194 3630 ὡς
2226 3567 2358 3636 μηδέ
2392 3569 2663 3636 μοναχοὺς
2697 3568 2841 3637 ἔχειν
2871 3570 3187 3638 οἰκήτορας,
3226 3571 3318 3621 καὶ
3349 3570 3410 3621 τὰ
3435 3568 3656 3634 κτήματα

2118 3657 2176 3709 δέ
2221 3657 2400 3710 αὐτῶν
2435 3661 2506 3710 τὰ
2539 3659 2638 3727 μὲν
2684 3658 3062 3728 διεπράθησαν
3105 3659 3256 3727 παρὰ
3299 3659 3404 3711 τῶν
3432 3655 3654 3709 τοιούτων

2120 3747 2400 3819 κληρικῶν
2423 3735 2522 3802 καὶ
2554 3751 2832 3819 κοσμικῶν
2863 3750 2959 3804 ἀνθ
2971 3751 3190 3818 ρώπων,
3213 3749 3283 3803 τά
3303 3749 3358 3802 δὲ
3375 3749 3654 3815 κατέχουσιν

2121 3840 2199 3893 ἔτι
2230 3843 2324 3893 καὶ
2366 3841 2621 3910 νέμονται
2667 3842 2841 3904 αὐτοὶ,
2871 3842 3092 3904 καὶτὰς
3133 3842 3193 3907 ἐξ
3227 3841 3404 3897 αὐτῶν
3450 3841 3655 3902 ἀποκερ-

2118 3931 2360 3985 δαίνουσι
2395 3934 2719 4004 προσόδους.
2757 3933 3017 4004 ’Δνέφερε
3054 3935 3149 3985 καὶ
3185 3933 3260 3994 ὥς
3290 3949 3425 3995 τινες
3460 3932 3557 3982 τῶν
3585 3943 3654 3980 το-

2120 4024 2300 4078 πικῶν
2332 4026 2548 4093 γυναιξὶ
2601 4026 2744 4080 κατά
2793 4026 2991 4096 νόμους
3040 4026 3434 4095 συναπτόμενοι
3465 4021 3654 4086 καὶτῆς

2119 4117 2580 4188 συμφωνηθείσης
2621 4118 2757 4186 πρὸς
2789 4119 2994 4181 αὐτοὺς
3033 4118 3261 4187 προικὸς
3295 4113 3652 4184 ἀποδιδομένης

2118 4207 2399 4279 βιάζονται
2457 4210 2550 4262 καὶ
2607 4210 3138 4277 καταναγκάζουσιν,
3171 4210 3258 4262 ἵνα
3319 4210 3385 4262 τὰ
3441 4207 3532 4276 μὲν
3565 4202 3654 4255 τῶν

2116 4300 2487 4370 προικιμαίων
2505 4301 2849 4371 πραγμάτων
2878 4301 3126 4354 δίδωνται
3161 4301 3301 4370 πρὸς
3327 4299 3513 4360 αὐτοὺς
3537 4293 3653 4348 κατὰ

2116 4395 2272 4462 λόγον
2318 4393 2516 4460 ξενίου,
2566 4394 2634 4447 τά
2687 4395 2744 4447 δέ
2790 4394 3256 4464 πρόικοδοτῶνται
3290 4395 3409 4452 ταῖς
3445 4387 3650 4460 γυναιξὶ,

2116 4488 2210 4540 καὶ
2281 4488 2329 4540 εί
2390 4485 2572 4558 συμϐῇ
2637 4486 3073 4557 προτελευτῆσαι
3141 4487 3238 4556 τὴν
3302 4486 3526 4554 γυναῖκα
3579 4478 3654 4532 καὶ

446 4578 755 4646 ὀφείλοντος
796 4582 862 4648 τῇ
915 4578 1139 4651 τοιαύτῃ
1187 4580 1434 4643 ἐξετάσει
1469 4580 1562 4632 καὶ
1597 4579 1690 4631 τοῦ
1718 4579 2012 4648 ίερωτάτου
2049 4586 2090 4642 D
2119 4578 2489 4650 ἀπαιτηθῆναι
2532 4579 2634 4648 τὴν
2679 4580 2906 4649 προῖκα,
2956 4579 3383 4649 ἀντιστρέφηται
3431 4577 3575 4646 μόνον
3607 4571 3654 4623 τὸ

435 4673 749 4743 ’ἀρχιερέως
796 4673 1046 4738 Γοτθίας,
1108 4672 1202 4726 καὶ
1239 4672 1315 4736 ὡς
1367 4672 1668 4743 εὑρεθῶσιν
1714 4674 1903 4742 ἔχοντα
1941 4674 2020 4735 είς

449 4764 708 4835 ἀλήθειαν
753 4762 820 4815 τά
876 4762 985 4815 τῶν
1031 4762 1288 4815 τοιούτων
1336 4762 1672 4827 ὑποθέσεων,
1732 4764 2016 4837 σημειωθῇ

447 4856 580 4924 παρ’
606 4855 787 4910 αὐτῶν
818 4856 910 4909 καὶ
948 4857 1171 4927 πεμφθῇ
1208 4857 1269 4910 τὸ
1299 4857 1597 4927 σημείωμα
1630 4856 1888 4922 ἐνταῦθα,
1920 4857 2016 4910 καὶ

445 4950 636 5010 ἔπειτα
688 4953 935 5018 γένηται,
999 4951 1125 5002 ὅσον
1185 4950 1438 5020 ἀναφανῇ
1489 4950 1697 5004 δίκαιον
1759 4950 1867 5003 ἀπὸ
1919 4949 2018 5018 τῆς

443 5045 729 5114 συνοδικῆς
783 5042 1153 5110 διαγνώσεως.
1217 5043 1604 5112 Ἀνατιθέαμεν
1656 5044 1712 5096 δὲ
1757 5044 1824 5096 τά
1886 5044 2015 5112 περὶ

441 5137 634 5191 τούτου
664 5139 778 5200 τοῖς
808 5135 1122 5204 ἱερωτάτοις
1170 5134 1488 5205 ἀρχιερεῦσι
1535 5136 1631 5188 καὶ
1667 5135 2012 5204 ὑπερτῐμοις,

439 5230 517 5301 τῷ
546 5230 820 5294 Ἀλανίας,
848 5227 925 5298 τῷ
971 5227 1222 5296 Βιτζίνης
1263 5226 1358 5302 καὶ
1384 5228 1459 5296 τῷ
1493 5226 1733 5296 Ζηκχίας
1767 5229 1862 5280 καὶ
1891 5227 2011 5280 Μα-

439 5324 678 5394 τράχων,
741 5323 792 5375 οἳ
851 5322 916 5390 δι,
953 5321 1046 5373 καὶ
1097 5318 1403 5386 ὀφείλουσιν
1451 5318 1754 5387 ἐνδημῆσαι
1802 5319 1880 5379 εἰς
1921 5318 2013 5369 τὸν

441 5416 622 5473 ἐκεῖσε
666 5415 831 5466 τόπον
886 5411 981 5465 καὶ
1030 5408 1430 5478 ἀποπληρῶσαι
1481 5407 1682 5485 τάῠτῆς
1731 5406 2013 5476 συνοδικῆς

441 5508 645 5576 ταύτης
669 5507 760 5562 καὶ
789 5503 1068 5576 ἡμετέρας
1094 5500 1459 5570 διαγνώσεως.
1484 5499 1638 5551 Ἐπεὶ
1667 5499 1723 5551 δέ
1748 5499 2012 5568 ἀνέφερεν

443 5601 472 5650 ὁ
496 5598 657 5660 αὐτὸς
686 5597 978 5666 ἱερώτατος
1004 5594 1299 5666 ἀρχιερεὺς
1328 5591 1649 5659 Σουγδαίας,
1676 5590 1750 5654 ὡς
1780 5590 2011 5660 προϐαί-

443 5708 630 5744 νουσιν
651 5691 731 5753 εις
760 5691 860 5760 τὴν
887 5691 1103 5761 ἐνορίαν
1131 5685 1300 5743 αὑτοῦ
1323 5684 1632 5743 συνοικέσια
1657 5684 2010 5753 κεκωλυμένα

443 5784 595 5850 παρὰ
621 5781 734 5850 τῶν
765 5781 924 5835 θείων
969 5782 1066 5834 καὶ
1107 5777 1444 5849 φιλευσεὸῶν
1492 5775 1690 5844 νόμων,
1722 5775 1790 5827 τὰ
1821 5775 1918 5844 μὲν
1952 5776 2010 5840 ἐξ

444 5875 697 5946 αἰματος,
739 5877 806 5931 τὰ
835 5875 890 5934 δέ
923 5875 980 5940 ἐξ
1008 5872 1348 5944 ἀγχιστείας,
1385 5867 1462 5941 μὴ
1521 5866 1858 5939 πειθομένων
1903 5867 2009 5920 τῶν

2122 4669 2472 4740 καταγραφέν
2515 4670 2656 4738 ὑπὲρ
2690 4669 2940 4739 προικὸς,
2971 4670 3034 4722 τὸ
3077 4670 3134 4723 δὲ
3175 4671 3425 4723 ἐπέκεινα
3455 4667 3654 4735 πρᾶγμα

2121 4761 2434 4830 ἐναπομένη
2486 4761 2671 4824 αὐτοῖς
2699 4760 3070 4829 ἀναπαίτητον
3101 4759 3176 4822 ὡς
3208 4757 3381 4825 ξενίου
3424 4757 3556 4824 λόγῳ
3584 4753 3653 4804 60-

2122 4853 2213 4908 θέν
2248 4853 2386 4925 πρὸς
2435 4853 2652 4916 αὐτοὺς,
2681 4852 2823 4906 ὥστε
2859 4853 2949 4905 καὶ
2985 4851 3359 4922 ἐπεκράτησεν
3397 4851 3428 4919 ή
3457 4845 3650 4909 τοιαύτη

2122 4945 2403 5014 συνήθεια,
2436 4945 2533 4998 καὶ
2568 4946 2870 5012 ἐνεργεῖται
2914 4942 3264 5013 παραλόγως,
3324 4940 3395 5011 μὴ
3429 4932 3653 5005 βουλομέο

2119 5055 2227 5093 νων
2279 5037 2456 5099 ἄλλως
2506 5036 2876 5090 συνάπτεσθαι
2907 5036 2988 5094 είς
3017 5035 3196 5103 γάμον
3221 5035 3327 5085 τῶν
3361 5032 3490 5100 πρὸς
3519 5024 3652 5078 τοῦτο

2117 5129 2429 5201 ἐρχομένων
2453 5128 2684 5199 ἀνδρῶν,
2711 5128 3004 5180 κάντεῦθεν
3027 5126 3458 5195 ἀναγκαζόμενοι
3492 5122 3534 5172 οἱ
3566 5117 3651 5175 τὰς

2119 5219 2339 5289 θηλείας
2369 5219 2583 5288 ἔχοντες
2629 5217 2825 5279 παῖδας
2859 5217 2954 5269 καὶ
2982 5216 3058 5286 μὴ
3095 5216 3303 5284 ἔχοντες
3339 5211 3506 5272 ἄλλως
3536 5205 3650 5272 πρὸς

2115 5312 2296 5382 γάμον
2323 5312 2617 5366 συνάπτειν
2638 5309 2831 5374 αὐτὰς,
2849 5307 3174 5378 ζημιοῦνται
3203 5306 3267 5359 τὰ
3295 5301 3496 5373 μεγάλα
3521 5294 3650 5364 παρὰ

2116 5402 2213 5474 τὴν
2225 5403 2333 5455 τῶν
2350 5402 2530 5468 νόμων
2546 5400 2831 5469 διαταγὴν,
2850 5399 3200 5468 στερούμενοι
3216 5395 3322 5448 τῶν
3336 5392 3554 5452 οἰκείων,
3567 5385 3649 5439 καὶ

2116 5492 2394 5562 ἐζήτησεν.
2434 5491 2528 5543 ἐπὶ
2556 5490 2767 5552 τούτοις
2787 5489 3071 5555 συνοδικῆς
3103 5489 3286 5556 τυχεῖν
3315 5479 3644 5549 διαγνώσεως.

2119 5586 2375 5652 Ἐκρινεν
2409 5577 2502 5636 οὖν
2535 5583 2569 5651 ἡ
2604 5581 2894 5653 μετριότης
2937 5581 3094 5650 ήμῶν
3128 5581 3261 5650 μετὰ
3297 5578 3400 5630 τῶν
3427 5575 3544 5642 περὶ
3565 5571 3645 5623 0'3-

2115 5678 2213 5747 τὴν
2244 5659 2555 5747 ίερωτάτων
2588 5675 2912 5744 ἀρχιερέων,
2941 5673 3034 5726 τοῦ
3077 5670 3415 5743 Ἡρακλείας,
3448 5666 3532 5718 τοῦ
3559 5661 3642 5714 Νιο

2115 5769 2298 5831 καίας.
2335 5767 2429 5820 τοῦ
2461 5767 2875 5835 Φιλαδελφείας,
2908 5766 3002 5820 τοῦ
3030 5764 3296 5836 ιῖρούσης,
3327 5759 3416 5814 τοῦ
3450 5754 3636 5852 Πηγῶν,

2113 5862 2204 5916 τοῦ
2252 5861 2495 5932 Σερρῶν,
2536 5859 2630 5915 τοῦ
2674 5859 3005 5932 Δυρραχίου,
3035 5858 3129 5912 τοῦ
3174 5853 3413 5916 Ἀλανίας
3460 5849 3637 5905 καὶτοῦ
