3866 6540
100 455 235 519 1155

1173 459 1570 523 SYNODICAZ
1611 458 2310 526 CONSTITUTIONES.

3221 460 3356 525 1W3

97 574 377 643 Μεσήνης,
422 572 553 640 περὶ
601 572 701 642 μὲν
750 572 861 627 τῶν
920 574 1274 644 ἔκδοθέντων,
1315 576 1392 641 ὡς
1437 575 1677 646 εἴρηται,
1708 591 1755 647 Α
1784 599 1884 652 της
1914 582 2074 653 ήμῶν
2124 584 2217 637 καὶ
2247 583 2321 646 ὼς
2349 582 2489 637 ἑπτά
2522 599 2666 645 τινες
2708 582 2819 635 τῶν
2854 576 3359 652 προϐαθμιωτέρων

99 666 485 737 μοναστηρίων
515 666 611 719 καὶ
638 666 748 719 τῶν
789 668 932 722 ναῶν
963 668 1050 720 ἐπ’
1078 669 1255 733 ἁδείας
1290 669 1433 740 ἔχειν
1460 671 1552 724 τὸν
1577 671 1675 740 δη-

96 758 337 814 λωθέντα
396 758 695 829 ἱερώτατον
747 760 850 831 τῆς
891 761 1207 825 Ἀτταλείας
1234 761 1498 832 ἀρχιερέα
1535 763 1674 816 ἀπο-

100 853 308 907 σπάσαι
339 853 515 908 ταῦτα
550 852 661 907 ἀπὸ
692 854 802 907 τῶν
837 855 1181 925 κατεχόντων
1209 856 1351 908 αύτά
1396 855 1677 925 κληρικῶν

96 945 189 998 καὶ
218 946 513 1015 κοσμικῶν
544 945 851 1018 ἀνθρώπων
884 947 978 999 καὶ
1018 948 1321 1000 σπουδάσαι
1355 950 1450 1001 καὶ
1483 950 1678 1017 ἐπιμε-

95 1039 349 1110 ληθῆναι,
388 1039 529 1093 ὥστε
584 1041 927 1109 καταστῆσαι
976 1041 1071 1093 καὶ
1101 1039 1385 1104 ἀποδεῖξαι
1410 1040 1579 1093 πάλιν
1612 1040 1681 1094 τά

95 1132 323 1188 τοιαῦτα
357 1139 697 1205 μοναστήρια
725 1135 1053 1203 καταγώγιαη
1087 1134 1358 1205 μοναχῶν,
1403 1134 1681 1189 ἀνασῶσαί

97 1240 153 1278 τε
179 1225 395 1293 αὐτοῖς,
434 1226 517 1279 ἔτι
542 1220 611 1280 δὲκ
642 1226 736 1280 καὶ
763 1229 878 1291 τοῖς
904 1227 1170 1290 τοιούτοις
1204 1228 1369 1291 θείοις
1398 1230 1549 1289 ναοῖς
1588 1227 1683 1279 καὶ

96 1317 159 1370 τὰ
221 1320 489 1387 κτήματα
536 1320 737 1387 αὐτῶν,
770 1321 870 1373 ὅσα
909 1321 1157 1389 ἔφθασαν
1185 1320 1578 1389 διαπραθῆναι,
1608 1318 1683 1381 ὡς

96 1413 343 1480 εἴρηται,
378 1412 528 1481 παρᾶ
554 1412 662 1465 τῶν
693 1412 1034 1484 κατεχόντων
1064 1412 1222 1479 αὐτὰ,
1253 1412 1440 1467 ἄδικον
1464 1411 1573 1481 γὰρ
1604 1410 1685 1463 Evn

98 1503 189 1558 καὶ
228 1505 381 1573 μέγα
417 1505 681 1576 έπιφέρον
720 1506 782 1557 τδ
822 1507 999 1576 κρῖμα
1030 1508 1151 1568 ταῖς
1181 1505 1380 1576 ψυχαῖς
1409 1506 1520 1557 τῶν
1549 1521 1687 1557 κατ-

98 1600 341 1670 εχόντων
370 1600 563 1667 ταῦτα,
618 1600 678 1654 τὸ
735 1601 829 1654 ἐπὶ
878 1601 1025 1673 λύμῃ
1077 1603 1170 1655 καὶ
1214 1602 1538 1671 καινοτομίᾳ
1590 1601 1688 1653 καὶ

103 1693 281 1765 βλάϐῃ
318 1693 431 1749 τῶν
474 1694 790 1764 προσόντων
836 1698 945 1758 τοῖς
997 1694 1263 1755 τοιούτοις
1298 1694 1691 1764 μοναστηρίοις

100 1786 190 1838 καὶ
215 1787 339 1848 τοῖς
373 1788 521 1849 ναοῖς
548 1785 978 1857 κατακυριεύειν
1008 1786 1103 1841 καὶ
1135 1785 1423 1849 δεσπόζειν
1446 1786 1541 1838 καὶ
1562 1802 1692 1837 κατ-

99 1879 245 1950 έχειν
295 1879 476 1934 αύτά·
536 1879 605 1932 τὰ
657 1881 765 1951 γὰρ
811 1878 960 1944 ἅπαξ
1012 1879 1391 1951 ἀφιερωθέντα
1448 1878 1525 1946 τῷ
1570 1877 1693 1947 Θεῷ

1779 677 2173 748 πρεσϐυτέρων
2196 677 2293 731 τοῦ
2324 678 2529 749 κλήρου
2559 676 2659 745 τῆς
2683 674 2940 747 τοιαύτης
2966 673 3360 746 μητροπόλεως

1792 760 2111 834 ’Δτταλείας
2144 772 2553 827 ἀντιποιοῦνται
2597 771 2698 840 τῆς
2753 771 3096 841 τεταγμένης
3134 767 3361 824 ἀκολου-

1782 864 1906 927 θίας
1932 862 2025 917 τοῦ
2056 863 2359 934 εὐχελαίου,
2394 863 2535 919 ὥστε
2593 865 2729 934 παρ’
2775 861 2955 916 αὐτῶν
3000 863 3176 930 μόνων
3209 862 3364 913 ὲκτε.

1782 954 1993 1009 λεῖσθαι
2034 955 2134 1026 τὴν
2166 955 2428 1025 τοιαύτην
2457 953 2782 1008 ἀκολουθίαν
2831 955 2925 1007 καὶ
2975 952 3050 1022 μὴ
3099 950 3230 1021 παρ’
3263 951 3363 1004 ἀλ-

1783 1048 1895 1102 λων
1944 1049 2108 1101 τινῶν
2170 1048 2581 1116 πρεσϐυτέρων,
2654 1047 2735 1119 τῷ
2789 1046 2955 1117 λόγῳ,
3020 1045 3101 1098 ὃτι
3159 1043 3362 1111 ἔφθασε

1785 1142 2050 1211 ταχθῆναι
2105 1138 2267 1195 τοῦτο
2313 1141 2420 1208 πρὸ
2448 1141 2659 1210 χρόνων
2688 1137 2959 1206 παράτἿῦ
2990 1137 3066 1205 τῷ
3096 1138 3215 1189 τότε
3263 1136 3366 1203 ἀρ-

1787 1232 2017 1303 χιερέως
2044 1233 2144 1298 τῆς
2168 1230 2424 1302 τοιαύτης
2456 1231 2866 1301 μητροπόλεως,
2898 1229 2994 1282 καὶ
3034 1226 3210 1282 ταῦτα
3249 1225 3368 1296 μετ’

1788 1327 1969 1393 ὀλίγον
2000 1326 2168 1379 πάλιν
2192 1318 2573 1396 ἀκυρωθέντος
2602 1325 2815 1399 τούτου,
2838 1322 2926 1376 διὰ
2966 1320 3369 1391 πατριαρχικοῦ

1790 1419 2145 1486 γράμματος,
2179 1417 2317 1488 ὅπερ
2348 1416 2679 1487 ὲνεφανίσθη
2718 1417 2811 1469 καὶ
2847 1419 2912 1487 τῇ
2955 1416 3112 1484 ήμῶν
3152 1413 3372 1482 μετριό-

1789 1528 1937 1579 τητι,
1994 1510 2433 1579 παρακελεύεται
2487 1512 2519 1581 ἡ
2578 1510 2870 1580 μετριότης
2921 1506 3098 1576 ἡμῶν,
3138 1506 3225 1558 ῖνα
3278 1501 3372 1557 τοῦ

1792 1601 1983 1656 λοιποῦ
2025 1606 2118 1671 καὶ
2145 1604 2224 1667 είς
2252 1604 2313 1655 τδ
2347 1603 2476 1671 ὲξῆς
2505 1602 2825 1655 παύσωνται
2880 1600 2930 1654 οἱ
2960 1599 3194 1652 τοιοῦτοι
3241 1614 3374 1667 πρε-

1794 1696 2051 1763 σϐύτεροι
2080 1696 2172 1750 τοῦ
2203 1696 2601 1750 ἀντιποιεῖσθαι
2623 1696 2723 1763 τῆς
2758 1694 3017 1765 τοιαύτης
3048 1688 3374 1755 ἀκολουθίας

1793 1790 1890 1843 τοῦ
1926 1790 2235 1860 εὑχελαίου.
2261 1791 2339 1853 ὡς
2364 1789 2730 1859 διαφερούσης
2770 1788 2863 1841 καὶ
2889 1776 3199 1856 ἀνηκούσης
3232 1786 3379 1847 ίδίως

1798 1884 2002 1947 αὐτοῖς,
2033 1884 2128 1936 καὶ
2163 1883 2235 1953 μὴ
2264 1881 2397 1953 παρ’
2429 1882 2611 1937 αὐτῶν
2650 1883 2829 1950 μόνων
2866 1879 3154 1947 ὲκτελῆται
3189 1880 3256 1931 τά
3281 1876 3378 1944 τῆς

100 1973 561 2044 ἀπαρεγχείρητα
586 1968 964 2043 διατηρεῖσθαι
991 1972 1265 2041 ὀφείλουσι
1289 1974 1384 2025 κα)⁴
1410 1972 1681 2041 ἀμείωῖα,
1718 1972 1765 2032 Β
1793 1975 2050 2046 τοιαύτης
2084 1975 2433 2040 ἀκολουθίας,
2489 1974 2625 2027 ἀλλά
2684 1973 2860 2043 (παρὰ
2901 1971 3033 2034 τῶν)
3081 1970 3383 2041 πρεσϐυτέ-

99 2063 156 2118 ού
218 2064 389 2134 μόνον
438 2065 591 2134 παρά
645 2067 757 2118 τῶν
800 2065 1216 2135 ἀναδεχομένων
1264 2064 1696 2132 τοιουτοτρόπως

99 2156 267 2223 αὐτὰ,
307 2156 446 2210 ἀλλὰ
477 2156 707 2213 καὶτῶν
741 2156 956 2211 οἴκοθεν
982 2158 1361 2211 συνιστὼντων
1396 2157 1492 2209 καὶ
1525 2173 1697 2226 προσ-

103 2249 375 2303 τιθέντων
420 2253 513 2302 καὶ
561 2250 824 2318 καθάπαξ
851 2287 855 2291 ι
882 2252 1279 2320 προσαγόντων
1325 2251 1395 2304 τά
1423 2249 1699 2321 προσόντα

101 2342 317 2404 αὐτοῖς.
354 2341 492 2412 Περὶ
521 2342 577 2395 δὲ
610 2342 717 2395 τῶν
747 2345 1073 2413 γινομένων,
1109 2344 1185 2407 ὠς
1223 2343 1545 2413 δεδήλωται,
1576 2359 1703 2394 συν-

102 2433 480 2503 αλλαγμάτων
536 2436 631 2489 καὶ
694 2436 1048 2491 συνοικεσίων
1099 2436 1298 2504 διέγνω
1343 2437 1441 2488 καὶ
1485 2435 1703 2503 ἀπεφήο

102 2544 240 2581 νατο
270 2529 304 2595 ή
337 2528 627 2599 μετριότης
663 2529 823 2599 ἡμῶν
852 2527 992 2597 μετά
1028 2528 1127 2596 τῆς
1162 2527 1295 2597 περὶ
1346 2526 1517 2596 αὐτὴν
1552 2525 1704 2594 ἱερᾶς

104 2620 203 2675 καὶ
261 2620 418 2685 θείας
481 2622 727 2688 συνόδου,
776 2622 983 2693 ἄκυρον
1051 2616 1192 2675 εἶναι
1251 2619 1353 2692 τὴν
1408 2619 1711 2688 γινομένην

103 2714 437 2785 παράλογού
460 2715 555 2768 καὶ
580 2714 785 2768 ἄτοπον
817 2713 1109 2785 συνήθειαν
1141 2714 1237 2766 καὶ
1265 2712 1540 2787 ἀϐέϐαιον,
1574 2709 1705 2763 ἔνθα

108 2810 322 2880 προϐῇ,
349 2810 443 2863 καὶ
463 2810 625 2862 ὀπότε
658 2810 839 2880 συμϐῇ
868 2810 1275 2880 τελευτησάσης
1307 2809 1407 2878 τῆς
1444 2804 1707 2876 γυναικὸς

105 2904 475 2957 ἀπαιτεῖσθαι
501 2903 569 2956 τά
599 2902 700 2973 τῆς
730 2903 962 2974 προικὸς
989 2903 1318 2975 πράγματα,
1355 2898 1707 2975 ἀποδίδοσθαι

106 2999 294 3052 ταῦτα
356 2997 467 3051 ἀπὸ
517 2997 611 3050 τοῦ
662 2998 865 3067 μέρους
925 2996 1021 3050 τοῦ
1062 2997 1255 3065 ἀνδρὸς
1307 2996 1366 3061 ἐξ
1403 2995 1706 3064 ὁλοκλήρου

104 3094 261 3146 κατά
300 3092 428 3154 τοὺς
459 3091 639 3154 θείους
674 3090 769 3143 καὶ
800 3090 1145 3158 φιλευσεϐεῖς
1176 3089 1401 3159 νόμους,
1453 3087 1619 3158 μηδέν
1655 3103 1710 3140 τι

104 3189 431 3257 ὀφείλοντος
452 3188 708 3255 κατέχειν
741 3186 837 3239 καὶ
867 3184 1287 3255 ἀποκερδαίνειν
1316 3182 1375 3249 ἐξ
1402 3181 1604 3246 αὐτῶν,
1634 3181 1711 3245 ὡς

107 3281 261 3335 κατά
311 3282 470 3348 λόγον
513 3280 689 3346 ξενίου
718 3278 890 3343 δοθὲν,
926 3279 1023 3333 ἆτε
1072 3277 1387 3348 παραλόγου
1427 3275 1711 3337 παντελῶς

107 3375 292 3445 οὔσης
351 3374 449 3441 τῆς
502 3372 759 3444 τοιαύτης
816 3372 1095 3443 πράξεως,
1158 3373 1251 3425 καὶ
1297 3371 1385 3425 διὰ
1442 3370 1603 3424 τοῦτο
1652 3370 1713 3421 τὸ

105 3470 331 3539 ἄκυρον
356 3466 683 3535 ὀφειλούσης
717 3465 863 3537 ἔχειν
898 3468 978 3527 είς
1009 3466 1158 3519 ἆπαν
1186 3465 1245 3519 τὸ
1274 3464 1427 3534 ἑξῆς.
1470 3464 1627 3517 Ἐπεὶ
1656 3463 1712 3517 δὲ

106 3564 393 3631 ἀνέφερεν
445 3562 474 3613 ὀ
526 3558 767 3621 τοιοῦτος
832 3559 1125 3629 ἱερώτατος
1165 3560 1462 3629 ἀρχιερεὺς
1523 3558 1715 3611 Ἀττα-

108 3656 277 3715 λείας
348 3652 441 3705 καὶ
508 3652 584 3714 ὡς
656 3650 898 3718 ἔφθασαν
956 3668 1100 3713 τινες
1163 3650 1334 3719 ἀδίκῳ
1388 3651 1577 3720 τρόπῳ
1620 3650 1716 3703 καὶ

112 3746 506 3816 πλεονεκτικῷ
572 3745 1015 3817 ίδιοποιήσασθαι
1085 3745 1178 3798 τὸν
1242 3746 1715 3814 ἐπισυναγόμενον

111 3843 304 3914 κηρὸν
328 3842 509 3894 καὶτὸ
539 3840 721 3894 ἔλαιον
755 3842 834 3903 εις
882 3840 973 3892 τὸν
1020 3842 1203 3893 ἐκεῖσε
1252 3839 1396 3893 θεῖον
1444 3840 1591 3893 ναὸν
1618 3839 1717 3906 τῆς

114 3933 258 3990 κατ’
309 3934 476 3987 αὐτὸν
533 3932 943 4003 μητροπόλεως,
973 3931 1052 3983 ἔτι
1093 3932 1151 3986 δὲ
1183 3932 1280 3994 καὶ
1313 3932 1415 4000 τὴν
1460 3931 1570 3983 ἀπὸ
1607 3932 1718 3984 τῶν

109 4028 503 4095 διαφερόντων
546 4025 626 4095 τῷ
672 4025 899 4091 τοιούτῳ
928 4024 1041 4095 ναῷ
1080 4023 1536 4095 ὲργαστηριακῶν
1567 4024 1720 4093 οἰκη-

118 4118 326 4188 μάτων
358 4116 455 4169 καὶ
503 4116 604 4185 τὴν
658 4118 752 4183 ἀφ’
797 4116 988 4185 ἑτέρου
1027 4115 1175 4177 τινὸς
1220 4114 1424 4181 τρόπου
1458 4114 1719 4185 πρόσοδον

115 4214 214 4273 εἰς
252 4210 344 4263 τὸν
380 4208 621 4262 τοιοῦτον
652 4207 795 4261 θεῖον
819 4208 947 4260 ναὸν
975 4208 1070 4259 καὶ
1107 4207 1362 4274 κατέχειν
1394 4206 1489 4259 καὶ
1535 4205 1720 4259 ἀναλί-

122 4322 297 4358 σκειν
339 4302 547 4366 ταύτην
584 4302 663 4362 είς
710 4300 845 4361 ἰδίας
887 4298 1069 4352 αὐτῶν
1101 4298 1313 4368 χρείας,
1347 4297 1620 4367 ἐκράτησε
1665 4297 1720 4350 δὲ

112 4402 288 4466 ὅμως
319 4395 483 4448 πάλιν
538 4394 635 4461 τὴν
662 4392 927 4461 τοιαύτην
985 4390 1251 4461 πρόσοδον
1305 4391 1333 4442 ό
1374 4391 1480 4460 πρὸ
1532 4389 1721 4443 τούτου

116 4493 432 4564 ἀρχιερεὺς
469 4490 565 4544 καὶ
599 4489 648 4541 οί
683 4487 936 4556 κληρικοὶ
988 4486 1088 4553 τῆς
1133 4483 1391 4554 τοιαύτης
1449 4484 1724 4554 μητροπό-

112 4587 294 4650 λεως,
328 4582 424 4634 καὶ
451 4579 675 4646 ἔταξαν,
708 4578 799 4631 ἵνα
827 4576 1129 4646 κατέχηται
1158 4577 1305 4639 ἰδίως
1331 4576 1422 4629 καὶ
1452 4576 1727 4644 φυλάσση-

1806 2085 1933 2137 ρων.
1957 2066 2049 2129 οὓς
2082 2067 2147 2121 ἂν
2177 2068 2380 2138 θελήσῃ
2410 2068 2503 2120 καὶ
2533 2065 2982 2137 προσκαλέσηται
3017 2064 3249 2125 ἕκαστος
3274 2064 3383 2115 τῶν

1804 2160 2148 2230 βουλομένων
2204 2159 2445 2212 ἐκτελεῖν
2496 2159 2589 2211 τὸν
2644 2156 2888 2211 τοιοῦτον
2926 2157 3223 2226 ἀγιασμδν,
3262 2156 3385 2206 ἐπεὶ

1803 2254 1898 2306 καὶ
1950 2242 2228 2321 ἐπιτίμιον
2274 2251 2571 2322 ὴπείληται
2624 2253 2739 2312 τοῖς
2783 2249 3053 2312 τοιούτοις
3081 2247 3384 2317 πρεσϐυτέ-

1807 2363 1943 2415 ροις,
1976 2346 2023 2397 εἰ
2053 2346 2219 2398 πάλιν
2251 2345 2408 2398 αὐτοὶ
2441 2344 2596 2415 μόνοι
2633 2345 2879 2413 ἐνεργεῖν
2907 2343 2978 2395 τά
3002 2342 3101 2410 τῆς
3129 2341 3387 2411 τοιαύτης

1804 2438 2127 2500 ἀκολουθίας
2174 2437 2625 2509 πειραθήσονται.
2671 2437 2796 2491 Ἐπὶ
2829 2436 3006 2508 τούτῳ
3037 2438 3146 2506 γὰρ
3198 2438 3292 2489 καὶ
3326 2434 3389 2487 τὸ

1806 2532 1982 2601 παρὸν
2040 2532 2321 2585 συνοδικδν
2371 2532 2608 2602 γράμμα
2657 2530 2759 2598 τῆς
2811 2528 2969 2601 ἡμῶν
3032 2530 3389 2601 μετριότητος

1806 2624 2156 2679 ἀπολέλυται.
2573 2627 2591 2641 ⁸

2133 2717 2174 2787 ἰ-
2211 2711 2351 2787 Εἷχε
2381 2717 2451 2769 τό
2474 2733 2488 2747 ο
2522 2715 2798 2783 Μηνὶ.....
2828 2714 2944 2770 ῑνδ.
2989 2722 3062 2771 a'.

1810 2861 1998 2919 XLIII.
2057 2860 2321 2933 Synodusr
2367 2857 3110 2933 metropolilmuLarissensi,
3164 2863 3256 2925 qui
3331 2861 3394 2933 ob

1883 2934 2076 2987 bellum
2102 2930 2254 2987 Euam
2290 2932 2531 2986 diazcesin
2563 2930 2767 2997 ingredi
2818 2947 2920 2982 non
2951 2940 3140 2997 potest.
3180 2932 3396 2993 permn-

1883 3006 1944 3075 ιξι
2024 3014 2080 3057 ut
2129 3005 2263 3072 jura
2326 3001 2647 3075 episcopalia
2691 3010 2931 3054 exerceat
2994 3002 3047 3053 in
3090 3002 3395 3073 episcopatu

1885 3074 2246 3131 Charmames.

1888 3194 1929 3266 ἰ’
1962 3193 2183 3262 Ἐπειδὴ
2226 3193 2254 3244 ὀ
2304 3190 2597 3259 ἱερώτατος
2646 3188 3051 3261 μητροπολίτης
3093 3189 3395 3257 Λαρίσσης,

1819 3288 2144 3359 ὺπέρτιμος,
2202 3286 2260 3338 ὲν
2314 3284 2454 3354 ἁγίῳ
2495 3282 2777 3353 Πνεύματι
2830 3282 3115 3351 ἀγαπητός
3169 3282 3400 3348 ἀδελφὸς

1818 3384 1919 3451 τῆς
1972 3380 2131 3451 ἡμῶν
2167 3380 2523 3450 μετριότητος
2564 3376 2661 3431 καὶ
2719 3375 3153 3445 συλλειτουργδς.
3191 3373 3402 3444 ἔγραψε

1820 3475 1917 3528 καὶ
1946 3461 2250 3543 ἀνήνεγκέν
2304 3472 2383 3532 είς
2421 3472 2521 3539 τὴν
2569 3468 2693 3535 καθ’
2723 3470 2873 3537 ἡμᾶς
2926 3468 3080 3537 ἱερὰν
3109 3470 3202 3521 καὶ
3253 3468 3405 3520 θείαν

1824 3568 2066 3629 σύνοδον,
2099 3565 2176 3627 ὡς
2209 3565 2272 3617 ὲκ
2304 3564 2399 3631 τῆς
2439 3560 2828 3630 ἐπισυμϐάσης
2859 3561 2938 3622 είς
2972 3558 3065 3611 τὸν
3102 3560 3281 3611 ἐκεῖσε
3313 3558 3403 3610 τό-

1823 3676 1925 3711 πον
1967 3655 2287 3727 συγχύσεως
2320 3655 2417 3707 καὶ
2458 3651 2778 3721 ἀνωμαλίας
2816 3650 2923 3703 ἀπὸ
2952 3650 3052 3719 τῆς
3087 3648 3268 3717 μάχης
3308 3648 3407 3715 ἐμ-

1824 3752 2122 3815 ποδίζεται,
2162 3749 2255 3802 καὶ
2288 3746 2440 3800 οὐδὲν
2471 3746 2585 3815 ἔχει
2626 3745 2710 3797 ἐπ’
2745 3743 2928 3806 ἀδείας
2968 3740 3298 3795 καταλαϐεῖν
3327 3740 3410 3802 είς

1822 3844 1921 3915 τὴν
1952 3841 2231 3912 λαχοῦσαν
2265 3841 2427 3893 αὐτὸν
2472 3838 2788 3908 ἁγιωτάτην
2830 3835 3164 3906 μητρόπολιν
3202 3833 3409 3902 Λαρίσ-

1828 3954 1929 4005 σης
1977 3937 2072 3989 καὶ⁹
2136 3932 2493 4003 εὑρίσκεσθαι
2542 3932 2637 3985 καὶ
2687 3931 2895 3998 διάγειν
2938 3930 2995 3981 ὲν
3040 3928 3176 3997 αὐτῇ
3210 3925 3306 3980 καὶ
3345 3929 3412 3978 τὰ

1827 4026 2093 4093 ἐφειμένα
2144 4024 2319 4093 τούτῳ
2348 4022 2753 4093 ἀρχιερατικῶς
2804 4019 3273 4091 διαπράττεσθαι,
3306 4020 3412 4070 ἀπ-

1826 4104 1959 4189 ῆλθε
2025 4116 2083 4171 δὲ
2118 4116 2207 4170 διὰ
2233 4114 2396 4169 τοῦτο
2425 4117 2521 4169 καὶ
2551 4115 2870 4182 εὑρίσκεται
2892 4115 2970 4176 είς
3000 4113 3100 4183 τὴν
3132 4111 3223 4163 ὑπ’
3246 4110 3416 4164 αὐτὸν

1830 4210 2143 4282 ἀγιωτάτην
2180 4208 2492 4277 ἐπισκοπὴν
2554 4206 2905 4277 Χαρμαίνης,
2939 4207 2996 4258 ὲν
3027 4206 3286 4275 στερήσει
3327 4204 3414 4257 εύ-

1833 4304 2165 4377 ρισκομένην
2198 4302 2503 4373 ἀρχιερέως
2554 4300 2803 4371 γνησίου,
2846 4297 2942 4352 καὶ
2988 4296 3273 4366 ἐζήτησεν,
3327 4296 3416 4348 ἴνα

1831 4400 2109 4468 ἐπιτραπῇ
2140 4395 2462 4459 συνοδικῶς,
2493 4393 2635 4447 ὥστε
2689 4394 2827 4462 πρὸς
2862 4394 3079 4461 καιρδν,
3123 4391 3321 4461 μέχρις
3350 4388 3419 4443 ἀν

1832 4495 2076 4567 δηλονότι
2107 4493 2175 4547 τά
2214 4492 2312 4560 τῆς
2350 4490 2532 4560 μάχης
2564 4487 2816 4557 διαλυθῇ,
2848 4488 2945 4539 καὶ
2978 4485 3229 4555 εἰρηνικὴ
3258 4482 3419 4537 πάλιν

1833 4588 2171 4648 κατάστασις
2230 4585 2313 4647 είς
2362 4582 2669 4639 τὸν,ἐκεῖσε
2723 4580 2948 4649 γένηται
3003 4578 3193 4641 τόπον,
3246 4577 3302 4628 ὲν
3354 4578 3417 4643 τῇ

112 4695 246 4743 ται,
298 4676 395 4728 καὶ
440 4674 503 4726 τὸ
561 4672 659 4742 μὲν
710 4671 1075 4741 ἀναλίσκηται
1137 4671 1218 4732 εἰς
1248 4669 1583 4738 λυχνοκαῖαν
1630 4667 1725 4721 τοῦ
1762 4692 1812 4752 D
1841 4680 2071 4751 τοιαύτη
2100 4678 2198 4747 τῆς
2224 4674 2554 4745 Χαρμαίνης
2581 4674 2859 4742 ἐπισκοπῇ
2886 4670 3100 4737 διάγειν
3136 4670 3323 4725 καὶτὰ
3354 4672 3420 4739 τῇ

113 4769 387 4824 τοιούτου
410 4764 558 4819 θείου
591 4764 745 4831 ναοῦ,
773 4762 836 4816 τὸ
860 4765 917 4816 δὲ
946 4763 1244 4816 ὑπόλοιπον
1270 4764 1350 4825 είς
1376 4762 1734 4830 περιποίησιν

114 4864 308 4920 αὐτοῦ
350 4863 450 4915 καὶ
479 4862 747 4914 σύστασιν
804 4863 897 4914 καὶ
935 4860 1245 4930 βελτίωσιν,
1295 4857 1736 4929 παρακελεύεται

114 4967 161 5031 ἡ
206 4960 510 5030 μετριότης
565 4956 725 5027 ἡμῶν
790 4956 929 5025 μετὰ
962 4956 1065 5022 τῆς
1095 4956 1223 5022 περὶ
1259 4938 1429 5022 αὐτην
1462 4953 1615 5022 ἱεράς
1640 4943 1737 5004 καὶ

117 5056 292 5115 θείας
326 5053 569 5118 συνόδου,
605 5053 695 5105 ῖνα
727 5054 818 5105 καὶ
840 5054 919 5115 εἰς
952 5051 1009 5104 τὸ
1045 5048 1170 5116 ἑξῆς
1206 5048 1609 5116 ἑπισυνάγηται
1647 5044 1741 5097 καὶ

116 5147 496 5219 φυλάσσηται
564 5146 595 5215 ἡ
649 5145 878 5211 τοιαύτη
929 5141 1196 5214 πρόσοδος
1231 5140 1383 5208 παρά
1432 5138 1741 5208 ἀνθρώπων

116 5242 443 5314 χρησίμων
484 5240 789 5309 κληρικῶν,
829 5237 921 5302 οὓς
978 5237 1046 5291 ἂν
1099 5235 1354 5307 διακρίνῃ
1400 5234 1495 5286 καὶ
1538 5231 1677 5303 τάξῃ
1713 5232 1741 5283 ό

117 5336 287 5390 κατὰ
328 5334 558 5402 καιροὺς
590 5331 905 5402 ἀρχιερεὺς,
949 5329 1024 5391 ὡς
1054 5329 1153 5400 τῆς
1184 5328 1439 5399 φυλακῆς
1489 5329 1583 5379 καὶ
1610 5344 1741 5378 συν-

116 5428 441 5496 τηρήσεως
465 5425 566 5492 τῆς
593 5421 851 5487 τοιαύτης
882 5421 1150 5491 προσόδου
1172 5420 1274 5491 τὴν
1308 5420 1565 5490 φροντίδα
1596 5420 1743 5489 ἔχειν

114 5520 462 5587 ὀφείλοντος
508 5515 607 5567 τοῦ
661 5513 909 5567 τοιούτου
953 5513 1258 5583 ἀρχιερέως
1293 5513 1432 5581 μετά
1467 5512 1559 5563 καὶ
1598 5511 1745 5582 εἰδή-

118 5629 285 5675 σεως
316 5609 429 5665 τῶν
458 5608 766 5681 κληρικῶν,
809 5609 903 5661 καὶ
934 5607 1125 5677 μηδεὶς
1160 5605 1270 5660 τῶν
1315 5604 1581 5658 τοιούτων
1613 5603 1669 5656 κ)
1684 5622 1749 5669 ην

120 5708 328 5781 ρικῶν
359 5706 394 5775 ἢ
431 5720 516 5767 τις
546 5704 736 5770 ἕτερος
778 5702 864 5755 ἐπ’
896 5701 1079 5763 ἀδείας
1110 5700 1211 5771 ἔχῃ
1246 5698 1622 5751 ίδιοποιεῖσθαι
1654 5697 1747 5748 καλ⁹

112 5800 485 5855 ἀναλίσκειν
511 5795 687 5866 αὐτὴν
719 5797 800 5857 είς
825 5793 962 5855 ίδίας
988 5790 1155 5846 αὐτοῦ
1183 5790 1392 5861 χρείας,
1432 5788 1749 5843 ἀλλ’ἀναλί-

117 5908 356 5959 σκηται
394 5892 473 5951 εις
502 5888 829 5957 λυχνοκαῖαν
858 5888 953 5939 καὶ
987 5885 1347 5957 περιποίησιν
1382 5883 1477 5937 τοῦ
1504 5882 1748 5936 τοιούτου

116 5984 302 6039 θείου
336 5981 495 6038 ναοῦ.
533 5981 836 6049 ὀσαύτω;,
875 5978 1064 6050 ἐπειδὴ
1107 5976 1405 6049 ἐγνώρισεν
1459 5978 1489 6047 ή
1528 5977 1749 6047 μετριό-

1838 4769 2226 4844 ἀρχιερωσύνῃ
2248 4766 2415 4822 αὐτοῦ
2446 4768 2718 4837 ἀνήκοντα
2748 4761 3201 4832 διαπράττεσθαι,
3226 4761 3425 4829 διέγνω

1840 4868 1874 4935 ἠ
1909 4864 2206 4933 μετριότης
2241 4862 2403 4931 ἡμῶν
2433 4859 2651 4926 σύναμα
2686 4858 2797 4918 τοῖς
2830 4856 2961 4923 περὶ
2997 4854 3167 4924 αὐτὴν
3196 4854 3427 4923 ἱερωτά-

1840 4975 1955 5019 τοις
1997 4951 2343 5024 ἀρχιερεῦσι,
2392 4949 2467 5019 τῷ
2508 4945 2863 5017 Ἡρακλείας,
2904 4944 2983 5014 τῷ
3032 4943 3307 5014 Σάρδεων,
3346 4942 3425 5011 τῷ

1842 5047 2105 5110 Νικαίας,
2145 5044 2221 5113 τῷ
2244 5042 2611 5111 Χαλκηδόνος,
2644 5038 2722 5109 τῷ
2757 5036 3170 5105 Φιλαδελφείας,
3211 5033 3287 5105 τῷ
3313 5035 3427 5089 Με-

1842 5142 2087 5212 λιτηνῆς,
2130 5138 2207 5209 τῷ
2268 5133 2758 5206 [Ιοντοηρακλείας,
2790 5134 2868 5202 τῷ
2930 5132 3150 5202 Πηγῶν,
3180 5128 3257 5199 τῷ
3288 5130 3430 5199 Δυρ-

1848 5236 2062 5305 ραχίου,
2095 5230 2171 5301 τῷ
2207 5230 2426 5300 Ἀπρω,
2467 5228 2544 5297 τῷ
2584 5228 2846 5299 Μεσήνης
2882 5227 2977 5279 καὶ
3008 5224 3085 5294 τῷ
3135 5222 3430 5292 ύποψηφίῳ

1845 5326 2173 5388 Μελενίκου,
2217 5324 2339 5377 δέον
2389 5320 2527 5376 εἶναι
2571 5321 2655 5375 διὰ
2698 5320 2797 5391 τὴν
2837 5319 3087 5387 ἀνάγκην
3114 5316 3223 5369 τῶν
3249 5316 3428 5368 ἐκεῖσε

1848 5417 2197 5488 πραγμάτων
2226 5418 2319 5468 καὶ
2345 5415 2469 5477 τοὺς
2502 5412 2867 5483 βουλομένους
2893 5408 3146 5478 ἱερᾶσθαι
3171 5405 3261 5459 καὶ
3287 5404 3431 5458 κατὰ

1845 5510 1945 5582 τὴν
1981 5510 2137 5575 τάξιν
2184 5506 2530 5577 προάγεσθαι
2587 5505 2686 5574 τὴν
2745 5498 3232 5572 ὲκκλησιαστικὴν,
3282 5496 3435 5566 εὑρί-

1853 5602 2081 5657 σκεσθαι
2115 5602 2206 5654 τὸν
2247 5601 2559 5665 δηλωθέντα
2598 5598 2891 5668 ἱερώτατον
2923 5593 3185 5665 ἀρχιερέα
3223 5588 3435 5661 Λαρίσ-

1852 5715 1949 5767 σης
1984 5698 2042 5748 ὲν
2084 5696 2149 5765 τῇ
2184 5693 2460 5765 εἰρημένῃ
2490 5692 2765 5760 ἐπισκοπῇ
2818 5688 2915 5758 τῆς
2946 5684 3298 5755 Χαρμαίνης,
3326 5679 3436 5743 ἕως

1853 5791 1918 5844 ἂν
1942 5782 2199 5860 εἰρηνικὴ
2228 5787 2388 5840 πάλιν
2418 5786 2750 5842 κατάστασις
2779 5780 3005 5850 γένηται
3032 5780 3111 5837 είς
3134 5778 3227 5831 τὸν
3255 5772 3434 5829 ’τοιού⁴

1854 5900 1945 5935 τον
1975 5882 2162 5944 τόπον,
2208 5880 2303 5933 καὶ
2345 5878 2652 5947 ἱερουργεῖν
2688 5876 2746 5926 ὲν
2779 5874 2915 5943 αὐτῇ
2951 5872 3047 5925 κα)⁸
3097 5866 3434 5940 χειροτονίας

1855 5974 2117 6030 διακόνων
2164 5972 2257 6026 καὶ
2287 5970 2674 6040 πρεσϐυτέρων
2714 5968 2805 6020 καὶ
2855 5964 3048 6028 τᾶλλα,
3093 5963 3193 6015 ὅσα
3219 5959 3435 6026 ἐφεῖται
