3940 6566
157 320 295 388 1153

1211 315 1617 378 SYNODICA’.
1653 314 2339 404 CONSTITUTIONES.

3288 309 3423 375 11:4

152 440 249 509 τῆς
281 434 450 505 μονῆς
480 430 831 502 δικαιώματα
862 427 959 483 καὶ
993 429 1136 482 κατὰ
1164 427 1264 498 τὴν
1299 427 1481 481 αὐτῶν
1512 426 1736 498 περίλη-
1762 432 1814 490 Α
1838 444 1946 480 των
1972 429 2066 482 καί
2083 428 2309 482 δικαίων
2333 427 2469 493 ἐστὶ,
2496 426 2623 491 τοὺς
2647 425 2835 490 ἐντοῖς
2858 425 3193 497 πράγμασιν
3214 426 3425 482 εὐδοκι-

150 532 242 601 ψιν
272 525 565 598 βασιλικὴν
598 525 691 576 καὶ
741 519 1149 591 πατριαρχικὴν
1190 519 1294 572 κάν
1342 517 1422 586 τῷ
1466 517 1594 585 ἑξῆς
1637 516 1733 568 καὶ

149 622 393 692 διηνεκεῖ
421 620 603 690 χρόνῳ
636 617 729 670 καὶ
772 611 912 668 εἶναι
952 618 1046 668 καί⁸
1078 612 1449 683 ὀνομάζεσθαι
1486 612 1586 683 τὴν
1624 627 1734 664 τοι·

152 715 327 783 αὐτην
354 713 463 765 τῶν
497 706 907 779 Μαρμαριάνων
950 706 1135 777 μονὴν,
1168 704 1397 776 ἀπέχειν
1424 704 1481 758 δὲ
1527 701 1734 773 ταύτης

150 805 245 857 τόν
275 820 335 855 τε
369 800 465 855 νῦν
514 799 919 871 μητροπολίτην
953 799 1237 867 Λαρίσσης
1288 798 1385 849 καὶ
1434 794 1562 859 τοὺς
1617 792 1736 863 μετ’

153 896 319 951 αὐτὸν
363 898 464 965 τὴν
501 892 802 963 ἐκκλησίαν
834 890 1042 962 ταύτην
1085 889 1512 959 ἀναδεξομένους
1548 889 1767 958 ἁρχιε-“

153 991 293 1059 ρεῖς,
328 988 411 1040 ἔτι
440 986 498 1040 δὲ
527 984 734 1039 καὶτὸν
759 982 1244 1055 πλησιοχωροῦντα
1282 981 1383 1051 τῆς
1408 981 1738 1051 Χαρμαίνης

152 1084 483 1144 ἐπίσκοπον,
505 1078 601 1134 ἅτε
634 1077 948 1149 μηδαμόθεν
978 1077 1103 1147 μηδ’
1133 1076 1297 1130 αὐτὸν
1319 1077 1412 1129 ἐπί
1439 1092 1585 1145 τισιν
1600 1075 1739 1139 ὅλως

149 1175 260 1227 τῶν
287 1174 392 1243 τῆς
439 1173 607 1244 μονῆς
647 1170 1055 1241 δικαιούμενον,
1086 1168 1397 1239 ὑφορᾶσθαι
1422 1167 1741 1237 ὁφείλοντας

151 1267 250 1337 τὴν
309 1265 704 1335 ὲπηρτημένην
744 1263 1044 1332 κανονικὴν
1101 1261 1405 1328 καταδίκην
1469 1261 1582 1321 τοῖς
1642 1260 1740 1313 οὐκ

154 1360 461 1431 ἐμμένουσι
502 1361 613 1422 τοῖς
646 1358 817 1427 ὁρίοις
845 1355 1027 1410 αὐτῶν
1051 1356 1148 1409 καὶ
1172 1354 1282 1408 τῶν
1309 1353 1609 1423 ἀλλοτρίων
1638 1369 1737 1405 κα-

153 1450 615 1520 τεπεμὸαίνουσι.
646 1450 738 1502 Διὸ
788 1448 885 1501 καὶ
936 1448 1090 1501 ἔσται
1147 1447 1388 1517 μένουσα
1438 1448 1473 1516 ἡ
1514 1444 1740 1514 τοιαύτη

162 1543 319 1612 μονὴ,
352 1542 438 1611 ἐφ’
459 1539 526 1615 ἧς
554 1542 811 1595 τέτακται
834 1540 893 1593 τὸ
919 1530 1170 1609 ἀπαρχῆς
1192 1537 1398 1603 τάξεώς
1417 1555 1477 1591 τε
1498 1543 1593 1594 καὶ
1618 1537 1744 1589 ἰδιό-

159 1654 344 1707 τητος,
366 1638 465 1690 καὶ
486 1636 591 1689 ὑπὸ
604 1637 704 1706 τὴν
722 1635 845 1689 καθ’
874 1635 1022 1705 ἡμᾶς
1042 1633 1352 1703 ἀγιωτάτην
1369 1632 1463 1687 τοῦ
1480 1628 1617 1684 Θεοῦ
1632 1630 1745 1684 Με-

160 1731 332 1799 γάλην
364 1729 693 1798 Ἐκκλησίαν
717 1728 959 1798 δηλόνοτι
989 1726 1475 1797 συναριθμουμένη
1503 1724 1600 1778 καὶ
1615 1740 1747 1777 τατ-

160 1826 364 1893 τομένη
400 1825 615 1893 μοναῖς,
647 1824 859 1875 ἔσονται
889 1822 946 1875 δὲ
961 1820 1164 1890 ὁμοίως
1196 1821 1336 1891 αὐτῇ
1370 1822 1465 1873 καὶ
1502 1819 1552 1871 οί
1587 1819 1738 1890 παρά

162 1916 253 1970 τοῦ
277 1919 483 1983 μέρους
512 1917 717 1985 ταύτης
748 1914 1138 1987 ἀνεγερθέντες
1165 1912 1295 1966 θεῖοι
1319 1912 1460 1977 ναοὶ,
1497 1911 1594 1966 καὶ
1622 1912 1740 1965 ὅσοι

162 2009 238 2070 είς
253 2008 313 2059 τὸ
335 2007 467 2077 ἑξῆς
487 2006 950 2077 ἀνεγερθήσονται
968 2008 1112 2060 κατά
1134 2008 1225 2060 τὸν
1244 2007 1423 2058 ὲκεῖσε
1454 2005 1622 2058 τόπον
1644 2005 1740 2058 καὶ

162 2099 227 2151 τὰ
268 2099 402 2168 ὅρια
448 2098 558 2152 τῶν
599 2104 864 2169 μετοχίων
895 2099 994 2169 τῆς
1029 2099 1199 2169 μονῆς
1238 2100 1333 2151 καὶ
1365 2097 1570 2151 λοιπῶν
1605 2113 1739 2168 κτη-

165 2194 369 2260 μάτων,
406 2186 559 2259 ποιρά
591 2192 820 2262 μηδενὸς
850 2191 1082 2246 καὶτῶν
1128 2193 1186 2244 ὲν
1217 2193 1402 2253 αὐτοῖς
1437 2188 1741 2260 ἱερατεύειν

165 2282 471 2351 μελλόντων
500 2284 599 2352 τὴν
630 2284 920 2354 ἀνάκρισιν
952 2283 1097 2353 ἔχειν
1131 2283 1457 2351 ὀφειλόντων
1491 2282 1589 2334 καὶ
1621 2280 1741 2345 ἑξέ-

161 2389 340 2439 τασιν,
378 2373 559 2443 ἀλλ’ἢ
599 2375 762 2444 μόνον
802 2375 959 2445 παρά
987 2375 1096 2429 τῶν
1126 2376 1230 2428 ὑπὸ
1271 2375 1370 2444 τῆς
1409 2390 1742 2445 πατριαρχι-

162 2466 260 2534 κῆς
295 2466 719 2535 μεγαλειότητος
774 2467 856 2531 είς
900 2468 1000 2537 τὴν
1034 2467 1143 2520 τῶν
1196 2467 1380 2519 ἐκεῖσε
1432 2467 1743 2538 ἑξαρχικῶν

162 2557 428 2627 διοίκησιν
457 2558 946 2628 ἀποστελλομένων
976 2561 1121 2612 κατά
1149 2560 1209 2613 τὸ
1237 2560 1444 2631 προσὸν
1472 2559 1743 2613 ἀνέκαθεν

160 2654 225 2722 τῇ
259 2652 397 2722 ἁγίᾳ
422 2651 517 2705 τοῦ
548 2652 682 2704 Θεοῦ
725 2652 1026 2725 Ἐκκλησία
1057 2653 1376 2724 προνόμιον.
1408 2655 1520 2707 Καὶ
1566 2652 1743 2717 οὐδεὶς

160 2745 417 2798 οὐδέποτε
450 2746 780 2816 πειραθῆναι
835 2746 1041 2817 ὀφείλει
1080 2748 1180 2800 οὐκ
1207 2747 1525 2816 ἀρχιερεὺς,
1560 2747 1620 2799 οὑ
1654 2763 1747 2799 κο-

163 2840 369 2910 σμικὴν
407 2838 568 2904 ἀξίαν
617 2840 1073 2910 ἐπανῃρημένος,
1112 2840 1210 2908 οὐχ
1260 2840 1449 2910 ἕτερός
1488 2857 1572 2903 τις
1632 2839 1744 2896 τῶν

162 2933 422 2986 ἁπάντων
470 2934 549 2995 είς
589 2933 903 3001 ἀνατροπὴν
935 2933 1029 2984 καὶ
1062 2932 1321 3001 ἀθέτησιν
1349 2933 1600 3002 χωρῆσαι
1632 2933 1745 2984 τῶν

162 3028 227 3095 τῇ
261 3028 401 3096 μονῇ
430 3028 742 3094 προσόντων
776 3024 1038 3077 τοιούτων
1064 3008 1459 3093 δικαιωμάτων
1490 3024 1586 3076 καὶ
1612 3038 1744 3093 προ-

1842 520 2079 587 μοῦντας
2112 523 2222 575 τῶν
2271 520 2572 592 βασιλικῶν
2620 520 2719 573 οὐκ
2758 520 3016 591 ἀμοιρεῖν
3051 516 3311 591 χαρίτων,
3349 516 3425 576 ὧν

1838 614 1960 667 κατ’
2012 615 2217 684 ἀρετὴν
2278 613 2661 684 πνευματικὴν
2712 613 2745 684 ἡ
2808 612 3207 683 εὐδοκίμησις,
3268 614 3423 680 ἀξίας

1839 707 2291 779 ἀντιμετρεῖσθαι
2337 709 2436 772 τὰς
2493 708 2644 778 παρὰ
2691 706 2961 778 βασιλέως
3009 706 3177 777 τιμάς
3212 725 3272 761 τε
3330 710 3427 763 καὶ

1839 802 2070 873 χάριτας
2095 802 2302 868 αὐτοῖς,
2326 800 2484 854 τοῦτο
2504 802 2559 855 δὲ
2601 801 2696 854 καὶ
2724 801 2832 854 τῶν
2868 802 3074 872 σφόδρα
3106 802 3428 869 ἀναγκαίων

1840 891 1926 962 εἴη
1962 892 2048 959 ἂν,
2082 893 2272 961 ἐπειδὴ
2305 892 2442 961 πρὸς
2473 892 2650 964 ψυχὴν
2681 891 2949 946 διαϐαίνει
2996 895 3057 946 τὸ
3088 895 3187 962 τῆς
3220 894 3428 946 εὐδοκι-

1844 985 2063 1054 μήσεως
2088 983 2322 1037 ἐνταῦθα
2353 983 2664 1045 κάλλιστον.
2699 989 2794 1037 καὶ
2817 986 2905 1039 διὰ
2931 986 3090 1039 τοῦτο
3121 986 3304 1052 πλεῖον
3332 986 3429 1039 καὶ

1840 1076 1903 1129 τὸ
1931 1077 2030 1147 τῆς
2078 1076 2249 1146 τιμῆς
2294 1076 2561 1147 ὑπερέχον
2588 1078 2865 1146 ὀφείλεται
2912 1080 3025 1141 τοῖς
3075 1078 3195 1131 κατ’
3224 1079 3429 1147 ἀρετὴν

1844 1170 2226 1240 πνευματικὴν
2255 1170 2641 1239 εὐδοκιμοῦσιν
2661 1170 2698 1242 ἦ
2728 1174 2840 1233 τοῖς
2865 1172 2987 1225 καθ’
3011 1174 3193 1225 ὅντινα
3211 1172 3277 1242 δὴ
3303 1173 3427 1240 τρόο

1844 1279 1946 1315 πον
1970 1278 1985 1293 ·
2037 1262 2131 1315 καὶ
2165 1261 2345 1317 τοίνυν
2370 1263 2466 1316 καὶ
2504 1262 2642 1317 ἀλλα
2691 1263 2863 1317 πολλά
2896 1264 2996 1333 μὲν
3039 1265 3424 1333 τυγχάνουσιν,

1845 1354 1990 1425 ἅπερ
2019 1357 2180 1425 ἡμεῖς
2229 1356 2320 1409 διὰ
2347 1356 2446 1420 τῆς
2513 1358 2577 1409 ἐκ
2628 1355 2761 1410 Θεοῦ
2808 1356 3055 1425 δοθείσης
3096 1358 3229 1427 ἡμῖν
3272 1355 3431 1426 βασι-

1845 1446 1993 1509 λείας
2022 1447 2351 1517 ,κεκτήμεθα
2380 1446 2451 1500 τά
2482 1448 2759 1518 προνόμια
2785 1449 2882 1501 καὶ
2913 1447 3263 1515 δικαιώματα
3293 1450 3431 1518 πρὸς

1848 1535 1945 1607 τὴν
1976 1535 2071 1588 τοῦ
2097 1536 2233 1590 Θεοῦ
2266 1538 2427 1606 ἁγίαν
2455 1536 2811 1609 Ἐκκλησίαν,
2847 1534 2923 1594 ὧν
2954 1540 3219 1594 ἁπάντων
3265 1539 3431 1592 ἕνεκα

1846 1626 2052 1698 ὁπόσην
2083 1628 2382 1697 ποιούμεθα
2413 1630 2511 1701 τὴν
2536 1632 2793 1700 φροντίδα
2824 1634 2920 1686 καὶ
2945 1633 3047 1703 τὴν
3081 1632 3341 1704 σπουδὴν,
3370 1632 3435 1685 τὸ

1850 1721 2127 1790 προσῆκον
2156 1723 2411 1786 ἑκάστοις
2441 1725 2750 1780 ἐπιτιθέναι
2781 1726 2955 1792 τέλος,
2992 1728 3090 1781 καὶ
3117 1729 3305 1781 ὁποῖον
3341 1727 3432 1780 τὸν

1849 1812 2015 1885 ζῆλον
2042 1814 2320 1884 τρέφομεν
2349 1819 2414 1887 τῇ
2444 1817 2539 1870 τοῦ
2568 1818 2704 1871 Θεοῦ
2741 1819 2929 1889 χάριτι
2958 1819 3102 1889 ὑπὲρ
3127 1819 3333 1889 ταύτης
3368 1818 3434 1887 δὴ

1846 1908 1946 1977 τῆς
1988 1907 2339 1979 Ἐκκλησίας,
2373 1911 2449 1974 ὡς
2485 1912 2553 1964 ἂν
2584 1912 2939 1977 διασώζοιντο
2964 1916 3057 1965 καὶ
3080 1913 3429 1983 διατηροῖντο

1847 1998 2021 2073 ταύτῃ
2034 2000 2217 2064 καλῶς
2232 2019 2289 2054 τε
2303 2004 2394 2058 καὶ
2407 2002 2482 2067 ὡς
2498 2003 2617 2075 Θεῷ
2630 2004 2780 2074 φίλον
2792 2048 2808 2071 ,
2819 2006 2919 2057 ὅσα
2932 2006 3011 2067 είς
3030 2004 3313 2069 σύστασιν,
3331 2005 3434 2058 ὅσα
3540 2046 3553 2057 κ

1849 2091 1932 2154 είς
1955 2092 2220 2163 καλλονήν
2247 2111 2304 2147 τε
2334 2096 2428 2149 καὶ
2446 2096 2751 2167 εὐκοσμίαν
2786 2098 2883 2149 καὶ
2903 2098 3002 2150 ὅσα
3032 2098 3114 2159 είς
3143 2094 3203 2149 τὸ
3220 2097 3316 2164 τῆς
3344 2096 3436 2146 εὑ-

1851 2184 2067 2249 σεΕείας
2081 2188 2264 2259 ἀφορᾷ
2284 2190 2506 2257 κράτος,
2531 2192 2752 2258 ἀγνοεῖν
2775 2185 2932 2259 οἶμαι
2955 2190 3060 2243 τῶν
3073 2190 3331 2245 ἁπάντων
3345 2190 3435 2242 οὐ-

1849 2276 2104 2333 6.4%va
2118 2280 2346 2350 δ’ὅμως,
2372 2282 2447 2345 ὡς
2467 2284 2706 2353 εἴρηται,
2726 2284 2819 2335 καὶ
2855 2284 3038 2348 τοῦτο,
3058 2279 3131 2336 ὧν
3168 2288 3431 2352 κέκτηται

1848 2369 1883 2438 ὴ
1909 2368 2159 2438 βασιλεία
2182 2372 2339 2441 ἡμῶν
2360 2375 2419 2426 ὲν
2442 2377 2554 2437 τοῖς
2586 2375 3063 2446 ὲκκλησιαστικοῖς
3094 2366 3429 2445 προνομίων.

1848 2463 1912 2515 τὸ
1940 2461 2033 2525 οὓς
2068 2463 2135 2516 ἂν
2171 2464 2428 2534 βούληται
2466 2467 2575 2520 τῶν
2610 2468 2919 2537 ίερωτάτων
2949 2469 3275 2539 ἀρχιερέων,
3310 2468 3433 2537 μεί-

1851 2553 1999 2618 ζοσιν
2028 2555 2206 2621 ἀξίαις
2235 2559 2403 2628 τιμᾷν
2432 2559 2527 2611 καὶ
2564 2559 2672 2612 ἀπὸ
2702 2560 3109 2642 ταπειγοτέρων
3138 2560 3278 2628 πρὸς
3296 2558 3438 2629 ὑψη-

1850 2646 2105 2717 λοτέρους
2140 2651 2500 2721 προὸιὸάζειν
2558 2651 2785 2723 θρόνους
2817 2652 2905 2705 ὃιά
2958 2652 3019 2704 τὸ
3078 2651 3181 2721 τῆς
3234 2653 3437 2721 ἀρετῆς

1852 2741 2133 2812 αίδέσιμον
2166 2745 2259 2817 καὶ
2320 2745 2646 2813 σεϐάσμιον.
2692 2744 2912 2814 Ἐπειδὴ
2963 2744 3144 2797 τοίνυν
3191 2744 3287 2796 καὶ
3343 2744 3437 2795 τὸν

1854 2834 2148 2903 ἱερώτατον
2185 2839 2594 2909 μητροπολίτην
2630 2839 2828 2909 Ἀπρω
2880 2839 2974 2892 καὶ
3012 2839 3317 2907 ὑπὲρτιμον
3346 2832 3439 2891 εὖ·

1857 2932 2007 2997 ρενὴ
2046 2929 2299 2997 βασιλεία
2336 2947 2438 2998 μου
2497 2931 2667 2999 ἄνδρα
2722 2931 2865 3001 λόγῳ
2899 2934 2993 2983 καὶ
3045 2932 3214 2999 ἀρετῇ
3276 2946 3437 2982 κεκο-

1856 3024 2157 3091 σμημένον,
2181 3024 2364 3093 πλήρη
2393 3041 2450 3075 τε
2486 3025 2735 3087 παιδείας
2775 3027 2869 3077 καὶ
2904 3027 3281 3096 πνευματικῆς
3316 3042 3440 3080 συν·-

164 3120 396 3187 νομίων,
429 3118 505 3180 ὡς
532 3121 598 3188 τῇ
622 3118 732 3170 τῶν
757 3117 1112 3187 Λαρισσαίων
1154 3116 1490 3186 μητροπόλει
1527 3115 1744 3167 ὑποθεῖ-
1774 3141 1819 3200 c
1854 3113 2041 3179 ἐσιως,
2069 3114 2368 3167 κάντεῦθεν
2409 3115 2687 3185 ὠφέλιμον
2744 3119 2872 3171 ὄντα
2904 3121 3013 3179 τοῖς
3047 3122 3441 3188 ἐντυγχάνουσι

165 3228 253 3266 ναι
273 3211 447 3281 αὐτὴν
489 3210 522 3279 ἢ
572 3211 734 3279 ἑτέρᾳ
774 3210 1060 3279 δεσποτεία
1096 3210 1424 3276 ὑπαγαγεῖν,
1472 3209 1633 3276 πλὴν,
1672 3209 1745 3268 ὡς

164 3305 386 3373 ειρηται
420 3303 706 3364 πολλάκις,
732 3302 830 3370 τῆς
870 3301 1278 3370 πατριαρχικῆς
1303 3315 1315 3328 '
1360 3298 1501 3351 κατά
1548 3298 1746 3360 παντὸς

165 3396 275 3463 γάρ
306 3392 403 3445 τοῦ
425 3392 833 3462 διαπράξασθαι
862 3392 1019 3445 τοῦτο
1050 3392 1409 3460 πειραθέντος
1441 3393 1539 3459 τὴν
1578 3392 1750 3461 αὐτὴν

165 3489 489 3556 ἐπιτίμησιν
522 3486 616 3539 τοῦ
658 3485 966 3557 ἁφορισμοῦ
997 3487 1055 3539 ὲν
1089 3486 1229 3555 ἁγίῳ
1277 3487 1583 3555 Πνεύματι,
1627 3486 1747 3557 ἥτις

165 3582 223 3632 ἓν
246 3582 363 3641 τοῖς
396 3580 666 3648 πρότερον
693 3579 1045 3632 ἀπολυθεῖσιν
1072 3579 1466 3658 ὑπομνήμασιν
1493 3580 1633 3649 ὑπὲρ
1652 3578 1749 3646 τῆς

169 3675 337 3742 μονῆς
370 3673 717 3744 ἐπιφέρεται,
754 3675 851 3726 καὶ
875 3676 908 3744 ἡ
939 3672 1235 3743 μετριότης
1266 3673 1426 3743 ἡμῶν
1456 3672 1751 3725 ἐπανατεί-

165 3781 317 3818 νεται
348 3765 440 3819 διὰ.
467 3766 558 3818 τοῦ
603 3767 868 3836 παρόντος
906 3767 1077 3836 αὐτῆς
1113 3764 1623 3835 ὑπομνηματώδους
1655 3781 1751 3834 ση-

174 3865 513 3929 μειωματος,
544 3862 829 3930 γεγονότος
863 3862 1003 3914 κατά
1030 3859 1174 3929 μῆνα
1213 3858 1556 3929 Ὀκτώὸριον
1587 3859 1677 3923 τῦς
1704 3858 1749 3928 β’

167 3956 554 4024 ἐπινεμήσεως
582 3953 677 4007 τοῦ
706 3951 900 4034 ,ςωκς
935 3954 1108 4015 ἔτους.

480 4044 1439 4117 -ι-Είχσ.............

168 4208 402 4264 XLVIII.
474 4209 801 4261 Andronicus
860 4205 919 4260 II
999 4206 1328 4275 Palwologus
1401 4205 1749 4273 meIrOpolitw

378 4280 417 4331 Α
430 4294 647 4347 proram
691 4279 887 4348 confert
909 4278 1080 4331 locum
1136 4276 1527 4330 Euchwlorum.

236 4418 276 4489 -ί-
304 4417 431 4470 Τῶν
480 4418 871 4487 προσηκόντων
927 4418 961 4486 η
996 4414 1247 4484 βασιλεία
1280 4432 1385 4486 μου
1420 4415 1594 4486 κρίνει
1622 4417 1747 4478 τοὺς

167 4512 289 4564 καθ’
321 4509 507 4564 ὁτιοῦν
528 4508 956 4578 εὐδοκιμοῦντας
983 4507 1287 4577 βασιλικῶν
1319 4507 1620 4561 ἀπολαύειν
1648 4525 1748 4577 χα-

169 4607 333 4676 ρίτων
378 4604 815 4673 καὶ’ἀμοι6ὦν⁶
862 4603 989 4655 ἐπεὶ
1056 4601 1169 4670 γὰρ
1228 4601 1562 4654 οἰκειότατον
1625 4601 1745 4669 μὲν,

166 4701 327 4769 εἴπερ
352 4698 485 4752 ἄλλο
508 4714 584 4762 τι,
628 4700 740 4761 τοῖς
784 4684 849 4750 ὲκ
876 4695 1012 4749 Θεοῦ
1056 4694 1367 4765 βασιλεύειν
1396 4695 1624 4765 λαχοῦσι
1653 4695 1748 4749 καὶ

164 4794 227 4848 τὸ
249 4794 380 4857 τοὺς
423 4793 696 4860 ὑπηκόους
752 4790 813 4844 εὖ
847 4793 1024 4843 ποιεῖν
1079 4790 1224 4843 κατά
1266 4790 1501 4860 μίμησιν
1532 4787 1628 4841 τοῦ
1658 4790 1747 4842 δε-

163 4884 406 4946 δωκότος
455 4882 515 4936 τὸ
568 4881 897 4951 βασιλεύειν,
948 4882 1028 4935 av‘
1070 4881 1167 4933 καὶ
1218 4880 1280 4932 τὸ
1339 4879 1449 4932 τῶν
1489 4879 1749 4947 ὑπηκόων

165 4975 281 5030 ἔσθ’
320 4977 413 5029 ὅτε
446 4977 721 5044 συντρέχῃ
750 4975 845 5026 καὶ
875 4973 976 5042 τὴν
1006 4972 1105 5042 τῆς
1152 4970 1398 5035 εὐποιίας
1432 4971 1609 5041 ῥοπὴν
1644 4971 1745 5024 οὐκ

166 5071 414 5143 ἀησοὸῇ
443 5069 535 5124 διὰ
572 5069 683 5123 τῶν
716 5069 919 5139 ἔργων,
956 5068 1157 5139 ῥᾳδίως
1187 5066 1251 5120 ἂν
1286 5066 1575 5137 ἑκατέροις
1598 5068 1751 5119 ἐκτε-

165 5167 315 5217 λοῖτο
334 5165 402 5216 τά
438 5162 654 5225 δέοντα,
692 5163 805 5224 τοῖς
867 5163 965 5231 μὲν
1014 5160 1213 5230 δηλαδὴ
1240 5159 1303 5213 τὸ
1335 5161 1648 5228 εὐεργετεῖν
1670 5160 1750 5213 δι-

168 5257 366 5321 καίως.
400 5256 510 5318 τοῖς
536 5252 583 5306 δ’
616 5252 683 5307 αὖ
714 5252 978 5322 ὑπηκόοις
1007 5251 1069 5305 τὸ
1102 5251 1210 5305 τῶν
1247 5251 1581 5321 εὐεργεσιῶν
1602 5252 1749 5305 ἀκω-

166 5351 345 5411 λύτως
380 5347 807 5416 ὲπιτυγχάνεινο
863 5346 1056 5398 ἔπειτα
1110 5345 1205 5397 καὶ
1260 5344 1369 5399 τῶν
1419 5344 1637 5398 ἀτόπων
1683 5346 1751 5398 ἂν

166 5444 275 5512 εἴη,
312 5444 437 5502 τούς
472 5441 573 5508 μὲν
606 5441 701 5494 ἐπὶ
752 5440 868 5500 τοῖς
902 5439 1259 5506 Ὀλυμπικοῖς
1286 5436 1557 5501 νικῶντας
1610 5438 1748 5493 ὲπάο

172 5536 316 5589 θλων
342 5535 461 5603 ἅμα
500 5534 595 5587 καὶ
623 5530 806 5602 γερῶν
842 5529 1127 5596 ἀξιοῦσθαι
1172 5528 1284 5581 τῶν
1335 5529 1747 5598 προσηκόντων,

170 5630 292 5690 τοὺς
327 5626 387 5679 δέ
436 5640 500 5693 γε
544 5623 675 5693 παρ’
729 5623 861 5692 ἡμῖν
923 5620 1232 5691 χρησίμους
1280 5619 1751 5689 ἀναφαινομένους

169 5722 278 5781 τοῖς
312 5721 608 5788 πράγμασι
633 5716 825 5785 πόῤῥω
856 5715 1040 5783 μένειν
1066 5712 1163 5781 τῆς
1187 5711 1544 5782 ὀφειλομένης
1575 5728 1751 5779 παρα-

170 5814 465 5881 χωρεῖσθαι
498 5811 680 5879 τιμῆς.
720 5808 780 5861 Εἰ
817 5807 932 5872 οῦν,
956 5806 1025 5868 ὼ,
1057 5804 1290 5874 εἴρηται,
1316 5806 1421 5857 τῶν
1438 5806 1748 5876 προσηκόν-

1780 4479 1824 4533 ι)

1850 3206 1919 3258 τά
1952 3222 2014 3272 γε
2054 3206 2108 3268 ἐς
2133 3205 2334 3276 ψυχὴν,
2369 3208 2462 3260 καὶ
2494 3209 2630 3276 πρὸς
2658 3209 2875 3273 τούτοις
2913 3208 3132 3263 εὔνοιαν
3166 3212 3439 3283 εἰλικρινῆ

1850 3295 2166 3349 δεικνύοντα
2192 3298 2329 3365 πρὸς
2357 3298 2457 3368 τὴν
2495 3298 2778 3368 βασιλείαν
2815 3318 2945 3379 μου,
2973 3304 3039 3371 τῇ
3077 3302 3438 3375 προσηκούσῃ

1850 3388 2038 3443 τοῦτον
2064 3392 2197 3461 τιμῇ
2232 3394 2323 3443 καὶ
2349 3390 2425 3460 τῷ
2451 3392 2550 3461 τῆς
2572 3391 2840 3463 καθέδρας
2865 3394 3235 3465 προόιϐασμῷ
3269 3396 3437 3466 ἀμεί-

1852 3481 2045 3538 6εσθαι
2072 3482 2283 3536 δίκαιον
2314 3486 2346 3554 ή
2380 3483 2627 3553 βασιλεία
2660 3502 2763 3553 μου
2798 3487 2977 3556 κρίνει
3011 3488 3298 3556 (τιμᾶσθαι
3325 3492 3436 3559 γὰρ

1851 3576 1952 3646 τὴν
1983 3578 2183 3647 ἀρετὴν
2211 3579 2305 3631 καὶ
2334 3578 2434 3649 τὴν
2473 3579 2796 3648 πρέπουσαν
2844 3580 3064 3650 ἐπέχειν
3114 3582 3284 3651 τιμὴν
3313 3585 3441 3635 πο).-

1852 3668 2030 3738 λαχῶς
2067 3669 2135 3724 ἂν
2164 3670 2249 3740 εἴη
2282 3669 2392 3723 τῶν
2421 3671 2602 3724 καλῶν
2637 3674 2731 3724 καὶ
2766 3672 3224 3741 ἐπαινουμένων),
3255 3674 3440 3727 ἐπίδο-

1855 3762 1940 3814 σίν
1973 3779 2032 3814 τε
2057 3764 2164 3833 γάρ
2191 3762 2250 3814 οὐ
2278 3764 2490 3833 μικράν
2515 3780 2639 3818 τινα
2664 3764 2788 3817 καθ’
2810 3764 3013 3833 ἑαυτὴν
3051 3765 3191 3835 αῦτη
3225 3767 3439 3836 λαμϐάο

1852 3872 1933 3909 νει
1966 3855 2067 3925 τῆς
2099 3856 2418 3927 πρεπούσης
2463 3859 2627 3927 τιμῆς
2672 3859 3136 3929 ἐπιτυγχάνουσα,
3166 3862 3261 3913 καὶ
3299 3863 3437 3933 πρός

1851 3966 1914 4017 γε
1948 3952 2054 4019 μὴν
2086 3951 2220 4019 πρὸς
2254 3950 2347 4003 τὸν
2371 3950 2558 4016 ὅμοιον
2588 3942 2894 4022 διανίστησι
2931 3952 3096 4023 ζῆλον
3133 3954 3262 4016 τοὺς
3313 3954 3442 4007 ταύ‹

1852 4060 1952 4113 της
1983 4044 2318 4107 ἀποδέοντας
2344 4060 2359 4075 ·
2397 4045 2576 4098 τοίνυν
2607 4046 2698 4098 καὶ
2726 4046 2938 4100 εὐδοκεῖ
2968 4049 3058 4100 καὶ
3082 4044 3375 4118 διορίζεται
3404 4050 3437 4116 ἡ

1855 4137 2104 4208 βασιλεία
2143 4156 2243 4206 μου
2265 4137 2353 4190 διὰ
2381 4137 2475 4191 τοῦ
2519 4141 2788 4209 παρόντος
2817 4140 3268 4210 προστάγματος,
3307 4120 3439 4194 έπέ-

1853 4248 1967 4300 χειν
1992 4231 2083 4283 τὸν
2112 4231 2420 4301 δηλωθέντα
2468 4231 2764 4299 ἱερώτατον
2797 4231 3209 4303 μητροπολίτην
3242 4233 3438 4302 Ἀπρω

1854 4327 1948 4377 καὶ
1976 4324 2282 4395 ὑπέρτιμον
2334 4325 2427 4378 τὸν
2480 4325 2645 4378 τόπον
2696 4323 2792 4378 τοῦ
2849 4324 3136 4394 Εὐχαίτων
3168 4326 3262 4376 καὶ
3303 4326 3441 4378 ἀπο-

1853 4419 2040 4472 λαύειν
2066 4418 2166 4489 τῆς
2197 4417 2508 4489 ἀνηκούσης
2540 4415 2617 4488 τῷ
2642 4417 2868 4487 τοιούτῳ
2895 4419 3070 4490 θρόνῳ
3095 4418 3260 4488 τιμῆς
3291 4417 3349 4471 ἐν
3379 4435 3437 4473 τε

1855 4515 1973 4574 ταῖς
2004 4512 2148 4567 κατά
2195 4513 2295 4583 τὴν
2328 4512 2478 4567 θείαν
2509 4514 2604 4565 καὶ
2664 4510 2819 4582 ίεράν
2875 4511 3095 4563 σύνοδον
3130 4512 3436 4575 συνάξεσιν,

1857 4605 1914 4659 ἔν
1949 4624 2007 4659 τε
2035 4606 2260 4660 στάσεσι
2297 4606 2392 4660 καὶ
2415 4605 2711 4676 καθέδραις
2759 4607 2856 4658 καί
2887 4607 3009 4668 ταῖς
3043 4604 3256 4668 λοιπαῖς
3287 4622 3442 4657 συνε-

1856 4700 2098 4764 λεύσεσι,
2132 4700 2229 4754 καὶ
2257 4699 2447 4763 ἁπλῶς
2473 4699 2648 4752 είπεῖν
2677 4699 2898 4751 πάντων
2928 4698 3038 4752 τῶν
3071 4700 3439 4769 ὁπωσδήποτε

1855 4794 2193 4863 ἀνηκόντων,
2243 4793 2319 4856 ὠς
2350 4792 2595 4862 εἴρηται,
2646 4791 2722 4861 τῷ
2783 4792 2958 4861 θρόνῳ
3014 4791 3107 4843 τοῦ
3158 4794 3443 4861 Εὐχαίτων

1860 4888 1998 4959 μετὰ
2030 4886 2209 4955 πάσης
2243 4886 2425 4947 ἀδείας
2461 4884 2523 4959 τδ
2552 4886 2660 4936 ἀπὸ
2699 4882 2851 4936 τοῦδε
2890 4883 3151 4952 μετέχειν
3181 4884 3276 4933 καὶ
3300 4886 3440 4937 ἀπο-

1856 4980 2045 5034 λαύειν
2072 4979 2258 5042 αὐτὸν,
2288 4978 2374 5047 ἐφ’
2400 4968 2443 5044 ᾧ
2471 4978 2566 5031 καὶ
2604 4977 2632 5028 ὁ
2674 4974 2976 5043 ἀγιώτατὸς
3013 4991 3116 5044 μου
3147 4974 3439 5042 δεσπότης,

1856 5076 1884 5129 ὁ
1917 5072 2295 5143 οίκουμενικὸς
2328 5069 2699 5141 πατριάρχης,
2735 5066 2948 5137 στέρξει
2986 5069 3079 5121 καὶ
3111 5067 3440 5131 ἀποδέξεται

1856 5166 2018 5220 τοῦτο
2052 5166 2189 5237 μετά
2210 5164 2311 5234 τῆς
2353 5163 2483 5232 περὶ
2514 5160 2679 5215 αὑτὸν
2736 5158 2888 5223 θείας
2924 5166 3015 5211 καὶ
3053 5157 3204 5228 ἱερᾶς
3235 5157 3443 5227 ὁμηγύ·

1861 5275 2000 5329 ρεως
2027 5256 2134 5310 τῶν
2167 5255 2482 5324 ίερωτάτων
2518 5249 2847 5323 ἀρχιερέων,
2890 5252 2985 5305 καὶ
3016 5250 3244 5315 ἐκθήσει
3280 5249 3442 5318 χάριν

1856 5349 2050 5402 τούτου
2078 5346 2174 5400 καὶ
2202 5345 2401 5418 πρᾶξιν
2429 5344 2712 5415 συνοδικὴν
2737 5343 2909 5396 ταυτά
2935 5341 3109 5394 ταῦτα
3141 5339 3444 5409 διαλαμϐά-

1858 5453 2102 5506 νουσαν,·
2116 5439 2258 5509 ἀπερ
2299 5442 2393 5493 καὶ
2424 5442 2452 5493 ὁ
2500 5437 2599 5509 τῆς
2626 5436 2905 5508 βασιλείας
2928 5451 3029 5501 μου
3057 5433 3305 5503 ὁρισμός.
3344 5432 3444 5487 Διά

1858 5535 1967 5604 γὰρ
2023 5533 2179 5585 τοῦτο
2214 5536 2307 5585 καὶ
2332 5534 2393 5585 τὸ
2422 5535 2596 5601 παρὸν
2624 5531 2717 5603 τῆς
2746 5528 3023 5599 βασιλείας
3053 5543 3157 5596 μου
3194 5526 3441 5593 ἐγεγόνει

1860 5624 2011 5694 αὐτῷ
2051 5624 2405 5694 πρόσταγμα.

1858 5716 1898 5788 1·
1930 5712 2069 5784 Εἶχε
2099 5716 2173 5770 δι’
2197 5716 2465 5785 ἐρυθρῶν
2494 5713 2846 5786 γραμμάτων
2875 5709 2987 5779 τῆς
3017 5711 3182 5775 θείας
3210 5708 3308 5763 καί
3331 5709 3449 5775 βας

1971 5807 2217 5878 σιλικῆς
2242 5810 2440 5880 χειρὸς
2462 5809 2531 5861 τό
2550 5824 2564 5837 ⁸
2584 5807 2739 5874 Man
2781 5805 3082 5874 Λόεμίζοίῳ
3119 5804 3232 5856 ινδ.
3255 5803 3335 5869 β’.
