3940 6550
331 428 463 493 H77

1388 446 1779 507 SYNODleE
1822 445 2517 512 CONSTITUTIONES.

3442 455 3574 524 1178

325 542 415 634 καὶ
447 541 547 612 τὴν
589 544 683 597 τοῦ
724 546 905 607 Ἀγίου
950 549 1203 623 Ἀνδρέου
1268 553 1374 608 ύπδ
1428 559 1523 626 τὴν
1573 559 1891 611 δεσποτείαν
1924 562 1962 616 Α
1996 560 2280 628 ἀνάκρισιν
2324 563 2440 629 ἕξει
2487 563 2577 617 διὰ
2604 565 2801 630 παντὸς
2832 567 2892 619 ἐν
2932 567 3114 631 αὐτοῖς
3141 562 3294 634 οὗτός
3320 588 3377 625 τε
3412 572 3439 625 6
3476 571 3575 627 v6v

324 633 417 701 τῆς
440 636 738 704 εἰρημένης
772 640 1085 712 ἁγιωτάτης
1138 647 1522 716 μητροπόλεως
1576 651 1887 720 Μιτυλήνης

322 724 414 778 καὶ
438 727 568 794 παρ’
592 728 762 799 αὐτῆς
793 731 936 801 ἔχειν
983 734 1184 800 ταύτας
1216 755 1275 790 τε
1338 740 1425 792 καὶ
1465 742 1533 793 τά
1584 743 1675 795 ὑπ’
1721 744 1887 806 αὑτὰς

322 818 576 886 κτήματα
638 821 738 889 τὴν
805 831 1184 899 πνευματικὴν
1240 832 1561 903 ἀνάκρισιν⁸
1610 836 1887 898 παντελῶς

322 909 429 979 γὰρ
452 911 752 982 ἀποτρέπει
778 918 869 969 καὶ
903 918 1100 974 κωλύει
1132 922 1163 990 ή
1192 924 1481 994 μετριότης
1528 926 1682 995 ήμῶν
1710 927 1888 980 πάντα

322 1004 725 1072 πατριαρχικὸν
771 1006 1002 1079 ἔξαρχον
1037 1013 1134 1081 τῆς
1180 1013 1383 1083 εἰσόδου
1418 1016 1519 1083 τῆς
1562 1019 1644 1078 εἰς
1697 1017 1885 1083 αὐτὰς.

320 1094 417 1144 ἐπὶ
448 1093 527 1162 τῷ
573 1096 889 1167 ἀνακρίνειν
931 1103 1272 1174 εἰσέρχεσθαι
1309 1105 1530 1160 θέλοντα
1586 1109 1652 1162 τὰ
1684 1109 1889 1181 ψυχικά

324 1184 616 1255 σφάλματα
643 1189 699 1241 ἐν
733 1192 923 1256 αὑταῖς
970 1197 1062 1250 καὶ
1092 1199 1205 1259 τοίς
1237 1201 1512 1271 κτήμασιν
1558 1204 1756 1267 αὐτῶν,
1793 1223 1886 1259 κα-

324 1274 467 1342 θέξει
511 1294 574 1345 γε
599 1279 704 1349 μὴν
747 1283 775 1334 6
820 1284 985 1347 αὐτὸς
1043 1287 1333 1357 ἱερώτατος
1368 1296 1770 1366 μητροπολίτης
1796 1300 1888 1351 καὶ

320 1369 383 1421 τὸ
434 1372 718 1444 μονύδριον
766 1376 861 1429 106
911 1378 1094 1447 Ἀγίου
1148 1383 1330 1453 Μηνᾶ,
1367 1386 1505 1457 ὅπερ
1566 1388 1673 1441 τῶν
1722 1392 1890 1443 Κάτω

327 1463 629 1532 Πτωμαίων
669 1468 1048 1541 ἐπικέκληται,
1101 1475 1222 1527 ἐπεὶ
1254 1478 1565 1549 παρέστησε
1617 1482 1708 1535 καὶ
1756 1482 1888 1537 ἀπέ-

322 1553 463 1618 δειξε
507 1559 780 1612 καὶτοῦτο
828 1564 893 1631 τῇ
945 1564 1063 1617 κατ’
1093 1567 1257 1619 αύτδν
1288 1571 1583 1639 προσήκειν
1609 1574 1890 1644 ἁγιωτάτῃ

323 1647 590 1720 ικκλησία
616 1650 705 1704 διά
726 1670 782 1705 τε
812 1654 1018 1725 ἑτέρων
1045 1660 1388 1729 γραμμάτων
1411 1662 1762 1719 δικαιούντων
1796 1668 1891 1718 αύ-

324 1740 413 1792 τὸν
443 1743 539 1794 καὶ
590 1744 752 1798 ἄλλου
781 1747 1108 1819 γράμματος
1136 1754 1229 1806 τοῦ
1261 1755 1591 1825 δηλωθέντος
1646 1761 1888 1829 ἀοιδίμου

326 1831 662 1902 πατριάρχου
722 1836 827 1907 κῦρ
865 1839 1166 1906 Ἀρσενίου.
1216 1843 1449 1915 Ὁμοίως
1478 1850 1571 1901 καὶ
1618 1850 1677 1902 τὸ
1710 1852 1888 1903 ὲκεῖσε

1994 654 2195 723 ταύτης
2230 655 2523 724 ἱερώτατος
2564 656 2857 729 ἀρχιερεὺς
2910 660 3004 712 καὶ
3033 661 3081 712 οἱ
3130 662 3250 731 μετ’
3287 664 3448 717 αὑτὸν
3472 666 3571 719 αὐ-

1993 748 2096 815 τῆς
2128 750 2583 819 προστησόμενοι,
2616 750 2828 815 οὐδενὸς
2862 752 2970 803 τῶν
3004 752 3144 805 κατὰ
3184 755 3411 821 καιροὺς
3438 757 3569 808 ἀπο-

1998 838 2367 908 στελλομένων
2400 843 2821 912 πατριαρχικῶν
2873 843 3120 913 ἐξάρχων
3173 846 3351 898 ὲκεῖσε
3407 838 3585 899 διενο·Δ

1996 930 2195 1000 χλῆσαι
2224 932 2529 1001 ὀφείλοντος
2577 934 2653 1005 τῷ
2683 936 2836 1005 μέρει
2879 936 2978 1005 τῆς
3014 938 3269 1005 τοιαύτης
3295 937 3574 1008 μητροπόο

1995 1023 2130 1085 λεως
2160 1023 2253 1075 ὲπί
2279 1041 2384 1076 τινι
2423 1027 2533 1079 τῶν
2581 1028 2910 1097 εἰρημένων,
2958 1027 3079 1081 οὐδὲ
3111 1025 3294 1097 ζητεῖν
3324 1029 3566 1098 εἰσέρχε-

1999 1115 2122 1168 σθαι
2152 1117 2244 1168 καὶ
2275 1118 2586 1187 ἀνακρίνειν
2617 1118 2675 1171 τὸ
2721 1120 2985 1188 παράπαν
3013 1120 3223 1189 ψυχικὰ
3274 1121 3568 1190 σφάλματα

1996 1208 2055 1258 ἐν
2083 1210 2265 1271 αὐτοῖς
2318 1210 2349 1279 ἢ
2384 1211 2523 1275 ὅλως
2570 1211 2835 1265 διασείειν
2869 1214 2931 1266 τὸ
2984 1213 3150 1283 μέρος
3178 1214 3280 1282 τῆς
3306 1214 3569 1283 τοιαύτης
3670 1214 3677 1231 ’

1996 1300 2304 1371 ἁγιωτάτης
2331 1293 2732 1375 μητροπόλεως.
2760 1306 2837 1376 Τῇ
2872 1306 2980 1374 γάρ
3002 1307 3047 1358 εἰ
3058 1308 3192 1377 ρήνῃ
3219 1308 3311 1359 καὶ
3341 1307 3420 1376 τῷ
3444 1309 3566 1359 ἀνε-

1997 1389 2235 1461 νοχλήτῳ
2291 1394 2352 1445 τὸ
2400 1394 2642 1463 ἀσφαλὲς
2688 1397 2781 1448 καὶ
2840 1397 3067 1466 μόνιμον
3115 1399 3173 1460 ἐς
3215 1398 3276 1450 τὸ
3320 1398 3570 1467 διηνεκὲς

1996 1482 2309 1552 παρέχουσα
2337 1485 2368 1554 ή
2406 1488 2700 1556 μετριότης
2730 1488 2887 1557 ήμῶν
2916 1488 3011 1551 καὶ
3035 1488 3214 1542 πάντα
3241 1489 3310 1541 τὰ
3328 1489 3567 1558 προϐάν-

1995 1592 2062 1627 τα
2095 1575 2184 1627 ἐπὶ
2215 1576 2477 1648 καταδίκῃ
2501 1579 2599 1647 τῆς
2636 1578 2895 1649 τοιαύτης
2921 1579 3241 1649 ἁγιωτάτης
3268 1580 3570 1649 ἐκκλησίας

1996 1668 2373 1735 πατριαρχικά
2400 1667 2710 1737 γράμματα
2738 1670 2957 1737 ἀκυροῖ,
2986 1671 3080 1723 καὶ
3098 1672 3173 1733 ὡς
3204 1672 3279 1741 μὴ
3306 1670 3569 1739 γεγονότα

1996 1757 2095 1828 τὴν
2140 1760 2314 1829 ἀρχὴν
2344 1761 2374 1830 ἢ
2432 1762 2568 1824 ὅλως
2600 1762 2881 1829 προδάντα
2914 1763 3118 1833 τίθησι,
3158 1763 3254 1818 καὶ
3288 1765 3565 1833 ἐπιτίμιον

1998 1853 2211 1906 ἀπειλεῖ
2245 1855 2405 1907 παντὶ
2434 1854 2512 1924 τῷ
2558 1856 2960 1927 διενοχλήσαντι
2989 1856 3082 1909 ἐπὶ
3113 1859 3223 1919 τοῖς
3249 1857 3569 1927 εἰρημένοις

319 1918 524 2021 ἕτερον.
554 1923 856 2021 μοῇνύδριον,
887 1929 943 1981 τὸ
978 1932 1127 1999 παρὰ
1151 1932 1242 1985 τοῦ
1272 1937 1695 2005 προκαθημένου
1748 1942 1890 1993 ἐκεί·
1927 1916 1966 1972 θ
1995 1946 2072 2016 τῷ
2133 1946 2291 2016 μέρει
2333 1946 2434 2014 τῆς
2482 1916 2652 2017 αὐτῆς
2702 1916 3019 2019 άγίωτάτης
3064 1916 3452 2021 μητροπόλεως
3480 1916 3569 2003 διά

318 2028 409 2103 νου
431 2012 525 2065 τοῦ
567 2015 797 2079 Γίδωνος
826 2019 1118 2093 ἀνεγερθὲν
1152 2026 1230 2088 εἰς
1259 2026 1426 2097 ὄνομα
1454 2032 1552 2099 τῆς
1584 2032 1891 2103 ύπεράγνου

316 2102 580 2158 Θεοτόκου
614 2108 710 2177 τῆς
750 2109 1136 2184 Ὀδηγητρίας,
1166 2117 1303 2187 ὅπερ
1346 2120 1497 2191 παρὰ
1522 2122 1615 2175 τοῦ
1649 2102 1890 2177 τοιούτου

319 2196 619 2265 ἰερωτάτου
668 2204 975 2273 ἀρχιερέως
1008 2206 1133 2277 ἔσχε
1162 2208 1263 2278 τὴν
1290 2212 1643 2281 καθιέρωσιν,
1677 2217 1772 2269 καὶ
1804 2218 1893 2272 διὰ

316 2287 471 2341 τοῦτο
491 2289 793 2362 διεγνώσθη
820 2296 1153 2366 ,κατέχέσθαι
1182 2302 1315 2372 παρ’
1340 2303 1527 2358 αὐτοῦ.
1566 2306 1687 2359 Ἔτι
1716 2306 1772 2361 δὲ
1798 2309 1892 2362 καὶ

314 2379 378 2431 τὸ
447 2382 578 2449 περὶ
627 2384 695 2437 τά
752 2385 1013 2441 Βασιλικὰ
1069 2389 1163 2443 106
1218 2393 1400 2462 τιμίου
1451 2396 1890 2469 ἀρχιστρατήγου

315 2471 423 2524 τῶν
454 2473 567 2527 ἀνω
591 2475 873 2546 δυνάμεων
900 2481 991 2533 καὶ
1034 2482 1473 2553 ἐπικεκλημένου
1502 2486 1597 2541 τοῦ
1631 2489 1893 2561 Ἀκρονη-

318 2562 513 2616 σιὼτου
554 2565 862 2636 μονύδριον,
892 2569 968 2629 ὠς
1000 2573 1331 2641 καθιερωθὲν
1370 2578 1433 2630 ἐκ
1460 2583 1775 2651 προτροπῆς
1797 2583 1890 2636 τοῦ

318 2653 621 2722 τηνικαῦτα
674 2657 977 2728 ἀρχιερέως
1032 2661 1387 2735 Μιτυλήνης,
1446 2667 1551 2738 κῦρ
1590 2669 1891 2741 Γρηγορίου

316 2745 527 2797 ἐκείνου
550 2787 566 2810 ,
606 2749 753 2817 παρὰ
793 2749 885 2803 τοῦ
917 2752 1216 2807 ἐπισκόπου
1262 2757 1509 2833 Ἐρισσοῦ
1546 2761 1752 2815 ἐκείνου
1787 2763 1892 2834 κῦρ

317 2837 619 2907 Θεοδώρου,
653 2841 835 2904 καθὼς
878 2844 929 2895 οἰ
976 2844 1053 2915 τῷ
1104 2846 1226 2899 τότε
1264 2850 1721 2921 ἱερουργήσαντες
1757 2873 1895 2926 πρε-

320 2929 597 3001 σϐύτεροι,
627 2932 654 2984 ὅ
682 2950 741 2985 τε
782 2936 1122 3004 σκευοφύλαξ
1168 2939 1267 3008 τῆς
1319 2942 1490 3012 αὐτῆς
1530 2945 1833 3015 ἐπισκοπῆς
1863 2949 1892 3000 6

315 3023 700 3092 Θωμόπουλος,
734 3026 761 3079 6
798 3034 1221 3099 πρωτοπαππᾶς
1255 3036 1280 3086 6
1316 3034 1565 3106 Λάζαρος
1596 3039 1688 3090 καὶ
1716 3040 1891 3108 ἕτεροι

318 3109 610 3187 ἐγγράφως
660 3117 1110 3189 ὲξησφαλίσαντο,
1147 3126 1282 3179 ἀλλὰ
1331 3126 1394 3198 δὴ
1426 3129 1518 3181 καὶ
1553 3130 1580 3182 6
1610 3132 1677 3183 τά
1712 3133 1890 3186 ἐκεῖσε

320 3210 691 3279 πατριαρχικὰ
725 3211 903 3265 δίκαια
958 3213 1309 3286 διενεργήσας
1365 3219 1597 3289 μοναχὸς
1638 3222 1890 3293 Μάξιμος

316 3300 614 3370 ἐρωτηθεὶς
649 3301 1053 3375 διεμαρτύρατό
1105 3321 1163 3360 τε
1211 3310 1306 3363 καὶ
1362 3297 1693 3382 ἰσχυρίσατο,
1745 3316 1891 3378 ὅστις

318 3393 409 3445 καὶ
430 3393 591 3447 τοῦτο
614 3397 751 3463 μετά
780 3397 887 3451 τῶν
924 3399 1103 3453 ἄλλων
1136 3401 1368 3466 ἐξεῖπεν,
1401 3407 1483 3458 ὅτι
1518 3406 1581 3477 δὴ
1608 3410 1635 3461 6
1665 3407 1893 3481 βεστάρ-

318 3504 417 3555 χης
480 3488 684 3552 ἐκεῖνος
736 3495 1106 3561 πατριαρχικῇ
1163 3500 1449 3567 προτροπῇ
1504 3500 1571 3551 τά
1626 3502 1763 3554 κατὰ
1794 3504 1893 3572 τὴν

316 3579 571 3650 τοιαύτην
601 3584 935 3651 μητρόπολιν
978 3587 1280 3655 ἀρχιερέως
1318 3590 1657 3659 χηρεύουσαν
1678 3593 1894 3647 διοικῶν

318 3673 382 3725 τὰ
418 3674 477 3724 ὲν
515 3673 592 3742 τῷ
642 3673 770 3744 ἰερῷ
795 3675 1169 3748 θυσιαστηρίῳ
1196 3675 1288 3732 106
1324 3681 1570 3736 τοιούτου
1610 3687 1891 3757 μονυδρίου

320 3765 789 3834 ἀναγεγραμμένα
823 3768 1151 3837 γράμματα,
1205 3770 1272 3822 δι’
1303 3765 1377 3824 ῶν
1416 3772 1668 3843 ἐδηλοῦτο
1704 3778 1891 3848 ἀριδη-

320 3858 444 3921 λως,
475 3860 575 3928 τῆς
607 3861 994 3929 μητροπόλεως
1026 3858 1163 3914 εἶναι
1195 3862 1254 3915 τὸ
1288 3865 1569 3937 μονύδριον
1592 3869 1729 3937 τόδε,
1755 3872 1895 3940 ἠφά-

320 3952 431 4004 νισέ
456 3967 515 4003 τε
541 3952 635 4004 καὶ
661 3952 931 4022 ἀπήλειψε
974 3954 1271 4017 παντελῶς.
1318 3955 1441 4009 Ἐπὶ
1475 3959 1685 4025 τούτοις
1739 3961 1889 4031 όφείσ

258 4052 263 4057 ’
320 4042 398 4095 λει
430 4043 685 4113 κατέχειν
719 4044 746 4096 6
776 4043 1017 4106 τοιοῦτος
1045 4046 1332 4113 ἱερώτατος
1362 4047 1649 4117 ἀρχιερεὺς
1682 4052 1774 4104 καὶ
1802 4052 1893 4104 τὸν

322 4134 471 4196 ἐντὸς
491 4134 583 4187 106
606 4136 840 4204 κάστρου
876 4136 1236 4206 ἀνεγερθέντα
1270 4139 1411 4192 θεῖον
1441 4140 1566 4191 ναὸν
1599 4143 1749 4210 παρὰ
1784 4143 1891 4197 τῶν

325 4226 577 4295 μοναχῶν
648 4226 748 4295 τῆς
808 4228 1104 4297 εἰρημένης
1178 4228 1485 4300 σεδασμίας
1554 4237 1722 4303 μονῆς
1784 4236 1892 4291 τῶν

334 4316 525 4370 Ὁσίων
560 4318 818 4386 Πατέρων
845 4318 919 4379 ὡς
954 4318 1202 4387 μετόχιον
1233 4320 1432 4383 αὐτῶν,
1473 4320 1551 4375 ἔτι
1584 4322 1638 4377 δὲ
1672 4324 1764 4377 καί
1795 4326 1893 4396 τὴν

325 4408 469 4477 παρὰ
494 4407 586 4460 106
620 4408 1009 4477 Κανναεούτζη
1042 4410 1249 4463 ἐκείνου
1293 4411 1384 4464 τοῦ
1417 4413 1781 4485 δρουγγαρίου
1812 4418 1890 4480 εἰς

319 4494 489 4566 ὄνομα
533 4496 623 4549 106
680 4497 834 4565 ἁγίου
882 4490 1385 4572 μεγαλομάρτυρος
1417 4503 1891 4574 Γεωργίου.Ἐπεὶ

1998 2038 2084 2091 τοῦ
2110 2037 2378 2108 παρόντος
2410 2040 2916 2111 ὑπομνηματώδους
2964 2041 3251 2109 σιγιλλίου,
3304 2042 3444 2110 ὅπερ
3474 2043 3569 2094 καὶ

1993 2132 2214 2201 γεγονὸς
2262 2134 2404 2193 κατὰ
2460 2135 2607 2204 μῆνα
2671 2134 3048 2205 Σεπτέμὸριον
3102 2137 3203 2204 τῆς
3257 2135 3427 2205 η’ἰνδ.
3470 2135 3566 2187 106

1994 2227 2223 2298 ,g'“w°"
2248 2227 2573 2295 τριακοστοῦ
2598 2226 2779 2296 τρίτου
2815 2227 2967 2287 ἔτους
3015 2226 3260 2296 ἀπελύθη
3302 2226 3379 2295 τῷ
3409 2226 3568 2297 μέρει

1992 2317 2090 2386 τῆς
2118 2319 2414 2388 εἰρημένης
2442 2319 2754 2388 ἁγιωτάτης
2811 2319 3201 2389 μητροπόλεως
3248 2320 3568 2389 Μιτυλήνης

1992 2411 2072 2473 εἰς
2097 2411 2315 2480 διηνεκῆ
2365 2411 2464 2479 τὴν
2500 2410 2822 2477 ἀσφάλειαν.

2060 2499 2101 2570 .i.
2134 2495 2273 2569 Ειχε
2306 2501 2375 2554 τό
2397 2518 2411 2533 ο
2456 2499 2696 2566 Ἡσαΐας·
2729 2500 2879 2569 ἐλέῳ
2908 2488 3054 2556 Θεοῦ
3091 2503 3569 2575 ἀρχιεπίσκοπος

1995 2592 2706 2656 Κωνσταντινουπόλεως,
2758 2591 2913 2655 Νέας
2949 2589 3196 2658 Ῥώμης,
3236 2591 3333 2646 καί
3365 2595 3567 2646 οἰκουσ-

1987 2681 2229 2759 μενικὸς
2292 2680 2664 2751 πατριάρχης
2720 2681 2794 2750 τῇ
2844 2682 3242 2753 πατριαρχικῇ
3293 2685 3390 2738 καί
3440 2686 3569 2752 θείᾳ

2031 2774 2163 2828 ειοί.

2031 2792 2081 2827 ει
2123 2792 2163 2828 ι.

1992 2792 2029 2842 χ
2079 2792 2119 2841 ρ
2310 2862 2449 2902 ACTA
2487 2862 2802 2909 ANTIQUIOBA
2840 2862 2909 2902 DE
2950 2864 3119 2903 EADEI
3160 2865 3247 2904 RE.

2130 2938 2182 2991 1°
2217 2937 2421 2993 Decisio
2447 2941 2769 3008 patriarcha:
2809 2942 3022 2997 Αηεηίἱ
3056 2944 3220 3011 (anno
3252 2943 3429 3013 1256).

2063 3031 2103 3100 -ι-
2131 3029 2269 3099 Μηνί
2302 3031 2553 3101 Μαρτίῳ,
2575 3030 2658 3084 λα’
2692 3031 2899 3102 ἡμέρᾳ,
2926 3031 3081 3102 ἕκτῃ,
3106 3034 3203 3087 ἰνδ.
3243 3034 3325 3099 ιδ’,
3362 3052 3566 3103 προκα⁶

1993 3119 2227 3189 θημένου
2254 3119 2345 3172 106
2398 3120 2810 3187 παναγιωτάτου
2863 3122 3018 3190 ήμῶν
3050 3122 3313 3176 δεσπότου
3351 3124 3444 3175 τοῦ
3485 3126 3565 3178 οἰ-

1995 3213 2319 3284 κουμενικοῦ
2352 3215 2690 3284 πατριάρχου
2723 3214 2827 3285 κῦρ
2871 3213 3150 3284 Ἀρσενίου
3185 3216 3243 3268 ὲν
3298 3220 3409 3279 τοῖς
3463 3218 3565 3285 τῆς

1996 3309 2135 3360 κατὰ
2166 3306 2224 3360 τὸ
2252 3304 2539 3375 Νύμφαιον
2570 3308 2872 3376 σεόασμίας
2928 3307 3095 3377 μονῆς
3110 3308 3231 3361 τῶν
3259 3309 3430 3375 ἁγίων
3463 3326 3564 3378 μεε-

1994 3401 2174 3469 γάλων
2222 3400 2513 3471 μαρτύρων
2543 3398 2839 3467 Θεοδώρων
2894 3399 3150 3475 κελλίοις,
3186 3400 3564 3468 συνεδριαζόν-

1994 3510 2099 3546 των
2120 3494 2184 3563 τῇ
2229 3491 2441 3562 μεγάλῃ
2483 3489 2759 3563 ἁγιωσύνῃ
2790 3491 2957 3546 αὐτοῦ
2994 3493 3086 3546 καὶ
3122 3494 3433 3562 ἰερωτάτων
3462 3495 3564 3562 ἁρ-

1994 3584 2242 3655 χιερέων,
2290 3584 2382 3637 τοῦ
2436 3583 2725 3653 Ἀγκύρας,
2778 3586 3102 3655 Γρηγορίου,
3152 3585 3244 3638 106
3297 3585 3563 3649 Κυζίκου,

1997 3678 2295 3748 ύπερτίμου
2319 3664 2413 3730 καὶ
2439 3674 2668 3746 ἐξάρχου
2700 3676 2878 3745 πάσης
2913 3676 3331 3746 Ἑλλησπόντου,
3378 3678 3565 3747 Γεωρ-

1996 3769 2151 3836 γίου,
2183 3767 2275 3820 τοῦ
2314 3766 2583 3837 Σάρδεων,
2631 3767 2937 3837 ύπερτίμου
2992 3768 3085 3819 καὶ
3116 3768 3346 3837 ἐξάρχου
3383 3767 3564 3836 πάσης

1996 3860 2217 3921 Λυδίας,
2261 3858 2627 3928 Ἀνδρονίκου,
2675 3858 2770 3911 τοῦ
2810 3857 3201 3927 Νικομηδείας,
3258 3859 3563 3928 ὑπερτίμου

1996 3952 2087 4005 καὶ
2136 3953 2365 4021 ἐξάρχου
2420 3954 2600 4021 πάσης
2650 3950 2926 4013 Βιθυνίας,
2960 3949 3237 4016 Ἰωάννου,
3284 3950 3377 4002 τοῦ
3408 3950 3568 4004 Φιλα-

1994 4040 2261 4106 δελφείας,
2297 4040 2598 4109 ὑπερτίμου
2624 4041 2718 4092 καί⁵
2749 4039 2838 4092 τὸν
2876 4039 3041 4092 τόπον
3073 4040 3359 4111 ἐπέχοντος
3392 4042 3564 4109 Συρα-

1996 4132 2221 4201 κούσης,
2269 4131 2623 4196 Ίωαννικίου,
2672 4131 2766 4184 106
2825 4131 3297 4199 Ποντοηρακλείας
3327 4132 3422 4183 καὶ
3471 4131 3565 4183 τὸν

1995 4226 2159 4277 τόπον
2214 4223 2499 4294 ἐπέχοντος
2556 4221 3061 4286 Κλαυδιουπόλεως,
3110 4222 3412 4292 Θεοδώρου,
3470 4224 3567 4276 106

1996 4315 2292 4385 Μωκησοῦ,
2322 4314 2618 4385 Γεωργίου,
2639 4311 2733 4367 τοῦ
2770 4312 2949 4367 Ῥόδου
2972 4316 3065 4366 καὶ
3093 4315 3193 4366 ὐπε
3204 4313 3415 4382 ρτίμου,
3438 4314 3566 4366 Θεος

1995 4407 2205 4471 δούλου,
2239 4406 2331 4458 106
2364 4406 2619 4474 Σμύρνης
2669 4405 2760 4457 καὶ
2789 4405 3117 4475 ὑπερτίμου,
3144 4403 3423 4474 Θεοδώρου
3467 4403 3563 4458 106

1998 4502 2260 4571 Μιλήτου,
2285 4498 2622 4567 Νικηφόρου,
2656 4497 2747 4551 τοῦ
2797 4498 3138 4563 Μελαγίνων,
3178 4497 3565 4563 Ἰωάννου,δοῦ

321 4592 426 4659 γάρ
458 4590 752 4660 ἐγνώρισεν
780 4592 812 4660 ή
870 4592 1161 4662 μετριότης
1210 4595 1368 4663 ήμῶν
1393 4635 1407 4659 ,
1439 4596 1512 4661 ὡς
1539 4600 1895 4669 συμϐαίνουσι
1928 4619 1971 4672 ο
2000 4594 2252 4664 ιΙρούσης
2288 4591 2383 4646 καὶ
2416 4590 2737 4661 ὑπερτίμου,
2780 4590 3070 4672 Νικολάου,
3106 4587 3198 4640 τοῦ
3241 4588 3562 4659 Ἀχυράους,
3610 4604 3635 4609 “

324 4682 399 4753 τῷ
461 4682 618 4752 μέρει
674 4682 772 4751 τῆς
803 4683 1100 4753 εἰρημένης
1147 4685 1456 4757 ἁγιωτάτης
1506 4694 1890 4759 μητροπόλεως

322 4775 571 4844 ὀχλήσεις
621 4774 682 4826 ού
744 4776 959 4846 μικραὶ,
1020 4776 1248 4843 πλησίον
1314 4780 1719 4851 εὑρισκομένων
1786 4789 1892 4841 τῶν

324 4868 577 4920 τοιούτων
602 4866 762 4919 θείων
800 4866 941 4919 ναῶν
973 4870 1067 4921 καὶ
1115 4870 1379 4938 κοσμικοῦ
1413 4871 1540 4926 λαοῦ
1594 4876 1651 4927 ὲν
1685 4878 1893 4942 τούτοις

324 4961 712 5031 συναγομένου,
739 4962 893 5029 ἔταξε
924 4962 1248 5032 κατέχεσθαι
1270 4966 1391 5028 τοὺς
1417 4968 1690 5032 τοιούτους
1718 4970 1893 5036 θείους

319 5056 478 5115 ναοὺς
516 5057 668 5125 παρὰ
695 5053 788 5107 τοῦ
816 5055 982 5107 αὐτοῦ
1016 5056 1311 5128 ἰερωτάτου
1346 5061 1765 5130 μητροπολίτου,
1797 5081 1895 5118 πε-

320 5144 605 5216 ριαιροῦσα
670 5148 771 5210 τάς
826 5149 1085 5219 ἀφορμάς
1138 5148 1247 5201 τῶν
1304 5151 1616 5207 σκανδάλων
1661 5160 1753 5208 καὶ
1784 5156 1892 5210 τῶν

320 5239 595 5306 ὀχλήσεων
625 5239 657 5306 ἡ
692 5240 983 5308 μετριότης
1009 5240 1165 5310 ήμῶν
1201 5241 1296 5295 καὶ
1324 5244 1547 5314 εἰρήνην
1596 5262 1894 5316 μνηστευο-

322 5332 459 5401 μένη
487 5349 500 5362 ·
554 5332 734 5385 τοίνυν
767 5333 858 5384 καὶ
887 5333 1142 5403 οὐδεμίαν
1182 5334 1295 5401 ἔξει
1330 5335 1418 5386 ἐπὶ
1444 5339 1509 5405 τῇ
1544 5342 1743 5409 κατοχῇ
1801 5342 1893 5392 καὶ

302 5422 608 5495 ,δεσποτεία
641 5425 735 5476 καὶ
774 5425 1055 5493 κυριότητι
1104 5426 1208 5477 τῶν
1241 5428 1545 5499 εἰρημένων
1579 5432 1892 5498 σεόασμίων

324 5513 500 5582 μονῶν
527 5515 633 5566 τῶν
680 5514 870 5567 Ὀσίων
904 5516 1159 5587 Πατέρων
1188 5518 1391 5570 καὶτοῦ
1425 5520 1611 5587 Ἀγίου
1648 5522 1891 5593 Ἀνδρέου

322 5606 414 5659 καὶ
464 5605 572 5658 τῶν
620 5605 1022 5675 διαληφθέντων
1074 5606 1252 5661 ἄλλων
1304 5612 1604 5680 μονυδρῑων
1642 5615 1734 5666 καὶ
1788 5614 1894 5669 τῶν

323 5696 463 5747 ναῶν
481 5697 866 5767 διενόχλησινῆ
903 5698 995 5751 τὸν
1017 5700 1243 5769 τυχόντα
1280 5703 1614 5772 ὲμποδισμὺν
1649 5706 1706 5755 τὸ
1731 5704 1895 5774 μέρος

320 5790 419 5856 τῆς
452 5788 707 5860 τοιαύτης
760 5791 1073 5860 ἁγιωτάτης
1128 5793 1553 5863 μητροπόλεω;,
1612 5796 1745 5848 άλλὰ
1798 5798 1894 5866 τὴν

328 5879 550 5951 μνήμην
578 5881 673 5934 τοῦ
704 5880 905 5937 οἰκείου
962 5884 1221 5956 ὀνόματος
1260 5886 1353 5940 καὶ
1392 5886 1487 5956 τὴν
1520 5888 1891 5960 πνευματικὴν

1994 4689 2245 4753 Λέοντος,
2303 4685 2398 4740 106
2436 4684 2793 4753 ’Λντιοχείας,
2830 4670 3091 4751 ’Μιχαὴλ
3143 4681 3237 4734 τοῦ
3282 4682 3563 4750 Κυψέλων,

1994 4778 2432 4843 Κωνσταντίνου,
2487 4776 2577 4829 τοῦ
2642 4775 2944 4845 Γαρέλλης,
2996 4774 3409 4828 Κωνσταντίνου
3470 4774 3566 4827 106

1992 4871 2149 4936 Κίου,
2178 4870 2360 4932 Δαυῖδ,
2385 4868 2478 4921 106
2508 4868 2799 4929 Λοπαδίου,
2829 4864 3128 4933 Ἀντιόχου,
3160 4866 3253 4916 καὶ
3279 4864 3371 4916 τοῦ
3424 4864 3565 4933 Περ-

1995 4964 2196 5032 γάμου,
2244 4960 2541 5029 Γεωργίου,
2570 4956 2991 5027 παρισταμένων
3025 4956 3115 5006 καί
3137 4953 3566 5023 θεοφιλεστάτῶν

1993 5051 2327 5107 δεσποτικῶν
2357 5048 2657 5119 ἀρχόντων.

2066 5146 2106 5218 -ξ-
2142 5145 2338 5200 (ι’θάνει
2375 5145 2472 5214 μὲν
2506 5144 2533 5196 6
2565 5142 2854 5210 ἱερώτατος
2898 5140 3300 5213 μητροπολίτης
3333 5140 3565 5208 Μιτυλῆ-
3646 5136 3651 5141 ’

2001 5261 2115 5313 νης,
2155 5240 2442 5314 ἀγαπητός
2464 5240 2604 5293 κατὰ
2627 5238 2831 5308 Κύριον
2861 5237 3082 5305 ἁδελφῦς
3112 5237 3203 5288 καὶ
3226 5236 3567 5305 συλλειτουρι

1998 5337 2089 5404 γὸς
2119 5336 2217 5403 τῆς
2245 5332 2403 5405 ἡμῶν
2456 5332 2826 5401 μετριότητος,
2863 5332 2952 5382 καὶ
2983 5329 3157 5382 ἄλλοτ’
3188 5329 3279 5380 ἐπὶ
3330 5328 3423 5381 106
3461 5334 3563 5399 πρὸ

1995 5429 2151 5499 ήμῶν
2187 5427 2493 5493 ἀγιωτάτου
2521 5424 2864 5494 πατριάρχου
2903 5422 3113 5474 ἐκείνου
3147 5421 3250 5490 κῦρ
3308 5421 3562 5494 Μανουὴλ
3598 5492 3599 5495 η

1999 5520 2218 5590 κινῆσαι
2246 5517 2538 5578 συνοδικῶς
2566 5516 2693 5586 περὶ
2722 5517 2817 5584 τῆς
2848 5513 2990 5566 κατὰ
3046 5513 3143 5581 τὴν
3180 5514 3341 5583 νῆσον
3392 5515 3562 5568 Mnu-

1997 5612 2161 5679 λήνην
2211 5610 2564 5679 διακειμένης
2632 5606 2934 5676 σεϐασμίας
2999 5609 3165 5676 μονῆς
3223 5604 3317 5659 τοῦ
3382 5607 3562 5661 Ὀσίου

1999 5703 2308 5772 Γεωργίου,
2370 5699 2852 5770 ἀμφισϐητησίμου
2908 5696 3076 5767 οὔσης
3132 5699 3303 5769 τούτῳ
3368 5701 3429 5768 δὴ
3490 5702 3564 5769 τῷ

2003 5794 2391 5864 μητροπολίτῃ,
2430 5790 2902 5861 ἐπισχυριςομένῳ
2955 5790 3234 5862 διαφέρειν
3268 5794 3472 5862 ταύτην
3500 5798 3562 5864 τῇ
3652 5822 3655 5823 ν

2001 5892 2118 5945 κατ’
2146 5892 2301 5945 αὐτὶν
2332 5888 2681 5960 μητροπόλει,
2718 5893 2809 5943 καὶ
2842 5888 2919 5960 τῷ
2953 5889 3108 5960 μέρει
3136 5890 3232 5961 τῆς
3263 5891 3384 5944 καθ’
3419 5892 3563 5962 ἡμᾶς
