3940 6574
448 454 585 518 1199

1590 449 1831 520 E§A£IE
1873 451 1974 510 ει).
2022 451 2528 511 ΡΛἸΊΗᾹΜΟΗΕ

3496 481 3504 488 '
3553 455 3678 521 ιίοιι

453 574 697 646 βασιλεία
736 591 837 642 μου
867 572 953 627 διά
979 570 1072 625 τοῦ
1106 570 1366 642 παρόντος
1401 570 1839 640 προστάγματος,
1876 563 2016 622 εῖναι
2047 575 2093 632 Α
2124 570 2548 640 προστάγματος
2577 569 2778 640 δμοίως
2799 568 2990 642 αὐτῆς,
3014 569 3111 622 καὶ
3136 569 3224 622 ἶνα
3245 567 3571 641 εὑρίσκηται
3601 570 3678 622 ὑπ’

448 667 556 722 ἀπὸ
583 666 679 720 τοῦ
709 665 805 720 νῦν
833 665 926 718 καὶ
952 666 1029 728 είς
1053 664 1112 717 τδ
1150 664 1275 732 έξῆς
1302 662 1668 731 ὑποκειμένην
1696 663 1760 730 τῇ
1792 660 2018 732 τοιαύτῃ

444 760 725 831 ἁγιωτάτῃ
779 758 1109 830 μητροπόλει
1154 743 1512 828 Σερρὦν’τὴν
1544 754 1855 824 άγιωτάτην
1890 755 2014 807 ἐπι·

443 851 657 923 σκοπὴν
702 851 1071 914 Νικοπόλεως,
1111 849 1231 919 ἣτις
1261 847 1434 901 ἐτέλει
1483 847 1747 918 πρότερον
1782 846 1886 898 ὑπὸ
1918 844 2018 913 τὴν

441 943 754 1013 άγιωτάτην
782 940 1113 1012 μητρόπολιν
1131 938 1434 1004 Φιλίππων,
1454 939 1547 992 καὶ
1573 935 1899 1006 κατέχεσθαι
1927 936 2019 989 καί

439 1033 785 1103 διεξάγεσθαι
808 1033 1013 1100 ταύτην
1051 1032 1202 1101 παρὰ
1233 1030 1325 1083 τοῦ
1360 1031 1656 1101 ἰερωτάτου
1687 1027 2018 1098 μητροπολί-

441 1146 533 1181 του
567 1126 789 1197 Σερρὦ
835 1127 926 1178 καὶ
969 1123 1272 1195 ὑπερτίμου
1306 1123 1381 1185 ὡς
1423 1123 1558 1174 ἰδίαν
1600 1120 1925 1191 ἐπισκοπὴν,
1956 1117 2018 1172 οὐ

445 1220 606 1289 μόνον
637 1219 868 1288 δὲπαρά
891 1220 1104 1278 τούτου,
1145 1215 1281 1269 ἀλλὰ
1315 1216 1406 1268 καὶ
1454 1215 1606 1284 παρά
1634 1213 1744 1267 τῶν
1783 1212 2018 1282 καθεξῆς

440 1311 976 1382 ἀρχιερατευσόντων
1022 1311 1102 1370 εἰς
1150 1308 1248 1374 τὴν
1292 1305 1546 1375 τοιαύτην
1575 1305 1891 1374 άγιωτάτην
1924 1305 2019 1355 ἐκ·

441 1408 698 1477 κλησὶαν,
733 1405 855 1458 ὅθεν
885 1404 1088 1469 ὀφείλει
1121 1404 1214 1456 καὶ
1237 1405 1264 1454 ὀ
1295 1400 1655 1472 γενησόμενος
1687 1395 2018 1469 μητροπολίο

441 1517 538 1568 της
569 1497 853 1550 Φιλίππων
886 1495 1103 1565 στέρξαι
1147 1493 1325 1559 τοῦτο,
1361 1494 1484 1546 ὅσον
1519 1494 1770 1556 θεσπίζει
1800 1491 1894 1545 καί
1939 1492 2018 1544 δι·
2060 1491 2066 1501 ”

441 1593 683 1661 ορίζεται
740 1593 769 1659 ἡ
831 1588 1078 1659 βασιλεία
1131 1604 1255 1658 μου,
1308 1587 1406 1640 καὶ
1461 1585 1747 1658 ἀρκεῖσθαι
1802 1586 1882 1646 εἰς
1918 1583 2018 1645 τάς

442 1682 750 1754 προσούσας
775 1685 838 1750 τῇ
860 1681 1084 1750 τοιαύτῃ
1110 1679 1440 1749 μητροπόλει
1468 1678 1659 1746 ἐτέρας
1687 1673 2016 1737 ἐπισκοπάς,

441 1775 795 1844 ἀνενόχλητον
813 1774 1157 1825 παντάπασιν
1181 1765 1283 1823 ἐῶν
1313 1769 1373 1821 τὸ
1405 1771 1567 1838 μέρος
1595 1770 1693 1837 τῆς
1721 1767 2016 1838 εἰρημένης

443 1869 753 1937 ἁγιωτάτης
783 1866 889 1917 τῶν
925 1863 1144 1935 Σερρὡν
1179 1862 1564 1934 μητροπόλεως
1591 1861 1683 1912 ἐπὶ
1709 1864 1774 1930 τῇ
1811 1859 2014 1927 κατοχῇ

444 1963 538 2014 καλ⁵
561 1960 866 2029 διεξαγωγῇ
888 1956 984 2026 τῆς
1010 1956 1348 2026 δηλωθείσης
1373 1955 1681 2024 ἁγιωτάτης
1709 1953 2014 2021 ἐπισκοπῆς
2047 1942 2088 1997 Β

442 2053 786 2114 Νικοπόλεως
814 2052 907 2104 καὶ
939 2050 1117 2119 πάσης
1148 2051 1245 2115 τῆς
1276 2047 1538 2100 άνὲκαθεν
1565 2045 1877 2114 προσούσης
1913 2045 2017 2096 αὐ-

442 2147 510 2213 τῇ
537 2141 744 2213 ἐνορίας
766 2156 780 2171 ⁶
810 2141 887 2202 εἰς
921 2140 1021 2207 τὴν
1049 2120 1175 2208 περὶ
1211 2137 1399 2191 τούτου
1435 2138 1540 2206 γὰρ
1569 2136 1866 2205 ἀσφάλειαν
1895 2135 2015 2204 ἐγέ·

443 2251 565 2286 νετο
596 2233 693 2287 καὶ
725 2233 968 2304 ἀπελύθη
1011 2233 1107 2285 καλ⁵
1154 2232 1212 2284 τὸ
1261 2233 1435 2302 παρὸν
1465 2231 1561 2298 τῆς
1591 2229 1867 2299 βασιλείας
1913 2245 2014 2300 μου

443 2329 795 2398 πρόσταγμα.
817 2319 940 2394 Εἶχε
976 2326 1036 2377 τό
1055 2341 1069 2353 ·
1101 2343 1119 2376 ι
1149 2324 1296 2393 Μηνὶ
1321 2322 1674 2394 Φεϐρουαρίῳ
1703 2323 1800 2378 ἰνδ.
1833 2322 1921 2394 ιβ’,
1949 2324 2016 2377 δι’

443 2421 688 2492 ἐρυθρῶν
715 2420 1062 2490 γραμμάτων
1103 2418 1200 2487 τῆς
1249 2416 1532 2487 βασιλικῆς
1569 2416 1718 2478 θείας
1755 2418 1958 2486 χειρός.
1989 2433 2009 2468 ι

455 2511 790 2572 ’Δκολούθως
821 2511 1000 2564 τοίνυν
1028 2509 1106 2578 τῷ
1141 2508 1323 2578 σεπτῴ
1344 2507 1479 2576 τῷδε
1515 2507 1898 2578 προστάγματι
1925 2509 2019 2560 καὶ

443 2607 478 2674 η
509 2603 796 2674 μετριότης
824 2602 984 2672 ημῶν
1022 2600 1312 2662 συνοδικῶς
1345 2601 1651 2668 πέπρακεν,
1693 2598 2016 2652 ὑποκεῖσθαι

442 2699 510 2766 τῇ
538 2696 645 2748 τῶν
680 2694 902 2764 Σερρὠ
955 2691 1052 2762 τὴν
1080 2691 1179 2760 τῆς
1216 2691 1565 2751 Νικοπόλεως
1619 2688 1698 2751 εἰς
1733 2689 1858 2750 τοὺς
1890 2686 2017 2756 ἐξῆς

444 2789 688 2849 ἅπαντας
715 2786 811 2836 καὶ
836 2784 1103 2852 διηνεκεῖς
1150 2781 1397 2852 χρόνους.
1440 2778 1602 2833 Ἑπεί
1627 2781 1736 2850 γὰρ
1783 2779 2014 2845 διέκρινε

443 2879 540 2933 καὶ
574 2878 831 2932 ἐθέσπισε
889 2875 996 2936 καὶ,
1020 2874 1308 2944 διωρίσατο
1351 2869 1507 2924 τοῦτο
1538 2873 1566 2924 ὀ
1596 2871 1882 2940 κράτιστος
1925 2869 2018 2923 καὶ

442 2971 596 3040 άγιός
647 2987 751 3040 μου
801 2965 1182 3036 αὐτοκράτωρ,
1225 2965 1300 3027 ὡς
1327 2963 1575 3028 ἐξουσίαν
1603 2963 1742 3032 ἔχων
1790 2964 1853 3014 ἐκ
1881 2959 2015 3014 Θεοῦ

441 3064 536 3119 τοῦ
575 3061 930 3132 προστιθέναι
962 3059 1054 3111 καὶ
1078 3059 1352 3128 ἀφαιρεῖν,
1378 3057 1504 3109 ἔνθα
1537 3055 1692 3108 τοῦτο
1719 3053 2015 3106 λυσιτελεῖν

440 3153 574 3223 οἶδε,
609 3156 706 3210 καὶ
737 3153 854 3209 ἀνθ’
878 3147 944 3222 ἧς
973 3147 1084 3220 εἶχε
1117 3151 1379 3220 πρότερον
1411 3148 1573 3219 ἡτῶν
1600 3147 1821 3219 Σερρῶν
1855 3145 2018 3198 δέδω-

440 3268 505 3305 κε
561 3251 662 3321 την
716 3250 814 3318 τῆς
868 3244 1244 3309 Νικοπόλεως,
1279 3242 1434 3297 ἔσται
1470 3244 1588 3294 κατ’
1621 3241 1838 3309 ἐκείνην
1871 3235 2012 3307 αὕτη

441 3342 780 3413 ὑποκειμένη
838 3339 1101 3410 διηνεκῶς
1149 3341 1216 3407 τῇ
1246 3338 1354 3389 τῶν
1389 3333 1609 3407 Σερρῶν
1637 3333 1709 3397 ὼς
1742 3332 1851 3387 ἰδία
1887 3333 2011 3385 ἐπι-

443 3434 620 3506 σκοπὴ
651 3435 876 3503 ταύτης,
917 3431 1010 3484 καὶ
1054 3430 1140 3481 ἐπ’
1167 3429 1351 3491 ἀδείας
1383 3427 1496 3491 ἐξει
1531 3428 1558 3478 ὀ
1591 3425 1684 3478 νῦν
1717 3426 2014 3494 ἱερώτατος

443 3527 842 3600 μητροπιλίτης
870 3523 1093 3596 Σερρὦ
1123 3524 1218 3575 καὶ
1248 3522 1298 3573 οί
1331 3519 1452 3590 μετ’
1477 3520 1662 3583 αὐτὸν,
1694 3521 2011 3583 ἐπίσκοπον,

439 3621 578 3672 ἐπὰν
613 3619 802 3689 δεήσῃ,
853 3616 942 3667 ἐπ’
984 3614 1120 3683 αὐτῇ
1177 3608 1576 3682 χειροτονῆσαι,
1604 3608 1891 3679 ἀρκεῖσθαι
1916 3606 2011 3660 τοῦ

438 3713 720 3766 Φιλίππων
749 3707 1056 3778 ὀφείλοντος
1083 3706 1201 3766 ταῖς
1225 3701 1540 3764 ὑπολοίποις
1571 3702 1896 3764 ἐπισκοπαῖς
1914 3700 2012 3769 τῆς

439 3805 532 3858 ὑπ’
558 3802 720 3856 αὐτὸν
749 3800 1065 3869 ἐκκλησίας,
1102 3797 1322 3861 εἰδότος,
1349 3796 1421 3859 ὼς
1449 3792 1766 3865 βασιλεῦσιν
1799 3791 2011 3857 ἔξεστιν

440 3898 756 3970 ὑπερτέρως
783 3895 818 3964 ἢ
849 3893 992 3946 κατὰ
1020 3891 1218 3960 νόμους
1243 3891 1551 3959 οἰκονομεῖν
1570 3881 1646 3942 ’τά
1681 3887 2008 3957 πράγματα,

439 3991 538 4045 καὶ
575 3990 692 4057 ἆμα
716 3985 944 4040 ἕπεσθαι
971 3983 1280 4052 ὀφείλοντος
1319 3982 1411 4034 καλ⁵
1449 3980 1854 4050 ὁμογνωμονεῖν
1890 3977 2007 4038 ταῖς

440 4080 745 4142 συνοδικαίς
773 4076 1122 4146 διαγνώσεσι,
1163 4077 1275 4135 τοῖς
1307 4073 1476 4142 ἱεροῖς
1503 4074 1723 4126 κανόσιν
1754 4071 2009 4138 οὐδαμῶς

437 4176 769 4236 άπεναντίας
806 4171 1036 4234 ἰούσαις,
1065 4167 1256 4238 ἐπειδὴ
1295 4168 1393 4220 καὶ
1419 4167 1590 4219 πολλά
1616 4165 1840 4219 τοιαῦτα
1869 4165 2012 4218 οἰκο-

436 4269 629 4338 νομίας
673 4266 862 4336 τρόπῳ
894 4263 1038 4317 κατά
1087 4263 1316 4330 καιροὺς
1346 4258 1665 4329 πέπρακται
1709 4256 1803 4308 καὶ
1857 4254 2011 4322 παρά

436 4361 548 4413 τῶν
580 4357 689 4430 πρὸ
728 4356 911 4428 ημῶν.
949 4353 1160 4424 Προέὸη
1182 4351 1235 4406 δέ
1270 4351 1340 4404 τά
1365 4350 1466 4420 τῆς
1496 4350 1748 4420 πράξεως
1778 4345 2006 4416 ταύτης,

437 4455 570 4522 πρὶν
599 4456 663 4505 ἂν
698 4451 790 4504 καλ⁸
820 4449 1164 4519 ἐπικηρυχθῇ
1197 4449 1263 4516 τῇ
1295 4444 1402 4497 τῶν
1438 4444 1742 4506 Φιλίππων,
1774 4441 1849 4503 ὡς
1875 4439 2010 4511 δῆλα

437 4545 536 4597 καὶ
566 4541 706 4612 αὐτῇ
738 4539 860 4592 τότε
893 4537 1149 4607 γενέσθαι
1169 4552 1184 4566 ο
1233 4536 1323 4589 διὰ
1358 4535 1424 4606 δὴ
1460 4533 1632 4587 ταῦτα
1671 4532 1765 4586 καί
1795 4534 2010 4600 ἀπαρα-

2121 659 2290 730 αὐτην
2318 659 2415 730 τὴν
2455 660 2769 729 άγιωτάτην
2809 660 3144 731 μητρόπολιν
3175 659 3397 730 Σεῤῥῶν
3420 659 3682 728 ἐπισκοπη

2121 751 2228 803 ἀπὸ
2253 751 2360 805 τῶν
2390 752 2765 822 ὑποκειμένων
2791 754 3056 824 πρότερον
3079 754 3145 823 τῇ
3170 753 3457 824 ἁγιωτάτῃ
3487 770 3682 823 μητρο-

2121 840 2276 894 πόλει
2297 842 2600 906 Φιλίππων,
2617 842 2651 912 ή
2683 841 2998 908 Νικόπολις,
3026 843 3370 913 χηρευούσης
3391 843 3683 912 τηνικαῦτα

2121 935 2422 1015 ἀρχιερέως
2468 935 2568 1000 τῆς
2613 936 2785 1004 αὐτῆς
2819 936 3212 1007 μητροπόλεως
3265 935 3576 1000 Φιλίππων,
3602 937 3685 987 καὶ

2121 1027 2341 1093 ἐγένετο
2365 1027 2456 1079 ἐπὶ
2478 1026 2651 1097 τούτῳ
2673 1026 2770 1080 καὶ
2795 1026 3049 1099 συνοδικη
3072 1027 3269 1098 πρᾶξις
3297 1027 3580 1097 ἔγγραφος
3600 1028 3682 1079 καί

2119 1117 2410 1186 διάγνωσις
2461 1118 2556 1172 τοῦ
2591 1120 3007 1189 παναγιωτάτου
3055 1136 3160 1188 μου
3195 1119 3455 1172 δεσπότου
3486 1118 3586 1172 τοῦ
3615 1121 3682 1170 οξ-

2120 1209 2449 1282 κουμενικοῦ
2502 1213 2867 1283 πατριάρχου,
2901 1212 3044 1266 ὥστε
3086 1213 3414 1282 κατέχεσθαι
3449 1213 3533 1276 εἰς
3570 1213 3682 1272 τοὺς

2121 1301 2245 1370 ἑξῆς
2279 1305 2505 1372 χρόνους
2541 1305 2692 1373 παρά
2718 1305 2810 1357 τοῦ
2839 1305 3038 1373 μέρους
3068 1304 3166 1372 τῆς
3192 1305 3492 1375 εἰρημένης
3528 1304 3680 1371 ἁγιωο

2119 1398 2291 1466 τάτης
2325 1396 2714 1469 μητροπόλεως
2745 1396 2970 1468 Σερρὦν
3014 1395 3115 1465 τὴν
3143 1395 3401 1466 τοιαύτην
3455 1395 3687 1463 ἁγιωτά-

2119 1509 2218 1561 την
2276 1489 2586 1562 ἐπισκοπὴν
2618 1489 2968 1553 Νικοπόλεως
3021 1489 3140 1542 ἀντὶ
3175 1489 3274 1558 τῆς
3304 1488 3683 1559 ἀφαιρεθείσης

2120 1584 2178 1650 ἐξ
2208 1583 2378 1653 αὐτῆς
2413 1583 2712 1652 ἐκκλησίας
2760 1581 2868 1636 τῶν
2911 1581 3145 1652 Ζιχνῶν,
3180 1581 3366 1652 ἐδέησε
3396 1581 3454 1635 δὲ
3504 1582 3599 1634 ἐπὶ
3629 1584 3684 1650 τῇ

2118 1677 2345 1748 τοιαύτῃ
2379 1675 2635 1747 συνοδικῇ
2677 1675 2875 1747 πράξει
2903 1677 3175 1746 προϐῆναι
3222 1676 3316 1727 καὶ
3344 1675 3684 1744 πρόσταγμα,

2119 1771 2181 1824 τὸ
2211 1771 2386 1839 παρὸν
2410 1769 2639 1823 ἀπολύει
2665 1771 2698 1840 ἡ
2735 1768 2985 1840 βασιλεία
3017 1786 3140 1839 μου,
3176 1769 3245 1821 δι’
3267 1763 3328 1822 οὐ
3359 1753 3580 1820 εὐδοκεῖ
3603 1770 3684 1820 καὶ

2123 1865 2458 1935 προστάσσει
2493 1864 2590 1918 καί
2624 1862 2940 1934 διορίζεται,
2973 1863 3062 1916 ἵνα
3091 1865 3232 1916 κατά
3269 1863 3368 1931 τὴν
3403 1861 3684 1930 π;ρίληψιν

2119 1957 2219 2028 τῆς
2245 1956 2506 2034 ρηθῇείσης
2547 1957 2831 2028 συνοδικῆς
2863 1957 3148 2027 ἐγγράφου
3175 1955 3530 2022 διαγνώσεως
3566 1969 3683 2006 κατ-

2120 2051 2314 2120 έχηται
2335 2052 2370 2121 ἠ
2396 2051 2700 2122 δηλωυεῖσα
2730 2051 3014 2121 άγιωτάτη
3041 2048 3316 2119 ἐπισκοπὴ
3345 2047 3683 2108 Νικοπόλεως

2120 2143 2272 2213 παρά
2333 2143 2432 2215 τῆς
2476 2125 2792 2214 ἁγιωτάτης
2857 2142 3245 2216 μητροπόλεως
3297 2140 3525 2212 Σερῤὦν
3578 2141 3682 2192 ἀντὶ

2118 2239 2217 2308 τῆς
2243 2237 2636 2310 ἀφαιρεθείσης
2667 2236 2727 2302 ἐξ
2756 2237 2950 2310 αὐτῆς,
2973 2236 3048 2303 ὡς
3079 2238 3318 2308 εἴρηται,
3351 2235 3461 2290 τῶν
3485 2233 3684 2306 Ζιχνῶν

2118 2329 2433 2399 ἐκκλησίας,
2467 2328 2608 2383 ὥστε
2638 2329 2735 2382 καλ⁸
2765 2328 2853 2382 ἐπ’
2883 2325 3066 2390 ἀδείας
3101 2327 3250 2398 ἔχειν
3277 2326 3366 2378 τὶν
3397 2323 3682 2396 ἰερώτατον

2123 2420 2530 2491 μητροπολίτην
2581 2419 2802 2490 Σερῤῶν
2865 2421 2960 2473 καὶ
3021 2418 3324 2488 ὑπέρτιμον
3382 2417 3682 2469 ἐπίσκοποι

2120 2514 2495 2584 χειροτονῆσαι
2521 2513 2601 2575 είς
2641 2511 2833 2581 αὐτὴν,
2870 2509 3178 2578 ὀφείλοντος
3212 2508 3425 2562 καὶτοῦ
3455 2505 3679 2578 ἰερωτά·

2119 2624 2212 2658 του
2262 2605 2662 2675 μητροπολίτου
2694 2602 2977 2657 Φιλίππων
3025 2603 3122 2654 καὶ
3166 2598 3496 2671 ὐπερτίμου,
3526 2599 3603 2651 ἔτι
3631 2596 3682 2649 δὲ

2120 2700 2212 2750 καὶ
2235 2697 2342 2750 τῶν
2371 2697 2509 2766 μετὰ
2531 2695 2704 2750 ταῦτα
2728 2694 3262 2766 άρχιερατευσόντων
3283 2693 3362 2754 εἰς
3387 2691 3490 2764 τὴν
3513 2689 3683 2744 τοιαύ-

2119 2809 2218 2859 την
2242 2789 2554 2858 άγιωτάτην
2583 2787 2941 2860 μητρόπολιν,
2975 2785 3362 2858 συντηρεῖσθαι
3393 2785 3490 2837 καὶ
3523 2783 3684 2854 ἐμμέ-

2119 2899 2228 2935 νειν
2252 2883 2331 2942 εἰς
2363 2881 2540 2948 τοῦτο,
2574 2879 2756 2943 καθὼς
2782 2879 3004 2948 ἐτάχθη,
3041 2882 3136 2932 καὶ
3167 2877 3443 2948 μηδεμίαν
3465 2875 3682 2942 ἐπάγειν

2117 2976 2454 3046 διενόχλησιν
2493 2975 2568 3044 τῴ
2603 2975 2886 3045 ἰερωτάτῳ
2921 2972 3295 3044 μητροπολίτῃ
3340 2969 3566 3042 Σερῤὦν
3599 2975 3684 3021 καὶ

2118 3072 2228 3132 τοῖς
2259 3067 2378 3138 μετ’
2407 3067 2572 3120 αὐτὸν
2601 3065 2919 3136 ἀρχιερεῦσι
2944 3067 3043 3135 τῆς
3072 3065 3243 3133 αὐτῆς
3266 3063 3580 3132 ἁγιωτάτης
3603 3062 3683 3112 ἐκ-

2119 3159 2349 3231 κλησίας
2384 3159 2576 3212 ἕνεκεν
2596 3159 2693 3229 τῆς
2724 3157 2979 3228 ρηθείσης
3008 3155 3314 3226 ἐπισκοπῆς
3335 3154 3684 3216 Νικοπόλεως

2120 3253 2154 3323 ἧ
2187 3269 2330 3313 τινος
2377 3251 2484 3304 τῶν
2535 3250 2762 3303 δικαίων
2817 3250 3009 3320 αὐτῆς,
3043 3249 3165 3301 ἐπεὶ
3213 3246 3276 3299 τὸ
3317 3245 3548 3317 στέργον
3577 3241 3680 3308 ἐξει

2119 3344 2212 3398 καὶ
2256 3342 2686 3414 ἀμετάτρεπτον,
2737 3342 2861 3394 ὅσον
2917 3339 3043 3409 περί
3094 3337 3284 3391 τούτου
3332 3336 3536 3407 ἐτάχθη
3594 3338 3684 3388 καὶ

2115 3437 2439 3508 διεγνώσθη.
2495 3435 2598 3488 Καὶ
2628 3435 2818 3487 τούτου
2866 3433 3026 3504 χάριν
3053 3431 3270 3499 ἐγένετο
3303 3432 3395 3483 καὶ
3436 3425 3680 3493 ἀπελύθη

2117 3531 2209 3583 ἐπὶ
2255 3530 2332 3600 τῷ
2365 3529 2646 3600 προσεῖναι
2682 3525 2760 3596 τῷ
2791 3525 2891 3594 τῆς
2932 3523 3241 3594 ἁγιωτάτης
3296 3519 3682 3591 μητροπόλεως

2117 3623 2338 3694 Σερρὦν
2373 3622 2530 3694 μέρει
2565 3622 2644 3682 εἰς
2668 3618 2970 3687 ἀσφάλειαν
2999 3616 3094 3672 καί
3119 3614 3180 3670 τδ
3207 3615 3379 3685 παρὸν
3404 3614 3506 3684 τῆς
3537 3611 3682 3683 βασι-

2116 3717 2264 3780 λείας
2305 3733 2404 3785 μου
2447 3715 2796 3786 πρόσταγμα.

2185 3808 2226 3879 τ
2256 3804 2396 3877 Εἶχε
2445 3809 2517 3862 τό
2539 3822 2555 3839 ο
2596 3807 2756 3872 Μηνὶ
2794 3801 3117 3872 Ἀπριλλίῳ
3159 3799 3278 3856 ινδ.
3311 3799 3417 3865 ιβ’,
3447 3796 3526 3852 δι’
3553 3797 3678 3866 ἐρυ-

2113 3901 2271 3970 θρῶν
2307 3899 2664 3970 γραμμάτων
2723 3895 2833 3965 τῆς
2860 3892 3194 3962 ,ϐασιλικῆς
3245 3893 3411 3956 θείας
3460 3889 3679 3960 χειρός.

2329 4037 2492 4094 XVII.
2527 4035 2768 4107 Synodus
2803 4033 3003 4089 dirimit
3043 4032 3475 4088 controversiam.

2185 4174 2224 4246 -ι-
2257 4171 2402 4242 Μηνί
2431 4169 2771 4241 Δεκεμϐρίῳ,
2797 4169 2980 4240 ἡμέρᾳ
3007 4166 3268 4239 Δευτέρα,
3297 4167 3397 4221 ἰνδ.
3431 4171 3523 4234 ιγ’,
3549 4182 3678 4235 προ-

2111 4269 2426 4340 καθημένου
2481 4267 2577 4320 τοῦ
2630 4268 3048 4334 παναγιωτάτου
3099 4264 3258 4334 ἡμῶν
3291 4263 3553 4317 δεσπότου
3587 4265 3679 4314 το)

2112 4353 2494 4431 οἰκούμενικοῦ
2526 4362 2870 4431 πατριάρχου
2903 4360 3009 4428 κύρ
3062 4356 3284 4410 Ἡσαΐου
3320 4359 3376 4410 ἐν
3399 4359 3514 4420 τοῖς
3544 4357 3681 4408 κατὰ

2111 4453 2201 4504 τὸν
2248 4453 2402 4517 ἅγιον
2459 4448 2835 4517 Θεοφύλακτον
2890 4447 3122 4510 κελλίοις
3152 4445 3340 4514 αὑτοῦ,
3395 4447 3680 4518 συνεδρια-

2112 4544 2314 4607 ζόντων
2342 4545 2409 4612 τῇ
2447 4541 2658 4612 μεγάλῃ
2690 4540 2969 4610 ἁγιωσύνῃ
3004 4539 3172 4592 αὑτοῦ
3228 4541 3322 4592 καὶ
3372 4541 3684 4610 ἰερωτάτων

439 4632 652 4702 ποίητα
699 4629 953 4698 στέργειν
988 4628 1192 4693 ὀφείλει
1224 4627 1293 4678 τά
1322 4625 1450 4695 περὶ
1475 4625 1684 4688 τούτου,
1724 4623 1799 4683 ὠς
1828 4623 1923 4674 καὶ
1953 4623 2011 4674 τὸ
2042 4642 2088 4700 D
2117 4634 2441 4706 ἀρχιερέων,
2488 4634 2581 4686 τοῦ
2645 4631 2893 4702 Ἐφέσου,
2946 4633 3250 4701 ὑπερτίμου
3311 4637 3405 4684 χαι
3450 4631 3681 4704 ἐξάρχου

442 4727 642 4778 σεπτὸν
701 4721 998 4792 διορίζεται
1054 4718 1404 4789 πρόσταγμα.
1460 4715 1645 4769 Ταῦτα
1697 4713 2013 4786 παρεκϐλη-

439 4819 603 4872 θέντα
631 4816 738 4868 άπὸ
768 4812 877 4868 τῶν
909 4811 1227 4884 ἡμερησίων
1259 4808 1558 4863 συνοδικῶν
1615 4806 2013 4878 παρασημειώ-

443 4927 584 4965 σεων
615 4909 708 4963 καὶ
730 4909 796 4980 τῇ
833 4907 1126 4976 ὑπογραφῇ
1151 4905 1245 4958 καὶ
1273 4904 1527 4975 σφραγῖδι
1559 4901 1652 4956 τοῦ
1680 4901 2011 4971 τιμιωτάτου

442 5004 687 5078 μεγάλου
718 4998 1133 5072 χαρτοφύλακος
1171 4996 1510 5050 πιστωθέντα
1538 4993 1846 5049 ἐπιδέδοται
1881 4995 2012 5063 μηνὶ

446 5096 538 5150 καὶ
592 5093 692 5149 ινδ.
737 5094 848 5155 τοίς
871 5090 1384 5161 ἀναγεγραμμένοις
1415 5089 1566 5152 ἔτους
1593 5085 1801 5158 ,ςωλζη

404 5225 580 5306 ¹Χὶίί.
641 5245 942 5316 Imperator
994 5241 1283 5366 con/incaluit
1326 5241 1704 5313 prwcedemem
1750 5243 2009 5297 actionem

1059 5329 1190 5366 δυηο
1229 5333 1258 5366 α
1286 5330 1387 5366 em.

1059 5329 1387 5383 synoaatem.

439 5457 479 5528 -ξα
531 5453 763 5526 Ἕτερον
793 5453 956 5531 θεῖον⁵
985 5450 1082 5531 κα).
1112 5449 1488 5531 προσκυνητὸν
1521 5449 1856 5531 πρόσταγμα
1890 5451 2009 5505 ἐπι-

793 5521 995 5594 κυροῦν
1015 5521 1112 5591 τὴν
1145 5523 1400 5590 τοιαύτην
1433 5523 1652 5590 πρᾶξιν.

507 5637 550 5710 -ι-
585 5637 758 5702 Ἑπεί,
789 5635 862 5700 ὼς
902 5635 1104 5705 ἐτάχθη
1131 5638 1210 5698 εἰς
1244 5633 1575 5704 μητρόπολιν
1630 5635 1718 5688 διά
1769 5637 2008 5706 προστά·

440 5747 654 5804 γματος
687 5729 787 5798 τῆς
805 5727 1086 5799 βασιλείας
1121 5744 1222 5796 μου
1261 5729 1294 5796 ἡ
1325 5728 1603 5798 άγιωτάτη
1636 5728 1900 5799 ἐκκλησία
1923 5729 2010 5782 Ζι-

439 5821 604 5896 χνῶν,
640 5819 760 5889 ἥτις
811 5816 880 5889 ἦν
916 5819 1183 5887 πρότερον
1231 5817 1505 5888 ἐπισκοπὴ
1547 5821 1646 5889 τῆς
1693 5821 2008 5891 ἁγιωτάτης

442 5896 830 5988 μητροπόλεως
883 5910 1121 5980 Σερρῶν,
1158 5910 1342 5976 ἔταξεν
1387 5915 1418 5983 ἡ
1464 5912 1709 5983 βασιλεία
1769 5931 1874 5985 μου
1919 5916 2006 5973 διὰ

2116 4731 2294 4796 πάσης
2338 4725 2542 4792 Ἀσίας,
2589 4724 2891 4790 Ματθαίου,
2919 4722 3014 4776 τοῦ
3045 4724 3358 4795 Μελιτηνῆς
3393 4726 3484 4777 καὶ
3512 4728 3681 4793 ὑπερ-

2115 4821 2299 4889 τίμου,
2328 4818 2630 4884 Θεοδοσίου,
2661 4816 2754 4868 τοῦ
2779 4815 3033 4869 Παλαιῶν
3063 4815 3298 4886 Πατρῶν
3331 4817 3423 4869 καὶ
3452 4817 3684 4888 ὑπερτί-

2117 4928 2220 4980 μου
2249 4948 2264 4963 .
2292 4947 2308 4964 .
2329 4946 2353 4964 -.
2383 4949 2396 4962 .
2426 4949 2440 4964 .
2493 4911 2584 4965 τοῦ
2625 4910 2844 4982 Σερῤῶν
2874 4914 2969 4965 καὶ
3008 4911 3335 4980 ὐπερτίμου,
3369 4913 3681 4983 Μακαρίοι,

2114 5000 2209 5052 τοῦ
2248 5000 2492 5063 Ιιισιδίας
2535 5003 2632 5053 καὶ
2656 5001 2988 5071 ὐπερτίμου.
3021 5001 3347 5070 Γρηγορίου,
3381 5001 3471 5054 τοῦ
3513 5004 3684 5074 Πρού-

2116 5112 2233 5165 σης,
2273 5096 2573 5167 ὑπερτίμου
2600 5099 2692 5150 καὶ
2720 5097 2979 5166 προέδρου
3014 5096 3237 5168 Βιζύης,
3260 5100 3555 5165 Νικολάου,
3593 5102 3686 5154 τοῦ

2119 5191 2331 5260 ’Δπρω,
2385 5191 2687 5260 ὐπερτίμου
2741 5191 2836 5244 καὶ
2902 5193 2992 5244 τδν
3041 5194 3204 5246 τόπον
3251 5195 3542 5263 ἐπέχοντος
3594 5195 3682 5245 τοῦ

2112 5283 2415 5353 Εὐχαίτων,
2459 5284 2675 5353 Ἰωσὴφ,
2723 5283 2816 5337 τοῦ
2865 5285 3172 5355 Μηθύμνης
3225 5286 3320 5339 καὶ
3351 5286 3682 5355 ὑπερτίμου,

2109 5373 2416 5444 Μαλαχίου,
2465 5373 2558 5427 τοῦ
2619 5375 2792 5430 Γάνον
2851 5381 2944 5431 καὶ
2992 5377 3317 5447 ὐπερτίμου,
3371 5378 3540 5446 Μηνᾶ
3591 5380 3683 5431 και

2108 5464 2203 5520 τοῦ
2256 5467 2692 5536 ἁρχιεπισκόπου
2749 5469 3172 5540 Προικοννήσου,
3214 5467 3490 5540 Μανουηλ,
3533 5487 3682 5542 παρ·

2114 5561 2419 5628 ισταμένων
2484 5565 2577 5612 καὶ
2650 5559 3086 5629 θεοφιλεστάτων
3162 5559 3499 5615 δεσππικῶν
3580 5563 3682 5636 άρ-

2108 5650 2334 5719 χόντων.

2180 5744 2218 5815 -ί-
2261 5745 2512 5815 ιιαρέστη
2540 5748 2604 5815 τῇ
2632 5746 2766 5811 ⁹καθ’
2800 5749 2946 5819 ἡμᾶς
2977 5750 3100 5821 ἱερᾷ
3137 5753 3232 5804 καί
3260 5751 3379 5824 θεία
3399 5740 3614 5824 συνόδῳ
3653 5757 3679 5805 δ

2109 5840 2306 5901 οἰκεῖος
2357 5838 2436 5908 τῷ
2489 5843 2766 5913 κρατίστῳ
2825 5845 2918 5896 καὶ
2971 5844 3111 5916 ἁγίῳ
3174 5864 3275 5917 μου
3312 5848 3677 5918 αὐτοκράτορι

2109 5929 2213 6002 κύρ
2239 5930 2512 6002 Θεόδωρος
2557 5937 2582 5986 ὸ
2614 5935 2846 6007 Βρανάς,
2885 5937 2980 5992 καὶ
3013 5939 3300 6010 ἀνέφερεν,
3331 5942 3398 6002 ὡς
3436 5940 3471 6009 ἡ
3511 5940 3676 6006 σύζυ-
