3940 6550
353 484 365 500 .
389 439 518 499 ιτιη

1542 439 1782 500 ESAUE
1818 440 1926 500 (ΖΡ.
1971 442 2478 503 ΡΑΤΠίΑίὶίῖίί.·Ε

3474 438 3610 532 ιεοε

377 549 468 602 τοῦ
496 549 585 602 ἐπῖ
615 545 708 600 τοῦ
745 544 837 599 ἐπὶ
871 545 961 599 τοῦ
997 548 1304 604 κανικλείου
1337 551 1568 620 ἐκείνου,
1606 552 1735 624 παρ’
1783 571 1844 607 ου
1874 552 1940 620 δὴ
1980 566 2018 619 Α
2053 554 2342 624 κρατίστου
2399 555 2492 608 καὶ
2527 555 2683 624 ἀγίου
2717 572 2819 623 μου
2875 553 3279 624 αὐτοκράτορος
3338 553 3479 621 μετά
3509 551 3610 623 τῆς

377 641 471 695 καὶ
499 641 800 712 κατεσχέθη
830 640 1015 694 ἔκτοτε
1045 643 1135 694 καὶ
1173 643 1449 716 ἠμελήθη,
1484 646 1579 701 καλ⁵
1603 649 1940 719 κατήντησεν

377 736 458 796 εἰς
493 734 772 806 ἐρήμωσιν
823 732 1070 803 πολλήνο
1100 732 1274 788 ταῦτα
1323 737 1357 807 ή
1412 738 1677 810 εἰρημένη
1732 741 1942 810 μοναχῆ

391 824 714 894 Ἀγαθονίκη
743 824 1085 892 ἀνενέγκασα
1115 826 1306 898 ἐδεήθη
1337 828 1432 898 τῆς
1458 828 1618 900 ήμῶν
1651 829 1941 900 μετριότη-

376 933 491 979 τος.
525 917 588 969 Ἦ
625 915 915 987 μετριότης
963 918 1164 994 τοίνυν.
1191 919 1352 990 ήμῶν
1384 920 1496 973 δεῖν
1526 917 1662 974 εἶναι
1710 922 1943 991 κρίνασα

377 1012 472 1064 καὶ
501 1008 594 1062 τοῦ
629 1010 828 1081 μέρους
858 1009 954 1064 τοῦ
989 1012 1082 1064 ἐπὶ
1120 1011 1215 1064 τοῦ
1265 1013 1574 1066 κανικλείου
1611 1013 1864 1077 ἀκοῦσαι,
1897 1013 1948 1066 εί

376 1121 429 1156 τι
461 1101 830 1174 προϐαλέσθαι
863 1103 958 1157 καὶ
985 1105 1162 1156 είπεῖν
1185 1104 1310 1174 ’ἔχει
1339 1105 1469 1174 περὶ
1503 1103 1597 1160 τοῦ
1629 1105 1942 1174 μονυδρίου,

377 1193 734 1265 διαμηνύεται
765 1197 1077 1265 ἀπαντῆσαι
1105 1197 1196 1249 καὶ
1235 1196 1433 1260 αὐτοὺς
1473 1200 1553 1259 είς
1591 1197 1652 1249 τὸ
1691 1197 1946 1266 δικαστή-

383 1305 516 1351 ριον,
556 1289 652 1342 καὶ⁵
691 1287 1050 1358 πεπόμφασιν
1097 1283 1243 1343 οὗτοι
1299 1293 1399 1360 τήν
1446 1289 1738 1360 διαθήκην,
1778 1289 1946 1359 μηδὲν

381 1380 569 1451 ἕτερον
623 1379 806 1450 ἀλλ’ἢ
861 1381 1024 1451 μόνον
1071 1380 1241 1451 αὐτὴν
1289 1383 1368 1445 είς
1412 1381 1696 1436 δικαίωσιν
1736 1382 1947 1435 ἑαυτῶν

381 1472 756 1542 προϐαλέσθαι
778 1473 993 1545 ἔχοντες
1021 1489 1036 1504 °
1073 1475 1168 1528 καὶ
1204 1475 1330 1527 ἐπεὶ
1351 1475 1575 1546 τρόπον,
1605 1475 1666 1528 δν
1709 1477 1946 1546 εἴρηται,

379 1568 472 1623 τὸν
505 1565 790 1636 Κουνάλην
840 1565 1043 1620 πλάσαι
1077 1566 1281 1636 ταύτην
1315 1567 1347 1636 ή
1386 1567 1594 1636 μοναχὴ
1629 1566 1836 1635 ἔλεγεν,
1871 1567 1947 1618 ίσ-

381 1654 637 1726 χυρίζετο
669 1655 726 1710 δέ
757 1656 849 1709 καὶ
881 1659 940 1710 τὸ
989 1657 1154 1727 μέρος
1199 1656 1294 1710 τοῦ
1329 1657 1422 1710 ἐπὶ
1469 1657 1562 1710 τοῦ
1614 1658 1947 1724 κανικλείου,

385 1749 553 1819 μόνην
582 1749 787 1818 ταύτην
811 1749 874 1819 δή
910 1747 1006 1822 τήν
1041 1747 1284 1820 μοναχὴν
1331 1749 1690 1820 Ἀγαθονίκην
1715 1749 1952 1821 ἐνοχλεῖν

383 1836 516 1906 περὶ
543 1837 638 1890 τοῦ
668 1837 982 1908 μονυδρίου,
1005 1838 1106 1909 τῆς
1142 1839 1348 1909 μητρὸς
1381 1840 1554 1910 αὐτῆς
1582 1842 1680 1910 τῆς
1707 1841 1950 1911 μοναχῆς

396 1930 756 1993 ’Δναστασίας
785 1930 1080 2002 δεχομένης
1117 1932 1214 1986 καὶ
1254 1931 1591 2002 στεργούσης
1635 1933 1733 2002 τὴν
1760 1931 1948 2002 διαθή-
1980 1913 2022 1969 Β

382 2040 506 2092 κην.
536 2022 644 2075 Καὶ
676 2023 862 2094 ἐδέησε
901 2021 988 2078 διὰ
1029 2023 1186 2078 τοῦτο
1222 2023 1513 2094 ἐπιστῆναι
1549 2025 1642 2078 καὶ
1672 2024 1843 2095 αὐτήν
1873 2025 1954 2088 είς

387 2114 448 2166 τὸ
497 2113 872 2187 δικαστήριον,
911 2113 1098 2168 λαϐεῖν
1149 2116 1206 2169 δέ
1257 2118 1403 2187 ἡμᾶς
1441 2117 1818 2186 πληροφορίαν
1844 2117 1952 2170 τῶν

382 2206 687 2276 εἰρημένων
715 2207 810 2260 καὶ
859 2207 1014 2278 παρά
1040 2208 1134 2262 τοῦ
1171 2207 1503 2275 δηλωθέντος
1535 2207 1952 2276 θεοφιλεστάτου

383 2298 686 2352 ἐπισκόπου
743 2299 988 2364 Δανείου,
1039 2300 1385 2372 προσεκλήθη
1423 2301 1516 2355 καὶ
1548 2299 1815 2354 κατέλαϐε
1861 2301 1956 2353 καὶ

382 2388 551 2458 αὕτη,
637 2390 732 2444 καὶ
784 2390 1126 2460 ἐρωτηθεῖσα
1189 2391 1500 2457 συνοδικῶς,
1563 2389 1956 2460 πεπλασμένην

381 2482 586 2550 ὁμοίως
617 2483 708 2535 καὶ
741 2483 877 2550 αὐτὴ
908 2483 1008 2554 τὴν
1037 2483 1308 2554 διαθήκην
1327 2482 1759 2552 ἔλεγεν,έγραψε
1778 2482 1833 2537 δέ
1861 2481 1954 2536 καὶ

382 2576 411 2626 ὁ
435 2574 853 2641 θεοφιλέστατος
881 2575 1178 2638 ἐπίσκοπος
1205 2576 1427 2630 Δανείου
1456 2576 1550 2629 καὶ
1573 2573 1952 2646 ἐμαρτύρησε,

384 2663 659 2734 προϐῆναι
690 2665 760 2718 τά
789 2664 882 2718 τοῦ
910 2667 1259 2736 πράγματος,
1291 2666 1364 2729 ὡς
1389 2668 1422 2736 ή
1455 2669 1664 2736 μοναχῆ
1692 2665 1952 2735 ἀνέφερε,

385 2757 482 2809 καὶ
527 2755 602 2818 ὠς
636 2755 777 2825 πρὸς
833 2756 1004 2820 αύτάς
1051 2756 1417 2826 παρέπεμψεν
1452 2759 1659 2819 ἐκεῖνος
1692 2759 1754 2810 τὸ
1791 2755 1955 2825 μονύ-

383 2843 558 2913 δριον,
593 2845 690 2896 καὶ
739 2842 814 2908 ὡς
869 2841 1099 2916 ὕστερον
1146 2845 1422 2899 ἐπλάσατο
1467 2844 1568 2908 τὴν
1621 2846 1886 2918 διαθήκην
1929 2849 1958 2900 ό

387 2937 672 3009 Κουνάλης
705 2939 798 2992 καὶ
834 2940 1151 3011 ὑπέγραψεν
1187 2943 1266 3006 είς
1303 2942 1475 3013 αύτήν
1506 2942 1598 2995 καὶ
1631 2941 1958 3013 ὑπογραφὴν

384 3032 548 3100 δῆθεν
589 3029 684 3083 τοῦ
720 3033 1024 3086 ἐπισκόπου
1073 3036 1168 3087 καὶ
1225 3033 1451 3102 ἐτέρων.
1500 3034 1650 3087 Λύτά
1697 3033 1755 3086 δὲ
1783 3033 1957 3088 ταῦτα

389 3123 749 3194 ἐμαρτυρήθη
791 3125 1083 3194 ἐγγράφως
1117 3126 1212 3180 καὶ
1235 3127 1389 3197 παρά
1425 3126 1536 3179 τῶν
1563 3126 1841 3197 κληρικῶν
1863 3128 1957 3178 αύο

2049 644 2141 698 ὑπ’
2166 646 2326 699 αύτδν
2365 647 2667 718 συγκλήτου
2724 646 2814 700 καὶ
2843 645 3068 712 τάξεως,
3106 643 3442 714 προέτρεψεν
3473 645 3610 698 ἀνα-

2047 737 2355 807 γνωσθῆναι
2383 741 2480 801 τάς
2517 739 2770 802 τοιαύτας
2815 737 3054 809 γραφάς.
3091 737 3202 790 Καὶ
3248 736 3311 806 δή
3362 737 3615 804 ἀναγνω-

2049 829 2276 884 σθεισῶν
2305 830 2386 894 είς
2425 831 2663 901 ἐπήκοον
2703 831 2920 884 πάντων
2947 829 3195 900 ἔγνωμεν
3236 828 3482 899 ἀκριϐῶς
3513 827 3615 894 τὴν
3651 881 3654 886 .

2033 922 2320 992 ’ὑμετέραν
2377 923 2733 993 ἐπιστροφήν,
2791 923 2858 993 ήν
2893 921 3030 976 Θεοῦ
3089 922 3413 991 κινήσαντος
3463 922 3613 989 ὑμᾶς

2051 1016 2186 1084 μετά
2216 1013 2426 1084 θερμῆς
2459 1014 2600 1068 πάνυ
2649 1013 2744 1067 καὶ
2771 1012 3102 1083 εἰλικρινοῦς
3143 1012 3437 1074 διαθέσεως
3477 1011 3619 1064 ἐδεί-

2050 1105 2234 1171 ξασθε.
2257 1106 2431 1176 Ὅσης
2466 1101 2560 1160 οῦν
2584 1105 2848 1176 εὐθυμίας
2877 1103 3122 1176 ἐπλήσθη
3133 1121 3230 1173 μεν
3255 1103 3350 1156 ἐπὶ
3377 1103 3616 1170 τούτοις,

2046 1199 2176 1267 ὅσης
2213 1197 2404 1269 ήδονῆς
2443 1199 2538 1251 καὶ
2570 1198 2689 1253 οῖαν
2716 1197 2947 1268 ἔσχομεν
3001 1193 3374 1266 πνευματικὴν
3419 1195 3618 1264 εὖφρο-

2051 1290 2237 1360 σύνην,
2294 1291 2348 1343 τί
2383 1290 2487 1361 χρὴ
2538 1293 2632 1343 καὶ
2669 1291 2888 1358 λέγειν;
2953 1290 3092 1361 πλὴν
3141 1289 3221 1343 δτι
3273 1287 3622 1356 ἐπεσκέψατο

2051 1382 2256 1452 Κύριος
2308 1386 2408 1453 τὴν
2443 1381 2818 1453 κληρονομίαν
2869 1381 3062 1450 αὑτοῦ,
3093 1381 3190 1434 καὶ
3242 1381 3302 1434 ού
3355 1381 3622 1450 παρεῖδεν

2051 1472 2217 1544 ὑμᾶς,
2251 1474 2342 1528 τὸν
2393 1475 2596 1528 οίκεῖον
2650 1474 2814 1528 αὑτοῦ
2853 1473 3004 1540 λαὸν,
3053 1475 3114 1528 δν
3143 1473 3220 1544 τῷ
3251 1473 3367 1543 [δίῳ
3421 1474 3623 1542 αἵματι

2051 1566 2499 1638 περιεποιήσατο,
2525 1567 2922 1637 διεσπασμένον
2941 1561 3081 1620 εἶναι
3106 1565 3198 1619 καὶ
3222 1564 3625 1636 διερῤηγμένον

2052 1656 2133 1718 εἰς
2161 1653 2333 1721 τέλος,
2365 1653 2483 1708 ἀλλ’
2509 1653 2701 1726 ὥσπερ
2731 1656 2992 1726 πρότερον
3013 1653 3101 1708 διὰ
3127 1653 3415 1723 σπλάγχνα
3441 1652 3624 1716 ἐλέους

2053 1745 2189 1800 Θεοῦ
2230 1745 2440 1816 [ἰατρὸς
2498 1745 2622 1800 καθ’
2654 1747 2801 1817 ἡμᾶς
2830 1745 3237 1816 ἀναμαρτήτως
3269 1746 3496 1814 γέγονεν
3527 1743 3623 1797 ἀνο

2057 1837 2293 1908 θρωπος,
2331 1838 2427 1890 καὶ
2457 1841 2519 1890 τδ
2577 1836 3188 1908 μεσότοιχον·καθελὼν
3216 1839 3310 1890 τοῦ
3357 1834 3625 1907 φραγμοῦ

2051 1929 2150 1997 τήν
2179 1929 2420 2000 ἀρχαίαν
2452 1929 2821 1983 καταλέλυκεν
2874 1929 3095 1999 ἔχθραν,
3151 1930 3246 1983 καὶ
3281 1927 3626 1998 κατήλλαξεν

2054 2023 2200 2090 ἡμᾶς
2229 2024 2308 2093 τῷ
2341 2022 2460 2092 Θεῷ
2489 2024 2585 2077 καὶ
2619 2023 2817 2094 Πατρὶ,
2851 2021 2998 2076 οὕτω
3038 2025 3134 2076 καὶ
3169 2022 3264 2076 νῦν
3311 2021 3437 2074 ίδὼν
3464 2016 3624 2082 αὖθις

2057 2117 2200 2188 θμᾶς
2223 2115 2518 2187 σπέρματα
2542 2115 2757 2186 πονηρά
2782 2115 3114 2185 δεξαμένους
3139 2114 3294 2185 παρά
3314 2114 3408 2167 τοῦ
3436 2111 3626 2168 κοινοῦ

2055 2207 2318 2279 πολεμίου
2372 2208 2470 2262 καὶ⁹
2530 2207 2814 2262 διάστασιν
2880 2206 3076 2279 ἑτέραν
3136 2205 3479 2269 πεπονθότας
3535 2205 3627 2257 ἐπὶ

2055 2304 2199 2357 πάνυ
2233 2299 2456 2365 πολλοῖς
2486 2301 2600 2364 τοῖς
2629 2300 2843 2371 χρόνοις
2874 2302 3013 2371 πρὸς
3041 2299 3140 2370 τήν
3190 2299 3378 2368 κοινὴν
3412 2296 3628 2368 μητέρα

2054 2392 2164 2445 τῶν
2207 2391 2538 2460 ἐκκλησιῶν,
2597 2388 2832 2461 ᾤκτειρε
2885 2391 2976 2442 καὶ
3029 2388 3490 2458 κατεδυσωπήθη,
3529 2391 3622 2440 καὶ

2055 2484 2154 2538 ούκ
2188 2483 2370 2554 ἀφῆκε
2402 2483 2493 2535 τὸν
2526 2483 2771 2534 τοιοῦτον
2806 2481 2999 2551 ἐχθρδν
3041 2481 3202 2552 μέχρι
3233 2480 3420 2541 τέλους
3459 2482 3627 2545 ἐπεγ-

2057 2575 2224 2647 γελᾷν
2255 2577 2320 2646 τῇ
2349 2575 2609 2646 συντριϐῇ
2643 2577 2740 2645 τῆς
2787 2575 2924 2638 ἰδίας
2955 2573 3358 2644 κληρονομίας
3393 2572 3490 2626 ac:
3516 2573 3626 2625 τοί·

2057 2686 2154 2721 νυν
2181 2669 2342 2736 σοφὸς
2375 2668 2451 2721 ὢν
2488 2670 2673 2738 ίατρδς
2694 2667 2805 2720 τῶν
2835 2667 3121 2738 ἡμετέρων
3144 2665 3334 2736 ψυχῶν
3362 2669 3456 2718 καὶ
3491 2681 3627 2734 συμο

2058 2763 2333 2832 φερόντως
2378 2761 2684 2828 οἰκονομῶν
2714 2761 2780 2812 τὰ
2815 2760 3082 2829 ἡμέτερα,
3117 2759 3245 2821 τούς
3275 2776 3334 2811 τε
3397 2758 3627 2826 καιροὺς

2059 2855 2218 2918 εἰδὼς
2238 2854 2435 2926 ἄριστα
2463 2855 2564 2924 τῆς
2595 2853 2892 2923 θεραπείας
2923 2851 3098 2920 ὑμῶν,
3127 2851 3224 2904 καὶ
3253 2851 3468 2912 ὁποίοις
3492 2866 3627 2918 φαρ-

2064 2946 2258 3016 μάκοις
2285 2947 2318 3016 ή
2347 2945 2639 3015 ἐνοχλοῦσα
2671 2945 2822 3006 νόσος
2855 2943 3207 3014 ἐξιαθήσεται
3233 2941 3327 2994 καὶ
3353 2939 3416 2992 τὸ
3443 2941 3627 3009 ἐμφωο

2060 3040 2220 3094 λεῦον
2265 3039 2687 3109 ἐξαιρεθήσεται
2722 3037 2918 3101 πάθος,
2951 3037 3000 3090 εἰ
3047 3037 3142 3089 καὶ
3178 3036 3343 3106 μέχρι
3384 3034 3483 3087 τοῦ
3527 3051 3625 3086 πα-

2064 3133 2247 3204 ρόντος
2272 3131 2755 3203 ἐμακροθύμησεν,
2798 3129 2914 3183 ἀλλ’
2943 3123 3037 3182 οὖν
3078 3129 3166 3181 ὅτε
3203 3128 3449 3197 γνησίως
3485 3127 3630 3196 ὑμᾶς

388 3216 482 3270 τοῦ
532 3217 629 3271 καὶ
687 3217 839 3289 παρά
870 3219 965 3272 τοῦ
996 3218 1416 3290 καθηγουμένου
1455 3219 1551 3272 τοῦ
1585 3219 1956 3290 μοναστηρίου
1985 3266 2028 3293 η
2063 3219 2170 3276 εἶδε
2203 3222 2302 3292 τὴν
2357 3222 2602 3292 ίατρείαν
2631 3219 3125 3293 παραδεξομένους,
3149 3221 3216 3288 τῇ
3250 3219 3416 3289 τέχνῃ
3468 3218 3630 3287 ἐχρή-

388 3309 480 3361 τοῦ
513 3307 770 3379 Μωσηλέ,
805 3309 927 3364 ὅθεν
973 3314 1067 3367 καὶ
1114 3309 1404 3366 ἐδικαίωσε
1453 3311 1811 3382 συνοδικῶςή
1862 3328 1955 3381 με·

390 3403 612 3472 τριότης
649 3403 808 3472 ήμῶν
837 3405 1094 3473 γενέσθαι
1125 3405 1224 3468 τάς
1274 3406 1518 3475 μοναχάς
1551 3405 1866 3476 ἀμφοτέρας
1901 3406 1959 3457 ἐν

393 3498 594 3566 κατοχῇ
629 3496 721 3549 τοῦ
757 3497 1042 3566 μονυδρίου
1071 3497 1224 3552 τοῦδε
1251 3498 1395 3553 κατὰ
1419 3498 1518 3570 τήν
1543 3498 1636 3551 τοῦ
1660 3498 1960 3568 δομήτορος

392 3589 612 3658 θέλησιν
631 3605 647 3620 ο
680 3591 773 3643 καὶ
803 3591 935 3659 γοῦν
966 3590 1321 3660 ἐπιλήψονται
1351 3593 1448 3646 καὶ
1475 3591 1804 3658 καθέξουσιν
1830 3589 1961 3644 αύτδ

396 3682 534 3751 μετά
567 3683 662 3734 καί
695 3683 791 3736 τοῦ
827 3682 920 3737 ὑπ’
963 3684 1100 3736 αὐτὸ
1144 3684 1416 3754 μετοχίου.
1448 3683 1805 3754 ἀντιστρέψαι
1866 3682 1963 3736 καὶ

391 3774 685 3828 ἀποδοῦναι
720 3776 1028 3844 ὀφείλοντος
1050 3776 1146 3828 τοῦ
1184 3777 1386 3846 μέρους
1419 3777 1513 3830 τοῦ
1545 3777 1636 3829 ἐπὶ
1680 3775 1776 3830 τοῦ
1811 3793 1962 3830 κανι-

393 3868 596 3934 κλείου,
628 3869 752 3922 εἴτι
775 3869 1059 3937 ἀφείλοντο
1091 3869 1188 3922 ἀπ’
1213 3867 1402 3923 αὐτοῦ.
1437 3870 1620 3924 Ταῦτα
1650 3870 1964 3939 παρεκϐλη-

395 3960 557 4013 θέντα
586 3959 696 4012 ἀπδ
726 3960 837 4013 τῶν
870 3959 1190 4031 ήμερησίων
1219 3961 1514 4014 συνοδικῶν
1567 3961 1963 4031 παρασημειὼ-

394 4070 535 4105 σεων
567 4053 661 4105 καὶ
691 4056 757 4123 τῇ
807 4053 1100 4122 ὑπογραφῇ
1141 4055 1236 4108 καὶ
1270 4053 1526 4122 σφραγῖδι
1576 4054 1667 4106 τοῦ
1703 4055 1965 4122 τιμιωτά-

393 4162 488 4198 ⁴ι-ου
522 4145 762 4215 μεγάλου
796 4144 1211 4216 χαρτοφύλακος
1255 4149 1618 4210 πιστωθέντα,
1663 4147 1964 4200 ἐπιδέδοται

399 4236 531 4309 μηνὶ
565 4239 658 4292 καὶ
705 4238 802 4292 ίνδ.
833 4240 946 4302 τοῖς
985 4238 1499 4310 ἀναγεγραμμένοις
1546 4239 1702 4301 έτους
1749 4236 1962 4308 ,ςωλη’.

392 4396 537 4456 XIX.
566 4397 755 4453 Esaias
779 4398 959 4453 scribit
980 4393 1242 4452 catholico
1267 4395 1518 4452 Ecclesia
1539 4396 1887 4457 Armeniam,
1912 4411 1967 4448 εε

465 4485 581 4524 eum
623 4485 739 4538 cum
768 4477 878 4523 tota
912 4467 1150 4538 Εεςίεεία
1180 4467 1499 4525 Armeniaca
1536 4468 1780 4538 recipere.
1811 4466 1864 4522 in
1892 4466 1967 4518 si—

464 4555 592 4596 num
624 4537 875 4598 Ecclesia:
903 4536 1224 4598 orthodoxa.

467 4699 508 4768 ἰ-
524 4694 951 4765 Δὶδεσιμώτατε,
982 4693 1282 4762 τιμιώτατε
1303 4693 1397 4748 καὶ
1419 4693 1782 4750 εύλαϐέστατε
1805 4696 1968 4749 καθο-

396 4792 514 4846 λικέ
559 4791 660 4858 τῆς
701 4787 1032 4856 Ἐκκλησίσς
1073 4787 1184 4841 τῶν
1231 4788 1552 4857 ’Δρμενίων,
1601 4789 1634 4858 ή
1674 4790 1966 4859 μετριότης

394 4884 557 4956 ήμῶν
589 4885 652 4936 ἐκ
686 4884 862 4954 μέσης
884 4881 1064 4952 ψυχῆς
1091 4880 1380 4950 ἐπεύχεται
1414 4880 1654 4951 ἅψασθαι
1682 4883 1784 4951 τήν
1808 4883 1968 4952 χάριν

392 4977 490 5032 τοῦ
521 4974 862 5047 είρηνοδότου
884 4974 1017 5028 Θεοῦ
1043 4974 1198 5044 ήμῶν
1217 4975 1324 5026 τῶν
1347 4975 1586 5044 καρδιῶν
1610 4974 1708 5045 τῆς
1739 4991 1798 5028 τε
1827 4976 1971 5029 αίδε-

397 5069 688 5140 σιμότητος
725 5085 820 5120 σου
848 5068 943 5119 καὶ
976 5067 1174 5129 παντὸς
1197 5065 1292 5120 τοῦ
1327 5067 1419 5121 ὑπ’
1447 5069 1616 5138 αὐτὴν
1640 5067 1797 5132 λαοῦ,
1825 5067 1963 5123 ὥστε

397 5161 792 5233 κραταιότερον
818 5159 912 5212 καὶ
950 5159 1327 5229 ἐντελέστερον
1361 5161 1457 5213 καὶ
1484 5159 1721 5230 ζητῆσαι
1749 5160 1842 5212 καὶ
1873 5178 1968 5213 κα-

393 5253 779 5325 ταπράξασθαι
834 5251 934 5323 τήν
994 5251 1114 5321 μεθ’
1167 5252 1325 5322 ήμῶν
1381 5252 1596 5317 ένωσιν,
1633 5251 1821 5321 ὥσπερ
1874 5251 1968 5303 καὶ

398 5351 561 5419 ἡμεῖς
599 5347 692 5400 καὶ
720 5344 996 5415 ζητοῦμεν
1037 5347 1130 5397 κο.)⁵
1157 5343 1536 5414 ἀποδεχόμεθα
1582 5344 1677 5395 καὶ
1707 5342 1778 5395 δι’
1800 5327 1972 5413 ἓύχῆς

394 5445 489 5495 καὶ
520 5440 761 5508 ἐφέσεως
790 5437 1112 5507 ποιούμεθα.
1138 5439 1200 5490 Οί
1235 5434 1635 5495 ἀποσταλέντες
1662 5433 1793 5503 παρ’
1814 5433 1970 5504 ὑμῶν

403 5533 687 5605 πρέσϐεις,
739 5531 1134 5591 καταλαϐόντες
1161 5529 1417 5594 ἐνταῦθα,
1459 5527 1782 5596 διεκόμισαν
1833 5529 1970 5593 πρὸς

402 5629 573 5696 ἡμᾶς,
609 5628 792 5692 ἅσπερ
843 5624 1175 5690 ἐπεφέροντο
1209 5619 1430 5690 γραφὰς
1469 5622 1618 5689 παρὰ
1659 5621 1760 5689 τῆς
1807 5619 1969 5674 εὺλα-

399 5718 555 5777 ϐείας
607 5715 784 5784 ὑμῶν.
828 5713 893 5766 Ἦ
927 5711 1063 5781 γοῦν
1114 5713 1407 5782 μετριότης
1463 5711 1620 5780 ήμῶν
1665 5711 1968 5777 ἀθροίσασα

401 5826 467 5862 πε
479 5810 534 5876 ρὶ
565 5807 736 5875 αὐτὴν
761 5805 888 5868 τοὺς
924 5803 1348 5875 παρατυχόντας
1396 5803 1506 5856 τῶν
1541 5803 1846 5874 ἀρχιερέων
1878 5804 1972 5856 καὶ

401 5899 622 5963 σύνοδον
668 5897 1037 5968 ποιησαμένη,
1098 5896 1482 5967 συμπαρόντος
1537 5897 1669 5966 ήμῖν
1724 5897 1814 5954 καὶ
1865 5896 1956 5948 τοῦ

2064 3332 2213 3381 σατο,
2241 3317 2337 3368 καὶ
2379 3316 2660 3385 μυστικῶς
2687 3315 2928 3386 λαλήσας
2955 3315 3012 3370 ἐν
3040 3317 3107 3385 τῇ
3147 3311 3346 3382 καρδίᾳ
3380 3310 3537 3380 ὑμῶν
3565 3310 3631 3362 τα

2060 3407 2351 3477 ψυχωφελῆ
2388 3407 2481 3460 καὶ
2516 3407 2778 3477 σωτήρια,
2822 3409 2886 3476 τῇ
2924 3406 3186 3476 καθολικῇ
3222 3401 3526 3473 Ἐκκλησία
3555 3401 3630 3462 ὡς

2061 3501 2257 3571 ymo-fg
2293 3500 2458 3570 μητρὶ
2489 3498 2858 3568 προσδραμεῖν
2883 3497 3294 3567 καθωδήγησεν,
3324 3496 3518 3566 ἐπειδὴ
3541 3498 3631 3548 καὶ

2068 3592 2270 3664 μητρὸς
2303 3592 2461 3658 λόγον
2487 3591 2648 3660 ἡμεῖς
2702 3592 2992 3658 ἐπέχομεν,
3048 3589 3187 3660 πρός
3222 3606 3279 3640 τε
3330 3590 3481 3654 ὑμᾶς
3541 3589 3632 3639 καὶ

2065 3687 2273 3748 πάντας
2302 3685 2428 3747 τοὺς
2465 3683 2826 3753 βουλομένους
2861 3683 3222 3752 Χριστιανοὺς
3252 3686 3346 3734 καὶ
3373 3677 3513 3733 εἶναι
3541 3679 3630 3732 καὶ

2067 3775 2452 3846 ὀνομάζεσθαι,
2501 3775 2577 3836 ὼς
2605 3775 2700 3826 καὶ
2739 3774 2895 3842 ὑμεῖς
2948 3771 3191 3842 ἀκριϐῶς
3219 3772 3355 3824 ῖστε.
3387 3770 3496 3823 Καὶ
3527 3771 3630 3839 γὰρ

2068 3868 2125 3934 ἐξ
2148 3868 2308 3937 ήμῶν
2339 3867 2408 3921 τά
2443 3865 2566 3936 ἱερά
2594 3865 2691 3934 τῆς
2721 3865 3004 3925 εὐσεϐείας
3033 3864 3274 3932 δόγματα
3306 3863 3409 3915 ἀνά
3454 3864 3633 3914 πᾶσαν

2067 3962 2293 4030 φοιτῶσι
2318 3959 2419 4030 τὴν
2439 3958 2790 4029 οἰκουμένην,
2824 3956 2882 4021 ἐξ
2910 3957 3068 4028 ἡμῶν
3087 3957 3139 4008 αἱ
3164 3953 3498 4008 διδασκαλίαι
3525 3955 3632 4006 τῶν

2068 4050 2228 4102 θείων
2275 4051 2532 4120 Πατέρων
2572 4052 2668 4103 καὶ
2698 4048 2806 4101 τῶν
2835 4048 3005 4115 ἁγίων
3034 4047 3090 4100 δὲ
3135 4047 3390 4109 συνόδων,
3419 4048 3471 4098 αί
3516 4047 3634 4098 θεό-

2067 4159 2320 4197 πνευστοι
2343 4143 2654 4212 νομοθεσίαι
2686 4141 2743 4210 ἐξ
2773 4141 2953 4212 ήμῶν,
2983 4141 3058 4202 ὡς
3116 4140 3225 4193 ἀπὸ
3251 4141 3432 4208 πηγῆς
3466 4148 3633 4202 τινος,

2067 4235 2145 4295 είς
2171 4234 2234 4287 τδ
2263 4235 2362 4303 τῆς
2403 4233 2732 4304 Ἑκκλησίας
2778 4234 3055 4302 πλήρωμα
3087 4229 3442 4301 ἐξεχύθησαν.
3480 4232 3633 4284 Ἐπεὶ

2071 4327 2254 4382 τοίνυν
2279 4327 2412 4390 Θεὸς
2443 4327 2621 4398 ἥψατο
2647 4327 2742 4395 τῆς
2791 4326 3062 4395 ὑμετέρας
3117 4325 3367 4394 καρδὲας,
3402 4327 3492 4378 καὶ
3535 4324 3633 4393 (ιψέ

2068 4418 2202 4488 γοῦν
2224 4420 2500 4488 ἐπέγνωτε
2531 4418 2630 4489 τήν
2666 4416 2854 4486 κοινήν
2893 4417 3110 4486 μητέρα
3145 4416 3244 4485 τὴν
3287 4415 3628 4484 Ἐκκλησίαν,

2067 4506 2135 4583 ἦς
2161 4509 2414 4564 τοσοῦτον
2443 4509 2779 4580 ἐχωρίσθητε
2830 4508 3045 4577 χρόνον,
3079 4506 3172 4558 καὶ
3216 4506 3501 4558 διαπτύετε
3535 4507 3629 4556 καὶ

1995 4603 2047 4663 D
2077 4603 2448 4676 βδελύττεσθε,
2497 4605 2588 4656 καὶ
2619 4601 2900 4664 παντελῶς
2938 4599 3329 4664 ἀποϐάλλεσθε,
3357 4599 3393 4652 ἃ
3453 4599 3630 4659 κακῶς

2073 4695 2382 4766 ἐφρόνησαν
2413 4695 2460 4747 οί
2505 4693 2740 4763 πατέρες
2773 4692 2951 4762 ὑμῶν,
2984 4693 3076 4744 ἐπὶ⁸
3130 4695 3480 4762 καταστροφῇ
3527 4692 3630 4742 τῶν

2071 4787 2250 4858 ὀρθῶν
2283 4786 2383 4855 τῆς
2421 4785 2746 4854 Ἐκκλησίας
2777 4784 3061 4854 δογμάτων
3090 4785 3189 4837 καὶ
3213 4784 3512 4853 νηπιότητα
3541 4783 3633 4833 καὶ

2074 4883 2298 4950 ἄγνοιαν
2325 4879 2550 4933 ἐκείνων
2570 4878 3032 4945 καταγινώσκετε,
3059 4877 3151 4928 καὶ
3173 4877 3486 4943 ὁμολογεῖτε
3510 4889 3634 4942 τρα-

2073 4974 2178 5034 νῶς
2215 4973 2316 5041 τὴν
2346 4969 2627 5040 ἀλήθειαν,
2659 4969 2752 5022 καὶ
2785 4968 2999 5034 ἀξιοῦτε
3031 4969 3122 5020 καὶ
3175 4968 3446 5020 ἱκετεύετε
3502 4965 3632 5034 μετὰ

2075 5065 2286 5136 θερμοῦ
2309 5065 2404 5118 καὶ
2434 5064 2598 5134 ζήλου
2626 5062 2721 5116 καὶ
2754 5063 2920 5115 πόθου
2958 5059 3353 5130 προσδεχθῆναι
3383 5058 3524 5127 ὑμᾶς
3555 5059 3631 5116 είς

2073 5160 2231 5225 δόξαν
2259 5159 2352 5210 τοῦ
2384 5156 2451 5210 τά
2485 5157 2665 5209 πάντα
2698 5153 3064 5218 πεποιηκότος
3113 5151 3248 5203 Θεοῦ
3281 5151 3375 5202 καὶ
3408 5147 3626 5216 [ἰατρὸς.

2073 5251 2126 5302 τί
2157 5250 2283 5304 ἄλλο
2334 5248 2558 5318 ποιῆσαι
2588 5247 2737 5317 ἡμᾶς
2768 5245 2876 5298 ἔδει
2923 5245 2956 5312 ἢ
3014 5243 3300 5311 σπλάγχνα
3343 5237 3631 5308 οἰκτιρμῶν

2073 5343 2204 5410 ὑμῖν
2232 5339 2532 5405 ἐπανοῖξαι,
2570 5339 2664 5390 καὶ
2691 5337 2764 5399 ὡς
2796 5337 2942 5398 υἱοὺς
2970 5337 3063 5388 τὸν
3091 5335 3223 5388 ίδιον
3257 5331 3628 5399 ἐπεγνωκότες

2080 5435 2293 5504 πατέρα
2333 5434 2427 5486 κα⁸ι
2458 5431 2788 5502 προσλαϐεῖν
2819 5430 2912 5483 καὶ
2944 5425 3373 5498 προσδέξασθαι,
3407 5425 3494 5476 καὶ
3535 5437 3627 5489 χα-

2079 5526 2240 5596 ρῆναι
2273 5525 2340 5578 τὰ
2373 5524 2611 5593 μάλιστα
2650 5521 2746 5574 καὶ
2775 5520 3057 5589 μονονουχὶ
3098 5517 3490 5586 πανηγυρίσαι,
3528 5513 3625 5573 ὅτι,

2075 5618 2168 5681 οὒς
2201 5618 2428 5687 νεκροὺς
2447 5612 2795 5685 ἐνομίζομεν,
2830 5612 2904 5674 ὡς
2936 5611 3146 5675 ζῶντας
3166 5609 3406 5679 ὁρῶμεν,
3436 5599 3623 5660 καὶοῦς

2075 5709 2425 5770 ἀπολωλότας
2449 5705 2828 5774 ἐλογιζόμεθα.
2859 5704 3083 5762 τούτους
3113 5702 3454 5769 σωζομένους
3483 5695 3622 5762 εὗρο⁵

2079 5822 2177 5872 μεν
2208 5802 2347 5856 κατὰ
2371 5801 2468 5870 τὴν
2503 5801 2781 5869 ήμετέραν
2837 5798 3032 5866 εὐχήν;
3064 5796 3122 5847 Ei
3155 5795 3264 5864 γάρ
3297 5794 3326 5844 ὁ
3356 5791 3620 5855 εὐαγγελι-

2082 5897 2170 5960 κδς
2226 5895 2400 5965 γάμος
2433 5894 2636 5955 ἐκεῖνος
2669 5895 2793 5955 τοὺς
2854 5897 2914 5944 ἐκ
2945 5889 3049 5943 τῶν
3078 5887 3211 5941 ὁδῶν
3253 5886 3347 5944 καὶ
3373 5875 3618 5953 φραγμῶν
