3940 6526
193 349 196 354 ’
279 384 416 450 1215

1291 375 1502 458 101‘,
1549 377 1854 438 CA'LEC:E
1895 375 2001 436 (ΣΡ.
2048 372 2554 436 ΡΛΤΒΙΛΗΟΗίΕ

3381 362 3541 428 1216

3409 519 3508 528 ...-

511 519 3518 557 W

283 530 1334 567 Μ

1179 679 1823 800 JOANNES
1935 672 2617 794 CALECAS.

1119 1013 1458 1072 ΚΩΔΙΚΙΟΝ
1483 1010 1618 1067 ΤΩΝ
1633 1008 2051 1094 ,ΣΥΝΟΔΙΚΩΝ
2085 1003 2714 1064 ΠΛΡΔΣΗΜΕῙΩΣΕΩΝ

1763 1131 2072 1186 ΓΕΓΟΝΟΣ

451 1262 564 1318 EI]!
592 1259 729 1316 ΤΩΝ
761 1254 1047 1314 ΗΜΕΡΩΝ
1078 1254 1218 1313 ΤΟΥ
1249 1249 1782 1308 ΠΑΝΔῙἸΩΤᾹΤΟΥ
1805 1246 2171 1304 ΔΕΣΠΟΤΟΥ
2201 1245 2338 1301 ΤΟΥ
2361 1242 3353 1302 ΟΙΚΟΥΜΕΝΙΚΟΥΠΑΤΡΙΔΡΧΟΥ

1395 1377 1538 1431 ΚΥΡ
1591 1372 1896 1430 ῐΩΑΝΝΟΥ
1930 1372 2068 1428 ΤΟΥ
2118 1371 2430 1429 ΚΑΛΕΚΔ.

287 1595 329 1648 1.
365 1592 596 1648 Joannes
625 1593 846 1649 Calceus
888 1596 1124 1650 concedit
1173 1593 1388 1664 lgnan'o
1429 1591 1708 1647 Calai/ceto
1750 1604 1861 1643 mo-

1986 1585 2066 1655 ςὴν
2101 1581 2534 1654 Πετραλοιφίναν
2563 1580 2936 1652 εἰσαγομένην
2961 1582 3102 1636 κατά
3131 1583 3569 1655 πρῶτονῦπνον

782 1667 1071 1722 matorium
1116 1664 1401 1721 Sosthenii.

358 1779 399 1850 1-
451 1779 514 1833 Ἦ
553 1780 850 1852 μετριότης
906 1780 1070 1851 ἡμῶν
1103 1780 1194 1834 διά
1241 1777 1337 1832 τοῦ
1373 1777 1644 1846 παρόντος
1692 1775 1864 1847 αὐτῆς

289 1872 622 1941 γράμματος
650 1872 1092 1942 παρακελεύεται
1137 1867 1278 1926 εἶναι
1313 1873 1407 1925 τὸν
1447 1868 1778 1940 τιμιώτατον
1808 1871 1866 1922 ὲν

293 1965 690 2034 ἰερομονάχοις,
741 1967 801 2021 ὲν
835 1965 977 2038 ἁγίῳ
1041 1963 1323 2034 Πνεύματι
1353 1964 1640 2034 ἀγαπητὸν
1693 1962 1866 2034 αὐτῆς

293 2059 431 2122 υἱὸν,
477 2059 584 2130 κῦρ
629 2060 891 2129 Ἰγνάτιον
933 2060 1026 2113 τὸν
1057 2058 1367 2114 Καλόθετον
1419 2061 1476 2114 ὲν
1512 2060 1716 2129 κατοχῇ
1767 2057 1864 2112 τοῦ

293 2148 422 2216 περί
469 2149 560 2203 τὸν
611 2150 914 2205 Ἀνάπλουν
958 2150 1311 2221 διακειμένου
1362 2150 1730 2221 μοναστηρίου
1773 2149 1866 2204 τοῦ

290 2241 370 2303 εἰς
401 2240 574 2311 ὄνομα
601 2243 915 2313 τιμωμένου
950 2242 1046 2297 τοῦ
1079 2242 1266 2314 τιμίου
1296 2243 1594 2314 ταξιάρχου
1620 2242 1729 2298 τῶν
1755 2243 1868 2298 άνω

292 2333 577 2403 δυνάμεων
603 2336 826 2407 Μιχαὴλ
869 2338 965 2392 καὶ
1017 2338 1456 2408 ἔπικεκλημένου
1512 2335 1610 2391 τοῦ
1654 2336 1869 2391 Σωσθε-

290 2426 430 2492 νίου,
475 2428 618 2482 ὥστε
669 2430 970 2484 ἀπολαύειν
1019 2431 1179 2485 τοῦτό
1228 2449 1288 2485 τε
1328 2431 1423 2486 καὶ
1471 2432 1540 2486 τὰ
1593 2431 1870 2503 προσόντα

289 2518 440 2588 αὐτῷ
468 2521 726 2588 κτήματα
745 2521 846 2590 τῆς
874 2522 1043 2575 αὐτοῦ
1075 2523 1334 2594 ἐφορείας
1360 2523 1456 2578 καί
1485 2525 1868 2594 πνευματικῆς

289 2609 658 2679 ἐπισκέψεως,
697 2611 822 2666 ὅθεν
856 2614 953 2665 καὶ
984 2614 1316 2684 ἐπιλήψεται
1348 2615 1443 2668 τοῦ
1491 2615 1734 2669 τοιούτου
1771 2634 1868 2688 μου

292 2703 588 2772 ναστηρίου
625 2706 719 2756 καὶ
770 2705 879 2758 τῶν
914 2706 1007 2759 ὑπ’
1056 2707 1208 2771 αὐτὸ,
1256 2709 1350 2762 καί
1405 2707 1494 2761 ἐπ’
1527 2707 1713 2773 ἀδείας
1753 2709 1900 2778 ἕξει,

295 2797 553 2865 συνιστᾷν
580 2799 675 2851 καί
729 2797 974 2865 βελτιοῦν
1023 2800 1119 2852 καὶ
1166 2800 1421 2866 ὲπαύξειν
1445 2801 1512 2854 τὰ
1556 2801 1679 2855 κατ’
1713 2801 1866 2868 αὐτὸ,

295 2889 543 2960 κατέχων
599 2890 758 2944 τοῦτο
815 2892 1196 2964 ἀναφαιρέτως
1250 2892 1346 2948 καί
1405 2895 1868 2962 άναποσπάστως,

296 2988 378 3041 ἔτι
424 3005 487 3056 γε
527 2987 634 3058 μὴν
673 2987 966 3058 ἀταράχως
1014 2988 1108 3041 καὶ
1146 2987 1518 3060 ἀνενοχλήτως
1564 2987 1650 3042 διὰ
1688 2987 1871 3059 πάσης

297 3081 461 3136 αὑτοῦ
513 3081 612 3152 τῆς
647 3079 792 3152 ζωῆς
817 3095 831 3111 ⁸
863 3081 950 3135 διά
996 3079 1154 3135 τοῦτο
1185 3079 1460 3150 ὀφείλουσι
1491 3079 1586 3134 καί
1628 3081 1678 3134 οἰ
1709 3083 1768 3133 ὲν
1792 3080 1871 3152 τῷ

305 3174 660 3246 μοναστηρίῳ
710 3174 845 3245 τῷδε
899 3173 1284 3244 εὑρισκόμενοι
1337 3173 1565 3244 μοναχοί
1601 3173 1870 3238 εὐπειθῶς

299 3268 444 3338 ἔχειν
485 3267 620 3336 πρὸς
667 3265 758 3319 τὸν
794 3266 942 3336 παρά
981 3264 1174 3318 τούτου
1219 3265 1738 3338 ἀποταχθησόμενον
1776 3267 1871 3320 ἐπὶ

298 3364 365 3431 τῇ
405 3362 668 3429 διοικήσει
703 3358 892 3412 τούτου
925 3359 1020 3412 καὶ
1063 3356 1370 3429 διεξαγωγῇ
1405 3357 1498 3411 καί⁸
1542 3361 1662 3422 τοίς
1707 3357 1870 3411 αὑτοῦ

304 3453 700 3522 πνευματικαῖς
750 3451 1106 3523 εἰσηγήσεσιν
1159 3451 1481 3505 ὑποκεῖσθαι
1519 3451 1614 3504 καὶ
1645 3449 1871 3520 πειθαρ-

298 3547 436 3614 χεῖν.
489 3545 581 3608 Εἰς
611 3543 721 3615 γὰρ
772 3545 874 3612 τὴν
930 3546 1059 3615 περὶ
1099 3543 1290 3597 τούτου
1324 3543 1631 3612 ἀσφάλειαν
1681 3543 1871 3612 γέγονε

301 3638 395 3689 καὶ
446 3636 676 3708 ἐπεδόθη
708 3636 785 3708 τῷ
833 3635 984 3707 αὐτῷ
1028 3637 1347 3706 τιμιωτάτῳ
1386 3637 1444 3688 ἐν
1499 3637 1872 3707 ἰερομονάχοις

305 3731 410 3800 κῦρ
452 3730 700 3801 ’ἰγνατίῳ
747 3731 840 3784 καί
871 3729 932 3784 τὸ
963 3731 1137 3801 παρὸν
1179 3730 1415 3801 γράμμα
1443 3729 1543 3799 τῆς
1577 3728 1734 3799 ἡμῶν
1772 3745 1872 3800 με·

303 3827 604 3899 τριότητος,
639 3826 769 3898 μηνὶ
810 3825 1015 3896 Ἰουλίῳ
1046 3826 1143 3880 ἰνδ.
1170 3822 1232 3880 ε’.

301 3959 617 4032 ILSynodu:
635 3961 1052 4014 excommunicat
1081 3946 1467 4030 metropolitam
1490 3958 1872 4029 Philipporum.

578 4081 584 4085 '
659 4075 701 4141 ἰ’
731 4072 1067 4144 Καθαίρεσις
1088 4071 1182 4127 τοῦ
1210 4072 1520 4129 Φιλίππων.

373 4192 414 4264 ’ί-
456 4189 714 4262 Ἐκινήθη
765 4189 860 4243 ἐπὶ
892 4189 993 4260 τῆς
1049 4189 1173 4244 καθ’
1200 4188 1350 4259 ἡμᾶς
1399 4188 1551 4260 ἰερᾶς
1601 4189 1697 4244 καί
1727 4187 1877 4253 Θείας

1966 1681 2120 1753 παρά
2153 1679 2250 1735 τοῦ
2285 1678 2578 1749 ἀνθρώπου
2617 1677 2714 1734 τοῦ
2762 1678 3186 1749 μητροπολίτου,
3218 1680 3313 1735 τοῦ
3351 1680 3567 1736 ’Δλδαο

1966 1775 2112 1830 νίτου
2140 1772 2362 1844 Μιχαὴλ
2392 1771 2482 1826 διὰ
2515 1772 2615 1842 τῆς
2639 1771 2810 1844 αὐλῆς
2838 1771 2932 1826 τοῦ
2969 1773 3334 1843 μοναστηρίου
3371 1775 3460 1838 εἰς
3487 1775 3566 1826 τὺ

1967 1865 2179 1921 κελλίον
2217 1865 2313 1918 τοῦ
2361 1864 2788 1936 μητροπολίτου,
2826 1865 3045 1936 ἀνδρῷα
3076 1864 3354 1936 φοροῦσαν
3396 1866 3567 1920 ἐνδύ-

1970 1977 2140 2024 ματα,
2173 1958 2268 2013 καὶ
2303 1959 2469 2013 πάλιν
2497 1957 2750 2026 ἐξιοῦσαν
2792 1959 2911 2028 μετ’
2942 1957 3110 2012 αὐτοῦ
3156 1959 3250 2013 τοῦ
3293 1959 3560 2013 Ἀλϐανί-

1965 2065 2062 2107 του
2096 2051 2240 2106 κατὰ
2271 2051 2364 2106 τὸν
2392 2052 2584 2122 καιρὸν
2622 2049 2717 2105 τοῦ
2749 2051 2952 2123 ὄρθρου
2972 2067 2986 2081 ⁸
3021 2051 3286 2116 ὡσαύτως
3315 2051 3565 2106 ἔϐλεπον

1969 2146 2140 2217 αὐτὴν
2166 2147 2259 2201 καὶ
2288 2147 2431 2200 κατά
2456 2143 2751 2217 διαφόρους
2781 2145 2996 2218 ἡμέρας
3025 2145 3425 2218 εἰσερχομένην
3453 2146 3566 2200 καὶ

1969 2239 2338 2311 ἐξερχομὲνην
2369 2239 2641 2310 φανερῶς.
2683 2257 2703 2292 ι

2039 2333 2078 2404 ἢ·
2121 2352 2139 2386 ι
2189 2330 2332 2401 Ἐγὼ
2372 2333 2402 2386 6
2460 2331 2812 2404 ἰερομόναχος
2859 2331 3116 2403 Ὶερόθεος
3152 2333 3336 2401 λέγω·
3374 2331 3562 2386 Εὐλο-

1973 2429 2141 2498 γητὸς
2185 2429 2213 2480 6
2242 2426 2375 2490 Θεδς
2404 2428 2499 2480 καὶ
2545 2426 2733 2495 Πατὴρ
2785 2425 2880 2479 τοῦ
2916 2425 3123 2497 Κυρίου
3167 2425 3324 2496 ἡμῶν
3366 2423 3561 2495 Ἰησοῦ

1969 2518 2210 2590 Χριστοῦ
2241 2519 2269 2572 6
2305 2518 2383 2574 ὢν
2435 2521 2516 2584 εἰς
2559 2517 2687 2582 τοὺς
2735 2517 2962 2583 αἰῶνας,
3010 2517 3071 2570 ού
3119 2517 3411 2587 ψεύδομαι,
3452 2518 3563 2570 καὶ

1970 2614 2159 2686 ὀμνύω
2188 2615 2269 2678 εἰς
2299 2614 2368 2668 τὰ
2403 2616 2533 2682 ἆγια
2565 2602 2874 2682 Εὐαγγέλια
2905 2613 3001 2667 τοῦ
3041 2613 3201 2678 Θεοῦ,
3235 2613 3318 2666 ὅτι
3353 2614 3384 2683 ή
3416 2613 3566 2666 ὑπο-

1970 2708 2278 2779 πτευομένη
2332 2707 2733 2778 Πετραλοιφίνα
2783 2709 2985 2778 ἤρχετο
3041 2707 3302 2769 πολλάκις
3355 2707 3439 2768 εἰς
3486 2707 3563 2759 τὸ

1971 2800 2183 2855 κελλίον
2212 2800 2309 2854 τοῦ
2357 2801 2770 2871 μετροπολίτου,
2816 2801 2914 2855 καὶ
2956 2800 3215 2870 συνήσθιε
3261 2800 3356 2853 καὶ
3388 2800 3559 2852 συνέ-

1976 2909 2096 2946 πινε
2125 2893 2220 2948 καὶ
2276 2893 2707 2964 συνδιημέρευεν
2735 2892 2906 2962 αὐτῷ,
2959 2892 3056 2945 καί
3095 2892 3361 2962 ἐξήρχετο
3411 2891 3560 2944 ποτὲ

1982 2983 2080 3053 μὲν
2119 2983 2333 3054 ἡμέρας
2361 2983 2555 3056 οὖσης,
2605 2986 2736 3040 ποτὲ
2763 2985 2819 3039 δὲ
2868 2984 3077 3049 νυκτὸς,
3115 2985 3259 3048 ἰδίως
3281 2984 3341 3036 δὲ
3381 2983 3564 3037 διεϐί-

1978 3075 2146 3129 ϐασεν
2175 3075 2324 3138 ἐντὸς
2367 3074 2464 3128 τοῦ
2505 3077 2718 3131 κελλίου
2765 3077 2861 3131 τοῦ
2898 3076 3297 3148 μητροπολίτου
3346 3077 3562 3148 νυχθή-

1982 3183 2126 3239 μερα
2143 3166 2268 3238 τρία
2292 3184 2306 3196 ·
2329 3169 2418 3221 ὅτε
2439 3167 2495 3221 δὲ
2523 3170 2812 3240 συνήσθιον
2837 3170 2932 3223 καὶ
2951 3171 3258 3233 συνέπινον,
3279 3171 3408 3221 ποτὲ
3449 3170 3560 3238 μὲν

1979 3259 2337 3327 παριστάμην
2369 3260 2463 3312 καὶ
2495 3261 2802 3332 ὑπηρέτουν
2828 3261 3036 3326 αὐτοῖς,
3066 3260 3197 3315 ποτὲ
3223 3260 3277 3314 δὲ
3301 3260 3562 3330 καθήμε-

1979 3367 2065 3415 νος
2098 3350 2287 3421 ἤσθιον
2315 3352 2406 3404 καὶ
2439 3352 2550 3419 ὲγὼ
2590 3354 2758 3418 ἰδίως.
2798 3376 2816 3408 ι

2052 3449 2092 3512 ’ὶ-
2140 3465 2156 3498 ι
2201 3444 2346 3514 Ἐγὼ
2377 3446 2682 3516 Γρηγόριος
2711 3451 2943 3520 μοναχὺς
2975 3453 3067 3503 καὶ
3091 3448 3338 3508 διάκονος
3366 3446 3517 3515 λέγω
3537 3463 3561 3481 ο

1983 3538 2289 3610 Εὐλογητὸς
2319 3540 2346 3592 6
2380 3539 2511 3604 Θεὸς
2539 3541 2635 3594 καὶ
2675 3541 2864 3615 Πατὴρ
2891 3542 2984 3596 τοῦ
3018 3543 3218 3612 Κυρίου
3251 3543 3407 3611 ἡμῶν
3449 3541 3560 3610 Ἰη-

1982 3631 2076 3684 σοῦ
2112 3632 2349 3702 Χριστοῦ
2381 3633 2407 3684 6
2433 3631 2510 3685 ὢν
2529 3634 2610 3696 εἰς
2637 3635 2764 3698 τοὺς
2787 3635 3015 3698 αἰῶνας,
3039 3635 3102 3687 ού
3134 3634 3426 3704 ψεύδομαι,
3460 3639 3562 3689 καὶ

1980 3723 2170 3795 ὀμνύω
2223 3724 2304 3787 εἰς
2329 3725 2397 3778 τὰ
2427 3719 2559 3792 ἅγια
2607 3725 2701 3780 τοῦ
2753 3727 2889 3780 Θεοῦ
2923 3721 3254 3796 Εὐαγγέλια,
3304 3728 3386 3780 ὅτι
3414 3725 3563 3780 εἶδον

1981 3819 2083 3888 τὴν
2143 3819 2598 3889 ὕποπτευομένην
2650 3819 3082 3891 Πετραλοιφίναν
3159 3821 3562 3890 εἰσερχομένην

1980 3912 2070 3967 διὰ
2093 3915 2192 3981 τῆς
2219 3913 2390 3983 αὐλῆς
2414 3911 2506 3967 τοῦ
2540 3914 2908 3984 μοναστηρίου
2933 3913 3028 3968 καὶ
3057 3913 3445 3984 ἀπερχομένην
3475 3915 3561 3976 εἰς

1981 4005 2044 4060 τδ
2073 4004 2286 4060 κελλίον
2319 4005 2416 4058 τοῦ
2465 4005 2868 4076 μητροπολίτου
2901 4007 3044 4075 μετά
3077 4006 3178 4059 καὶ
3218 4005 3425 4077 ἑτέρων
3457 4023 3562 4074 γυ-

1982 4099 2189 4154 ναικῶν
2215 4097 2387 4167 αὐτῆς
2429 4097 2712 4168 τεσσάρων
2737 4097 2881 4152 κατά
2929 4099 3022 4152 τὸν
3059 4099 3255 4169 καιρὸν
3285 4100 3386 4169 τῆς
3411 4099 3560 4169 ψαλ-

1987 4188 2196 4261 μῳδίας
2233 4189 2328 4243 τοῦ
2361 4188 2778 4258 μεσονυκτικοῦ,
2808 4191 2903 4243 καὶ
2930 4189 3144 4256 ἄλλοτε,
3171 4190 3263 4244 ὅτε
3293 4190 3563 4259 ἑψάλλετο

305 4285 527 4338 συνόδου
559 4283 704 4337 κατὰ
732 4280 830 4337 τοῦ
865 4281 1266 4354 μητροπολίτου
1294 4280 1578 4336 Φιλίππων
1606 4279 1878 4336 καθοσιὼ-
1906 4305 1948 4361 C
1986 4288 2020 4354 ὴ
2056 4285 2296 4356 τετάρτη
2327 4282 2440 4355 ᾠδὴ
2469 4282 2606 4338 κατὰ
2629 4283 2721 4339 τὸν
2747 4283 2965 4356 δρθρον,
2993 4284 3130 4355 μετά
3151 4284 3244 4338 δύο
3278 4285 3564 4353 γυναικῶν

305 4394 442 4440 σεως
509 4375 786 4446 ἔγκλημα,
838 4374 1204 4440 οὖτινος,’ὼς
1253 4373 1423 4439 εἰκὸς,
1483 4373 1875 4445 ὲξεταζομένου

309 4468 586 4539 παρουσίᾳ
616 4471 710 4521 καὶ
755 4468 854 4522 τοῦ
896 4467 1190 4538 κρατίστου
1235 4465 1331 4520 καὶ
1361 4466 1518 4535 ἁγίου
1550 4483 1657 4537 μου
1712 4465 1876 4520 αὐτο·
1917 4484 1926 4494 ·

307 4561 573 4630 κράτορος
604 4557 807 4629 μεταξὺ
834 4558 942 4612 τῶν
973 4557 1223 4628 περὶτοῦ
1255 4557 1496 4610 τοιούτου
1533 4556 1876 4627 ἐγκλήματος

304 4651 616 4721 λεγομένων
646 4649 885 4721 ἀνέκυψέ
919 4666 1006 4714 τις
1041 4649 1203 4722 ἑτέρα
1249 4652 1554 4720 κατηγορία
1597 4649 1878 4722 ἐγκλήμα-

306 4759 394 4805 τος
437 4740 708 4812 μοιχικοῦ,
742 4741 871 4812 περί
905 4734 966 4795 οὗ
995 4742 1088 4793 καὶ
1115 4739 1316 4810 πολλῆς
1347 4739 1443 4792 καί
1471 4739 1734 4810 ἀκριϐοῦς
1763 4739 1877 4807 ἐξε-

310 4835 520 4898 τάσεως
564 4835 864 4904 γενομένης
895 4834 993 4904 ούχ
1024 4833 1174 4900 ἅπαξ
1227 4835 1319 4888 καὶ
1371 4833 1451 4895 δὶς
1482 4831 1577 4887 καὶ
1629 4834 1749 4904 τρὶς
1783 4831 1878 4885 καί

313 4928 596 4992 πολλάκις,
643 4927 941 4999 ἐπειδήπερ
971 4926 1158 4998 ἐδέησε
1192 4925 1489 4997 μαρτύρων
1530 4928 1606 4990 εἰς
1651 4929 1750 4995 τὴν
1779 4926 1878 4995 τῆς

310 5019 567 5086 ἀληθείας
602 5019 821 5089 ε’ύρεσιν
853 5019 948 5074 καὶ
979 5018 1346 5089 παράστασιν,
1371 5017 1741 5089 παρήχθησαν
1768 5016 1877 5070 ἀπὸ

305 5115 413 5169 τῶν
446 5113 859 5185 ὲνασκουμένων
893 5112 1142 5184 μοναχῶν
1165 5114 1231 5185 τῇ
1262 5111 1355 5165 τοῦ
1385 5111 1876 5181 Πρωτοσυγκέλλου

310 5208 581 5279 σεϐασμίᾳ
613 5210 771 5278 μονῇ,
801 5206 858 5260 ὲν
886 5201 920 5282 ᾖ
945 5208 1037 5260 καὶ
1069 5207 1228 5270 αὐτὸς
1253 5205 1352 5278 τὴν
1377 5205 1593 5272 οἴκησιν
1615 5207 1872 5270 ἐποιεῖτο,

308 5303 336 5353 6
372 5300 723 5370 ἱερομόναχος
769 5298 1094 5370 Γρηγόριος,
1129 5301 1156 5352 6
1211 5297 1565 5371 ἰερομόναχος
1613 5297 1879 5366 Ὶερόθεος

309 5396 403 5448 καὶ
433 5396 461 5447 6
509 5394 752 5458 διάκονος
781 5395 876 5447 καί
910 5393 1142 5464 μοναχὸς
1189 5393 1515 5463 Γρηγόριος,
1550 5391 1745 5454 οἵτινες
1783 5391 1879 5444 καὶ

305 5486 460 5542 εἷπον
490 5487 586 5540 καὶ
615 5487 1013 5558 ἐμαρτύρησαν
1041 5485 1338 5556 ἐγγράφως
1367 5483 1574 5537 ταῦτα’

375 5580 415 5654 ἰε
454 5598 473 5632 ι
524 5581 663 5650 Ἐγὼ
699 5584 725 5635 6
761 5582 1111 5651 ἰερομόναχος
1147 5578 1446 5651 Γρηγὸριος
1489 5578 1634 5646 λέγω
1661 5594 1676 5608 °
1713 5577 1877 5632 Εὐλο-

1987 4393 2178 4442 αυτης.
2216 4393 2235 4427 ι

2070 4469 2195 4523 Ἐπὶ
2223 4469 2436 4534 τούτοις
2466 4470 2829 4544 ἀπῃτήθησαν
2869 4471 3000 4541 παρ’
3029 4469 3186 4540 ἡμῶν
3209 4471 3305 4523 καὶ
3328 4470 3488 4524 αὐτοὶ
3514 4472 3566 4523 οἰ

1985 4561 2047 4616 τὸ
2075 4561 2175 4631 τῆς
2217 4562 2600 4626 καθοσιώσεως
2655 4562 2911 4633 ἔγκλημα
2956 4561 3312 4633 κεκινηκότες
3352 4559 3567 4614 πιστώο

1989 4654 2206 4719 σασθαι,
2238 4655 2351 4710 εῐτε
2375 4655 2465 4708 διὰ
2513 4654 2808 4727 μαρτύρων
2837 4655 2950 4710 εἴτε
2982 4655 3184 4725 τρόπον
3215 4654 3376 4709 ἄλλον
3399 4654 3570 4708 ἀναν-

1986 4747 2245 4818 τίρρητον
2267 4747 2361 4800 καὶ
2386 4745 2604 4816 βέϐαιον
2632 4748 2701 4800 τά
2734 4747 2857 4800 κατ’
2884 4746 3039 4812 αὐτὸ,
3071 4747 3167 4801 καὶ
3198 4748 3320 4800 ἐπεὶ
3352 4748 3572 4816 μάρτυ-

1989 4858 2089 4912 ρας
2115 4840 2273 4895 οὐδὲν
2304 4834 2455 4910 εἶχον
2485 4841 2854 4908 παραγαγεῖν,
2891 4839 3124 4910 ἑτοίμως
3156 4839 3213 4892 δὲ
3243 4839 3310 4892 δι’
3334 4839 3569 4909 ὲνόρκου

1987 4929 2288 4998 ἀσφαλείας
2320 4932 2468 5001 ἔχειν
2497 4932 2565 4984 τὰ
2599 4931 2721 4985 κατ’
2752 4931 2886 4986 αὐτὸ
2917 4931 3190 4984 πιστῶσαι
3215 4929 3565 4995 διετείνοντο,

1985 5021 2219 5092 εὕρομεν
2243 5021 2300 5077 δὲ
2327 5023 2422 5076 καὶ
2444 5023 2594 5094 παρά
2617 5023 2725 5076 τῶν
2753 5023 2859 5094 πρὸ
2885 5021 3043 5093 ἡμῶν
3060 5023 3119 5075 ἐν
3145 5023 3258 5086 τοῖς
3285 5022 3567 5085 κωδικίοις

1983 5115 2324 5185 διαπράξεων
2353 5115 3102 5186 παραπλησίανιὲνδεδομένην
3121 5113 3220 5186 τὴν
3249 5115 3566 5184 δι’ὲνῦρκου

1988 5208 2290 5278 ἀσφαλείας
2331 5210 2512 5264 πίστιν
2543 5209 2637 5264 καὶ
2661 5207 2955 5274 ἀπόδειξιν,
2983 5208 3253 5262 ἀκόλουθα
3286 5211 3567 5276 κατεπρά-

1989 5306 2184 5374 ξαμεν,
2228 5305 2321 5358 καὶ
2352 5302 2415 5375 δὴ
2453 5303 2560 5356 τῶν
2609 5302 2781 5369 ἁγίων
2821 5300 3168 5370 Εὐάγγελίων
3199 5299 3296 5354 τοῦ
3319 5301 3565 5370 Χριστοῦ

1986 5398 2357 5466 προτεθέντων
2395 5398 2480 5450 ἐπ’
2514 5395 2861 5466 Ἐκκλησίας,
2894 5394 3262 5464 ἠσφαλίσαντο
3288 5393 3444 5449 τάδε’

2058 5489 2098 5560 1-
2133 5506 2152 5540 ι
2195 5489 2339 5557 Ἐγὼ
2365 5492 2391 5542 ὁ
2421 5487 2610 5552 δοῦλος
2637 5487 2732 5542 τοῦ
2767 5487 3032 5558 κραταιοῦ
3075 5485 3171 5540 καὶ
3200 5487 3359 5555 ἁγίου
3402 5485 3571 5558 ἡμῶν

1987 5583 2248 5636 αὑθέντου
2277 5583 2373 5635 καὶ
2412 5581 2679 5652 βασιλέως
2712 5581 2976 5644 σεϐαστός
3017 5579 3268 5650 Ἰωάννης
3301 5582 3329 5634 6
3354 5579 3571 5650 Τριχᾶς

307 5675 474 5746 γητὶς
509 5677 538 5728 6
583 5675 717 5739 Θεὸς
759 5675 854 5729 καὶ
885 5675 1074 5744 Πατὴρ
1116 5673 1212 5727 τοῦ
1246 5673 1454 5744 Κυρίου
1503 5674 1661 5743 ἡμῶν
1702 5671 1877 5743 Ἰησοῦ
1912 5671 1954 5727 D
1983 5675 2169 5744 ὀμνύω
2203 5677 2283 5740 εἰς
2314 5675 2384 5729 τὰ
2415 5677 2549 5744 ἅγια
2582 5674 2678 5728 τοῦ
2707 5674 2844 5730 Θεοῦ
2890 5674 3202 5743 Εύαγγέλια
3235 5674 3328 5726 καὶ
3355 5675 3438 5736 εἰς
3469 5672 3570 5724 τὸν

309 5767 546 5838 Χριστοῦ
575 5769 603 5820 6
649 5765 724 5821 ὢν
782 5769 861 5831 εἰς
891 5768 1018 5829 τοὺς
1070 5767 1291 5830 αἰῶνας,
1325 5765 1387 5817 οὐ
1439 5763 1733 5834 ψεύδομαι,
1785 5767 1877 5819 καὶ

306 5858 491 5930 ὀμνύω
535 5861 614 5923 εἰς
653 5859 720 5913 τὰ
752 5859 884 5928 ἅγια
929 5859 1024 5914 τοῦ
1071 5859 1206 5913 Θεοῦ
1253 5857 1581 5925 Εὑαγγέλια,
1612 5858 1691 5911 ὅτι
1727 5853 1866 5912 εἶδον

1983 5767 2164 5834 τίμιον
2204 5767 2298 5820 καὶ
2323 5766 2588 5831 ζωοποιὺν
2616 5768 2878 5836 σταυρὸν,
2906 5767 2990 5820 ὅτι
3028 5765 3136 5819 ἀπὸ
3161 5763 3256 5819 τοῦ
3291 5755 3566 5834 στόματος

1978 5857 2074 5910 τοῦ
2135 5859 2336 5927 Ἀσάνη
2387 5859 2492 5928 κῦρ
2525 5860 2748 5930 Μιχαὴλ
2782 5858 2892 5929 ἔχω
2942 5858 3036 5911 καὶ
3071 5856 3232 5911 τοῦτο
3286 5856 3423 5924 μετὰ
3451 5854 3566 5909 τῶν
