3940 6550
314 376 451 440 1217

1368 373 1768 434 ΞΥΝΟΟῐίὶίΕ
1806 370 2483 440 CONSTITUTIONES.

3422 385 3558 448 12ὶὸ

308 492 508 556 ἄλλων,
535 486 609 544 ὧν
643 505 734 560 μοι
786 481 906 541 εἷπε
938 486 1065 559 περὶ
1109 487 1205 556 τῆς
1239 487 1518 553 ἀπιστίας,
1551 487 1633 540 ὅτι
1675 489 1756 551 είς
1786 488 1886 558 τὴν
1916 492 1958 551 Α
1990 490 2114 553 τοὺς
2144 490 2236 554 οὓς
2282 492 2499 563 ὤμοσεν
2540 497 2761 567 ὅρκους,
2789 495 3072 569 ἐχώρησεν
3106 501 3188 564 εἰς
3231 503 3412 574 μάχην
3448 507 3558 560 τῶν

308 582 568 649 τοιαύτην
592 581 854 635 ὑπόθεσιν
878 579 1073 650 ἔχομεν
1095 580 1189 632 καὶ
1220 579 1384 649 μέρος
1404 581 1501 649 τῆς
1536 577 1884 647 Ἐκκλησίας,

310 678 408 732 καὶ
436 676 515 739 ὡς
546 671 701 727 εἷπον
733 674 846 742 ἐγὼ
876 673 1012 743 πρὸς
1036 673 1220 737 αὐτὸν,
1251 672 1315 725 Τί
1346 671 1423 724 Evn
1446 671 1608 725 τοῦτο
1638 671 1697 724 τὸ
1724 671 1885 743 μέρος

260 792 277 808 ·
307 771 407 839 τῆς
447 767 795 838 Ἐκκλησίας,
822 769 959 839 ὅπερ
982 768 1162 836 λέγεις
1185 782 1204 834 ς
1232 761 1354 820 εἰπέ
1380 784 1492 837 μοι,
1519 768 1600 821 ὅτι
1625 768 1653 821 6
1683 781 1887 836 μητρο-

307 859 536 930 πολίτης
569 859 877 913 Φιλίππων.
918 877 936 910 ι
1598 862 1601 865 ’

379 950 423 1021 -ι-
450 969 469 1002 ι
519 949 663 1019 Ἐγὼ
684 949 712 1003 6
747 949 935 1012 δοῦλος
981 948 1076 1002 τοῦ
1112 945 1376 1018 κραταιοῦ
1411 948 1502 1001 καὶ
1533 944 1691 1016 ἁγίου
1728 943 1887 1015 ήμῶν

308 1045 575 1100 αὐθέντου
609 1045 702 1099 καὶ
749 1044 1015 1115 βασιλέως
1045 1042 1307 1110 Μανουὴλ
1350 1042 1379 1096 6
1415 1041 1713 1114 Ἀϐράμιος
1742 1040 1887 1109 λέγω

309 1142 407 1195 καὶ
436 1137 883 1208 διαϐεϐαιοῦμαι,
907 1138 990 1191 ὅτι
1021 1137 1110 1190 ὅτε
1138 1133 1471 1206 ἀπηρχόμην
1494 1135 1576 1197 εἰς
1598 1134 1690 1187 τὸν
1730 1132 1888 1187 Ἀσά-

311 1250 433 1301 νην,
462 1231 691 1284 ἔϐλεπον
739 1230 831 1283 τὸν
862 1229 1146 1285 Φιλίππων
1194 1227 1527 1299 σχολάζοντα
1574 1226 1656 1289 εἰς
1699 1225 1883 1291 αὑτὸν,

311 1324 408 1378 καὶ
440 1325 519 1386 ὡς
546 1320 951 1393 γνωριμώτατα
973 1320 1112 1392 ἔχων
1137 1321 1217 1383 είς
1245 1320 1346 1389 ἐμὲ
1368 1319 1625 1391 ἠρώτησέ
1654 1337 1742 1389 με,
1767 1317 1886 1382 πῶς

316 1417 568 1489 σχολάζω
602 1417 696 1470 καὶ
741 1412 873 1484 ἐγὼ,
906 1415 999 1467 καὶ
1037 1412 1171 1484 μεθὸ
1202 1411 1355 1467 εἷπον
1384 1412 1511 1482 περί¹
1547 1404 1624 1466 ὧν
1651 1410 1884 1465 ὲλυπού·

316 1527 447 1582 μην,
484 1510 583 1563 καὶ
620 1508 703 1562 ὅτι
742 1506 808 1561 δι’
840 1507 991 1560 οὐδὲν
1022 1506 1152 1561 ἄλλο
1180 1505 1427 1577 σχολάζω
1464 1504 1581 1559 ἀλλ’
1611 1505 1644 1575 ἢ
1670 1504 1759 1560 ἴνα
1787 1520 1885 1573 με·

314 1599 539 1671 σιτεύση
573 1616 639 1671 με
670 1600 749 1660 εἰς
783 1598 874 1652 τὸν
902 1596 1165 1668 κραταιὸν
1197 1596 1292 1651 καὶ
1320 1597 1478 1664 ἅγιον
1502 1594 1662 1665 ἡμῶν
1692 1594 1887 1649 αὐθέν-

310 1710 417 1763 την
447 1696 542 1748 καὶ
576 1691 823 1763 βασιλέα,
850 1690 884 1763 ἢ
915 1689 1135 1760 δέξηται
1163 1706 1254 1760 με,
1288 1685 1413 1743 εἶπέ
1447 1705 1562 1758 μοι,
1597 1687 1679 1741 ὅτι
1703 1687 1887 1757 Μηδὲν

312 1787 445 1861 ἔχῃς
475 1786 685 1840 ἔννοιαν
703 1803 718 1819 ·
768 1785 1020 1855 ὲχάωσας
1049 1784 1159 1853 γάρ
1187 1782 1305 1849 ἕνα,
1345 1782 1442 1836 καὶ
1468 1781 1614 1851 ἔχεις
1654 1779 1763 1834 ἰδοὺ
1790 1779 1887 1832 ἄλο

1998 582 2377 654 ὑποκειμένων
2426 590 2493 659 τῇ
2537 588 2786 662 βασιλείᾳ
2825 590 3106 659 κάστρων,
3145 594 3238 646 καί
3285 597 3423 648 κατά
3460 600 3577 665 τῆςτ

1989 676 2245 747 τοιαύτης
2296 679 2507 744 πόλεως
2540 682 2775 751 στρατὸν
2826 684 3153 752 συναγαγὼν
3201 686 3452 756 ἐκινήθη,
3484 688 3560 749 ὡς

1993 765 2089 821 καὶ
2134 770 2425 853 πρλιορκίᾳ
2458 773 2781 843 περιλαϐεῖν
2821 775 2889 830 τὰ
2916 775 3068 848 τείχη
3115 777 3307 848 αὐτῆς,
3338 780 3365 831 ὁ
3395 780 3565 832 αὑτά-

1989 858 2181 929 δελφος
2234 862 2446 915 ἐκείνου
2479 864 2584 934 κῦρ
2625 865 2882 937 Ἰωάννης
2925 871 2951 922 6
2980 864 3212 937 Δὸύκας,
3260 872 3287 924 ὁ
3333 870 3559 940 ὕστερον

1990 952 2084 1004 καὶ
2115 952 2282 1017 αὐτὸς
2327 954 2639 1028 δεσποτικῷ
2668 959 2924 1032 τιμηθεὶς
2961 962 3238 1029 ἀξιώματι
3266 967 3415 1033 παρᾶ
3462 963 3558 1017 τοῦ

1990 1043 2288 1111 κρατίστου
2331 1047 2428 1101 καὶ
2484 1050 2641 1117 ἁγίου
2694 1069 2797 1121 μου
2854 1054 3285 1124 αὐτοκράτορος,
3338 1057 3561 1108 ἐναντία

1990 1134 2274 1204 φρονήσας
2307 1136 2455 1205 αὐτῷ
2488 1140 2564 1208 τῷ
2593 1140 2707 1209 ἰδίῳ
2736 1141 2955 1213 ἀδελφῷ
2993 1146 3086 1198 καί
3123 1145 3304 1216 μάχην
3336 1164 3562 1216 κεκινηο

1989 1222 2103 1285 κὼς
2128 1223 2249 1277 κατ’
2280 1225 2472 1291 αὐτοῦ,
2508 1230 2632 1283 ἐπεὶ
2667 1231 3104 1303 ἀνθισταμένους
3143 1233 3252 1289 εἶδε
3288 1239 3381 1291 καὶ
3429 1240 3561 1303 τοὺς

1989 1311 2097 1364 τῶν
2138 1312 2454 1371 Ἰωαννίνων
2481 1321 2742 1384 ἐποίκους
2770 1323 2989 1394 ἐκείνῳ,
3025 1327 3236 1389 τούτοις
3262 1330 3560 1398 προσρυεὶς

1990 1405 2085 1458 καὶ
2112 1406 2306 1476 ὅρκους
2332 1409 2598 1480 δεδωκὼς,
2628 1412 2790 1481 ὥστε,
2820 1417 2869 1469 εἰ
2907 1418 3153 1485 δέξαιντο
3188 1420 3380 1474 τοῦτον
3408 1424 3467 1473 ὲν
3493 1425 3558 1491 τῇ

1988 1497 2213 1571 τοιαύτῃ
2264 1501 2416 1554 πόλει
2447 1503 2525 1566 ὡς
2582 1508 2827 1578 κεφαλὴν
2873 1512 2967 1564 καὶ
3013 1513 3109 1582 οὐχ
3141 1512 3216 1575 ὡς
3267 1513 3558 1580 αὐθέντην,

1989 1586 2104 1639 ἀλλ’
2132 1587 2208 1651 ὡς
2234 1588 2358 1643 ὅλον
2403 1591 2531 1645 ὄντα
2576 1595 2675 1666 τῆς
2709 1598 3159 1669 ὑποχειριότητος
3206 1601 3301 1654 τοῦ
3331 1604 3393 1654 ἐκ
3420 1603 3559 1656 Θεοῦ

1993 1677 2260 1748 βασιλέως
2303 1683 2395 1735 καλ⁸
2432 1685 2599 1753 μηδὲν
2630 1687 2725 1742 τοῦ
2755 1690 2965 1759 πρᾶξαι
3000 1692 3175 1748 δεινὸν
3207 1696 3330 1747 κατ’
3377 1695 3560 1749 αὐτῶν

1994 1771 2128 1841 μηδὲ
2157 1770 2255 1842 τὴν
2281 1774 2458 1844 ἀρχὴν
2487 1778 2665 1831 αὐτῶν
2697 1784 3148 1852 σφετερίσασθαι,
3200 1787 3391 1857 ἐδέχθη
3427 1787 3559 1856 παρ’

313 1886 428 1939 λον.
473 1883 564 1945 Ὧς
587 1880 644 1933 δὲ
666 1880 817 1934 οὐδὲν
848 1877 1103 1947 ιφαίνετό
1134 1895 1225 1947 μοι
1264 1876 1671 1946 εὐπαράδεκτον
1702 1872 1883 1936 τοῦτο,
1921 1869 1959 1925 Β
1989 1861 2169 1914 αὐτῶν
2196 1864 2337 1918 κατὰ
2370 1866 2468 1935 τὴν
2494 1867 2562 1938 ἣν
2589 1870 2886 1940 ἐποιήσατο
2927 1872 3158 1944 ζήτησιν
3183 1876 3279 1929 καὶ
3308 1875 3401 1939 οὓς
3430 1878 3561 1930 ἔδω-

309 1976 432 2031 ἀλλ’
455 1976 665 2044 ελεγον,
693 1974 777 2027 ὅτι
802 1972 973 2043 πολλὴ
1003 1972 1082 2025 ἔνι
1111 1973 1143 2041 ἡ
1179 1973 1345 2044 μέσον
1375 1968 1485 2023 τῶν
1506 1968 1601 2022 δύο
1630 1964 1885 2034 διαφορὰ,

307 2066 436 2125 εἰπέ
474 2036 572 2139 μοί
588 2036 752 2121 πάλιν
784 2065 871 2119 ὅτι
894 2036 1142 2119 Γίνωσκε
1166 2036 1227 2117 έν
1249 2036 1612 2131 πλήροφορίᾳ,
1643 2056 1889 2128 ιχαώσα·
1927 2132 1935 2139 ⁹

317 2177 418 2231 μεν
457 2160 577 2219 ἕνα,
629 2157 723 2212 καὶ
752 2155 950 2227 ἔχομεν
996 2153 1176 2209 ἄλλον.
1219 2150 1345 2207 Εἴτε
1377 2149 1436 2205 δὲ
1483 2148 1579 2202 καὶ
1633 2146 1886 2208 πλείονας

312 2252 524 2307 τούτων
556 2250 749 2320 λόγους
776 2248 811 2320 ἦ
837 2242 993 2300 εἰπον
1019 2245 1155 2316 πρὸς
1184 2242 1401 2313 αὑτδνῆ
1430 2238 1553 2295 εἰπέ
1584 2258 1698 2311 μοι,
1732 2238 1887 2292 οὐδὲν

311 2342 659 2415 ἐνθυμοῦμαι
682 2357 697 2371 ·
738 2341 868 2404 ῐσως
918 2339 977 2393 δὲ
1012 2340 1105 2392 καῖ⁵
1137 2338 1225 2391 ἵνα
1275 2336 1516 2406 λανθάνῃ
1575 2351 1643 2404 με
1675 2333 1735 2386 τὸ
1766 2332 1886 2393 πῶς

314 2435 663 2507 ὲλαλήθησαν
694 2432 858 2505 μέσον
884 2429 1042 2501 ἡμῶν
1072 2430 1119 2483 οἰ
1149 2426 1383 2481 τοιοῦτοι
1408 2426 1581 2493 λόγοι,
1611 2424 1699 2478 διὰ
1728 2422 1889 2476 τοῦτο

313 2528 467 2582 οὐδὲν
496 2526 663 2596 ὅρκον
712 2523 841 2595 περὶ
878 2521 1073 2576 τούτου
1121 2520 1338 2590 δίδωμι.
1382 2518 1508 2572 Ὀτι
1544 2516 1602 2570 δὲ
1661 2515 1887 2586 μέτοχος

314 2622 413 2676 καὶ
442 2619 698 2682 κοινωνὸς
729 2613 797 2688 ἦν
832 2616 931 2686 τῆς
966 2613 1225 2676 ἀπιστίας
1254 2612 1361 2665 τῶν
1400 2611 1687 2675 Ἀσανίων,
1724 2609 1887 2678 ἀκρι-

315 2712 426 2775 ϐῶς
461 2706 580 2764 οῖδα
622 2709 805 2774 τοῦτο,
853 2707 943 2761 καὶ
988 2706 1174 2777 ὀμνύω
1219 2705 1298 2769 εἰς
1346 2707 1414 2759 τὰ
1450 2706 1582 2774 ἅγια
1625 2704 1719 2759 τοῦ
1752 2704 1887 2759 Θεοῦ

317 2801 628 2869 Εὐαγγέλια
673 2799 766 2852 καὶ
811 2798 891 2860 εἰς
941 2799 1033 2849 τὸν
1066 2796 1245 2866 τίμιον
1282 2796 1377 2848 καὶ
1424 2794 1688 2859 ζωοποιὸν
1724 2813 1889 2848 σταυ-

319 2896 436 2967 ρὸν,
466 2895 549 2947 ὅτι
582 2890 832 2963 ἀληθεύω
866 2889 961 2941 καὶ
984 2888 1043 2940 οὑ
1071 2886 1362 2957 ψεύδομαι,
1395 2886 1469 2947 ώς
1501 2885 1747 2955 ἀκριϐῶς
1775 2886 1891 2937 ἐπί-

317 3006 547 3058 σταμαι,
578 2980 667 3039 οἷα
696 2984 762 3055 δὴ
795 2983 891 3036 καὶ
926 2981 1086 3044 αὐτὸς
1122 2979 1221 3033 τοῦ
1251 2979 1575 3050 πράγματος
1609 2979 1889 3042 κοινωνὸς,

314 3085 403 3136 ὅτι
442 3082 671 3151 μέτοχος
700 3073 769 3148 ἦν
791 3077 885 3129 καὶ
918 3075 1081 3138 αὐτὸς
1117 3072 1197 3136 εἰς
1229 3070 1388 3125 τοῦτο
1420 3071 1514 3124 καὶ
1547 3070 1826 3132 κοινωνός.
1866 3088 1883 3121 ι

389 3179 431 3245 1-
465 3173 565 3233 Διά
600 3169 771 3226 ταῦτα
804 3171 838 3240 ή
880 3168 1177 3239 μετριότης
1212 3165 1370 3237 ἡμῶν
1404 3165 1500 3217 καὶ
1552 3166 1583 3234 ἡ
1632 3163 1763 3233 περί
1794 3162 1891 3216 αὐ·
1918 3208 1961 3266 c

317 3268 416 3339 τὴν
443 3268 716 3337 ὁμήγυρις
748 3263 855 3316 τῶν
880 3261 1195 3333 ίερωτάτων
1226 3258 1551 3329 ἀρχιερέων,
1587 3256 1682 3310 τοῦ
1736 3257 1889 3326 Ἐφέο

317 3377 436 3423 σου,
486 3356 582 3411 τοῦ
628 3353 977 3426 Ἡρακλείας,
1011 3352 1106 3406 τοῦ
1135 3349 1420 3420 βΚυζίκου,
1457 3348 1552 3402 τοῦ
1609 3349 1884 3418 Σάρδεων,

319 3452 417 3509 τοῦ
449 3449 704 3506 Παλαιῶν
744 3447 1003 3519 Πατρῶν,
1040 3444 1135 3500 τοῦ
1172 3443 1502 3515 Δυρραχίου,
1537 3441 1635 3496 τοῦ
1672 3443 1890 3511 Ἀπρω,

321 3546 418 3603 τοῦ
456 3541 841 3616 ’Δμάστριδος,
869 3538 965 3593 τοῦ
993 3536 1451 3625 ίχακεδαιμονίας,
1480 3533 1571 3587 τοῦ
1601 3532 1888 3600 Μαδύτων,

318 3638 413 3693 τοῦ
444 3636 773 3708 Μηθύμνης,
806 3632 898 3684 τοῦ
938 3628 1358 3699 Γαλίτζης,·τοῦ
1390 3627 1484 3680 Κῶ
1520 3627 1615 3679 καὶ
1646 3625 1739 3678 τοῦ
1772 3625 1894 3695 Mr}-

317 3732 491 3795 δείας,
542 3723 1045 3798 κατεψηφισάμεθα
1073 3722 1263 3776 τούτου
1308 3718 1631 3790 καθαίρεσιν
1656 3735 1670 3748 ·
1709 3716 1893 3785 μέντοι

319 3845 387 3896 γε
428 3826 524 3880 καὶ
553 3823 708 3877 ἔσται
757 3820 817 3875 τὸ
843 3819 951 3874 ἀπὸ
978 3816 1135 3871 τοὶδε
1179 3812 1626 3884 ἀποτετμημένος
1659 3811 1754 3865 τοῦ
1784 3810 1893 3863 τῶν

317 3916 630 3991 ἀρχιερέων
656 3910 843 3983 χοροῦ,
881 3910 976 3965 an
1015 3908 1080 3977 δή
1114 3905 1476 3975 ἀπελεγχθεὶς
1519 3905 1743 3972 τρόπον,
1768 3900 1891 3955 καθ’

318 4013 378 4067 6v
406 4011 649 4080 εἴρηται,
680 4005 1010 4077 ἀμφοτέροις
1042 4003 1154 4063 τοῖς
1183 3999 1502 4068 δηλωθεῖσιν
1550 3994 1892 4064 ἐγκλήμασιν

318 4103 472 4175 ὲνεχό
481 4116 663 4172 μενος·

319 4266 407 4323 Ill.
445 4263 689 4337 Synodus
713 4258 874 4332 paeni:
903 4242 1269 4337 efcglesiag‘tigtf
1311 4251 1467 4322 adicit
1504 4248 1760 4319 quosdam
1808 4263 1895 4300 re-

921 4327 1081 4383 belles
1112 4325 1290 4397 Epiri.

392 4476 432 4547 -ι-
470 4472 805 4541 Ἀνήνεγκαν
850 4467 931 4529 εἰς
963 4464 1061 4537 τὴν
1103 4461 1260 4534 ήμῶν
1307 4459 1637 4531 μετριότητα
1668 4454 1765 4511 καὶ
1793 4454 1894 4526 τὴν

1990 1970 2087 2008 κεν
2132 1956 2349 2025 ὅρκους,
2383 1959 2845 2032 ἀποστατήσαντα
2884 1964 2939 2017 δὲ
2982 1964 3171 2018 τοῦτον
3201 1966 3430 2036 ὕστερον
3457 1968 3559 2036 τῆς

1992 2045 2273 2118 ὑποταγῆς
2304 2048 2401 2102 τοῦ
2433 2050 2726 2121 κρατίστου
2757 2054 2852 2107 καὶ
2895 2055 3054 2119 ἀγίου
3087 2072 3190 2126 μου
3218 2058 3558 2128 αὐτοκράτο-

1993 2157 2106 2211 ρος,
2139 2141 2392 2209 ὲδέξαντο
2431 2147 2526 2199 καί
2562 2143 2714 2217 εἰχον
2738 2149 2813 2212 ώς
2841 2150 3131 2221 αὐθέντην,
3162 2153 3221 2205 ὲν
3262 2153 3441 2206 οὐδενί
3472 2154 3559 2207 θέ-

1991 2249 2167 2300 μενοι,
2206 2233 2299 2298 οὒς
2323 2230 2490 2306 εἶχον,
2521 2236 2596 2301 ὡς
2622 2239 2940 2311 δεδήλωται,
2988 2244 3185 2310 ὅρκους
3223 2247 3303 2309 εἰς
3331 2246 3429 2316 τὴν
3463 2246 3559 2316 βα·-

1992 2324 2396 2382 σιλείαν.Ἒπεὶ
2440 2329 2496 2383 δὲ
2540 2324 2698 2395 οὗτος
2735 2332 2835 2405 ήδη
2890 2334 2949 2400 ἐξ
2984 2336 3288 2408 ἀνθρώπων
3319 2340 3556 2405 ἐγένετο,

1989 2413 2107 2467 δέον
2137 2416 2342 2479 αὐτοὺς
2363 2418 2444 2482 εἰς
2486 2421 2843 2493 συναίσθησιν
2876 2424 3054 2479 ἐλθεῖν
3086 2430 3178 2482 καὶ
3218 2429 3559 2482 ἀνακαλέσα-

1993 2504 2116 2559 σθαι
2151 2508 2250 2577 τὴν
2298 2509 2380 2571 εἰς
2411 2510 2508 2581 τὴν
2543 2514 2607 2566 ὲκ
2635 2513 2772 2568 Θεοῦ
2825 2515 3109 2586 βασιλείαν
3159 2521 3464 2590 ὑποταγὴν,
3494 2525 3557 2591 ἦν

1990 2599 2221 2668 ὤφειλον
2260 2603 2381 2655 καθ’
2416 2604 2509 2667 οὒς
2549 2601 2717 2674 εἶχον,
2765 2607 3115 2680 ώςλίρηται,
3154 2612 3375 2682 ὅρκους.
3418 2617 3465 2667 οἱ
3499 2615 3557 2667 δὲ

1992 2695 2146 2765 κακῷ
2180 2695 2240 2748 τὸ
2266 2697 2435 2750 κακὸν
2463 2697 2705 2770 ἰώμενοι,
2740 2700 2769 2753 6
2800 2701 3039 2769 λέγεται.
3073 2705 3259 2774 ὅρκοις
3304 2710 3403 2776 μὲν
3432 2711 3560 2763 ἑαυ-

1992 2787 2117 2849 τοὺς
2148 2787 2512 2867 ἐνεπέδωσαν,
2552 2791 2807 2860 στέργειν
2840 2793 2914 2857 ώς
2946 2796 3209 2861 αὐθέντας
3251 2804 3350 2869 τήν
3376 2818 3435 2853 τε
3465 2818 3563 2870 γυο

1994 2881 2155 2933 ναῖκα
2187 2882 2282 2934 καὶ
2308 2882 2369 2933 τὸ
2391 2882 2607 2935 παιδίον
2635 2884 2867 2950 ἑκείνου,
2903 2886 3131 2957 ὕστερον
3158 2889 3338 2958 μέντοι
3371 2897 3564 2962 προσέ·

1991 2968 2199 3038 δραμον
2228 2971 2322 3023 καλ⁸
2352 2972 2963 3061 ὲνεχείρισανιέαυτοὺς
2989 2984 3052 3050 τῇ
3087 2981 3335 3055 ὑποταγῇ
3364 2986 3457 3037 καὶ
3493 2990 3560 3055 τῇ

1991 3061 2246 3133 αὐθεντίᾳ
2271 3066 2338 3134 τῇ
2374 3063 2657 3138 βασιλικῇ,
2683 3067 2742 3121 οῦ
2776 3069 2936 3140 χάριν
2967 3074 3064 3125 καὶ
3098 3075 3195 3145 τὴν
3228 3077 3560 3148 ἐξομολόγη-

1995 3170 2080 3205 σιν
2108 3153 2313 3220 ταύτην
2350 3157 2690 3228 ποιούμενοι,
2718 3160 2817 3232 τὴν
2849 3167 3234 3234 προσήκουσαν
3266 3170 3563 3240 θεραπείαν

1994 3244 2266 3315 ἐζήτησαν
2297 3248 2435 3317 μετὰ
2490 3250 2692 3321 πολλῆς
2735 3254 2837 3321 τῆς
2886 3258 3297 3328 ,παρακλήσεως
3349 3263 3561 3326 λαϐεῖν,

1994 3336 2173 3400 καθὼς
2212 3340 2278 3391 ἂν
2308 3342 2373 3410 τῇ
2424 3341 2548 3413 ἰερᾷ
2580 3343 2671 3397 καὶ
2716 3343 2837 3415 θείᾳ
2886 3348 3094 3418 συνόδῳ
3136 3353 3353 3424 κριθείη
3385 3356 3561 3425 ἁρμό-

1992 3430 2125 3497 διον,
2163 3432 2492 3502 προσθέντες
2540 3438 2635 3489 καὶ
2671 3433 2856 3500 τοῦτο,
2887 3440 2960 3503 ὡς
3007 3442 3114 3495 τῶν
3144 3446 3201 3495 ἐν
3230 3448 3293 3516 τῇ
3339 3449 3564 3518 τοιαύτη

1998 3523 2397 3624 πόλει-ἰερέων
2453 3528 2834 3598 ὲνδυσαμένων
2867 3533 2965 3594 τὰς
3017 3532 3300 3603 ἱερατικὰς
3345 3541 3560 3624 στολὰς,

1994 3619 2090 3669 καὶ
2126 3618 2194 3670 τὰ
2223 3620 2343 3672 θεῖα
2394 3622 2487 3674 καὶ
2522 3621 2641 3692 ἰερά
2674 3624 2777 3675 ἀνὰ
2819 3627 3006 3694 χεῖρας
3054 3627 3286 3696 ἑχόντων
3320 3618 3563 3700 Εὑαγγέξ

1993 3710 2103 3793 λια,
2137 3712 2444 3782 ἀφορισμὸς
2483 3714 2873 3783 ὲκπεφώνηται
2908 3720 3110 3783 παντὸς
3140 3722 3221 3784 εἰς
3266 3726 3432 3776 ταυτὸ
3461 3727 3554 3779 τοῦ

1994 3802 2124 3857 λαοῦ
2161 3805 2585 3875 συνδραμόντος,
2614 3808 2755 3862 ὥστε
2804 3812 3009 3881 μηδένα
3046 3814 3156 3868 τῶν
3191 3816 3429 3872 ἐποίκων
3462 3820 3562 3889 τῆς

1993 3896 2253 3966 τοιαύτης
2303 3898 2450 3962 ἰδίως
2481 3900 2576 3953 καὶ
2624 3907 2946 3973 μονομερῶς
2981 3908 3014 3978 ἢ
3049 3909 3173 3963 καθ’
3210 3909 3307 3964 ἕνα
3352 3913 3385 3984 ἢ
3421 3917 3562 3967 κατά

1997 3995 2320 4062 συστήματα
2373 3994 2695 4063 προσελθεῖν
2738 3996 2817 4067 τῷ
2861 3999 2939 4060 εἰς
2975 3999 3219 4070 κεφαλὴν
3259 4002 3355 4057 τοῦ
3386 4007 3563 4057 ἐκεῖσε

1996 4086 2201 4154 μέρους
2225 4087 2502 4156 ταχθέντι,
2531 4090 2625 4143 καὶ
2648 4091 2714 4143 τά
2752 4090 2894 4145 κατά
2921 4093 3019 4162 τήν
3045 4093 3227 4146 αὐτῶν
3268 4097 3567 4165 προσέλευ-

1997 4194 2082 4234 σιν
2113 4179 2490 4250 οἰκονομοῦντι
2543 4182 2901 4253 περιποθήτω
2930 4185 3175 4256 γαμϐρῷ
3223 4187 3323 4242 τοῦ
3374 4191 3567 4260 κρατί-

1999 4291 2125 4328 στου
2154 4274 2248 4329 καί
2276 4274 2432 4343 ἁγίου
2474 4292 2579 4345 μου
2614 4276 3041 4347 αὐτοκράτορος,
3078 4278 3156 4350 τῷ
3186 4280 3566 4353 εὐγενεστάτω

1998 4366 2347 4438 πιγκέρνῃ,ἢ
2381 4366 2720 4439 μηνύματιῆ
2757 4369 3051 4439 γράμματι
3081 4373 3393 4442 χρήσασθαι
3430 4377 3566 4446 πρὸς

2000 4459 2190 4521 αὐτὸν,
2227 4459 2411 4511 ὅντινα
2443 4458 2509 4531 δὴ
2536 4460 2846 4531 ἀφορισμὺν
2889 4464 3019 4532 παρ’
3052 4465 3203 4518 οὐδὲν
3235 4464 3453 4537 θέμενοί
3480 4486 3565 4521 τι·

321 4569 454 4637 περὶ
485 4564 653 4635 αὐτὴν
690 4561 841 4616 θείαν
876 4559 972 4612 καλ⁸
1003 4554 1156 4626 ἰεράν
1194 4553 1413 4608 σύνοδον
1458 4551 1600 4605 οἵτε
1636 4549 1891 4619 κληρικοί
1924 4565 1971 4626 υ
1997 4567 2085 4613 νες
2137 4553 2229 4603 καὶ
2267 4550 2517 4621 ἔγραψαν
2570 4553 2666 4605 καὶ
2724 4554 3005 4624 ἐμήνυσαν
3062 4557 3156 4609 καὶ
3202 4561 3566 4623 καταστάσεις

320 4662 420 4731 τῆς
455 4656 773 4726 ἁγιωτάτης
800 4649 1189 4723 μητροπόλεως
1225 4644 1543 4699 Ἰωαννίνων
1568 4646 1660 4696 καὶ
1699 4644 1747 4695 οἰ
1785 4643 1893 4695 λοι-

326 4753 417 4808 ποὶ
447 4752 659 4805 ἔποικοι
691 4747 790 4817 τῆς
817 4744 1075 4811 τοιαύτης
1102 4740 1410 4793 θεοσώστου
1437 4738 1665 4800 πόλεως,
1690 4736 1763 4798 ὡς
1790 4734 1893 4804 πρὸ

321 4847 533 4918 χρόνων
563 4841 932 4902 ἀποθανόντος
965 4836 1059 4889 τοῦ
1090 4832 1429 4903 τυραννικῶς
1466 4826 1896 4899 ἐπικρατοῦντος

322 4939 421 4993 καὶ
470 4933 891 4995 αὐθεντεύοντος
948 4930 1028 4990 εἰς
1062 4927 1261 4988 αὐτοὺς
1312 4924 1406 4977 τοῦ
1456 4922 1631 4991 Θωμᾶ
1655 4920 1888 4985 ἐκείνου,

326 5026 722 5102 προσελθόντες
773 5022 868 5076 καὶ
906 5018 1269 5085 ὑποταγέντες
1312 5014 1390 5075 εἰς
1441 5010 1537 5080 τήν
1582 5006 1893 5078 ὑποχείριό-

323 5100 461 5193 τητα
490 5121 585 5174 καὶ
632 5114 960 5185 δουλοσύνην
991 5110 1086 5166 τοῦ
1141 5108 1391 5177 ἀοιδίμου
1444 5102 1539 5156 καί
1589 5100 1892 5193 μακαρίτου

325 5220 483 5287 ἁγίου
514 5213 783 5287 βασιλέως
818 5209 1057 5273 ἐκείνου,
1088 5202 1184 5257 τοῦ
1214 5202 1439 5256 πάππου
1471 5196 1565 5250 τοῦ
1599 5192 1894 5266 κρατίστου

328 5315 419 5365 καὶ
448 5309 607 5379 ἁγίου
649 5322 754 5376 μου
788 5298 1215 5371 αὐτοκράτορος,
1249 5290 1391 5364 ἦσαν
1440 5288 1794 5359 ὑποκείμενοι
1829 5289 1894 5357 τῇ

324 5408 389 5458 ἐκ
422 5401 561 5456 Θεοῦ
595 5396 847 5470 βασιλείᾳ
870 5395 966 5447 καὶ
993 5390 1327 5462 ἐμμένοντες
1354 5388 1421 5454 τῇ
1454 5382 1702 5450 ὑποταγῇ
1729 5379 1896 5446 αὐτῆς

330 5498 471 5550 κατά
496 5493 625 5556 τοὺς
651 5490 747 5543 ἐπὶ
775 5489 951 5555 τούτῳ
978 5483 1274 5552 γεγονότας
1303 5478 1500 5549 ὅρκους
1529 5473 1664 5543 παρ’
1693 5470 1892 5524 αὐτῶν·

326 5583 446 5642 εἶτα
477 5585 581 5655 τῆς
602 5583 783 5655 μέσον
836 5578 944 5632 τῶν
986 5572 1252 5645 βασιλέων
1300 5568 1566 5637 διαφορᾶς
1610 5564 1897 5655 γεγονυίας

328 5682 423 5734 καὶ
451 5653 551 5747 τῆς
578 5653 831 5727 ἐντεῦθεν
862 5668 971 5722 τῶν
1002 5662 1346 5735 πραγμάτων
1375 5658 1662 5728 συμϐάσης
1692 5653 1897 5723 συγχύ-

331 5793 491 5837 σεως,
528 5772 652 5826 ἐπεὶ
698 5772 725 5823 6
758 5766 945 5827 κόντος
977 5761 1082 5834 κῦρ
1123 5757 1386 5815 Νικόλαος
1434 5752 1664 5813 ἐκεῖνος,
1711 5748 1767 5805 ὃς
1805 5747 1899 5798 καὶ

328 5863 631 5935 δεσποτικῷ
681 5859 883 5931 ἔφθασε
935 5852 1235 5925 τιμηθῆναι
1282 5842 1579 5912 ἀξιώματι,
1615 5839 1892 5909 ἀθετήσας

1996 4642 2208 4696 ἑαυτῶν
2237 4643 2398 4715 χάριν
2444 4645 2802 4714 ἐποιήσαντο,
2846 4645 2911 4710 ἃς
2950 4648 3242 4719 ἐποίησαν,
3287 4651 3338 4704 οἳ
3381 4652 3445 4722 δὴ
3475 4656 3568 4707 καὶ

1997 4737 2153 4789 αὐτοὶ
2181 4739 2367 4806 τυχεῖν
2411 4737 2709 4805 θεραπείας
2754 4739 2850 4792 ἐπὶ
2885 4741 3099 4805 τούτοις
3127 4744 3331 4813 ὁμοίως
3368 4747 3567 4816 ἐζήτη-

2000 4844 2120 4880 σαν.
2162 4829 2299 4896 Περὶ
2350 4829 2450 4896 μὲν
2498 4824 2593 4882 οὖν
2626 4830 2726 4897 τῆς
2778 4833 2966 4894 κοινῆς
3002 4834 3200 4899 τούτης
3255 4836 3568 4901 ὑποθέσεως

1996 4915 2104 4967 τῶν
2138 4917 2376 4968 ἐποίκων
2407 4916 2502 4984 τῆς
2534 4918 2835 4985 εἰρημένης
2883 4919 3094 4983 πόλεως
3128 4923 3439 4991 ἐγκλήματι
3468 4930 3568 4994 μὲν

1999 5002 2195 5063 αὐτοὺς
2243 5004 2527 5073 ἐπιορκίας
2565 5008 2890 5074 περιπεσεῖν
2921 5008 3243 5079 διέγνωμεν,
3290 5029 3565 5082 προηγου-

2001 5095 2182 5164 μένως
2223 5096 2330 5163 γὰρ
2361 5095 2468 5148 ἔδει
2512 5096 2816 5167 ἀποστῆναι
2866 5101 3066 5165 αὐτοὺς
3107 5104 3568 5176 ἐπιχειρήσαντος

1999 5191 2060 5244 τὺ
2090 5194 2209 5243 κατ’
2246 5192 2421 5264 ἀρχάς
2470 5196 2535 5266 τῇ
2571 5195 2889 5268 ἀποστασία
2920 5195 3014 5250 τοῦ
3061 5199 3352 5269 εἰρημένου
3386 5202 3565 5254 Δούκα

1999 5284 2100 5354 τῆς
2135 5286 2422 5349 κοινωνίας
2468 5286 2636 5341 αὐτοῦ
2660 5303 2673 5317 °
2702 5289 2914 5355 ἔπειτα,
2947 5290 2998 5343 εἰ
3031 5290 3126 5342 καὶ
3174 5290 3333 5343 τοῦτο
3367 5296 3565 5359 προσέ-

2003 5392 2258 5437 πταισαν,
2293 5377 2661 5442 ἀποθανόντος
2690 5380 2820 5447 γοῦν
2853 5379 3021 5434 αὐτοῦ
3051 5380 3461 5454 ὲπαναδραμείν
3486 5386 3566 5447 εἰς

1999 5468 2099 5537 τὴν
2130 5468 2412 5536 ὑποταγὴν
2456 5468 2552 5522 τοῦ
2588 5470 2880 5539 κρατίστου
2915 5470 3011 5524 καὶ
3046 5471 3204 5540 ἀγίου
3254 5489 3357 5542 μου
3403 5475 3567 5526 αὐτο-

2000 5563 2291 5631 κράτορος,
2325 5560 2444 5613 καθ’
2479 5560 2574 5624 οὓς
2606 5564 2935 5630 ἐποιήσαντο
2965 5564 3159 5630 ὅρκους
3192 5579 3207 5594 ⁸
3242 5564 3340 5618 νῦν
3370 5567 3426 5619 δὲ
3462 5585 3565 5619 πα-

2002 5653 2268 5722 ραϐάντες
2300 5653 2426 5716 τοὺς
2456 5656 2534 5714 εἰς
2570 5655 2667 5723 τὴν
2714 5653 2999 5724 βασιλείαν
3028 5656 3329 5728 προτέρους
3368 5662 3567 5732 ὅρκους

2000 5747 2178 5800 αὐτῶν
2217 5748 2413 5817 ὅρκους
2465 5745 2687 5815 ἐτέρους
2732 5745 3028 5803 δεδώκασιν
3055 5752 3174 5803 ,ἐπὶ
3204 5752 3280 5823 τῷ
3311 5753 3416 5805 ὑπὸ
3473 5755 3571 5821 τὴν

2001 5838 2178 5909 ἀρχὴν
2211 5840 2302 5891 καὶ
2335 5838 2620 5908 ὑποταγὴν
2670 5840 2765 5910 τῆς
2798 5843 3055 5909 γυναικὸς
3093 5844 3186 5899 καὶ
3218 5845 3312 5898 τοῦ
3347 5846 3564 5900 παιδίου
