3866 6546
239 404 358 470 1221

1281 386 1360 445 SY
1376 386 1673 446 NODlC/E
1710 385 2272 448 CONSTITUTION
2285 389 2396 450 ES.

3330 396 3466 460 1222

236 515 460 575 ποιοῦσιν
501 500 646 563 οῦτοι
701 505 766 576 δὴ
816 506 865 560 οἱ
909 503 1004 573 τῆς
1056 503 1264 566 πόλεως
1311 501 1546 570 ἔποικοι,
1578 502 1662 557 δτι
1694 502 1784 557 τὸν
1817 533 1859 588 Α
1889 503 2030 560 οιδεν
2071 504 2270 567 αὐτοὺς
2320 505 2429 560 τῶν
2483 505 2558 576 μὴ
2604 505 2955 579 καθηκόντων
3000 511 3461 584 εἰργασμένουςῆ

234 611 400 666 δοῦλον
447 603 603 657 πλέον
635 599 728 652 τοῦ
771 597 1032 669 δεσπότου
1077 595 1306 666 τιμῶσι,
1343 597 1442 650 καὶ
1495 595 1786 667 συναθροί-

233 706 399 771 ζονται
432 698 528 766 μὲν
575 691 900 762 παμπληθεὶ
927 691 1004 754 εἰς
1041 690 1135 744 τὸν
1183 689 1313 744 ναὸν
1346 689 1442 744 τοῦ
1489 688 1648 759 ἁγίου
1685 706 1785 761 με·

211 790 626 868 ,ταλομάρτυρος
673 788 769 839 καὶ
821 784 1161 854 μυροόλύτου
1207 784 1547 854 Δημητρίου,
1595 783 1689 838 τὸν
1726 784 1784 838 δέ

231 887 340 944 ναδν
365 882 454 936 τοῦ
475 878 744 932 Δεσπότου
772 878 1025 947 Σωτῆρος
1051 875 1291 948 Χριστοῦ
1319 877 1778 948 παρατρέχουσιν,

228 975 364 1034 εἶπεν
393 971 539 1042 αὐτῷ
567 969 733 1039 δῆθεν
763 971 790 1022 6
823 969 1197 1039 χαρτοφύλαξ,
1232 970 1316 1023 ὃτι
1345 969 1508 1022 πλέον
1543 967 1783 1039 τιμῶσιν

223 1073 268 1126 οί
294 1062 708 1125 Θεσσαλωικείς
743 1062 832 1114 τὸν
888 1061 1144 1132 μάρτυροι
1175 1061 1271 1116 τοῦ
1319 1059 1582 1130 Χριστοῦ.
1621 1061 1796 1117 Κατὰ-

223 1164 273 1218 δέ
299 1158 388 1214 τοῦ
438 1153 727 1209 σακελλίου
763 1148 885 1206 εἷπε
933 1153 1058 1223 μὲν,
1095 1153 1170 1224 μὴ
1209 1152 1520 1222 ⁴γινώσκειν
1554 1169 1610 1205 τι
1660 1153 1778 1206 κατ’

222 1252 392 1316 αὐτοῦ,
426 1246 664 1301 ἀκοῦσαι
696 1245 754 1300 δέ
807 1244 960 1314 παρὰ
1002 1244 1096 1299 τοῦ
1130 1246 1336 1298 οἰκείου
1386 1244 1467 1315 τῷ
1498 1243 1778 1316 κρατίστῳ

223 1347 307 1402 καὶ
335 1343 472 1411 ἁγίῳ
509 1357 613 1409 μου
667 1339 1039 1410 αὐτοκράτορι
1081 1337 1187 1410 κῦρ
1213 1338 1492 1408 Γεωργίου
1522 1337 1616 1391 τοῦ
1659 1337 1780 1406 Ἀγ-

221 1440 386 1509 γέλου,
418 1434 494 1495 ὡς
520 1433 580 1485 οὐ
615 1430 829 1498 δοξάζει
865 1430 1073 1502 νεκρῶν
1101 1431 1422 1484 ἀνάστασιν.
1457 1429 1576 1484 Τῶν
1602 1428 1777 1483 10:06-

219 1547 314 1584 των
344 1526 434 1580 οὖν
487 1524 670 1579 ἀκοῶν
724 1523 1065 1592 λαληθεισῶν
1107 1522 1186 1592 τῷ
1231 1522 1376 1587 τότε,
1407 1523 1483 1585 ὡς
1535 1522 1774 1594 εἴρηται,
1803 1555 1814 1563 ς

217 1623 343 1676 κατὰ
371 1619 476 1673 τῶν
510 1619 820 1689 εἰρημένων
857 1617 1337 1688 ἐκκλησιαστικῶν
1365 1619 1523 1687 παρά
1547 1616 1640 1671 τοῦ
1667 1634 1778 1670 :0:-

216 1715 360 1768 ούτου
392 1711 612 1765 Χιονίου
648 1711 962 1783 ὐπερετέθη
993 1711 1132 1776 τέως
1161 1712 1194 1782 ὴ
1222 1710 1351 1780 περὶ
1382 1710 1560 1764 αὐτῶν
1593 1709 1776 1777 ἐξέτα-

218 1826 292 1870 σις
321 1808 403 1860 διὰ
431 1804 491 1859 :6
522 1804 782 1889 χηρεύειν
807 1806 906 1877 τὴν
931 1805 1245 1873 ἀγιωτάτην
1274 1805 1610 1876 μητρόπολιν
1640 1805 1776 1858 9:0-

1891 599 1986 652 καὶ
2009 601 2410 671 φρονήσαντας,
2456 599 2632 653 είπεῖν
2659 597 2816 654 τοῦτο
2846 601 2940 654 καὶ
2981 603 3215 674 φανερὸν
3247 605 3464 672 θέσθαι,

1889 692 2052 756 αὐτὸς
2087 693 2426 757 ἐνστατικῶς
2452 693 2594 763 ἔχων
2621 687 2710 764 ἦν,
2740 695 2834 748 καὶ
2858 695 2926 748 τὰ
2959 695 3059 765 μὲν
3087 697 3186 766 τῆς
3226 716 3464 767 κατηγο-

1891 785 2015 855 ρίας
2045 783 2354 854 ἐκφεύγων,
2385 785 2874 855 διαϐεϐαιούμενος
2903 787 2982 854 δὲ,
3022 789 3190 863 μηδέν
3217 807 3270 842 τι
3299 791 3462 845 πλέον

1887 875 2031 947 ἔχειν
2070 876 2181 930 τῶν
2214 877 2526 949 εἰρημένων
2560 877 2758 944 εἰπεῖν,
2801 878 2927 931 οὐτε
2962 879 3099 934 κατὰ
3128 881 3221 934 τοῦ
3253 885 3461 937 οἰκονό-

1888 987 2014 1040 μου,
2049 968 2172 1023 οὗτε
2199 971 2342 1024 κατὰ
2367 971 2459 1024 τοῦ
2486 971 2925 1042 χαρτοφύλακος,
2965 975 3058 1026 καὶ
3087 976 3268 1046 πολλῷ
3297 979 3460 1032 πλέον

1889 1061 1966 1132 μὴ
1998 1059 2294 1129 γινώσκειν
2319 1061 2475 1130 ἐλεγέ
2500 1080 2550 1116 τι
2580 1065 2723 1116 κατὰ
2748 1063 2840 1117 τοῦ
2873 1066 3185 1127 σακελλίου,
3223 1071 3458 1141 ἐπιμαρ-

1887 1156 2068 1227 τυρῶν
2104 1154 2219 1226 ἆμα
2253 1156 2405 1227 αὐτῷ
2436 1157 2501 1227 δὴ
2535 1158 2613 1228 τῷ
2659 1160 2945 1213 σακελλίου
2980 1163 3072 1214 καί
3101 1179 3223 1216 τινα
3255 1166 3457 1233 τρόπου

1885 1249 2169 1319 θεοφιλοῦς
2227 1250 2323 1302 καὶ
2379 1249 2606 1303 ἐπαίνου
2640 1249 2790 1314 ἀξια.
2829 1252 2887 1304 '0
2933 1256 3120 1321 μέντοι
3173 1255 3456 1308 σακελλίου

1885 1344 2020 1414 πρδς
2053 1344 2153 1415 τὴν
2188 1343 2493 1416 είρημένην
2529 1345 2652 1398 κατ’
2683 1345 2850 1398 αὐτοῦ
2899 1347 3233 1416 κατηγορίαν
3284 1349 3459 1418 ἁπην·

1879 1438 2063 1508 τηκὼς
2094 1439 2192 1492 καὶ
2246 1437 2696 1509 πληροφορήσας,
2729 1438 2804 1502 ὡς
2860 1439 2976 1509 ἔχει
3024 1439 3182 1508 δόξης
3240 1445 3364 1511 περί
3398 1459 3455 1494 τε

1878 1532 1978 1600 τῆς
2012 1530 2119 1583 τῶν
2151 1531 2364 1602 νεκρῶν
2397 1531 2749 1596 ἀναστάσεως
2785 1531 2878 1585 καὶ
2905 1533 3012 1584 τῶν
3052 1532 3228 1586 ἄλλων
3257 1533 3459 1600 δογμό-

1878 1641 1986 1684 των
2013 1624 2112 1694 τῆς
2151 1624 2507 1696 Ἐκκλησίας,
2535 1626 2855 1695 ἐνεφάνισεν
2877 1626 3068 1679 ἔπειτα
3103 1631 3196 1679 καὶ
3223 1627 3456 1695 γράμμα

1879 1717 1972 1771 τοῦ
2001 1718 2389 1790 διαληφθέντος
2428 1720 2634 1774 οἰκείου
2654 1719 2732 1790 τῷ
2760 1721 3036 1791 κρατίστῳ
3062 1720 3156 1772 καὶ
3183 1719 3324 1791 ἁγίῳ
3354 1739 3455 1789 μου

1881 1810 2246 1883 αὐτοκράτορι
2271 1813 2364 1866 τοῦ
2403 1813 2687 1880 ’Δγ-γέλω,
2711 1812 2846 1880 ὅπερ
2873 1813 2966 1865 καὶ
2999 1814 3074 1875 εἰς
3099 1813 3334 1884 ἐπήκοον
3361 1815 3457 1865 ἀι.-

213 1900 486 1970 σαλονίκης
508 1876 819 1971 ἀρχιερέως
835 1876 1256 1968 γνησίουοἝπεὶ
1274 1898 1332 1952 δὲ
1353 1898 1515 1952 πάλιν
1533 1897 1773 1969 ἐλαλήθη
1807 1876 1850 1936 Β
1881 1876 2152 1974 εγνώσ-θη,
2179 1876 2300 1975 έχον
2326 1906 2412 1958 ἐπ’
2429 1876 2610 1958 αὐτῶν
2632 1906 2740 1959 τῶν
2758 1876 2953 1969 λέξεων
2975 1876 3204 1958 οὐτωσίί
3220 1924 3237 1956 ι
3260 1905 3318 1957 ’0
3334 1905 3455 1957 δοῦ-

211 1990 370 2046 ταῦτα
399 1990 491 2044 καὶ
527 1989 625 2044 ἐπὶ
665 1991 759 2062 τῆς
793 1990 956 2060 ἡμῶν
988 1989 1345 2061 μετριότητος
1379 1991 1473 2043 καί
1515 1989 1610 2059 τῆς
1646 1992 1776 2062 περὶ

211 2082 366 2153 αὐτὴν
390 2083 543 2153 ἰερᾶς
585 2083 680 2136 καὶ
711 2082 864 2146 θείας
899 2083 1118 2137 συνόδου
1151 2082 1513 2153 ἐξεταζούσης
1533 2083 1603 2136 τά
1635 2085 1775 2137 κατὰ

212 2178 295 2231 τὸν
316 2175 562 2241 Χιόνιον,
592 2177 872 2248 παρουσία
902 2178 997 2232 καὶ
1026 2176 1121 2230 τοῦ
1165 2176 1457 2247 κρατίστου
1501 2175 1596 2229 καὶ
1616 2177 1774 2244 ἁγίου

212 2286 304 2340 μου
328 2268 754 2339 αὐτοκράτορος,
781 2270 879 2324 καὶ
903 2269 1098 2340 ἐκρίθη
1120 2269 1399 2340 προσῆκον
1427 2263 1680 2323 εἶναικαὶ
1701 2268 1777 2322 δί-

210 2379 372 2428 καιον,
392 2363 684 2432 ἐπιστῆναι
717 2361 812 2415 καὶ
833 2361 1034 2425 αὐτοὺς
1049 2362 1131 2424 εἰς
1153 2360 1249 2432 τὴν
1272 2361 1510 2424 σύνοδον,
1532 2361 1776 2432 γράψανο

210 2468 292 2515 τες
319 2451 716 2524 ἐπεσκήψαμεν
739 2452 924 2517 αὐτοῖς
945 2452 1255 2524 ἐπιστῆναι,
1285 2451 1436 2506 ἐνθεν
1454 2470 1534 2506 τοι
1559 2453 1654 2506 καὶ
1684 2453 1773 2504 ὑπ’

208 2544 488 2608 ἀσθενείας
521 2546 644 2612 ἅμα
691 2546 786 2600 καὶ
817 2546 1006 2615 γήρως
1031 2544 1136 2616 τῆς
1168 2543 1306 2615 πρὸς
1338 2546 1486 2616 ἡμᾶς
1529 2544 1774 2614 ἅψασθαι

210 2635 554 2691 κωλυθέντων
605 2637 700 2690 τοῦ
734 2637 1026 2709 οἰκονόμου
1063 2654 1124 2691 τε
1167 2636 1384 2691 καὶτοῦ
1429 2635 1774 2708 χαρτοφύλα-

207 2747 315 2792 κος.
340 2729 553 2784 ἄνεισιν
607 2733 636 2783 6
669 2729 963 2784 σακελλίου
1015 2729 1237 2798 σύναμα
1283 2730 1364 2802 τῷ
1395 2730 1489 2782 ἐπὶ
1539 2728 1775 2799 θυγατρὶ

206 2823 430 2895 γαμόρῷ
459 2823 558 2877 τοῦ
592 2823 1009 2898 χαρτοφύλακος
1053 2823 1132 2894 τῷ
1165 2825 1460 2894 Παμφίλῳ,
1488 2824 1773 2878 ἐπιστάντι

205 2916 388 2986 δικαίῳ
421 2916 519 2970 τοῦ
560 2917 806 2972 τοιούτου
851 2915 1120 2988 πενθεροῦ
1155 2915 1348 2984 αὐτοῦ,
1400 2915 1621 2988 γραφὰς
1653 2918 1774 2970 ἐπι-

120 3029 128 3043 ι
205 3007 488 3079 φερόμενοι
532 3011 629 3064 καὶ
656 3011 845 3066 αὐτῶν
882 3009 1091 3066 τούτων
1125 3009 1558 3081 ἀπολογητικὰς,
1591 3010 1672 3063 ἔτι
1714 3026 1776 3062 τε

208 3103 294 3156 καὶ
347 3105 552 3158 σεπτὸν
587 3105 921 3176 πρόσταγμα
973 3103 1070 3158 τοῦ
1120 3105 1418 3173 κρατίστου
1470 3103 1568 3156 καὶ
1615 3101 1774 3170 ἁγίου

205 3211 302 3265 μου
353 3196 788 3268 αὐτοκράτορος,
853 3195 1228 3266 διοριζόμενον
1283 3193 1649 3264 ἐξετασθῆναι
1696 3194 1767 3247 τά

203 3287 316 3340 κατ’
353 3289 558 3352 αὐτοὺς
614 3291 708 3344 καὶ
757 3289 1232 3359 ἀποκαταστῆναι.
1273 3288 1384 3341 Καὶ
1427 3287 1492 3358 δὴ
1547 3287 1767 3341 συνόδου

203 3381 670 3451 συγκροτηθείσης
701 3380 944 3448 γίνονται
977 3381 1058 3444 εἰς
1091 3379 1262 3450 αὐτὴν
1307 3380 1641 3451 μετάκλητοι
1676 3381 1769 3434 κα)⁸

200 3471 248 3526 οἰ
275 3473 399 3544 εύρε
412 3473 605 3534 θέντες
639 3473 872 3528 ἐνταῦθα
903 3475 1003 3545 τῆς
1042 3473 1374 3544 συγκλήτου,
1405 3476 1436 3529 6
1465 3475 1772 3546 περιπόθη-

200 3583 286 3632 τος
318 3569 573 3641 δηλονότι
607 3568 896 3639 ἐξάδελφος
919 3570 1013 3622 τοῦ
1037 3568 1330 3639 κρατίστου
1357 3569 1450 3622 καὶ
1480 3567 1636 3637 ἁγίου
1667 3587 1769 3638 μου

202 3661 606 3733 αὐτοκράτορος
652 3660 759 3733 κῦρ
827 3660 1171 3730 Ἀνδρόνικος
1222 3661 1251 3712 6
1302 3660 1685 3728 Παλαιολόγος,
1743 3663 1770 3714 6

201 3757 579 3826 συμπένθερος
601 3753 696 3807 τοῦ
725 3754 1023 3825 κρατίστου
1059 3758 1150 3806 καὶ
1183 3752 1344 3821 ἁγίου
1371 3769 1472 3822 μου
1502 3754 1770 3822 αὐτοκρά-

197 3861 349 3914 τορος
381 3848 476 3899 ἐπὶ
506 3827 607 3916 τῆς
636 3844 941 3917 τραπέζης,
990 3842 1096 3915 κῦρ
1131 3843 1405 3913 Γεώργιος
1434 3843 1709 3912 Χοῦμνος,
1740 3846 1768 3896 ό

197 3939 334 4002 θεῖος
359 3937 458 3991 τοῦ
511 3938 942 4012 κρατίστουκαὶ
987 3936 1146 4005 ἁγίου
1187 3952 1290 4006 μου
1339 3936 1765 4006 αὐτοκράτορος,

197 4033 366 4102 μέγας
398 4031 765 4101 δρουγγάριος
809 4030 913 4101 κῦρ
947 4069 963 4085 .
1008 4068 1026 4086 .
1064 4069 1080 4085 .
1110 4032 1138 4082 6
1172 4029 1462 4099 Τορνίκης,
1497 4031 1526 4081 6
1567 4031 1768 4090 οἰκεῖος

194 4126 270 4196 τῷ
304 4109 589 4196 κρατίστῳ
619 4126 714 4177 καὶ
763 4124 907 4196 ἁγίῳ
939 4142 1041 4195 μου
1076 4123 1445 4193 αὐτοκράτορι
1486 4125 1769 4194 πρωτοαλ-

196 4220 450 4289 λαγάτωρ
480 4219 591 4290 κῦρ
624 4255 640 4272 .
674 4256 690 4272 .
728 4256 741 4270 .
775 4256 792 4272 .
829 4257 845 4272 .
881 4217 976 4270 καὶ
1019 4215 1221 4286 ἕτεροι,
1255 4214 1680 4286 ἀρχιμανδρίταί
1709 4232 1768 4266 τε

196 4314 290 4366 σὺν
333 4310 557 4374 τούτοις
587 4311 683 4363 καὶ
729 4307 1133 4379 καθηγούμενοι
1165 4310 1272 4361 τῶν
1319 4306 1558 4362 ἐνταῦθα
1603 4307 1768 4360 σεϐα-

199 4405 373 4472 σμίων
411 4401 593 4472 μονῶν
624 4399 720 4452 καὶ
769 4399 877 4452 ἀπὸ
909 4398 1017 4451 τῶν
1057 4398 1372 4468 προκρίτων
1408 4397 1641 4450 πολιτῶν
1671 4399 1771 4448 οὐκ

193 4495 384 4564 ὀλίγοι,
430 4495 749 4563 παράγεται
801 4493 857 4544 δέ
885 4493 980 4544 καὶ
1010 4492 1039 4542 6
1064 4493 1276 4553 Χιόνιος
1319 4491 1409 4544 ἐπὶ
1451 4490 1544 4544 τοῦ
1575 4493 1767 4558 μέσου,

1878 1995 1969 2060 λος
1987 1995 2079 2049 τοῦ
2104 1998 2397 2069 κρατίστου
2426 1999 2520 2052 καὶ
2549 1997 2707 2066 ἁγίου
2735 1997 2889 2067 ἡμῶν
2910 1998 3167 2050 αὐθέντου
3185 1997 3277 2050 καὶ
3303 1997 3454 2067 βασι-

1877 2087 2014 2152 λέως
2033 2088 2302 2157 Γεώργιος
2320 2092 2347 2143 6
2369 2090 2636 2158 Ἀγγελος
2651 2090 2712 2144 :6
2725 2091 2896 2159 παρὸν
2916 2091 3148 2160 γράμμα
3169 2091 3329 2154 ποιῶ,
3355 2097 3454 2146 κά-

1875 2181 2047 2236 τωθεν
2089 2182 2297 2250 μέλλων
2331 2181 2676 2252 ὑπογράφειν
2707 2183 2860 2248 αὐτὸ,
2890 2183 2958 2236 δι’
2992 2177 3053 2236 06
3079 2181 3142 2251 δὴ
3177 2185 3268 2236 καὶ
3312 2186 3454 2252 λέγω

1877 2274 1970 2327 καὶ
1998 2271 2434 2343 ἐξασφαλίζομαι
2460 2275 2696 2328 ἐνώπιον
2735 2274 2829 2328 τοῦ
2859 2274 2994 2327 Θεοῦ
3017 2275 3111 2328 καὶ
3142 2276 3250 2328 τῶν
3283 2277 3450 2343 ἁγίων
3480 2275 3488 2284 ’

1877 2366 2128 2434 ἀγγέλων
2154 2365 2498 2436 ἀληθεύσειν·
2525 2367 2648 2420 ἐπεὶ
2679 2368 2789 2438 γὰρ
2820 2368 2928 2436 πρὸ
2963 2367 3156 2436 καιροῦ
3195 2369 3294 2422 οὐκ
3339 2369 3451 2420 όλί-

1877 2476 1976 2526 γου
2030 2458 2303 2523 ὐΧιόνιος
2356 2459 2660 2528 ἐλεγχθεὶς,
2708 2460 2789 2523 εἰς
2842 2461 2962 2514 οἵαν
3013 2462 3270 2514 ἐνέπεσεν
3321 2462 3450 2513 ιΞισέ⁴

1877 2552 2064 2616 δειαν,
2089 2557 2392 2625 κατήγορος
2431 2554 2624 2622 γέγονε
2679 2553 2988 2624 προσώπων
3035 2555 3220 2621 τινῶν,
3265 2538 3358 2608 καὶ
3385 2555 3450 2623 δὴ

1878 2643 2020 2711 μετὰ.
2062 2643 2173 2697 τῶν
2226 2643 2404 2698 ἀλλων
2457 2644 2552 2697 τοῦ
2616 2643 2905 2698 σακελλίου
2940 2644 3036 2698 τοῦ
3072 2645 3386 2717 Βρυεννίου·
3419 2649 3453 2714 ἡ

1874 2736 1932 2790 δὲ
2003 2735 2127 2790 κατ’
2149 2735 2316 2790 αὐτοῦ
2364 2737 2674 2813 κατηγορία
2751 2733 2819 2806 ἧν
2867 2737 3096 2806 τοιαύτη
3152 2738 3451 2808 λαληθεῖσα

1876 2827 2108 2884 ἐνώπιον
2136 2828 2236 2896 τῆς
2267 2829 2602 2898 συγκλήτου,
2657 2829 2740 2882 ὅτι
2775 2829 2980 2900 ἤκουσε
3034 2831 3164 2900 παρ’
3195 2830 3330 2900 ἐμοῦ
3377 2832 3452 2882 εἱ-

1877 2921 2093 2985 πόντος,
2123 2919 2198 2982 ὡς
2239 2920 2300 2971 οὐ
2330 2918 2550 2985 δοξάζει
2593 2920 2892 2974 ἀνάστασιν
2922 2921 2949 2972 6
2980 2920 3223 2984 τοιοῦτος
3256 2921 3452 2973 σακε).-

1875 3011 2339 3076 λίου,κάντεῦθιν
2391 3011 2688 3083 ὴρωτήθην
2747 3012 2849 3082 μὲν
2879 3015 2974 3067 καὶ
3026 3014 3151 3067 τότε
3185 3014 3288 3066 ὐπὸ
3347 3013 3450 3085 τῆς

1877 3101 2214 3172 συγκλήτου,
2245 3101 2337 3154 καὶ
2377 3097 2532 3155 εἷπον
2564 3102 2661 3156 καὶ
2707 3103 2866 3168 τότε,
2895 3103 2932 3159 ἀ
2987 3105 3167 3175 μέλλω
3218 3107 3312 3158 καὶ
3359 3107 3452 3158 νῦν

1881 3194 2047 3262 ἐρεῖν,
2078 3192 2373 3264 ἡρωτήθην
2402 3193 2460 3246 δὲ
2493 3193 2592 3246 καὶ
2647 3192 2746 3248 νῦν
2799 3193 2904 3246 61:6
2975 3194 3069 3247 τοῦ
3132 3195 3448 3262 ἀγιωτάτου

1877 3302 1982 3354 μου
2007 3284 2266 3337 δεσπότου
2288 3283 2383 3338 τοῦ
2417 3286 2828 3355 πανιερωτάτου
2867 3287 3268 3358 μητροπολίτου
3318 3289 3454 3340 Θεσ-

1875 3375 2188 3448 σαλονίκης,
2225 3376 2534 3447 ὐπερτίμου
2584 3375 2681 3428 καὶ
2740 3375 2975 3448 ἐξάρχου
3009 3379 3190 3446 πάσης
3247 3377 3450 3430 Θετταο

1871 3467 2014 3534 λίας,
2072 3468 2190 3532 μετ’
2221 3469 2502 3537 ἐπιτιμίου
2536 3468 2851 3538 ἀφορισμοῦ
2887 3468 3121 3522 ἐνώπιον
3151 3467 3245 3522 τοῦ
3295 3488 3449 3538 περι-

1872 3558 2114 3630 ποθήτου
2174 3559 2430 3630 γαμϐροῦ
2467 3559 2564 3614 τοῦ
2597 3561 2888 3629 κρατίστου
2935 3562 3031 3614 καὶ
3087 3561 3245 3630 ἁγίου
3291 3554 3453 3630 ἡμῶν

1874 3647 2132 3702 αὐθέντου
2165 3653 2261 3703 καὶ
2299 3649 2568 3720 βασιλέως
2599 3649 2695 3703 τοῦ
2730 3652 3025 3722 πιγκέρνη,
3085 3655 3196 3704 τῶν
3228 3652 3446 3705 οἰκείων

1871 3740 1949 3810 τῷ
1980 3742 2256 3813 κρατίστῳ
2294 3745 2391 3798 καὶ
2417 3743 2561 3814 ἁγίῳ
2594 3743 2751 3814 ἡμῶν
2791 3744 3023 3816 αὐθέντῃ
3072 3745 3164 3798 καὶ
3211 3744 3448 3815 βασιλεῖ,

1873 3835 2265 3890 πανσεὸάστου
2303 3837 2552 3907 ἐπάρχου
2586 3837 2694 3890 τῶν
2734 3837 2986 3907 μεγάλων
3015 3839 3445 3909 άδνουμιαστὼν,

1871 3929 1966 3983 τοῦ
2000 3945 2060 3983 τε
2101 3929 2305 3982 ’Υαλέα
2339 3928 2462 3999 κῦρ’
2504 3927 2770 3996 Ἀλεξίου,
2814 3930 2906 3982 καὶ
2940 3929 3035 3982 τοῦ
3073 3931 3315 3984 Κωκαλᾶ
3341 3929 3452 3998 κῦρ

1877 4025 2182 4096 Γεωργίου,
2216 4023 2310 4076 τοῦ
2345 4023 2537 4094 κριτοῦ
2569 4021 2664 4075 τοῦ
2723 4021 3132 4094 θεοφρουρήτου
3194 4025 3446 4091 φωσάτου

1873 4117 1966 4170 τοῦ
1996 4117 2362 4186 Σεναχηρείμ,
2395 4113 2490 4166 τοῦ
2515 4114 2895 4184 ἑταιρειὰρχου
2918 4115 3012 4168 τοῦ
3032 4114 3448 4185 Γλαϐἄ,παρ5ν-
3529 4167 3532 4170 .

1872 4229 1959 4273 τος
1985 4211 2080 4263 καὶ
2097 4208 2188 4262 τοῦ
2221 4206 2504 4260 καθολικοῦ
2535 4205 2722 4278 κριτοῦ
2745 4207 2851 4258 τῶν
2882 4204 3452 4276 Ῥωμαίωνμεγάλου

1871 4303 2146 4371 διοικητοῦ
2201 4297 2296 4351 τοῦ
2327 4299 2530 4364 Γλαίέἄ,
2567 4297 2669 4367 ἤδη
2697 4297 2817 4349 ὅσον
2848 4298 3124 4364 γινώσκω,
3171 4296 3251 4349 ὅτι
3293 4292 3447 4348 εἶπον

1875 4395 2111 4466 βεϐαίως
2147 4395 2237 4444 καὶ
2261 4391 2733 4460 ὁμολογουμένως,
2766 4389 2908 4455 λέγω
2969 4390 3124 4441 τοῦτο
3158 4391 3299 4460 μετὰ
3343 4392 3447 4440 πά-

1877 4504 1972 4555 σης
2010 4485 2291 4555 ἀληθείας,
2325 4481 2674 4552 μεμνημένος
2726 4480 2825 4549 μὲν
2876 4481 2969 4531 καὶ
3030 4481 3131 4546 τῇς
3153 4480 3244 4532 τοῦ
3300 4480 3436 4532 Θεοῦ

194 4589 424 4640 καὶτῶν
452 4585 874 4656 ἁπολογητικῶν
913 4586 1259 4654 γραμμάτων
1310 4583 1769 4650 ἀναγνωσθέντων
1803 4599 1846 4653 ι)
1877 4580 2112 4649 φοϐερᾶς
2165 4579 2420 4646 κρίσεως,
2455 4576 2665 4644 βλέπων
2699 4573 2756 4624 δέ
2802 4577 2894 4625 καὶ
2941 4576 3070 4643 πρὸς
3125 4575 3214 4624 τὶν
3261 4577 3444 4625 ἐπιτε-

193 4681 248 4734 ἐν
282 4682 518 4752 ἐπηκόῳ
551 4680 642 4732 καὶ
669 4677 976 4742 διεξιόντων
999 4677 1134 4746 πρὸς
1163 4679 1276 4736 τοίς
1302 4676 1502 4740 ἄλλοις,
1537 4677 1630 4728 τοῦ
1671 4679 1768 4744 μὲν

190 4775 510 4844 οἰκονόμου,
541 4772 614 4834 ὼς
641 4764 1036 4838 οὐδεμίανεῐχε
1068 4768 1188 4834 μετ’
1217 4767 1384 4820 αὐτοῦ
1421 4767 1769 4820 οὐδεπώποτε

194 4867 487 4920 κοινωνίαν
525 4865 558 4934 ἡ
589 4881 707 4917 τινα
739 4861 958 4931 ὁμιλίαν
985 4863 1013 4914 6
1044 4861 1282 4921 X:6v:o;,
1314 4858 1427 4912 ἀλλ’
1462 4858 1550 4912 ἀεὶ
1573 4859 1665 4912 καὶ
1701 4859 1768 4909 δι’

191 4961 392 5031 ἔχθρας
429 4955 502 5031 ἦν
535 4959 672 5027 πρὸς
703 4955 889 5020 αὐτὸν,
913 4953 1006 5006 τοῦ
1039 4951 1457 5023 χαρτοςρύλακος
1487 4951 1567 5016 δὲ,
1601 4952 1673 5011 ὡς
1702 4949 1766 5001 δι’

189 5055 344 5106 οὐδὲν
383 5052 542 5117 ἄλλο,
577 5049 696 5102 ἀλλ’
728 5049 759 5118 ἢ
795 5049 884 5100 διὰ
914 5048 1013 5117 τὴν
1047 5045 1351 5117 εἰρημένην
1397 5045 1655 5113 ἀνωτέρω
1683 5047 1769 5097 αὶ-

188 5148 306 5198 τίαν
335 5147 439 5214 τῆς
477 5147 552 5205 είς
605 5143 800 5202 αὐτοὺς
837 5141 1038 5210 ἔχθρας
1069 5142 1134 5190 τά
1177 5138 1404 5192 τοιαῦτα
1438 5137 1557 5190 κατ’
1591 5138 1769 5188 αὐτῶν

185 5241 464 5309 ἐλάλησεν
494 5241 521 5290 6
555 5237 790 5298 X:6v:o;,
821 5235 928 5286 τῶν
961 5233 1222 5285 τοιούτων
1260 5232 1602 5301 γραμμάτων
1640 5234 1769 5282 ἐπα-

188 5332 516 5400 κροώμενος
549 5327 641 5380 καὶ
693 5324 858 5386 αὐτὸς
891 5323 1214 5390 διωμολόγει
1250 5324 1316 5373 τα
1357 5322 1643 5392 εἰρημένα,
1679 5323 1769 5372 καὶ

186 5425 397 5492 ταύτην
435 5418 582 5476 εῖναι
618 5421 716 5474 καὶ
747 5420 918 5488 μόνην
951 5417 1103 5484 ἔλεγε
1135 5417 1232 5484 τὴν
1265 5416 1465 5476 αἰτίαν,
1497 5414 1562 5465 δι’
1585 5417 1648 5484 ἣν
1679 5413 1770 5464 καὶ

188 5516 311 5569 κατ’
333 5517 532 5569 αὐτῶν
579 5513 843 5587 ἐξηνέχθη
904 5512 982 5582 τῷ
1016 5511 1158 5575 τότε,
1196 5509 1385 5577 ἐπειδὴ
1416 5507 1561 5559 οῦτοι
1610 5506 1769 5556 κατέ-

184 5626 332 5678 γνων
367 5609 540 5660 αὐτοῦ
587 5604 1172 5674 καὶ·κατεψηφίςαντο
1219 5602 1649 5667 ἐκφαλλίσοιντες
1681 5599 1767 5650 ἐπ’

193 5701 534 5772 Ἐκκλησίας
565 5703 850 5771 πρότερον,
879 5695 998 5750 εἶτα
1016 5699 1109 5751 καὶ
1128 5694 1426 5762 καθείρχθη
1459 5691 1548 5744 ὑπ’
1575 5694 1767 5749 αἰτίοις

183 5795 402 5856 αὐτοῖς,
442 5792 519 5860 μὴ
560 5792 864 5844 συνειδέναι
901 5789 955 5840 δέ
987 5805 1038 5839 τι
1093 5787 1215 5840 κατ’
1244 5784 1426 5836 αὐτῶν
1457 5781 1764 5843 διετείνετο,

188 5891 354 5960 ἡμῶν
389 5889 448 5941 δὲ
482 5887 652 5940 καίτοι
686 5887 852 5940 πολλὰ
884 5885 1041 5938 αὐτὸν
1079 5879 1446 5953 βιασαμένων,
1476 5877 1525 5928 εἶ’
1559 5889 1608 5925 τι
1645 5873 1757 5926 σύν·

1876 4674 2036 4727 θέντα
2097 4689 2190 4738 μοι
2251 4670 2681 4737 μετ’ἐπιτιμίου
2738 4668 3067 4737 ἀφορισμόν.
3139 4668 3289 4719 Ἐπεὶ
3338 4671 3449 4737 γὰρ

1874 4768 2063 4835 ἐδέησε
2119 4764 2374 4831 γενέσθαι
2421 4761 2702 4828 διοζύγιον
2758 4763 2908 4827 παρᾶ
2963 4761 3060 4827 τῆς
3123 4761 3446 4826 Ἒκκλῇῦίζὶς

1875 4859 2008 4923 ἐμοῦ
2035 4873 2091 4908 τε
2113 4856 2206 4909 καὶ
2229 4857 2323 4923 τῆς
2351 4853 2600 4920 γυναικός
2633 4869 2757 4920 μου,
2788 4849 2850 4922 ἧς
2873 4848 3035 4921 εἰχον,
3059 4853 3239 4920 ἐόἐηεε
3270 4855 3321 4903 δε
3359 4871 3448 4916 γεψ

1875 4950 2058 5006 νέσθαι
2086 4949 2370 5018 ὑπηρέτην
2411 4946 2506 4997 τοῦ
2544 4943 2789 4996 τοιούτου
2858 4946 3185 5013 γράμματος
3224 4946 3312 4994 τὸν
3357 4946 3454 5013 δι’.-

1873 5042 2118 5095 λωθέντα
2167 5039 2470 5096 σακελλίου.
2534 5031 2648 5105 εἶχε
2694 5037 2748 5088 δέ
2787 5034 2976 5106 ὕϐρεις
3032 5035 3154 5086 κατ’
3196 5034 3330 5102 ἐμοῦ
3386 5040 3444 5086 το

1873 5133 2116 5200 τοιρῦτον
2157 5132 2456 5196 ὃιαζύγιον,
2486 5129 2752 5198 λυπηθεὶς
2813 5125 2925 5196 ἐγὼ
2953 5127 3066 5193 ἅμα
3102 5127 3200 5194 μὲν
3231 5127 3320 5177 καὶ
3355 5128 3447 5178 6:5:

1874 5226 2149 5292 κεφάλαιά
2197 5241 2316 5275 τινα
2359 5222 2455 5290 τῆς
2507 5221 2739 5291 κρίσεως
2802 5219 3315 5290 ἐμπεριειλημμένα
3363 5220 3442 5287 τῷ

1874 5319 2097 5386 τοιούτῳ
2129 5316 2414 5383 διαζυγεῳ,
2445 5315 2532 5384 ἐφ’
2563 5308 2642 5377 οἷς
2702 5311 3046 5380 ἐλογιζόμην,
3083 5311 3164 5361 ὅτι
3226 5309 3446 5377 ﬁmo."-

1875 5429 2006 5480 μην,
2037 5410 2151 5478 ἅμα
2183 5410 2236 5462 δὲ
2271 5410 2363 5461 καὶ
2390 5409 2478 5460 διὰ
2502 5410 2556 5459 τε
2603 5407 2736 5458 πολὺ
2769 5407 2860 5457 καὶ
2896 5405 3127 5472 σκληρὸν
3167 5403 3260 5456 καὶ⁴
3307 5403 3449 5470 ἀρά-ο

1873 5520 2035 5573 ρητον
2066 5504 2173 5554 τῶν
2207 5503 2326 5556 κατ’
2355 5500 2487 5570 ἐμοῦ
2529 5501 2740 5570 ὕϐρεων
2803 5497 3118 5567 ἐξηνέχθην,
3170 5496 3442 5565 ὁμολογῶ,

1873 5599 1967 5650 καὶ
1998 5592 2170 5648 εἶπον·
2205 5595 2401 5664 Κύριε,
2434 5595 2681 5663 ἐλέησον⁶
2722 5593 2813 5643 καὶ
2849 5589 3094 5642 πιστεύει
3145 5592 3172 5642 6
3225 5591 3443 5658 γράψας

1870 5687 2044 5740 ταῦτα
2070 5687 2362 5738 ἀνάστασιν
2396 5689 2426 5755 ἧ
2455 5687 2654 5756 κρίσιν,
2686 5684 2779 5735 καὶ
2821 5684 3024 5752 γράφει
3051 5681 3278 5736 τοιαῦτα
3314 5699 3383 5732 κα
3398 5676 3437 5731 τ’

1873 5781 2005 5850 ἐμοῦ
2039 5799 2054 5844 ;
2096 5782 2182 5841 Ὠ,
2225 5780 2498 5844 φαίνεται,
2538 5777 2738 5846 ἀσεϐής
2768 5778 2906 5841 ἐστι,
2937 5777 3028 5827 καὶ
3060 5774 3334 5828 διαϐάλλει
3365 5785 3442 5841 με

1874 5874 2067 5937 οὓτως,
2106 5874 2183 5924 6::
2218 5871 2503 5941 περιπατῶ
2543 5870 2650 5936 ἐγὼ
2683 5871 2762 5932 εἰς
2787 5869 3061 5938 καπηλεῖα
3089 5871 3178 5921 καὶ
3219 5864 3457 5936 τδιαδροτξ
