3940 6564
215 384 348 450 125’!

1268 380 1665 445 SYNODICE
1708 376 2411 447 CONSTITUTIONES.

3340 367 3477 436 1254

210 499 320 554 ἀπὸ
346 497 444 553 τοῦ
470 496 565 551 νῦν
601 496 695 577 καὶ
724 496 803 559 εἰς
837 495 896 548 τὸ
927 495 1054 563 ἑξῆς
1097 491 1447 561 δογματίζειν
1485 492 1622 554 ὅλως
1666 490 1788 545 τινὰ
1818 493 1860 549 Δ
1889 490 2097 543 δίκαιον
2137 488 2220 551 ὃν,
2271 489 2353 552 εἰς
2388 485 2698 556 ἐπισκοπὴν
2716 484 2804 540 ἔτι
2845 485 3105 555 τελούσης
3134 484 3231 556 τῆς
3291 486 3486 541 τοιαύ-

180 635 191 645 .
210 588 320 643 τῶν
348 586 628 649 ἀπάντων,
661 585 912 640 κινοῦντα
938 584 1098 652 λόγον
1143 584 1266 637 τινά
1314 581 1447 652 περὶ
1476 581 1682 636 τούτων
1731 598 1791 634 τε

212 677 308 733 καὶ
331 676 509 732 ἄλλων
539 675 886 746 δογματικῶν
916 674 1111 742 λόγων,
1141 672 1266 725 ούτε
1300 674 1597 742 ἐγγράφως
1620 670 1790 740 δηλα-

210 772 298 839 δὴ,
322 768 449 822 οὔτε
480 768 766 839 ἀγράφως.
793 767 868 830 ὼς
916 767 978 819 ού
1024 764 1237 835 μικρῶν
1277 763 1535 817 ἐντεῦθεν
1583 764 1664 825 εἰς
1693 762 1793 832 τήν

226 858 557 927 Ἐκκλησίαν
595 855 690 910 τοῦ
720 855 854 909 Θεοῦ
884 856 1308 910 ἀνακυπτόντων
1340 852 1656 908 σκανδάλων
1698 852 1794 904 καὶ

213 950 537 1021 συγχύσεως
582 950 676 1003 καὶ
704 949 951 1020 ταραχῆς
1002 948 1096 1001 καὶ
1143 946 1329 1001 σάλου
1358 945 1453 999 καὶ
1494 944 1796 1015 τρικυμίας

213 1040 605 1110 ἐπιγινομένης
664 1040 786 1102 ταῖς
833 1039 1032 1108 ψυχαῖς
1065 1037 1174 1091 τῶν
1206 1037 1514 1091 ἀκουόντων
1550 1036 1643 1089 καὶ
1685 1035 1794 1089 τῶν

210 1131 624 1204 ἀκεραιοτέρων
659 1131 914 1200 μάλιστα,
944 1129 1010 1183 δι’
1035 1129 1071 1184 ἃ.
1095 1129 1159 1201 δὴ
1191 1130 1404 1195 πάντως
1432 1130 1528 1183 καί
1573 1128 1622 1181 οἰ
1652 1128 1791 1182 ἀνω.

210 1224 356 1294 τέρω
392 1221 764 1291 ἐκτεθειμένοι
794 1220 927 1274 θεῖοι
971 1220 1194 1284 κανόνες
1225 1221 1336 1283 τοῖς
1372 1220 1654 1290 θεοφόροις
1699 1216 1825 1285 καὶ-κ

213 1317 397 1383 ἁγίοις
438 1313 714 1381 Πατράσιν
742 1312 1092 1383 ἐξετέθησαν.
1125 1302 1301 1382 Χάριν
1336 1311 1441 1382 γάρ
1468 1310 1559 1364 τοῦ
1596 1309 1795 1381 μηκέτι

214 1409 429 1479 μηδένα
458 1410 577 1473 ταῖς
602 1406 824 1478 ὁμοίαις
850 1407 1083 1468 πλάναις
1116 1406 1440 1476 περιπεσεῖν
1479 1403 1795 1473 ποιούμενοι

212 1501 498 1570 πρόνοιαν,
552 1498 649 1550 καί¹
698 1499 761 1550 τὸ
798 1497 974 1568 παρὸν
1026 1498 1105 1561 εἰς
1155 1496 1456 1566 ἀσφάλειαν
1514 1494 1797 1566 ἐκθέμενοι

212 1592 477 1661 γράμμα,
519 1592 636 1652 ταῖς
683 1589 914 1651 οἰκείαις
944 1589 1291 1658 ύπογραφαῖς
1331 1587 1798 1658 ἐπεσήμηνάμεθα

214 1683 362 1737 κατά
423 1682 568 1753 μῆνα
616 1681 836 1734 Ἰούλιον
888 1681 986 1750 τῆς
1020 1677 1063 1733 θ’
1099 1681 1197 1733 ἰνδ.
1229 1679 1268 1749 -ι-
1300 1680 1424 1748 Εἶχε
1469 1679 1558 1732 καί
1598 1677 1797 1746 ὑπογε-

214 1775 549 1845 γραμμένον
576 1772 663 1827 διά
696 1772 796 1841 τῆς
827 1771 1233 1843 πατριαρχικῆς
1264 1771 1445 1841 χειρὸς
1475 1770 1534 1825 τό
1558 1786 1572 1800 ·
1620 1767 1797 1823 Ἰωάν-

216 1832 350 1939 ἧς,
381 1832 535 1936 ’ἐλέῳ
598 1832 1227 1936 Θεοῦηὰρχιεπίσκοπος
1266 1832 1795 1916 ⁷ἰείώνισίιαντινουσιτόο
1833 1832 1874 1890 Β

218 1959 379 2025 λεως,
429 1958 555 2022 νέας
593 1954 832 2028 Ῥώμης,
862 1957 958 2010 καὶ
1009 1953 1387 2026 οἰκουμενικὸς
1419 1952 1767 2024 πατριάρχης
1788 1966 1801 1979 ·

221 2048 448 2117 .ςωμθ’.
1308 2084 1315 2089 ι
1665 2066 1673 2074 ·

220 2162 421 2218 XXIV.
456 2162 718 2234 Synodus_
748 2161 949 2234 dirimit
999 2160 1414 2234 controversiam
1448 2159 1807 2234 ortam_imer

293 2230 657 2303 metrOpblilas
689 2232 1103 2288 Lacedaemona:
1140 2242 1191 2286 et
1228 2232 1583 2301 Antiquarum
1612 2230 1808 2282 Patra-

292 2320 413 2357 tum
439 2302 501 2357 de
532 2306 840 2373 episcopatu
877 2302 1126 2372 Amyclii.

290 2418 334 2487 -ξ-
366 2417 490 2473 Τῶν
528 2415 889 2470 δικαιοτάτων
932 2413 1040 2484 ἀρα
1083 2413 1176 2466 καὶ
1214 2413 1349 2466 πᾶσι
1381 2412 1525 2467 πάνυ
1554 2426 1636 2464 τοι
1683 2410 1808 2464 ἐπο-

222 2511 564 2583 φειλομένων
596 2510 721 2581 ὅρια
754 2508 1048 2578 φυλάττειν
1093 2507 1324 2560 ἕκαστον
1364 2505 1469 2559 ἰδια
1512 2505 1607 2559 καὶ
1640 2503 1807 2575 μηδέν

222 2624 309 2660 τοι
380 2602 596 2657 τούτων
660 2602 814 2663 ἐκτὸς
884 2600 1224 2671 πράττοντας
1283 2597 1589 2667 φαίνεσθαι,
1653 2615 1672 2648 ι
1715 2597 1808 2668 Μὴ

224 2696 613 2769 μέταιρεχάρ,
641 2696 828 2764 φησιν,
861 2694 1004 2763 ὅρια,
1039 2692 1075 2747 ἃ
1121 2693 1309 2747 έθεντο
1338 2693 1387 2745 οἰ
1421 2690 1656 2762 πατέρες
1687 2706 1806 2756 σου,

226 2791 368 2861 μηδέ
401 2788 541 2858 ὑπὲρ
598 2787 662 2841 τὰ
693 2788 1018 2857 ἐσκαμμένα
1072 2784 1191 2840 θέλε
1242 2786 1440 2855 πηδᾷν,
1475 2802 1495 2837 ι
1534 2784 1674 2837 ὥστε
1716 2783 1808 2841 καὶ

222 2879 494 2949 τιμητέον
547 2880 678 2948 ἡμῖν
732 2895 796 2947 γε
851 2878 1085 2947 μάλιστα
1135 2876 1312 2943 τοῦτο,
1365 2878 1413 2930 οἳ
1465 2880 1594 2947 περὶ
1641 2868 1808 2931 αὐτοῦ

224 2971 321 3023 καὶ
374 2971 487 3032 τοῖς
537 2968 720 3029 ἄλλοις
771 2965 1238 3037 διαμαρτύρεσθαι
1268 2966 1430 3036 χρέος
1469 2967 1563 3019 καὶ
1585 2964 1810 3036 ὀφειλὴν

226 3062 451 3131 ἔχομεν,
483 3060 571 3113 οἵα
609 3061 670 3130 δή
713 3060 822 3113 τῶν
869 3059 963 3112 τοῦ
995 3057 1130 3111 Θεοῦ
1183 3058 1573 3128 δικαιωμάτων
1610 3057 1810 3128 ἐκφάνι

225 3173 389 3223 τορες
414 3170 427 3183 ·
466 3154 563 3207 ἰδοι
600 3153 644 3209 δ’
665 3156 729 3210 ἀν
758 3172 838 3217 τις
873 3154 1001 3223 περί
1032 3152 1279 3217 πλείονος
1306 3151 1438 3205 αὐτὸ
1478 3167 1809 3221 ποιουμενην

226 3252 326 3302 καὶ
380 3242 551 3317 αύτήν
613 3265 672 3316 γε
734 3246 831 3319 τὴν
880 3249 1043 3315 φύσιν
1086 3247 1184 3300 καὶ
1230 3247 1300 3299 τὰ
1352 3244 1673 3315 πράγματα,
1706 3244 1806 3313 οὐχ

226 3342 433 3412 ῆκιστα
482 3342 539 3394 δὲ
594 3343 691 3411 τὴν
754 3341 903 3412 ἰερὰν
951 3339 1043 3392 καὶ
1082 3336 1374 3390 θεσπεσίαν
1402 3334 1511 3389 τῶν
1547 3334 1807 3405 Πατέρων

232 3434 578 3507 ιομοθεσίανο
613 3434 646 3503 ἡ
682 3432 780 3502 μὲν
813 3430 919 3501 γὰρ
950 3430 1128 3500 πάντη
1164 3430 1382 3491 πάντως
1421 3426 1805 3496 ἀμετακίνητα

226 3531 330 3597 τῆς
360 3526 573 3579 ἑαυτῶν
605 3525 812 3589 τάξεως
863 3524 933 3576 τὰ
976 3524 1152 3576 οἰκεῖα
1200 3522 1381 3590 τηρεῖ,
1417 3519 1520 3573 κᾶν
1553 3515 1807 3589 βιάζηταί

227 3638 317 3682 τις
352 3620 618 3690 μυριάκις
647 3618 809 3681 αὐτὰ,
848 3618 916 3669 τά
940 3616 995 3669 δὲ
1023 3618 1124 3685 τὴν
1168 3614 1377 3666 οἰκείαν
1406 3613 1505 3665 οὐκ
1546 3612 1809 3681 ἀγνοήσει

230 3714 421 3784 φύσινο
450 3712 715 3766 ἀδύνατον
748 3710 858 3779 γάρ
910 3707 1113 3777 ὁμοίως
1172 3706 1204 3777 ἢ
1234 3706 1294 3759 τὸ
1324 3704 1436 3777 πῦρ
1482 3705 1579 3774 τῆς
1607 3704 1685 3765 εἰς
1738 3704 1807 3757 τὰ

228 3808 345 3861 άνω
382 3806 555 3876 φορᾶς
588 3804 621 3874 ἢ
653 3804 752 3875 τῆς
784 3805 866 3867 εἰς
916 3801 982 3855 τὰ
1014 3801 1165 3853 κάτω
1221 3800 1493 3869 κινήσεως
1551 3797 1613 3850 τὸ
1666 3796 1810 3863 ὕδωρ

234 3898 606 3970 μετακινῆσαι
632 3912 774 3951 τινα⁶
811 3898 872 3950 ού
904 3897 1010 3966 γάρ
1053 3895 1226 3959 ἐστιν,
1276 3894 1379 3946 ούκ
1436 3892 1608 3959 ἐστιν,
1654 3891 1803 3953 ὅπως

231 3993 439 4063 ἑτέρως
472 3991 585 4056 ἕξει
616 3991 750 4043 ποτὲ
792 3990 925 4060 ἠώς
968 3991 1067 4060 τήν
1116 3988 1304 4058 ἀρχὴν
1357 3985 1541 4056 ἐκείνη
1599 3983 1812 4047 τούτοις

233 4062 401 4157 ὥρισε
432 4084 527 4136 καί⁵
572 4082 844 4153 ἐκύρωσε,
894 4083 989 4135 καὶ
1010 4062 1404 4149 ⁸φιλοστοργία
1458 4077 1516 4130 δὲ
1549 4075 1812 4145 Πατέρων

234 4179 522 4243 ἐντεῦθεν,
585 4175 828 4231 ἀλλὀὐκ
870 4175 1095 4230 ἄλλοθέν
1142 4174 1331 4238 ποθεν,
1394 4172 1492 4226 καὶ
1559 4170 1812 4242 μητέρων

237 4268 556 4340 φιλοτεκνία
585 4267 680 4322 καί
704 4269 835 4332 πᾶν,
869 4269 897 4321 ὃ
924 4286 976 4321 τι
1001 4269 1068 4321 ἂν
1123 4266 1254 4322 ἄλλο
1285 4264 1673 4334 παραπλήσιον
1730 4262 1815 4315 εἰ-

240 4383 331 4419 ποι
361 4382 469 4430 τις,
505 4363 758 4417 ἐντεῦθεν
823 4362 1111 4431 πάσχουσα
1142 4360 1241 4431 τήν
1272 4358 1453 4429 ψυχὴν
1495 4356 1678 4428 μήτηρ
1718 4354 1815 4408 καὶ

240 4455 744 4530 προκινδυνεύουσα
818 4454 915 4508 τοῦ
963 4454 1097 4509 ἰδίου
1157 4453 1442 4523 κυήματος
1514 4452 1695 4506 πάντα
1753 4464 1812 4501 τε

1894 595 1994 647 της
2041 579 2431 648 μητροπόλεως
2485 577 2582 630 καὶ
2613 577 2723 630 ὑπὸ
2756 578 2857 646 τὴν
2905 579 3007 646 τῆς
3069 576 3341 646 Κορίνθου
3380 594 3479 630 τε·

1893 670 2199 741 ταγμένης.
2235 671 2457 735 ἔπειτα,
2490 670 2550 733 ἐξ
2585 670 2710 724 ὅτου
2744 670 2947 741 δηλαδὴ
2965 671 3063 724 καὶ
3092 669 3233 739 αῦτη
3264 671 3341 739 τῷ
3376 670 3478 739 τῆς

1898 762 2298 833 μητροπόλεως
2328 762 2571 831 ἐτιμήθη
2618 763 2965 831 σεμνώματι,
3019 762 3101 822 εἰς
3160 762 3475 831 ἐπισκοπὴν

1896 854 1993 908 καὶ
2033 854 2166 907 αὐτὸ
2212 855 2611 909 ἀποκαταστάν
2674 855 2827 924 παρὰ
2860 853 2956 908 τοῦ
3011 854 3216 926 μέρους
3275 856 3474 922 αὐτῆς,

1896 944 2118 1016 σύναμα
2162 947 2229 1017 τῇ
2264 946 2361 1014 τῆς
2399 945 2608 1015 Πίσσης
2638 946 2735 999 καὶ
2764 947 2831 1016 τῇ
2872 945 2982 999 τῶν
3027 945 3268 1016 Ἐζερῶν
3296 946 3366 999 δι’
3395 948 3483 1005 ἐν-

1894 1024 2096 1102 δόσεως
2128 1038 2409 1107 ἐγγράφου
2446 1038 2739 1109 βασιλικῆς
2770 1039 2864 1092 καὶ
2892 1038 3181 1108 συνοδικῆς
3203 1054 3218 1070 ’
3268 1040 3475 1109 μεταξὺ

1899 1129 1998 1199 μὲν
2029 1128 2390 1199 πειραθείσης
2420 1130 2522 1198 τῆς
2570 1130 2683 1184 τῶν
2714 1131 2970 1185 Παλαιῶν
3019 1132 3251 1201 Πατρῶν
3295 1132 3376 1193 εἰς
3397 1132 3480 1182 οἰ-

1896 1221 2053 1275 κείαν
2086 1221 2219 1275 αύτὺ
2253 1220 2594 1291 μεταμεῖψαι
2623 1222 2957 1293 ἐπισκοπὴν,
2996 1224 3084 1277 ὅτε
3136 1224 3267 1277 ἀπὸ·
3289 1224 3480 1292 ἀρχιε-

1898 1313 2177 1382 πισκοπῆς
2218 1316 2300 1377 εἰς
2332 1313 2671 1384 μητρόπολιν
2723 1316 2819 1369 καὶ
2857 1315 2998 1385 αὐτὴ
3021 1314 3483 1382 ῖπροϐιὸασθεῖσα

1897 1410 1993 1458 καὶ
2052 1407 2369 1476 τιμηθεῖσα,
2426 1405 2586 1476 ἔσχεν
2632 1408 2724 1477 ὑφ’
2755 1408 2958 1477 ἑαυτὴν
3022 1408 3117 1460 καὶ
3173 1409 3486 1470 ἐπισκοπὰς

1896 1498 1995 1567 τῆς
2025 1496 2326 1567 Κορίνθου,
2356 1496 2527 1559 ἄλλας
2555 1515 2615 1551 τε
2640 1499 2738 1552 καὶ
2770 1498 2869 1568 τὴν
2895 1497 3330 1567 Λακεδαίμονος,
3380 1500 3485 1551 ὑπὸ

1897 1588 1996 1655 τῆς
2033 1587 2254 1641 συνόδου
2284 1588 2338 1641 δὲ
2380 1588 2759 1659 κωλυθείσηςι
2793 1585 2862 1661 ἧν
2916 1589 3016 1658 μέν
3037 1584 3142 1642 ὀῦν
3174 1593 3238 1658 τῇ
3278 1606 3485 1661 μητρο-

1900 1680 2054 1733 πόλει
2087 1680 2491 1748 Λακεδαίμονος
2520 1660 2860 1751 διαφέρηυσα
2913 1681 3177 1752 ἄνωθενή
3212 1683 3489 1753 ἐπισκοπὴ

1903 1773 2067 1844 αῦτη,
2104 1775 2178 1837 ὡς
2210 1776 2279 1827 τὰ
2307 1775 2445 1828 κατὰ
2484 1774 2652 1843 μέρος
2681 1777 2812 1844 περὶ
2851 1773 3056 1826 τούτου
3102 1774 3411 1843 διείληπται
3434 1778 3490 1828 ἐν

1908 1869 2020 1931 τοῖς
2061 1864 2364 1936 προσοῦσιν
2402 1867 2544 1937 αὐτῇ
2578 1865 2940 1935 δικαιώμασι,
3006 1867 3202 1934 φθάνει
3243 1868 3300 1920 δὲ
3330 1869 3482 1937 ὅμως

1909 1958 2237 2011 ύποτεθεῖσα
2264 1960 2331 2029 τῇ
2366 1957 2477 2011 τῶν
2532 1956 2789 2011 Παλαιῶν
2858 1958 3094 2028 Πατρῶν
3154 1958 3230 2020 ὡς
3282 1959 3525 2023 οἰκείοι,⁸

1910 2044 2028 2102 εἶτα
2052 2048 2303 2118 συνοδικῇ
2331 2032 2601 2118 ἐγγράφῳ
2627 2047 2808 2119 κρίσει
2839 2051 2936 2104 καὶ
2974 2048 3268 2118 διαγνώσει
3318 2050 3477 2117 άφαι-

1909 2139 2130 2211 ρεθεῖσα
2168 2140 2402 2205 ἐκεῖθεν,
2434 2141 2501 2210 τῇ
2530 2142 2628 2211 τῆς
2676 2141 3085 2211 Λακεδαίμονος
3128 2143 3485 2207 ἀνασώζεται

1908 2234 1972 2302 τῇ
2011 2232 2283 2304 ἐμφανείᾳ
2311 2233 2420 2286 τῶν
2451 2234 2844 2304 δικαιωμάτων
2889 2236 3079 2305 αὐτῆς·
3136 2238 3261 2293 ἐπεὶ
3306 2238 3360 2291 δὲ
3394 2238 3489 2293 καὶ

1912 2325 2018 2394 πρὸ
2064 2324 2274 2393 ὀλίγον,
2324 2326 2419 2378 ἐπὶ
2471 2324 2570 2379 τοῦ
2611 2326 2718 2395 πρὸ
2754 2326 2915 2397 ἡμῶν
2958 2327 3205 2397 δηλονότι
3232 2330 3485 2399 ἀοιδίμου

1909 2416 2272 2487 πατριάρχου,
2310 2418 2416 2487 κῦρ
2459 2416 2706 2481 Ἡσαΐου,
2736 2419 2836 2489 τὴν
2865 2418 3040 2489 αὐτὴν
3065 2423 3360 2489 προτεῖναν
3387 2423 3482 2475 καί

1911 2508 2075 2563 πάλιν
2096 2509 2280 2565 αἰτίαν
2312 2509 2375 2562 τὺ
2408 2512 2573 2582 μέρος
2622 2512 2722 2581 τῆς
2759 2512 2873 2563 τῶν
2922 2512 3179 2565 Παλαιῶν
3224 2513 3480 2583 Πατρῶν,

1909 2602 2134 2672 ἴσχυσεν
2162 2601 2525 2675 ἐπιλαϐέσθαι
2576 2603 2675 2673 τῆς
2736 2604 3044 2672 ἐπισκοπῆς
3099 2604 3333 2676 ταύτης,
3392 2623 3493 2676 χη.

1913 2694 2181 2764 ρευούσης
2209 2694 2309 2765 τῆς
2338 2695 2768 2765 Λακεδαίμονος,
2790 2695 3166 2766 πορισάμενον
3196 2696 3289 2749 ἐπῖ
3311 2698 3491 2767 τούτῳ

1910 2786 2003 2838 καὶ
2030 2785 2268 2857 γράμμα
2306 2787 2585 2841 συνοδικδν
2612 2788 2706 2863 καὶ
2756 2789 2953 2843 σεπτὸν
3008 2788 3096 2842 ἐπ’
3129 2787 3277 2858 αύτῷ
3311 2790 3486 2858 πρόσ-

1918 2892 2133 2945 ταγμα,
2192 2871 2317 2930 εἶτα
2341 2876 2427 2929 ἐπ’
2452 2878 2657 2948 ἀμφοῖν
2687 2877 2899 2933 τούτοιν
2930 2881 3024 2931 καὶ
3060 2878 3255 2932 σεπτὸν
3286 2878 3491 2949 χρυσὸ-

1910 2969 2158 3027 6ουλλον.
2201 2970 2261 3024 '0
2296 2969 2389 3023 νῦν
2424 2970 2722 3038 ίεορώτατος
2756 2973 3168 3044 μητροπολίτης
3218 2974 3490 3027 Λακεδαι-

1917 3062 2109 3134 μονίας
2142 3062 2232 3115 καὶ
2256 3062 2581 3133 ὑπέρτιμος,
2615 3068 2672 3117 ἐν
2701 3066 2844 3135 ἁγίῳ
2889 3068 3169 3136 Πνεύματι
3204 3070 3491 3137 ἀγαπητὸς

1837 3182 1880 3241 c
1924 3157 2152 3227 ἀδελφὸς
2182 3158 2276 3211 καὶ
2301 3158 2716 3229 συλλειτουργὺς
2763 3160 2863 3226 τῆς
2894 3158 3055 3229 ἡμῶν
3110 3159 3489 3230 μετριότητος,

1914 3249 2023 3320 κῦρ
2054 3250 2268 3314 Νεῖλος,
2291 3250 2544 3319 οὐδαμῶς
2589 3250 2853 3321 περιιδεῖν
2880 3251 3000 3304 δέον
3027 3250 3239 3322 ἔκρινεν
3272 3250 3491 3304 ἀδικου-

1916 3342 2091 3413 μένην
2124 3343 2221 3414 τὴν
2252 3341 2526 3413 λαχοῦσαν
2552 3342 2715 3397 αὑτὸν
2755 3343 2847 3397 ἐπὶ
2870 3347 2937 3415 τῇ
2964 3343 3143 3415 οἰκείᾳ
3170 3344 3343 3415 ταύτῃ
3374 3344 3495 3397 ἐπε-

1911 3436 2112 3505 σκοπῇ.
2132 3435 2224 3487 καί
2247 3451 2308 3502 γε
2324 3436 2605 3504 ἀναφοράν
2626 3435 2999 3506 ποιησαμένου
3020 3435 3154 3506 πρὸς
3171 3435 3259 3487 τὸν
3276 3436 3339 3489 ἐκ
3355 3433 3492 3489 Θεοῦ

1912 3529 2206 3598 κράτισῖον
2229 3527 2323 3580 καὶ
2349 3526 2504 3596 ἀγιόν
2527 3546 2628 3597 μου
2650 3528 3029 3599 αὐτοκράτορα
3054 3529 3149 3582 καὶ
3192 3528 3370 3596 κρίσιν
3407 3528 3495 3579 αἰ-

1910 3621 2241 3691 τησαμένου.
2282 3623 2311 3675 ό
2338 3623 2402 3674 ἐκ
2429 3621 2561 3675 Θεοῦ
2597 3621 2868 3691 βασιλεὺς,
2898 3622 2932 3693 ή
2970 3620 3373 3691 βασιλικωτάτη
3412 3620 3492 3691 τῷ

1911 3711 2024 3764 δντι
2060 3711 2209 3781 ψυχὴ
2241 3713 2335 3764 κα)⁸
2363 3712 2529 3783 μηδὲν
2556 3711 2699 3766 οὕτω
2724 3711 2960 3766 πνέουσα
2982 3713 3076 3767 καὶ
3106 3712 3390 3781 τρυφῶσα,
3417 3710 3493 3774 ὡς

1912 3804 1972 3858 τὸ
1991 3803 2336 3874 δικαιοσύνην
2352 3803 2628 3875 πανταχοῦ
2646 3804 3023 3859 πολιτεύεσθαι
3043 3804 3137 3857 καὶ
3153 3806 3494 3873 ἐπικρατεῖν,

1915 3898 2210 3967 ἐπιτρέπει
2262 3898 2354 3950 καὶ
2401 3898 2719 3968 ἀνατίθησιν
2775 3897 2906 3966 ἡμῖν
2958 3895 3250 3960 συνοδικῶς
3279 3897 3373 3949 καὶ
3396 3912 3498 3947 κα·-

1847 4061 1854 4071 ι
1914 3990 2142 4052 νονικῶς
2166 3990 2228 4045 τδ
2249 3991 2741 4061 ἀμφισϐητήσιμον
2785 3990 3138 4045 διευλυτῶσαι
3162 3989 3497 4060 ἀμφοτέροις

1917 4082 2133 4147 τούτοις
2161 4084 2226 4154 δὴ
2258 4085 2372 4146 τοῖς
2417 4084 2734 4153 ἱερωτάτοις
2794 4084 3167 4155 ἀρχιερεῦσιν
3228 4083 3381 4136 ἐνθεν
3408 4099 3495 4134 τοι

1928 4178 2025 4230 καὶ
2078 4176 2377 4239 σσνοδικῶς
2428 4176 2679 4246 ἀλλήλοις
2738 4175 3141 4243 ἀντιφέρονται,
3178 4176 3236 4229 ἐν
3290 4176 3357 4243 τῇ
3392 4174 3490 4242 τῆς

1931 4269 2348 4339 Γοργοεηπκόου
2384 4268 2660 4337 σεδασμίᾳ
2696 4269 2833 4338 μονῇ
2884 4265 3248 4319 συνελθόντων
3307 4265 3491 4335 ήμῶν,

1923 4361 2263 4431 ζητήσαντος
2300 4360 2459 4413 τοῦτο
2520 4361 2612 4415 τοῦ
2671 4358 2926 4414 Παλαιῶν
2980 4357 3219 4428 Πατρῶν
3251 4358 3341 4412 διὰ
3398 4358 3495 4427 τὴν

1920 4455 2165 4525 συνήθως
2196 4453 2521 4526 ἐνοχλοῦσαν
2570 4453 2738 4510 αὐτὸν
2774 4453 3085 4517 ἀσθένειαν,
3137 4451 3498 4522 διαμηνυοέν-

237 4553 468 4620 δεύτερα
515 4549 548 4618 ἢ
579 4548 736 4602 οὐδὲν
768 4546 1029 4614 τιθεμένη
1086 4546 1184 4615 τῆς
1235 4543 1447 4598 ἐκείνου
1508 4542 1813 4613 ζητήσεως.
1846 4549 1892 4605 D
1920 4564 2010 4612 τος
2043 4547 2309 4617 πρότερον
2334 4547 2431 4608 καὶ
2483 4546 2549 4600 δι’
2588 4546 2905 4617 ίερωτάτων
2947 4544 3252 4616 ἀρχιερέων
3286 4544 3381 4598 καὶ
3411 4544 3479 4599 δι’

240 4624 465 4697 εἰλάοοι
512 4658 613 4694 που
647 4639 1099 4710 ἀποσχοινισθέν·
1148 4638 1257 4691 τῶν
1313 4637 1412 4706 μὲν
1465 4635 1557 4692 οὖν
1613 4632 1816 4700 ἑαυτῆς

242 4735 386 4789 ἰδίων
418 4726 589 4796 οὕτως
631 4732 743 4802 ἔχει
772 4730 1147 4801 φιλοστόργως
1177 4732 1210 4799 ὴ
1245 4729 1432 4798 φύσις,
1480 4727 1731 4797 μιμεῖται
1759 4723 1816 4775 δὲ

240 4830 412 4898 αὐτὴν
446 4828 709 4897 ἄντικρυς
742 4827 839 4877 καὶ
872 4824 942 4877 τὰ
972 4823 1299 4893 πράγματα,
1327 4820 1425 4873 καὶ
1455 4819 1590 4887 πρὸς
1639 4815 1813 4887 αὐτὴν

241 4918 648 4975 ἀπευθύνεσθαι
672 4917 844 4980 θέλει,
890 4916 986 4970 καὶ
1019 4917 1120 4969 ούκ
1152 4915 1402 4983 ἀνέχεται
1449 4910 1621 4982 χωρὶς
1674 4903 1815 4961 εἶναι
1849 4925 1855 4931 ’

212 5012 448 5068 ,τούτων
470 5011 562 5063 ἐπὶ
598 5007 756 5073 πολὺ,
786 5003 859 5062 ὧν
878 5008 1066 5071 κακῶς
1097 5006 1360 5074 ὑπέμεινε
1395 5003 1495 5074 τὴν
1517 4997 1813 5064 διάζευξιν,

243 5104 401 5157 οἰο.εἰ
423 5119 531 5156 τισι
552 5101 804 5171 φυσικαῖς
830 5098 1015 5162 ὁλκαῖς
1037 5101 1132 5153 καὶ
1155 5096 1528 5157 ἀντιπαοείαις
1545 5092 1817 5146 ἀντισπώ-

248 5215 385 5267 μενα
432 5198 527 5248 καὶ
578 5195 732 5250 ἀνθε)
744 5196 951 5265 κόμενα
977 5192 1163 5259 πάλιν,
1185 5189 1413 5251 καὶτοῖς
1442 5189 1604 5258 ἱεροῖς
1636 5186 1694 5239 δέ
1723 5186 1817 5239 καὶ

246 5292 407 5351 θείοις
444 5289 632 5343 κανόσι
657 5289 889 5357 πάμπαν
913 5270 1306 5357 ἀπηγόρευται,
1334 5282 1408 5351 μὴ
1434 5279 1555 5342 τοὺς
1582 5280 1817 5341 οἰκείους

247 5380 600 5451 ὑπερϐαίνειν
626 5380 788 5448 ὅρους
826 5377 950 5431 τινὰ
974 5375 1352 5446 ὁπωσδήποτε⁸
1410 5373 1550 5427 ἀλλά
1594 5374 1704 5441 γὰρ
1736 5372 1816 5433 εἰς

246 5471 467 5525 τίταῦθ⁹
494 5473 630 5541 ἡμῖν
660 5470 913 5543 εἴρηται;
969 5467 1205 5538 δηλώσει
1247 5466 1463 5527 πάντως
1490 5465 1558 5517 τά
1592 5463 1685 5516 νῦν
1723 5464 1819 5534 ρη·

247 5565 543 5633 θησόμενα.
603 5562 676 5615 Τὸ
746 5561 1092 5631 ’Δμύκλειον,
1155 5562 1188 5628 ή
1242 5556 1542 5626 ἐπισκοπὴ,
1602 5552 1669 5627 ἦν
1716 5554 1817 5624 μὲν

245 5657 450 5710 ἀνωθεν
480 5656 538 5729 ἐξ
573 5655 765 5724 ἀρχῆς,
794 5655 853 5719 ἐξ
887 5652 1079 5722 αὐτῆς,
1146 5649 1221 5713 ὡς
1269 5650 1465 5714 εἰπεῖν,
1515 5646 1612 5718 τῆς
1656 5645 1815 5715 ῥίζης

246 5752 337 5803 καὶ
364 5750 462 5819 τῆς
487 5736 665 5817 ἀρχῆς
720 5746 979 5815 διαφέρον
1034 5749 1098 5815 τῇ
1139 5742 1424 5812 ἁγιωτάτῃ
1478 5737 1815 5809 μητροπόλει

244 5846 334 5914 τῆς
360 5842 827 5912 Λακεδαιμονίας,
857 5841 925 5892 τά
957 5840 1150 5910 πρῶτα
1196 5839 1296 5909 μὲν
1332 5834 1616 5906 ἐνοριακὺν
1640 5833 1812 5902 αὐτῆς

1923 4641 2399 4710 ἐκκλησιαστικῶν
2460 4640 2741 4711 ἀρχόντων
2771 4639 3046 4709 διαφόρως
3116 4638 3213 4692 καὶ
3267 4638 3499 4706 ὑπερτε-

1920 4731 2107 4793 θέντος
2143 4731 2240 4784 τοῦ
2272 4732 2598 4801 πράγματος
2632 4732 2729 4785 καὶ
2758 4730 2852 4784 ἐπὶ
2892 4730 3067 4799 μῆνας
3097 4731 3242 4784 ἐπτά
3275 4731 3366 4784 διά
3394 4732 3495 4801 τὴν

1918 4823 2181 4892 τοιαύτην
2233 4822 2400 4875 αὑτοῦ
2447 4822 2765 4876 ἀσθένειαν·
2803 4824 2898 4873 καὶ
2951 4823 3074 4874 ἐπεὶ
3129 4824 3253 4881 ταῖς
3300 4822 3498 4885 αὑταῖς

1918 4909 2061 4984 ἦσαν
2092 4914 2297 4976 αἰτίαις
2326 4915 2419 4966 καὶ
2448 4912 2754 4983 ἀμφότεροι
2780 4910 3058 4982 χρώμενοι
3093 4912 3186 4965 καὶ
3224 4911 3496 4981 διισχυρι-

1920 5006 2164 5076 ζόμενοι,
2203 5009 2268 5077 τῇ
2302 5004 2422 5058 κατ’
2464 5004 2628 5057 αύτίον
2680 5005 2944 5075 ἑκάτερος
3000 5003 3268 5075 ἐκκλησίᾳ
3306 5003 3497 5073 διαφέ-

1924 5116 2039 5169 ρειν
2092 5099 2337 5169 άρχῆθεν
2384 5100 2485 5167 τὴν
2518 5097 2843 5168 άμφίμαχον
2897 5098 3104 5167 ταύτην
3160 5097 3492 5166 ἐπισκοπὴν,

1920 5191 2126 5263 πολλὴν
2153 5194 2339 5261 ἡμεῖς,
2369 5190 2442 5253 ὡς
2466 5191 2640 5253 εἰκὸς.
2674 5195 2803 5260 περὶ
2843 5191 3036 5244 τούτου
3061 5190 3299 5260 ζήτησιν
3335 5204 3494 5257 ποιη-

1923 5283 2175 5352 σάμενοι,
2207 5281 2442 5353 εὕρομεν
2473 5283 2745 5353 ἀριδήλως
2783 5283 2879 5337 καὶ⁸
2915 5283 3169 5353 φανερῶς
3211 5282 3274 5334 ἐκ
3304 5297 3361 5333 τε
3395 5281 3495 5349 τῆς

1922 5374 2216 5445 συνοδικῆς
2285 5377 2570 5444 ἐγγράφου
2623 5375 2973 5443 διαγνώσεως
3033 5376 3129 5428 καὶ
3167 5374 3493 5442 ἀποφάσεως

1922 5465 2017 5519 τοῦ
2048 5466 2167 5519 τότε
2200 5468 2546 5536 πατριάρχου
2576 5467 2680 5536 κῦρ
2705 5466 3037 5537 Γρηγορίου,
3091 5464 3179 5534 ἐφ’
3206 5461 3239 5538 ᾖ
3271 5465 3370 5519 καὶ
3402 5478 3493 5517 σε-

1920 5559 2056 5609 πτὸν
2096 5558 2302 5629 προέϐη
2328 5559 2750 5628 χρυσόϐυυλλον,
2800 5557 2897 5611 καὶ
2922 5558 3029 5611 ἀπὸ
3048 5559 3157 5611 τῶν
3184 5558 3361 5613 ἄλλων
3386 5572 3498 5611 πα-

1922 5649 2196 5717 λαιγενῶν
2281 5651 2693 5721 δικαιωμάτων,
2759 5650 2902 5719 άπερ
2965 5653 2993 5703 ὁ
3050 5651 3527 5732 Λακεδαιμονίαςο

1922 5740 2228 5808 προέτεινε,
2253 5739 2347 5792 τοῦ
2386 5740 2606 5810 βρεϐἰοῡ
2654 5739 2858 5811 δηλαδὴ
2917 5741 3018 5805 τῆς
3067 5739 3354 5811 βασιλικῆς
3399 5742 3495 5794 καὶ

1925 5832 2211 5901 συνοδικῆς
2246 5832 2527 5899 ἐνδόσεως,
2553 5831 2638 5903 ἐφ’
2660 5827 2702 5901 ᾧ
2732 5833 2825 5886 τὸν
2855 5833 3297 5904 Λακεδαιμονίοις
3322 5838 3499 5903 ἀπαρ-
