3940 6578
496 466 637 533 1263

1479 462 1694 526 ΙΟᾹΝ.
1734 460 2038 523 (ῙΑιΕΟΔΞ
2079 461 2192 535 CP.
2233 458 2754 522 PATRIARCII/E

3612 458 3741 525 13.56

496 582 760 656 μηθεῐσα,
780 578 858 644 ὡς
888 576 1170 651 προϊόντες
1209 574 1545 649 δηλώσομεν,
1596 575 1789 645 ὀλίγας
1818 576 1881 629 ἐκ
1939 574 2073 628 πολ-
2103 580 2148 637 Α
2179 578 2317 647 μονῇ
2347 575 2446 629 τοῦ
2478 576 2869 630 Παντεπόπτου
2921 573 3204 645 εὑρεθέντι
3239 575 3579 647 νομοκάνονι,
3618 579 3651 633 ἃ
3676 580 3741 646 δὴ

493 675 603 729 λῶν
624 676 707 738 είς
741 673 908 745 μέσον
956 672 1057 737 τὰς
1118 670 1427 742 μαρτυρίας
1480 670 1576 724 καὶ
1618 670 1716 734 τάς
1770 669 2075 734 ἀποδείξας

497 765 922 838 παραγαγόντες
951 778 968 798 ο
1002 745 1446 836 κεχειροτόνηται
1475 762 1533 817 δὲ
1564 762 1717 832 ὅμως
1771 760 2069 822 ἐπίσκοπος

494 858 741 929 ἐπάύτῇ
771 856 936 926 ὀλίγῳ
984 856 1252 930 πρότερον
1304 855 1458 927 παρὰ
1512 853 1609 908 τοῦ
1663 852 1761 907 νῦν
1817 850 2076 906 διιθύνειν

494 949 754 1020 λαχόντος
790 948 1202 1019 ἀρχιερατικῶς
1233 946 1333 1019 τὴν
1360 947 1459 1017 τῆς
1509 939 1734 1016 Ἐφέσου
1765 944 2076 1014 ἀγιωτάτην

499 1040 858 1111 μητρόπολιν,
893 1039 1015 1093 δέον
1043 1038 1381 1108 ἀποσχέσθαι
1411 1036 1584 1106 αὑτῆς
1618 1038 1714 1090 καὶ
1742 1037 1817 1106 μὴ
1850 1034 2077 1103 τοιούτῳ

465 1154 473 1162 ·
498 1134 608 1189 τινὶ
634 1132 726 1187 ἐπ’
762 1134 901 1204 αὑτῇ
935 1132 1287 1204 ἐπιχειρῆσαι
1316 1130 1404 1184 διὰ
1429 1130 1492 1182 τὸ
1516 1127 1841 1183 ὑποκεῖσθαι
1868 1126 2077 1193 ταύτην

500 1224 669 1279 πάλαι
699 1225 830 1278 ποτέ
862 1226 928 1294 τῇ
961 1222 1083 1278 κατ’
1108 1223 1291 1288 αὑτὸν,
1320 1222 1397 1285 ὡς
1439 1220 1545 1274 ὑπὸ
1604 1218 1701 1291 τὴν
1761 1216 1886 1272 καθ’
1928 1216 2075 1287 ἡμᾶς

501 1315 819 1386 ἀγιωτάτην
850 1313 948 1369 τοῦ
982 1313 1124 1367 Θεοῦ
1165 1295 1425 1383 Μεγάλην
1466 1310 1795 1381 Ἐκκλησίαν
1850 1323 2075 1379 μετατε-

448 1424 453 1429 ’
498 1407 720 1479 χθείσης
757 1406 854 1463 καὶ
877 1407 998 1469 ταῖς
1030 1406 1245 1469 λοιπαῖς
1272 1405 1442 1475 αὐτῆς
1475 1403 1875 1475 μητροπόλεσιν
1921 1401 2078 1455 ἐντα-

500 1500 712 1569 υείσης.
748 1498 808 1552 Εἰ
835 1496 944 1566 γὰρ
975 1500 1067 1551 καὶ
1107 1498 1172 1566 τῇ
1203 1494 1324 1549 κατ’
1376 1494 1537 1550 αὑτὸν
1569 1492 1811 1565 ἀρχῆθεν
1841 1488 2074 1562 ἐτύγχα-

500 1607 559 1643 νε
584 1589 942 1661 διαφέρουσα.
972 1588 1109 1644 ἀλλά
1143 1587 1239 1641 καὶ
1266 1587 1365 1650 τὰς
1397 1585 1619 1650 πλείους
1656 1585 1767 1639 τῶν
1799 1583 2076 1656 μητροπό-

500 1682 663 1749 λεων,
697 1684 749 1738 εί
777 1699 861 1744 τις
891 1679 1167 1747 ἐξετάζειν
1200 1678 1397 1744 ἐθέλει,
1446 1678 1819 1748 ὑποκειμένας
1848 1677 2077 1747 εὑρήσει

406 1786 407 1789 κ
496 1776 789 1849 τὴνάρχὴν
825 1774 1144 1845 ἐκκλησίαις
1196 1772 1431 1844 ἑτέραις.
1502 1771 1728 1841 μένουσι
1785 1770 1844 1827 δὲ
1902 1771 2076 1841 ὅμωςν

497 1868 577 1932 είς
598 1867 667 1937 ἣν
692 1867 975 1937 εἰλήχασιν
1022 1864 1215 1918 ἔπειτα
1257 1863 1411 1929 τάξιν
1448 1862 1546 1917 καὶ
1604 1862 1782 1933 τιμὴν
1819 1860 2073 1932 βασιλικῇ

501 1961 785 2032 προσταγῇ
816 1959 910 2012 καὶ⁵
940 1957 1139 2028 πράξει
1171 1956 1423 2028 συνοδικῇ
1463 1972 1479 1989 ο
1510 1956 1594 2007 ὄτι
1643 1953 1708 2025 δὴ
1740 1954 1833 2009 καὶ
1867 1954 2079 2024 βασιλι-

500 2055 595 2111 κόν
632 2054 751 2106 ἐστι
791 2038 949 2104 τοῦτο
987 2050 1305 2121 προνόμιον,
1349 2050 1450 2112 τὰς
1504 2046 1909 2115 ὑποδεεστέρας
1971 2045 2081 2098 τῶν

499 2143 808 2214 ἐκκλησιῶν
840 2144 921 2208 εἰς
950 2142 1043 2196 τὸν
1074 2142 1333 2212 ἀνωτέρω
1370 2140 1638 2211 προάγειν
1667 2138 1901 2210 βαθμόν.
1956 2137 2081 2192 Ὅτι

500 2236 676 2304 δέ,ὠς
726 2236 977 2298 εἰπόντες
1033 2232 1300 2305 ἐφθημεν,
1355 2233 1436 2296 εἰς
1463 2230 1796 2303 μητρόπολιν
1841 2228 2079 2301 ἐτιμήθη

501 2326 717 2399 χρόνοις
744 2327 846 2381 οὐκ
877 2326 1081 2395 ὀλίγοις
1134 2326 1249 2389 τοῖς
1285 2324 1418 2391 ἀνω,
1470 2323 1780 2394 παριστῶσι
1837 2324 1939 2395 μὲν
1986 2322 2083 2377 καί.

499 2423 659 2475 άλλαι
690 2420 799 2473 τῶν
828 2417 1307 2489 ἐκκλησιαστικῶν
1340 2416 1617 2488 πράξεων,
1640 2417 1756 2479 τοῖς
1807 2431 2084 2487 μητροπο-

498 2512 677 2575 λίταις
699 2510 1016 2582 ἐναρίθμιον
1045 2510 1272 2580 ἔχουσαι
1302 2509 1396 2562 καὶ
1420 2507 1513 2562 τὸν
1566 2508 1834 2578 Πυργίου,
1890 2506 1966 2571 ὡς
2022 2505 2081 2572 ἐξ

506 2602 685 2656 αὑτῶν
705 2601 912 2656 τούτων
941 2599 1384 2670 ἐμφανισθεισῶν
1442 2599 1755 2669 καταφανὲς
1800 2599 1898 2653 καὶ
1948 2600 2082 2670 ἡμῖν

506 2695 730 2763 ἐγένετο
787 2692 1101 2753 συνοδικῶς.
1168 2691 1234 2744 Ἥ
1288 2690 1473 2759 μέντοι
1516 2691 1610 2744 τοῦ
1649 2690 1757 2760 κῦρ
1807 2690 2080 2761 Γεωργίου

519 2785 615 2840 τοῦ
666 2784 969 2853 Ξιφλίνου,
1021 2782 1560 2854 πατριαρχεύσαντος
1605 2784 1664 2836 ἐν
1713 2785 1824 2846 τοῖς
1870 2782 2083 2852 χρόνοις

509 2873 600 2928 τοῦ
643 2874 909 2946 βασιλέως
946 2870 1056 2944 κῦρ
1097 2872 1366 2927 Ἰσαακίου
1395 2871 1489 2927 καὶ
1521 2872 1685 2943 μέχρι
1719 2872 1818 2943 τῆς
1847 2872 1945 2928 τοῦ
1975 2872 2081 2944 κῦρ

515 2967 757 3033 Ἀλεξίου
808 2967 1220 3039 παραταθείσης
1279 2966 1380 3037 τῆς
1442 2966 1813 3037 πατριαρχίας
1873 2967 2081 3036 αὑτοῦ,

503 3062 727 3129 διέξεισι
751 3061 892 3132 μετά
916 3077 1035 3114 τινα
1057 3062 1189 3129 περὶ
1217 3058 1385 3116 αὑτοῦ
1417 3059 1483 3131 δὴ
1510 3058 1607 3113 τοῦ
1658 3061 1899 3129 Πυργίου
1938 3061 2084 3115 κατά
2108 3112 2111 3117 .

510 3159 664 3231 ῥῆμα
692 3156 787 3209 καὶ
816 3153 948 3208 τάδε
981 3168 995 3184 ·
1039 3171 1059 3206 ι
1104 3153 1259 3206 Ἐπεὶ
1300 3151 1356 3205 δέ
1383 3153 1480 3206 καὶ
1508 3153 1659 3222 παρά
1709 3151 1806 3207 τοῦ
1850 3151 2081 3223 ἱερωτά-

2179 668 2359 722 πάντα
2389 669 2599 731 εἰδότας
2634 668 2730 722 καί
2757 668 2882 733 τοὺς
2916 669 2982 738 τῇ
3029 668 3257 738 Ἐφέσου
3289 668 3744 742 ἀπαρεγχείρητα

2177 759 2345 831 ἐχρῆν
2381 760 2451 813 τὰ
2484 761 2605 815 κατ’
2631 760 2806 831 αὐτὴν
2855 764 3145 832 συντηρεῖν
3189 762 3284 821 καὶ
3332 765 3771 835 άπαραποίητα.·

2177 850 2436 922 Προήχθη
2498 851 2556 907 δὲ
2613 852 2820 922 ἀρτίως
2876 856 2974 907 καὶ⁵
3030 853 3129 923 τὴν
3176 856 3448 925 προτέραν
3508 856 3742 910 ἀπέλαϐε

2175 944 2330 1010 τάξιν
2352 944 2451 1013 τῆς
2476 943 2867 1015 μητροπόλεως
2896 943 3039 1014 αῦτη
3067 944 3132 1016 δὴ
3162 947 3195 1017 ἠ
3224 946 3316 999 τοῦ
3346 948 3587 1018 Πυργίου
3637 964 3740 1003 πα-

2179 1037 2249 1104 ρὰ
2271 1033 2365 1088 τοῦ
2392 1037 2689 1105 κρατίστου
2731 1036 2829 1090 καὶ
2870 1036 3029 1105 ἁγίου
3059 1053 3165 1107 μου
3217 1038 3615 1113 αὐτοκράτορος
3655 1041 3739 1096 διὰ

2176 1126 2272 1181 τοῦ
2297 1128 2390 1181 ἐπὶ
2418 1126 2591 1199 τούτῳ
2617 1128 2981 1193 ἀπολυθέντος
3017 1129 3218 1185 σεπτοῦ
3267 1118 3686 1204 προστάγματος
3723 1152 3735 1160 ο

2176 1217 2329 1275 ἔνθεν
2358 1236 2441 1274 τοι
2467 1220 2561 1275 καὶ
2587 1222 2621 1291 ἠ
2661 1223 2952 1292 μετριότης
2983 1220 3141 1293 ἡμῶν
3176 1222 3488 1288 ἀκολούθως
3522 1227 3740 1280 ποιοῦσα

2178 1312 2376 1385 γνώμῃ
2402 1315 2556 1384 κοινῇ
2584 1313 2685 1384 τῆς
2710 1314 2841 1383 περὶ
2868 1312 3039 1384 αὐτὴν
3069 1316 3401 1386 όμηγύρεως
3425 1318 3533 1369 τῶν
3586 1320 3744 1389 ἱερω-

2173 1405 2358 1458 τάτων
2373 1404 2700 1476 ἀρχιερέων,
2730 1404 2827 1459 τοῦ
2860 1406 3130 1481 Σάρδεων,
3163 1406 3256 1460 τοῦ
3295 1410 3621 1480 Δυρραχίου,
3652 1410 3744 1464 τοῦ

2176 1497 2468 1567 Μαδύτων,
2499 1498 2595 1553 τοῦ
2648 1500 2954 1567 Φιλίππων,
2984 1500 3079 1555 τοῦ
3118 1500 3447 1574 Μηθύμνης,
3471 1504 3563 1556 τοῦ
3591 1505 3743 1573 Χίου,

2175 1587 2270 1643 τοῦ
2319 1588 2655 1661 Βάρνης,τοῦ
2709 1591 2904 1658 Γάνου,
2936 1592 3031 1647 τοῦ
3074 1596 3322 1666 Δράμας,
3365 1595 3460 1650 τοῦ
3505 1599 3744 1665 Τενέδου,

2176 1681 2272 1737 τοῦ
2298 1681 2397 1741 Κῶ
2416 1682 2626 1739 καὶτοῦ
2651 1684 2962 1755 ύποψηφίου
2990 1687 3402 1757 Μονεμδασίας,
3428 1692 3528 1763 τὴν
3549 1692 3748 1764 παροῦ-

2181 1788 2282 1826 σαν
2305 1772 2584 1829 ἐκτέθεικε
2606 1774 2827 1845 πρᾶξιν,
2850 1775 2938 1845 ἐφ’
2958 1770 3002 1845 ᾧ
3026 1780 3119 1837 καὶ
3140 1780 3221 1844 είς
3242 1780 3336 1834 τὸν
3397 1783 3528 1853 ἐξῆς
3552 1783 3629 1853 τῷ
3664 1802 3749 1855 χο-

2183 1864 2263 1936 ρῷ
2292 1868 2388 1920 καὶ
2403 1867 2611 1939 ταύτην
2638 1868 2703 1937 δὴ
2724 1869 2823 1937 τὴν
2845 1868 2937 1923 τοῦ
2960 1871 3202 1941 Πυργίου
3230 1872 3339 1928 τῶν
3372 1876 3748 1945 μητροπόλεων

2184 1960 2425 2013 συνεῖναι
2453 1973 2467 1989 ⁸
2501 1959 2626 2013 ὅθεν
2659 1962 2753 2014 καὶ
2777 1960 2954 2025 οὐδεὶς
2976 1962 3235 2017 οὐδέποτε
3261 1964 3473 2032 ὀφείλει
3496 1966 3748 2037 πειράσα-

2184 2049 2310 2131 σθαι
2341 2048 2443 2119 τῆς
2466 2047 2675 2114 τάξεως
2700 2050 2909 2121 ταύτης
2944 2051 3043 2105 καὶ
3068 2052 3169 2122 τῆς
3202 2053 3371 2124 τιμῆς
3386 2054 3615 2123 ἀφελεῖν
3656 2055 3748 2109 αὑ·

2181 2137 2281 2207 τὴν
2310 2138 2406 2192 καὶ
2432 2138 2768 2193 ὑποϐισάσαι
2806 2154 2821 2169 ο
2859 2140 3052 2212 ὀφειλὴ
3084 2142 3195 2213 γὰρ
3252 2142 3350 2197 καὶ
3392 2144 3555 2214 χρέος
3601 2145 3747 2199 τοῦτο

2180 2230 2350 2284 πᾶσιν
2378 2229 2567 2293 ἁπλῶς
2604 2230 2985 2302 ἀπαραίτητον
3011 2235 3123 2296 τοῖς
3146 2234 3201 2297 ἐς
3221 2232 3475 2307 ὕστερον,
3509 2236 3746 2307 στέργειν

2181 2322 2248 2375 τὰ
2270 2322 2449 2386 καλῶς
2470 2325 2587 2387 τοῖς
2613 2323 2721 2394 πρὸ
2752 2324 2933 2378 αὑτῶν
2952 2325 3181 2393 δόξαντα
3210 2328 3304 2383 καὶ
3364 2328 3745 2400 ἀπαραποίητα

2182 2416 2275 2467 καί
2306 2414 2680 2488 ἀπαράτρωτα
2703 2416 2887 2486 μένειν
2904 2418 3017 2488 ἐᾷν,
3049 2418 3124 2482 ῶς
3147 2420 3404 2489 ὁμονοίας
3424 2420 3522 2473 καὶ
3539 2421 3745 2492 εἰρήνης

2188 2507 2517 2578 παραίτιενο
2555 2507 2832 2575 ὀφείλουσι
2864 2509 3048 2579 μέντοι
3078 2512 3365 2581 προσεῖναι
3392 2511 3489 2564 καὶ
3540 2511 3749 2565 ύποκεί·
3826 2579 3830 2583 4

2185 2600 2310 2654 σθαι
2328 2602 2394 2671 τῇ
2420 2600 2556 2670 αὐτῇ
2586 2600 2849 2671 ἐκκλησίᾳ
2872 2601 2969 2655 καὶ
2994 2600 3065 2655 τὰ
3090 2602 3148 2655 ἐν
3167 2600 3248 2673 τῷ
3276 2603 3581 2673 πρακτικῷ
3622 2603 3745 2656 ταύέ

2183 2712 2285 2766 της
2314 2694 2798 2764 διαλαμῦανόμενα
2826 2695 2922 2749 δύο
2978 2694 3179 2767 χωρία,
3204 2696 3268 2749 τὸ
3325 2693 3423 2749 τοῦ
3478 2697 3746 2766 Διοσιεροῦ

2182 2770 2424 2857 δηλονότι
2458 2787 2639 2841 καὶτὸ
2661 2787 2759 2857 τῆς
2787 2787 3003 2859 Δίγδης,
3040 2789 3137 2843 καὶ
3184 2788 3366 2844 πάντα
3406 2789 3614 2855 ἁπλῶς,
3657 2790 3751 2843 ὅσα

2181 2884 2294 2945 τοῖς
2333 2876 2634 2950 ἐγγράφοις
2664 2879 3031 2950 δικαιώμασιν
3078 2881 3252 2956 αὐτῆς
3295 2880 3601 2937 δικαιοῦται
3627 2899 3753 2937 κατ-

2184 2975 2350 3045 έχειν,
2378 2973 2756 3043 ἀναφαιρέτως
2791 2974 2886 3027 καὶ
2940 2973 3398 3038 άναποσπάστως.
3445 2974 3600 3028 Ἐπεὶ
3633 2974 3752 3028 τού-

2183 3083 2263 3137 τῳ
2293 3066 2400 3137 γάρ
2432 3070 2524 3120 καὶ
2550 3068 2584 3137 ὴ
2614 3065 2866 3136 παροῦσα
2914 3067 3166 3138 ἡμετέρα
3214 3069 3314 3123 καὶ
3348 3068 3604 3137 συνοδικὴ
3670 3067 3751 3135 ἐγ·

2185 3173 2396 3229 γραφος
2426 3157 2622 3228 πρᾶξις
2650 3156 2919 3227 γενομένη
2963 3160 3030 3228 τῇ
3081 3157 3347 3221 πολλάκις
3404 3156 3750 3228 διαληφθείσῃ

503 3264 598 3300 τ;υ
634 3245 1034 3317 μητροπολίτου
1058 3244 1319 3314 Πυργίου,
1366 3245 1781 3299 Κωνσταντίνου
1807 3245 1901 3299 τοῦ
1934 3246 2078 3298 Σπα-
2103 3271 2149 3331 c
2187 3246 2464 3317 ἀγιωτάτῃ
2489 3244 2925 3317 μητροπόλειτοῦ
2948 3248 3187 3319 Πυργίου
3215 3247 3607 3311 ἐπιδὲδοταιείς
3624 3248 3750 3300 διαι-

506 3334 794 3401 νοπούλου,
826 3334 981 3397 λύσις
1015 3333 1112 3387 τοῦ
1143 3334 1450 3402 ἁγιωτάτου
1480 3333 1689 3388 ἐκείνου
1732 3335 2075 3405 πατριάρχου

509 3426 619 3499 κῦρ
642 3427 859 3500 Μιχαὴλ
888 3425 981 3479 τοῦ
1018 3426 1307 3497 Ἀγχιάλου
1359 3426 1758 3497 προεκομίσθη,
1785 3428 2083 3497 ἐξενεχθεῖ-

511 3537 582 3575 σα
607 3520 701 3573 ἐπὶ
730 3520 1037 3589 ὑπομνήσει
1068 3517 1256 3587 αὑτοῦ,
1286 3518 1438 3587 όντος
1478 3519 1799 3585 ἐπισκόπου,
1826 3520 1920 3573 καί⁵
1948 3520 2082 3590 δῆτα

515 3611 907 3681 ὑπανεγνώσθη
936 3611 1029 3665 ἐπὶ
1053 3610 1218 3681 κοινῷ
1237 3610 1452 3681 ὁρισμῷ
1474 3610 1572 3682 τῆς
1602 3612 1761 3680 ήμῶν
1790 3611 2082 3681 μετριότη-

508 3722 622 3772 τος,
655 3706 750 3760 καί
783 3703 987 3774 εὑρέθη
1006 3703 1205 3773 έχοντα
1238 3705 1297 3755 ἐν
1336 3705 1401 3774 τῇ
1436 3702 1577 3772 ἀρχῇ
1607 3703 1700 3755 καὶ
1726 3705 1784 3755 ἐν
1831 3702 1909 3773 τῷ
1939 3702 2083 3758 τέλει

509 3798 651 3869 ῥητά
670 3814 789 3851 τινα
826 3797 1120 3868 συνᾴδοντα
1148 3794 1226 3865 τῷ
1259 3794 1448 3865 σκοπῷ
1473 3797 1570 3864 τῆς
1604 3795 1763 3865 ἡμῶν
1797 3796 2084 3866 μετριότη-

507 3904 620 3953 τος,
653 3888 817 3958 ὥρισε
849 3888 1304 3958 καταστρωθῆναι
1327 3888 1424 3941 καὶ
1449 3886 1647 3951 ταῦτα,
1684 3885 1722 3941 ἃ
1746 3891 1839 3942 καί
1869 3886 2084 3959 ἔχουσιν

506 3980 787 4045 αὑτολεξεὶ
805 3979 1003 4033 οὑτωσί
1022 3994 1045 4041 _°
1076 3998 1095 4032 ι
1149 3980 1303 4032 Ὅσοι
1342 3979 1444 4050 μὲν
1481 3981 1575 4035 ἐπὶ
1625 3980 1877 4044 παλαιοῖς
1919 3982 2083 4051 θεμε-

508 4073 642 4136 λίοις
672 4070 817 4127 ναῶν
839 4071 1215 4142 ὑποκειμένων
1241 4074 1309 4142 τῇ
1366 4073 1507 4125 κατὰ
1540 4072 1600 4125 σέ
1639 4072 1920 4144 ἁγιωτάτῃ
1963 4076 2083 4126 ἐπι·

510 4166 691 4236 σκοπῇ
726 4163 969 4234 ἔφθασαν
985 4162 1341 4234 οίκοδομῆσαι
1367 4148 1551 4230 ναοὺς,
1578 4164 1730 4218 οὐδὲν
1788 4165 2041 4237 ὠφεληθή
2058 4195 2084 4207 ο

509 4273 693 4310 σονται
729 4251 975 4320 οὗτοιείς
1003 4255 1065 4308 τὸ
1095 4254 1173 4327 μὴ
1198 4255 1517 4309 ὑποκεῖσθαι
1564 4272 1668 4314 σοι.
1708 4274 1727 4310 ι
1766 4257 2085 4328 Συμπαρετ-

512 4365 600 4400 ναι
635 4348 817 4417 μέντοι
868 4347 1146 4401 δείκνυται
1194 4348 1252 4400 ἐν
1299 4347 1435 4419 αύτῇ
1489 4348 1795 4419 τηνικαῦτα
1856 4349 1952 4402 καὶ
1995 4351 2087 4402 τὸν

519 4443 773 4510 Ἐφέσου.
808 4441 931 4494 Ὅτι
957 4440 1012 4494 δὲ
1040 4441 1138 4510 οὐχ
1172 4440 1359 4509 ἕτερός
1411 4457 1518 4505 τις,
1576 4441 1693 4494 ἀλλ’
1738 4434 1893 4505 οὗτος
1947 4436 2014 4512 ἦν
2060 4443 2088 4495 6

509 4532 728 4602 πρῶτος
757 4531 814 4582 ἐν
836 4532 901 4599 τῇ
934 4527 1029 4582 τοῦ
1100 4529 1343 4599 Πυργίου
1407 4528 1486 4599 τῷ
1539 4529 1635 4583 τοῦ
1692 4530 2085 4601 μητροπολίτου

2190 3337 2489 3401 ωνίζουσαν
2519 3338 2618 3409 τὴν
2639 3336 2941 3407 ἀσφάλειαν
2961 3336 3109 3408 μηνί
3136 3337 3465 3407 Αὐγούστῳ
3497 3335 3608 3391 ινδ.
3628 3342 3680 3389 ι’.

2399 3473 2593 3529 XXIX.
2624 3454 2858 3530 joamm
2885 3476 3089 3531 dirimi!
3116 3478 3551 3533 controversiam.

2257 3613 2298 3684 -ί-
2335 3613 2600 3680 Διενέξεις
2649 3612 2749 3667 οὑκ
2782 3611 2970 3681 ὀλίγας
3016 3612 3234 3683 ἔχοντες
3279 3614 3307 3666 ὃ
3350 3630 3410 3667 τε
3467 3612 3740 3683 ἰερὼτατος
3788 3612 3791 3615 ’

2192 3705 2596 3776 μητροπολίτης
2617 3705 2750 3758 Χίου
2776 3704 2871 3758 καί
2894 3704 3195 3775 ὑπέρτιμος
3218 3708 3311 3759 καὶ
3335 3708 3365 3759 6
3389 3705 3742 3765 πανσέὃαστος

2191 3796 2453 3861 σεῦαστδς
2486 3798 2687 3860 οίκείος
2711 3795 2789 3867 τῷ
2825 3796 3104 3868 κρατίστῳ
3150 3796 3245 3850 καὶ
3275 3797 3417 3868 ἀγίῳ
3462 3816 3561 3868 μου
3592 3796 3744 3849 αύτοο

2190 3886 2420 3956 κράτορι
2457 3885 2562 3957 κῦρ
2611 3887 3026 3959 Κωνσταντῖνος
3072 3886 3100 3938 6
3147 3885 3417 3954 Πράσινος
3451 3885 3574 3955 περί
3610 3898 3745 3943 τινος

2195 3977 2485 4048 μονυδρίου
2528 3974 2622 4030 τοῦ
2669 3975 2829 4046 άγίου
2875 3975 3372 4047 μεγαλομάρτυρος
3418 3979 3510 4029 καὶ
3540 3977 3746 4042 ίαματιο

2192 4068 2288 4122 κοῦ
2321 4068 2767 4140 Παντελεήμονος
2808 4069 2904 4122 καὶ
2934 4069 3119 4139 ἐτέρου
3151 4068 3467 4122 πανσέπτου
3505 4067 3625 4121 ναοῦ
3658 4064 3744 4120 τοῦ

2192 4163 2246 4214 ἐν
2277 4161 2453 4230 ἁγίοις
2483 4161 2858 4233 παμμάκαρος
2883 4160 3172 4226 Νικολάου,
3202 4160 3285 4230 ἐφ’
3306 4155 3388 4225 οἷς
3417 4160 3528 4231 ἔχει
3553 4160 3746 4214 δίκαιον

2192 4255 2540 4326 γονικότητος
2572 4256 2599 4308 6
2636 4254 2799 4317 αὑτὸς
2838 4253 3133 4323 Πράτινος,
3160 4252 3239 4305 έτι
3268 4269 3326 4305 τε
3359 4255 3451 4306 καὶ
3479 4255 3599 4323 περὶ
3635 4251 3746 4304 ἐτέ-

2197 4364 2306 4420 ρων
2330 4346 2492 4401 τινῶν
2530 4345 2853 4417 μονυδρίων,
2888 4344 3149 4415 ἐκίνησαν
3178 4346 3245 4398 τὰ
3281 4342 3621 4415 περὶ-τούτου
3657 4343 3745 4395 ἐπὶ

2192 4442 2291 4508 τῆς
2345 4441 2502 4511 ἡμῶν
2559 4438 2931 4509 μετριότητος.
2975 4438 3086 4491 Καὶ
3115 4436 3239 4490 ἐπεὶ
3290 4438 3319 4490 ὀ
3369 4438 3472 4507 μὲν
3521 4433 3744 4513 τοιοῦτος

2197 4532 2461 4603 Πράσινος
2489 4531 2651 4601 ἐνῆγε
2685 4529 2829 4583 κατὰ
2859 4527 2953 4582 τοῦ
2984 4527 3281 4599 εἰρημένου
3317 4528 3608 4598 ἱερωτάτου
3645 4542 3741 4594 μη·

509 4619 763 4690 τιμηθεὶς
787 4621 1039 4688 ὀνόματι,
1073 4620 1102 4669 ό
1124 4618 1507 4683 Σπανόπουλος
1537 4620 1743 4692 δηλαδὴ
1790 4624 2083 4677 Κωνσταν-
2120 4631 2164 4687 Ι)
2194 4623 2511 4693 τροπολίτου
2542 4623 2675 4676 Χίου
2704 4622 2799 4676 καὶ
2826 4622 3154 4691 ὑπερτίμού,
3187 4622 3280 4675 καὶ
3308 4620 3594 4675 διετείνετο
3612 4620 3741 4688 λαμ-

507 4717 650 4776 τίνος
681 4712 923 4767 δείκνυσι
956 4712 1050 4767 καὶ
1102 4710 1165 4765 τὸ
1217 4710 1420 4782 προσὸν
1463 4715 1530 4783 τῇ
1593 4714 1858 4786 ἐκκλησίᾳ
1914 4715 2089 4788 ταύτῃ

515 4806 747 4861 παλαιὸν
806 4804 1191 4874 ἀπογραφικὸν
1255 4804 1554 4874 δικαίωμα,
1606 4807 1747 4877 ὅπερ
1794 4810 1888 4863 καὶ
1955 4808 2090 4862 αὐτὸ

510 4896 842 4967 ἐνεφανίσθη
878 4896 1012 4965 ἡμῖν
1042 4896 1195 4963 παρὰ
1216 4893 1327 4947 τῶν
1350 4894 1524 4965 αὐτῆς
1550 4894 1857 4967 κληρικῶν,
1876 4896 1935 4963 ἐξ
1967 4895 2085 4949 ὀνό-

514 5004 686 5057 ματος
711 4986 899 5040 τοῦτον
919 4984 1289 5055 παραδηλοῦν,
1311 4987 1389 5047 είς
1418 4987 1748 5052 ἐπισκόπους
1764 4987 1846 5040 ἔτι
1870 4987 2093 5042 τελοῦν-

509 5098 576 5135 τα
602 5094 618 5110 ⁸
649 5082 712 5134 οὑ
746 5080 854 5151 μὴν
882 5079 1017 5133 ἀλλά
1044 5080 1139 5131 καὶ
1168 5077 1276 5132 τῶν
1307 5078 1554 5133 παλαιῶν
1586 5081 1964 5150 νομοκανόνων
2003 5080 2087 5151 βι-

510 5174 674 5226 ϐλίων
703 5173 804 5224 οὑκ
835 5169 994 5239 ὀλίγα
1019 5170 1097 5240 τῷ
1124 5170 1413 5240 καταλόγῳ
1440 5171 1547 5224 τῶν
1572 5171 1964 5241 μητροπόλεων
1992 5172 2089 5224 καὶ

511 5266 609 5335 τὴν
630 5263 723 5317 τοῦ
752 5262 991 5334 Πυργίου
1020 5261 1422 5334 ἐναριθμοῦντα
1452 5263 1583 5333 ἡμῖν
1631 5262 1880 5335 εὓρηται,
1921 5258 2087 5316 οἷστι-

513 5377 598 5411 σιν
626 5358 827 5428 ὁμοίως
873 5357 997 5419 ταῖς
1034 5340 1443 5426 μητροπόλεσιν
1490 5352 1660 5425 αὐτὴν
1712 5355 2086 5425 συνηρίθμησε

508 5452 725 5505 καίόέν
766 5448 1012 5519 μακαρίᾳ
1039 5449 1105 5517 τῇ
1163 5445 1315 5517 λήξει
1363 5445 1652 5515 γενόμενος
1701 5446 1941 5515 ἀοίδιμος
1996 5448 2105 5501 καὶ.

512 5542 822 5612 μακαρίτης
848 5539 1125 5611 βασιλεὺς,
1157 5538 1186 5590 ὀ
1208 5537 1542 5607 πρόπαππος
1562 5536 1656 5589 τοῦ
1681 5538 1972 5607 κρατίστου
1996 5543 2088 5595 καὶ

510 5635 667 5701 ἁγίου
695 5650 796 5702 μου
841 5631 1267 5700 αὐτοκράτορος,
1302 5630 1361 5682 ἐν
1387 5631 1453 5699 τῇ
1486 5628 1766 5701 ἐκτεθεὶσῃ
1799 5636 2084 5704 προσταγῇ

508 5725 813 5795 τηνικαῦτα
834 5728 900 5794 τῇ
963 5721 1130 5775 αὑτοῦ
1184 5720 1565 5791 ἀπαριθμήσει
1614 5727 1710 5775 καὶ
1766 5724 1918 5789 τάξει
1980 5726 2087 5778 τῶν

516 5819 833 5886 ἁγιωτάτων
859 5813 1166 5885 ἐκκλησιῶν
1206 5816 1358 5882 παρὰ
1382 5809 1478 5865 τοῦ
1514 5814 1681 5884 κυροῦ
1731 5816 1913 5886 Μηνᾶ,
1963 5820 2087 5889 ἥτις

517 5912 583 5975 δὴ
604 5907 983 5977 ἁπαρίθμησις
1011 5907 1453 5974 ἐγκατέστρωται
1484 5904 1560 5974 τῷ
1588 5907 1646 5958 ἐν
1699 5910 1762 5978 τῇ
1810 5907 2084 5979 σεϐασμίᾳ

2194 4716 2379 4768 δάνειν
2435 4716 2534 4783 μὲν
2595 4714 2758 4769 αὑτὸν
2810 4713 2880 4767 τὰ
2936 4712 3273 4782 είσοδήματα
3331 4713 3443 4766 τῶν
3505 4709 3740 4765 τοιούτων

2196 4804 2499 4877 μονυδρίων
2524 4822 2580 4856 τε
2610 4805 2706 4857 καὶ
2742 4803 3053 4873 ἐκκλησιῶν
3083 4802 3183 4856 καὶ
3212 4796 3560 4874 καρποῦσθαι
3586 4801 3741 4855 ταῦτα

2193 4898 2375 4950 πάντα
2420 4897 2605 4961 αὑτὸν,
2653 4894 2951 4949 κάντεῦθεν
2990 4893 3158 4959 πολὺς
3195 4888 3265 4964 ἦν
3315 4896 3630 4965 ἐγκείμενος
3659 4890 3739 4943 καὶ

2193 4989 2442 5044 ἁπαιτῶν
2490 4985 2850 5059 ἀντιστρέψαι
2894 4987 3059 5041 αὑτὸν
3107 4987 3308 5051 ταῦτα,
3343 4990 3372 5042 ό
3410 4989 3467 5041 δέ
3509 5003 3569 5053 γε
3604 4982 3740 5055 ίερὼ-

2192 5101 2353 5145 τατος
2404 5081 2811 5154 μητροπολίτης
2846 5080 2982 5133 Χίου
3017 5064 3112 5134 καὶ
3148 5080 3453 5150 ὑπέρτιμος
3484 5077 3737 5142 ἀντέλεγε,

2193 5176 2270 5248 μὴ
2300 5175 2587 5246 ἀληθεύειν
2609 5175 2747 5236 ὅλως
2774 5174 2959 5238 αὑτὸν,
2983 5175 3032 5227 εἰ
3057 5173 3151 5226 καί
3174 5189 3228 5225 τι
3248 5171 3313 5242 δὴ
3335 5170 3537 5241 ἔφθασε
3559 5165 3733 5227 λαϐὼν,

2191 5265 2557 5337 διισχυρίζετο
2606 5264 2683 5334 μὴ
2717 5263 3025 5335 χρήσασθαι
3069 5262 3244 5333 τούτῳ
3281 5265 3360 5325 εἰς
3395 5262 3532 5326 ἰδίας
3573 5256 3736 5329 χρείαις

2190 5357 2379 5420 αὑτοῦ,
2412 5356 2529 5409 ἀλλ’
2564 5358 2642 5418 είς
2684 5356 2878 5424 ἐτέρας
2923 5352 3223 5422 ἀναγκαίας
3252 5352 3361 5405 τῶν
3405 5368 3465 5404 τε
3509 5347 3734 5404 τοιούτων

2191 5449 2519 5502 πανσέπτων
2543 5446 2689 5500 ναῶν
2724 5446 2821 5499 καὶ
2850 5445 2963 5498 τῶν
2999 5443 3122 5499 κατ’
3154 5443 3356 5507 αὐτοὺς
3391 5444 3635 5512 μοναχῶν
3659 5435 3732 5491 καὶ

2190 5544 2393 5614 ἐτέρων
2448 5540 2681 5611 ἀνδρῶν.
2735 5538 2804 5593 Ἦ
2861 5539 3154 5608 μετριότης
3215 5536 3377 5607 ἡμῶν
3440 5536 3525 5589 διά
3588 5529 3731 5585 ταῦτα

2188 5637 2383 5704 διέγνω
2413 5633 2509 5688 καὶ
2542 5633 2862 5703 ἀπεφήνατο
2898 5631 3040 5686 κατὰ
3066 5630 3192 5693 τοὺς
3221 5628 3403 5700 ίεροῦς
3450 5626 3541 5681 καὶ
3577 5620 3731 5679 θείους

2189 5728 2441 5791 κανόνας,
2462 5725 2537 5790 ὡς
2564 5724 2629 5780 ἂν
2656 5724 2755 5795 ἔχῃ
2782 5724 2883 5795 μέν
2915 5724 2942 5776 ὀ
2962 5721 3201 5784 τοιοῦτος
3234 5718 3524 5792 ίερώτατος
3552 5727 3732 5790 μητρο-

2192 5820 2420 5890 πολίτης
2448 5817 2585 5871 Χίου
2632 5818 2725 5871 καὶ
2757 5818 3059 5887 ὑπὲρτιμος
3101 5812 3193 5868 ἐπί
3245 5829 3302 5867 τε
3339 5816 3453 5877 τοῖς
3497 5811 3731 5865 τοιούτοις

2193 5911 2497 5979 μονυδρίοις
2554 5912 2650 5965 καὶ
2701 5912 2819 5975 ταῖς
2880 5910 3094 5973 λοιπαῖς
3156 5910 3357 5972 πάσαις
3417 5904 3531 5961 κατ’
3582 5897 3729 5955 αὑτὸν
