3940 6574
387 363 520 434 1271

1377 373 1600 435 ῘΟΑΝω
1635 373 1944 434 (ῑΑιΕοΕ
1987 376 2099 438 CP.
2151 377 2669 440 PATRIARCHIE

3498 376 3642 442 1272

386 495 752 556 προσέχοντες
787 494 853 565 τῇ
885 491 1207 562 διδασκαλίᾳ
1235 490 1461 553 ἐαυτοὺς
1489 490 1624 560 πρὸς
1657 489 1718 544 τδ
1753 489 1827 561 μὴ
1851 507 1952 543 κα-
1982 494 2028 552 Α
2055 483 2138 554 οἷς
2161 491 2208 544 δ’
2236 492 2386 563 ὅμως
2407 495 2576 568 ταύτῃ
2603 497 2670 569 τῇ
2698 499 2874 570 μικρᾷ
2897 497 3028 571 εὐχῇ
3055 499 3192 570 μόνῃ
3215 496 3301 554 διὰ
3328 498 3444 568 βίου
3476 515 3646 564 προσ-

384 576 498 642 κῶς
532 581 732 636 παθεῖν
763 585 1168 657 παραθήγουσι,
1204 584 1301 639 καὶ
1332 583 1482 654 φόδῳ
1501 583 1611 638 τῶν
1637 583 1850 655 ἐπηρτη
1862 583 1953 653 μέ-

385 687 493 724 νων
524 675 812 745 τιμωριῶν
839 677 940 748 τήν
969 679 1245 750 σωτηρίαν
1271 678 1456 742 αὑτοῖς
1484 675 1896 748 ἐξεργάζονται.
1930 694 1948 728 ι

385 763 604 816 Τούτων
655 765 1118 836 ἀναγνωσθέντων
1159 769 1554 842 ἀπετρέψαμεν
1604 767 1726 822 κατ’
1756 768 1955 831 αὑτοὺς

384 853 480 907 καὶ
501 856 687 925 ἡμεῖς,
721 859 817 913 καὶ
842 861 998 915 οὑδέν
1021 864 1498 934 παρεχωρήσαμεν
1528 858 1708 930 λέγειν
1731 860 1762 930 ἢ
1786 861 1956 913 κινεῖν

385 949 550 1003 αὐτόν
582 967 634 1004 τι
669 955 800 1024 περὶ
843 954 1154 1026 δογμάτων.
1194 956 1336 1026 Μηδ⁹
1365 955 1509 1010 οὑτω
1538 953 1594 1008 δέ
1629 952 1794 1008 αὑτοῦ
1838 969 1956 1006 πει-

386 1041 616 1110 θομένου
655 1046 790 1115 πρὸς
818 1046 880 1101 τὸ
911 1049 1280 1119 προκείμενον
1311 1047 1511 1110 ἐλθεῖν,
1542 1048 1634 1101 καὶ
1665 1047 1795 1118 περὶ
1822 1039 1896 1100 ὧν
1920 1047 1982 1113 η’

385 1134 650 1200 ἐξέτασις,
685 1140 1172 1210 προεκομίσθησαν
1196 1141 1290 1194 ἐπὶ
1319 1140 1417 1197 τοῦ
1451 1141 1638 1211 μέσου,
1670 1140 1735 1204 ἃς
1757 1141 1785 1194 ὅ
1816 1139 1958 1210 Βαρε

385 1225 534 1297 λαάμ
563 1229 777 1298 φθάσας
797 1234 1098 1304 ἐποιήσατο
1118 1236 1399 1304 ἀναφορὰς
1422 1233 1562 1290 κατά
1584 1232 1681 1288 τοῦ
1701 1233 1955 1301 Παλαμᾶ,

386 1323 481 1374 καὶ
513 1322 935 1394 ἀνεγνώσθησαν
962 1325 1271 1380 ἀκουόντων
1295 1327 1516 1381 πάντων
1538 1343 1553 1359 ο
1582 1327 1785 1393 ὁμοίως
1815 1339 1960 1397 παρ-

384 1413 635 1485 ήχθησαν
701 1416 795 1468 καὶ
827 1417 1253 1489 ἀνεγνώσθησαν
1283 1419 1373 1471 καὶ
1407 1418 1516 1472 ἀπὸ
1541 1417 1649 1471 τῶν
1669 1434 1962 1488 συγγραμ-

389 1509 576 1577 μάτων
627 1510 797 1564 αὑτοῦ
857 1513 1064 1580 ἐκεῖνα,
1118 1513 1180 1565 ἐν.
1227 1503 1311 1576 οἷς
1355 1511 1510 1582 ἔλεγε
1565 1511 1660 1565 καὶ
1707 1509 1960 1582 περὶτοῦ

388 1603 690 1666 ἀπροσίτου
719 1602 900 1672 φωτὸς
929 1599 1027 1673 τῆς
1057 1602 1542 1674 μεταμορφώσεως
1570 1603 1664 1658 τοῦ
1690 1604 1962 1658 Δεσπότου

391 1693 646 1764 Σωτῆρος
676 1696 708 1765 ή
719 1696 834 1764 μῶν
875 1693 1049 1764 Ἰησοῦ
1080 1695 1319 1766 Χριστοῦ
1345 1697 1441 1750 καὶ
1465 1693 1573 1750 τῶν
1594 1695 1694 1766 τῆς
1734 1695 1832 1749 τοῦ
1852 1712 1965 1764 φω-

387 1786 479 1848 τὸς
509 1785 702 1840 τούτου
735 1782 862 1850 θέας
890 1786 1210 1858 ἠξιωμένων
1241 1787 1554 1859 προκρίτων
1582 1786 1841 1857 μαθητῶν
1866 1785 1959 1836 αὑ-

387 1873 486 1929 τοῦ
521 1879 614 1929 καὶ
662 1877 982 1931 ἀποστόλων
1037 1877 1246 1944 λέξεσιν
1287 1878 1478 1942 αὐταῖς
1520 1877 1682 1931 τάδε’
1715 1895 1734 1929 ε
1775 1873 1848 1930 Τὸ
1901 1879 1958 1930 ἐν

387 1967 656 2040 Θαδωρίῳ
685 1969 908 2040 λάμψαν
939 1969 1054 2040 φῶς
1084 1972 1186 2026 οὑκ
1224 1973 1523 2042 ἀπρόσιτον
1547 1965 1636 2042 ἦν,
1673 1969 1796 2024 οὐδὲ
1821 1969 1963 2023 κατὰ

386 2046 645 2129 ἀλήθειαν
674 2062 889 2131 ὑπῆρχε
929 2061 1048 2132 φῶς
1080 2061 1356 2134 θεότητος,
1389 2059 1510 2116 οὑδὲ
1547 2063 1796 2132 ἀγγέλων
1823 2057 1961 2128 ὅλως

388 2151 743 2226 ίερώτερονῆ
790 2145 1085 2227 θειότερον,
1127 2156 1265 2210 ἀλλὰ
1304 2157 1397 2211 καὶ
1436 2158 1618 2229 χεῖρον
1653 2156 1748 2210 καὶ
1783 2156 1962 2210 κατώ-

286 2311 296 2322 _
385 2263 544 2318 τερον
575 2249 670 2301 καὶ
703 2249 874 2319 αὑτῆς
902 2249 1001 2319 τῆς
1027 2251 1305 2320 ήμετέρας
1347 2251 1612 2321 νοήσεως.
1639 2241 1827 2304 Πάντα
1853 2247 1962 2321 γὰρ

385 2341 455 2392 τά
487 2355 545 2390 τε
575 2340 824 2409 νοήματα
855 2341 950 2394 καὶ
980 2340 1050 2395 τὰ
1079 2341 1346 2412 νοούμενα
1386 2341 1691 2414 σεμνότερά
1716 2345 1833 2396 ἐστι
1867 2339 1960 2396 τοῦ

387 2431 570 2500 φωτὸς
615 2433 852 2501 ἐκείνου,
888 2433 963 2498 ὡς
993 2437 1058 2505 τῇ
1099 2435 1222 2506 δψει
1255 2435 1342 2489 διὰ
1392 2435 1491 2490 τοῦ
1525 2435 1686 2507 ἀέρος
1720 2438 1964 2508 προσπίσ

388 2541 616 2589 πτοντος
648 2526 744 2580 καὶ
795 2525 1089 2598 αίσθητικῇ
1131 2528 1363 2598 δυνάμει
1403 2528 1827 2596 ὑποπίπτοντος,
1868 2531 1962 2584 καὶ

388 2617 627 2687 αἰσθητά
675 2620 814 2688 μόνα
869 2619 1183 2684 δεικνύντος
1218 2625 1332 2684 τοῖς
1387 2623 1612 2690 ὁρῶσιν,
1667 2612 1962 2678 ὑλικοῦτε

387 2711 538 2774 ὄντος
569 2713 666 2765 κει)⁵
695 2712 1173 2782 ἐσχηματισμένου
1200 2713 1295 2766 καὶ
1324 2715 1382 2768 ἐν
1405 2715 1554 2785 τόπῳ
1579 2716 1671 2769 καὶ
1704 2716 1763 2768 ἐν
1787 2715 1964 2784 χρόνῳ

387 2804 721 2874 φαινομένου
780 2807 876 2859 καὶ
909 2801 1000 2858 τὸν
1046 2806 1184 2878 ἀέρα
1223 2805 1691 2879 χρωματίζοντος,
1742 2809 1838 2862 καὶ
1867 2805 1964 2863 νῦν

389 2899 490 2968 μὲν
515 2901 907 2970 συνισταμένου
935 2917 997 2954 τε
1041 2901 1136 2955 καὶ
1165 2903 1516 2971 φαινομένου,
1543 2901 1638 2955 νῦν
1671 2903 1727 2956 δέ
1753 2902 1966 2958 διαλυο·

392 2991 558 3060 μένου
594 2993 690 3044 καὶ
725 2995 803 3055 είς
835 2993 898 3046 τὸ
930 2993 1006 3065 μὴ
1059 2989 1198 3048 εἶναι
1246 2993 1575 3065 χωροῦντος,
1611 2994 1706 3048 ἅτε
1754 3013 1965 3064 φανται-

388 3083 542 3149 στοῦ,
577 3081 840 3155 μεριστοῦ
871 3103 930 3138 τε
965 3086 1059 3139 καὶ
1088 3087 1516 3157 πεπερασμένου
1539 3103 1555 3119 ο
1588 3087 1671 3141 διὸ
1703 3091 1797 3142 καὶ
1825 3087 1962 3158 όρὼ-

2058 581 2270 652 ανέχειν
2313 585 2651 656 ὑποτίθεται,
2687 589 2899 655 τούτοις
2950 591 3051 656 τάς
3097 607 3162 660 γε
3197 590 3365 653 ἄλλας
3418 590 3646 651 ἁπάσας

2058 674 2224 744 εὑχάς
2258 673 2618 745 βαττολογίας
2667 681 3078 751 καταλιμπάνει
3103 682 3427 752 νομίζεσθαι
3451 698 3469 714 ο
3493 676 3574 744 οἷς
3593 681 3648 735 δ’

2057 767 2216 833 αὖθις
2273 771 2496 826 πάντων
2531 774 2883 842 Χριστιανῶν
2931 776 2990 830 ἐν
3037 775 3215 848 ταύτῃ
3261 779 3327 848 τῇ
3369 777 3513 846 τὺχῇ
3549 775 3648 828 τδν

2062 860 2268 931 Κύριον
2315 862 2474 933 ήμῶν
2515 861 2728 933 Ἰησοῦν
2769 866 3007 938 Χριστὸν
3049 868 3143 922 καὶ
3175 868 3311 923 Θεδν
3350 869 3511 938 ήμῶν
3539 883 3650 920 κα-

2055 950 2311 1019 λούντων,
2347 949 2502 1018 οὑτος
2555 955 2637 1023 τὸ,
2676 956 2806 1021 Θεὸς
2864 958 3044 1028 ήμῶν,
3067 959 3148 1022 είς
3205 959 3290 1024 τὸ,
3334 959 3432 1012 Υίέ
3473 957 3648 1025 Θεοῦ,

2060 1045 2374 1117 μετείληφε,
2411 1049 2626 1111 τούτοις
2681 1048 2741 1102 τὸ
2769 1051 2876 1103 πᾶν
2921 1049 3023 1120 τῆς
3063 1040 3259 1105 ἐαυτοῦ
3310 1050 3644 1115 κακοδοξίας

2059 1136 2191 1206 ἡμῖν
2234 1137 2556 1211 ἐξεκάλυψε.
2590 1140 2682 1212 Τῷ
2735 1141 2846 1213 γὰρ
2898 1143 3008 1196 τῶν
3047 1139 3362 1213 Βογομίλων
3415 1141 3649 1197 ἀκολού-

2060 1229 2167 1293 θως
2207 1230 2441 1299 δόγματι
2485 1234 2833 1303 ,μεταϐάλλει
2885 1237 2978 1289 καὶ
3044 1236 3204 1298 οὗτος
3259 1237 3316 1288 ἐν
3367 1237 3433 1306 τῇ
3491 1238 3649 1304 εἰρη-

2062 1325 2199 1396 μένη
2215 1325 2346 1397 εὐχῇ
2387 1325 2468 1391 τὺ,
2502 1328 2529 1381 ό
2552 1327 2684 1390 Θεὸς
2713 1328 2891 1397 ἡμῶν,
2918 1329 2998 1390 είς
3031 1329 3112 1394 τὸ,
3154 1323 3254 1382 Υίέ
3302 1326 3443 1381 Θεοῦ
3469 1369 3486 1392 ,
3519 1328 3648 1378 ἐπεὶ

2061 1415 2232 1487 ἄλλην
2261 1435 2325 1486 γε
2358 1417 2565 1484 αἰτίαν,
2591 1419 2662 1474 δι’
2693 1419 2760 1492 ήν
2803 1421 2903 1491 τὴν
2940 1419 3208 1490 τοιαύτην
3246 1421 3514 1488 πεποίηκε
3551 1436 3650 1488 με-

2061 1508 2321 1582 ταϐολὴν,
2364 1510 2464 1564 οὐκ
2513 1513 2580 1566 ἂν
2613 1513 2790 1566 εἰπεῖν
2823 1529 2906 1575 τις
2953 1512 3089 1582 ἔχοι.
3133 1532 3152 1568 ι
3201 1512 3424 1584 Ἐκρίθη
3464 1513 3648 1563 τοίνυν

2064 1605 2162 1658 καὶ
2189 1606 2476 1677 ἀμφότερα
2500 1605 2694 1672 ταῦτα,
2729 1607 2896 1678 ήγουν
2923 1607 3019 1661 καὶ
3047 1601 3108 1661 τὸ
3145 1609 3275 1677 περὶ
3312 1605 3407 1659 τοῦ
3437 1609 3646 1676 ἀπροσ-

2069 1698 2180 1750 ίτου
2237 1699 2414 1766 φωτὸς
2459 1699 2560 1767 τῆς
2619 1699 3102 1770 μεταμορφώσεως
3147 1701 3240 1754 καὶ
3285 1700 3348 1752 τὸ
3385 1700 3516 1769 περὶ
3547 1699 3647 1764 τῆς

2066 1791 2253 1861 εὐχῆς,
2305 1790 2646 1861 βλασφήμως
2698 1794 2796 1846 καὶ
2843 1791 3152 1858 κακοδόξως
3215 1791 3469 1861 εἰρῆσθαι
3515 1789 3646 1859 παρ’

2065 1878 2253 1947 αὑτοῦ,
2297 1882 2710 1952 ἀπελεγχθέντα
2749 1882 3031 1952 διαφόροις
3076 1883 3170 1936 καὶ
3212 1884 3514 1951 γραφικαῖς
3550 1881 3645 1950 ῥή-

2066 1989 2184 2032 σεσι
2243 1971 2352 2026 τῶν
2389 1972 2668 2044 θεοφόρων
2709 1975 2995 2045 Πατέρων,
3041 1973 3499 2041 ἀναγνωσθεισῶν
3553 1973 3646 2024 καὶ

2063 2063 2246 2117 αὐτῶν
2301 2065 2359 2118 ἐν
2411 2065 2655 2136 ἐπηκόῳ,
2711 2065 3012 2119 κάντεῦθεν
3068 2067 3454 2138 κατεψηφίσθη
3515 2067 3647 2136 παρ’

2063 2156 2224 2226 ήμῶν
2253 2159 2408 2227 κοινῇ
2439 2157 2533 2210 καὶ
2563 2159 2816 2229 συνοδικῇ
2848 2159 3038 2230 ψήφῳ,
3075 2159 3170 2211 καὶ
3210 2158 3329 2212 οὐδὲ
3370 2159 3452 2221 είς
3477 2176 3650 2228 κατη-

2065 2249 2258 2320 γορίαν
2289 2251 2429 2313 ὅλως
2460 2251 2655 2322 ἐκρίθη
2689 2249 2878 2315 δεκτός
2899 2266 2913 2281 ·
2951 2253 3088 2322 φησὶ
3129 2251 3239 2320 γὰρ
3267 2251 3362 2306 καὶ
3403 2253 3432 2305 ό
3459 2254 3561 2320 τῆς
3594 2255 3650 2303 ἐν

2064 2333 2374 2411 Χαλκηδόνι
2403 2343 2664 2414 τέταρτος
2693 2342 2875 2398 κανὼν
2903 2344 3041 2415 μετά
3083 2361 3226 2409 τινα,
3260 2344 3388 2406 τοὺς
3415 2343 3522 2396 ὑπὸ
3551 2361 3650 2397 κα-

2062 2434 2328 2505 τηγορίαν
2356 2427 2740 2505 προλαϐοῦσαν
2766 2435 2927 2500 δντας
2965 2435 3040 2507 μή
3087 2437 3360 2505 πρότερον
3391 2433 3534 2489 εἶναι
3564 2435 3649 2488 δε⁹

2065 2526 2228 2590 κτοὺς
2261 2528 2342 2589 είς
2395 2528 2713 2582 ἐπισκόπων
2766 2527 3165 2599 κατηγορίανή
3221 2527 3426 2598 ἐτέρων
3453 2529 3649 2598 κληρι-

2065 2619 2200 2687 κῶν,
2267 2619 2398 2690 πρὶν
2458 2620 2525 2672 ἀν
2579 2619 2793 2684 ἀθὼους
2846 2621 3072 2684 ἑαυτοὺς
3132 2620 3268 2702 τῶν⁸
3292 2619 3650 2691 ἐπαχθέντων

2065 2716 2250 2777 αὑτοῖς
2280 2702 2641 2780 ἀποδείξωσιν
2674 2715 3061 2785 ἐγκλημάτων.
3112 2715 3457 2784 Πλατύτερον
3487 2713 3546 2767 δὲ
3577 2714 3650 2766 τὰ

2066 2810 2200 2882 ικερῖ⁵
2224 2810 2419 2864 τούτου
2453 2807 2706 2878 διέξεισιν
2753 2812 2782 2865 ό
2817 2809 3118 2882 τηνικαῦτα
3167 2811 3411 2874 ἐκτεθεὶς
3448 2811 3648 2880 ἐκκληο

2068 2903 2347 2967 σιαστικδς
2403 2904 2594 2975 τόμος,
2645 2895 2802 2957 διὀῦ
2852 2903 2948 2957 καὶ
2999 2903 3278 2974 ἐπιτίμιον
3328 2901 3647 2975 ἀφορισμεῦ

2067 2995 2543 3064 ἐπανετεινάμεθα
2603 2998 2701 3050 καὶ
2747 2996 3214 3068 άπηγορεύσαμεν
3242 2995 3313 3050 δι’
3354 2993 3525 3049 αὑτοῦ
3555 2998 3648 3048 καὶ

2067 3089 2487 3163 ἀπετρέψαμεν,
2530 3089 2673 3144 ὥστε
2712 3088 2917 3162 μηδένα
2965 3088 3055 3143 ἐπ’
3083 3089 3269 3152 ἀδείας
3307 3087 3468 3157 λόγον
3514 3088 3644 3149 ὅλως

391 3194 554 3247 μενον
582 3171 655 3250 ἦν
679 3173 801 3231 ὑπὸ
835 3177 945 3231 τῶν
973 3176 1236 3249 στέρησιν
1267 3181 1589 3249 πασχόντων
1628 3175 1736 3232 τῶν
1759 3181 1964 3252 νοερῶν
1991 3189 2032 3247 c
2069 3187 2241 3238 κινεῖν
2272 3184 2584 3238 ὑποθέσεων
2612 3183 2870 3262 τοιούτων
2895 3183 2989 3237 καὶ
3015 3181 3144 3236 νόθα
3178 3181 3540 3251 παρεισάγειν
3569 3182 3641 3240 είς

387 3271 707 3344 ἐνεργειῶν,
761 3272 964 3342 μᾶλλον
993 3272 1050 3326 δέ
1091 3273 1318 3343 μηδέπω
1351 3273 1558 3337 ταύτας
1585 3273 1724 3337 ὅλως
1760 3289 1965 3343 κτησα-

390 3366 572 3434 μένων
621 3367 716 3420 καὶ
751 3366 833 3420 ἔτι
873 3367 1206 3438 ’ἀκαθάρτων
1255 3366 1425 3420 ὄντων
1466 3370 1565 3422 καὶ
1605 3367 1835 3429 ἀτελῶν.
1869 3368 1966 3421 καὶ

385 3461 478 3512 ἐπ’
512 3459 684 3529 αὐτῆς
711 3461 930 3531 ἐκείνης
960 3460 1059 3529 τῆς
1105 3459 1199 3512 ἐπὶ
1229 3458 1327 3514 τοῦ
1365 3458 1524 3528 ὅρους
1559 3459 1708 3528 θέας,
1747 3459 1825 3524 ὡς
1859 3477 1968 3530 μη-

385 3553 536 3607 δέπω
567 3552 908 3619 ἀξιωθέντων
960 3554 1062 3624 τῆς
1104 3553 1214 3606 τῶν
1249 3553 1499 3607 θεοειδῶν
1526 3555 1766 3625 νοήσεως
1793 3569 1808 3584 ο
1837 3556 1970 3607 ἀνα-

387 3647 601 3716 γόμεθα
629 3648 684 3702 δέ
711 3647 820 3702 ἀπὸ
851 3647 947 3702 τοῦ
973 3646 1222 3702 τοιούτου
1251 3648 1431 3716 φωτὸς
1456 3647 1549 3701 ἐπὶ
1596 3633 1847 3718 νοήματα
1872 3648 1970 3702 καὶ

389 3735 750 3814 θεωρήματα,
781 3744 818 3797 ά
841 3743 1078 3812 κρείττω
1111 3742 1262 3796 ἐστὶν
1285 3741 1635 3812 ἀσυγκρίτως
1661 3740 1757 3796 τοῦ
1789 3742 1970 3810 φωτὸς

388 3835 624 3890 ἐκείνου.
673 3836 978 3908 Τοιγαροῦν
1007 3836 1056 3890 οί
1087 3837 1340 3905 λέγοντες
1375 3838 1508 3892 αὐτὸ
1547 3837 1689 3909 ὑπὲρ
1719 3837 1844 3892 νοῦν
1873 3839 1972 3894 καὶ

389 3929 650 3999 ἀληθινὸν
679 3931 776 3982 καὶ
820 3930 1120 4001 ἀπρόσιτον
1154 3931 1250 3983 καὶ
1281 3933 1348 3985 τά
1399 3930 1648 3996 τοιαῦτα,
1687 3930 1972 4002 πεπλανη-

393 4022 551 4092 μένοι
580 4020 688 4074 είσὶ
734 4020 1012 4088 καθάπαξ,
1042 4021 1138 4079 καὶ⁸
1175 4020 1328 4076 οὐδὲν
1349 4023 1461 4077 τῶν
1495 4023 1840 4093 φαινομένων
1873 4041 1972 4077 κα-

393 4115 502 4170 λῶν
532 4115 870 4186 ὑψηλότερον
912 4115 1134 4181 είδότες,
1167 4115 1383 4180 ἀσεϐεῖς
1427 4115 1485 4170 δέ
1515 4115 1604 4169 διὰ
1647 4114 1828 4183 τοῦτο,
1873 4120 1970 4172 καὶ

388 4208 763 4281 δλεθριὼτατα
807 4210 1059 4281 δόγματα
1091 4211 1174 4274 είς
1215 4210 1316 4281 τήν
1357 4210 1690 4282 Ἐκκλησίαν
1720 4211 1972 4280 εἰσάγονς

387 4319 502 4365 τες.
549 4321 568 4355 ε
605 4300 807 4370 Ἐλεγέ
835 4319 895 4355 τε
947 4300 1152 4373 ὁμοίως
1181 4303 1276 4356 καὶ
1319 4300 1586 4375 περὶτῆς
1629 4303 1799 4372 εὐχῆς
1846 4304 1968 4369 τῆς,

389 4395 572 4462 Κύριε
621 4391 833 4461 Ἰησοῦ
873 4392 1115 4462 Χριστέ,
1178 4391 1276 4447 Υιὲ
1319 4393 1428 4448 τοῦ
1480 4393 1650 4456 Θεοῦ.
1707 4393 1973 4462 ἐλέησόν

389 4503 490 4558 με,
523 4488 617 4540 καὶ
645 4488 774 4556 περὶ
802 4487 977 4556 αὑτῆς
1002 4486 1091 4540 ἐπ’
1125 4477 1308 4542 αὑτῶν
1337 4484 1449 4538 τῶν
1478 4484 1678 4550 λέξεων
1703 4485 1967 4539 οὑτωσίν·

399 4599 421 4630 ε
465 4577 610 4648 Ἐγὼ
643 4577 855 4631 πολλῶν
880 4578 1072 4645 ὑντων,
1103 4577 1139 4631 ἆ
1169 4593 1255 4640 τις
1281 4577 1347 4631 ἂν
1389 4577 1506 4648 έχοι
1537 4576 1764 4640 δικαίως
1800 4578 1972 4644 ἐγκα.

389 4671 505 4726 λεῖν
533 4673 613 4742 τῷ
643 4671 746 4741 τῆς
773 4670 1032 4742 τοιαύτης
1055 4671 1408 4734 διδασκαλίας
1442 4673 1720 4742 ὑφηγητῇ,
1758 4670 1972 4734 οὐδενὸς

391 4765 616 4820 ἔλαττον
644 4763 777 4836 ήγοῦ
789 4781 887 4834 μαι
915 4763 1010 4820 καὶ
1043 4763 1224 4831 τοῦτο,
1261 4765 1343 4819 ὅτι
1387 4763 1456 4819 τὰ
1485 4763 1596 4819 τῶν
1627 4764 1974 4835 Χριστιανῶν

392 4857 690 4931 ἐπιχειρῶν
731 4857 822 4913 διά
850 4857 960 4912 τῶν
993 4858 1267 4914 είσπνοῶν
1299 4857 1634 4929 ἀνατρέπειν
1670 4857 1972 4928 μυστήρια,

397 4955 734 5023 συκοφαντεῖ
765 4952 862 5007 καὶ
900 4953 1030 5016 τοὺς
1059 4951 1333 5023 Πατέρας,
1367 4951 1466 5017 ὡς,
1511 4949 1660 5022 άπερ
1690 4949 1784 5004 νῦν
1810 4935 1975 5014 αὑτὸς

399 5043 737 5110 ἐκδιδάσκει,
757 5043 932 5098 ταυτά
953 5043 1246 5107 κάκείνους
1269 5044 1657 5130 φρονήσαντας
1683 5045 1972 5115 πρότερον.

409 5140 753 5212 Ἐμδρότητε
792 5137 890 5192 καὶ
938 5136 1131 5208 μιαρὶ,
1161 5137 1246 5200 τίς
1299 5141 1521 5192 πώποτε
1558 5138 1784 5192 ἐκείνων
1812 5138 1975 5208 νῆψιν

393 5238 492 5290 καὶ
518 5232 769 5304 φυλακὴν
801 5231 1036 5303 καρδίας
1061 5230 1156 5286 καὶ
1180 5230 1482 5300 προσοχὴν,
1512 5231 1772 5301 τοιαύτην
1805 5248 1973 5304 τερα-

391 5328 568 5395 τείαν,
598 5328 664 5400 ῆν
695 5329 760 5381 σὺ
792 5325 1130 5396 παραδίδως,
1163 5322 1454 5393 ὠνόμασεν
1480 5340 1494 5389 ;
1524 5325 1662 5377 Φασὶ
1700 5325 1758 5376 δὲ
1785 5322 1974 5378 τοῦτον

392 5421 887 5494 νενομοθετηκέναι
923 5421 1038 5482 τοῖς
1089 5416 1348 5488 μύσταις,
1412 5415 1545 5486 εὑχῇ
1600 5415 1838 5486 χρῆσθαι
1885 5416 1975 5469 διά

392 5518 600 5582 παντὸς
625 5517 822 5578 οὕτως’
855 5514 1058 5586 ἐχούσῃ
1085 5528 1100 5543 ο
1133 5513 1312 5581 Κύριε
1349 5510 1556 5580 Ἰησοῦ
1598 5510 1838 5582 Χριστὲ,
1880 5511 1976 5564 Υἱὲ

393 5608 503 5663 τοῦ
540 5607 711 5674 Θεοῦ,
745 5603 1015 5674 ἐλέησόν
1032 5621 1128 5674 με.
1161 5603 1284 5656 Κάκ
1329 5600 1522 5655 τούτου
1555 5600 1649 5654 οὑν
1677 5601 1793 5654 ἔστι
1828 5618 1977 5654 συνι-

393 5700 529 5768 δεῖν,
559 5701 744 5762 ὁποῖος
767 5694 836 5770 ἦν
857 5702 883 5752 ὀ
906 5698 1015 5752 τῶν
1037 5684 1304 5750 εἰσπνοῶν
1325 5695 1556 5766 εὑρέτης
1582 5709 1598 5724 ·
1620 5695 1683 5747 τὸ
1714 5694 1815 5765 μὲν
1837 5693 1971 5766 γὰρ,

396 5793 600 5863 Πάτερ
624 5791 814 5862 ἡμῶν,
914 5790 1283 5861 διαφερόντως
1310 5789 1359 5842 οί
1388 5786 1677 5856 Βογόμιλοι
1707 5785 1971 5856 χρῶνται,

397 5887 458 5942 οὐ
495 5885 804 5958 νομοθετεῖ·
837 5881 974 5953 ᾣετο
1029 5883 1136 5954 γὰρ
1173 5880 1317 5935 οὑτω
1344 5877 1656 5950 κατάδηλος
1707 5875 1926 5929 ἔσεσθαι
1957 5890 1972 5908 ·

2068 3280 2170 3350 τήν
2217 3265 2550 3349 Ἐκκλησίαν
2601 3279 2739 3334 Θεοῦ
2771 3279 3021 3348 δόγματα
3067 3279 3100 3349 ἧ
3149 3277 3245 3331 καὶ
3293 3276 3642 3344 δογματίζειν

2067 3374 2276 3447 τολμᾷν
2296 3391 2310 3405 ·
2337 3373 2734 3448 παρῃνέσαμεν
2762 3372 2838 3438 δὲ,
2865 3372 2939 3437 ῶς
2960 3373 3132 3437 είκδς,
3166 3371 3261 3426 καὶ
3284 3373 3360 3440 τῷ
3389 3371 3639 3440 Παλαμᾷ,

2068 3467 2213 3523 ὥστε
2247 3467 2418 3539 μηδέν
2464 3484 2516 3520 τι
2557 3468 2686 3536 περὶ
2718 3465 2975 3519 τοιούτων
3011 3465 3042 3536 ἦ
3081 3465 3319 3534 γράφειν
3354 3464 3388 3535 ἢ
3441 3463 3636 3530 λέγειν,

2071 3559 2160 3614 ῐνα
2191 3557 2268 3631 μὴ
2299 3557 2533 3628 θόρυϐον
2576 3559 2779 3629 ἐμποιῇ
2810 3555 2877 3628 τῇ
2919 3555 3239 3628 Ἐκκλησία.
3286 3555 3565 3617 Μαθόντες
3589 3555 3640 3608 δὲ

2070 3653 2285 3716 ἔπειτα,
2319 3652 2395 3715 ὡς
2430 3650 2528 3705 καὶ
2559 3651 2723 3704 πάλιν
2755 3654 2869 3714 τοῖς
2903 3649 3089 3713 αὑτοῖς
3119 3651 3411 3720 ἐπιχειρεῖ.
3447 3650 3540 3700 καὶ
3573 3647 3640 3709 ὡς

2071 3745 2191 3800 ἔνια
2214 3745 2323 3800 τῶν
2346 3743 2440 3798 τοῦ
2475 3743 2793 3807 ἐκτεθέντος
2824 3743 2997 3814 τόμου
3041 3742 3452 3814 παρερμηνεύει
3502 3741 3635 3810 παρὰ

2071 3838 2172 3909 τῆν
2229 3838 2534 3908 παράδοσιν
2580 3835 2676 3890 καὶ
2707 3835 2894 3905 κοινὴν
2938 3835 3150 3889 ἐννοιαν
3199 3834 3310 3888 τῶν
3359 3833 3638 3900 δογμάτων

2070 3934 2172 4001 τῆς
2206 3930 2531 4001 Ἐκκλησίας
2554 3927 2818 4000 Χριστοῦ,
2848 3925 3302 3996 διεμηνυσάμεθα
3325 3925 3474 3995 αὑτῷ
3508 3924 3632 3994 πρὸς

2073 4023 2222 4094 ἡμᾶς
2261 4023 2575 4091 ἐπιστῆναι,
2620 4021 2711 4074 ἐπὶ
2743 4019 2822 4091 τῷ
2871 4019 3089 4088 μαθεῖν,
3124 4022 3173 4074 εί
3211 4021 3330 4084 ταῖς
3365 4021 3633 4090 ἀληθείαις

2071 4115 2246 4180 οὑτως
2294 4114 2433 4187 εχει.
2481 4115 2540 4170 ’0
2572 4115 2651 4184 δέ,
2705 4115 2806 4169 οὐκ
2856 4097 3078 4186 οἴδαμεν
3124 4116 3273 4180 ὅπως
3303 4117 3444 4187 πλὴν
3483 4118 3528 4169 εί
3560 4116 3632 4186 μὴ

2073 4207 2272 4265 ἐαυτοῦ
2296 4207 2770 4279 προκατεγνωκὼς
2800 4200 2891 4278 ἦν,
2917 4206 3040 4261 οὑτε
3069 4203 3236 4280 ἦλθεν
3262 4208 3337 4272 ὡς
3365 4210 3524 4280 ἡμᾶς.
3548 4210 3636 4260 καὶ

2072 4302 2286 4373 ἀπέδρα
2336 4302 2417 4364 είς
2467 4301 2564 4372 τὴν
2610 4299 2962 4369 Ἡράκλειαν,
3014 4301 3108 4354 καὶ
3164 4301 3332 4354 πάλιν
3375 4300 3636 4371 ἀνηγγέλη

2074 4397 2230 4466 ήμῖν,
2255 4396 2367 4458 τοῖς
2395 4394 2584 4457 αὑτοῖς
2607 4393 2771 4448 αὑτὸν
2805 4394 3030 4447 κάκεῖσε
3075 4393 3334 4464 χρῆσθαι.
3385 4392 3638 4463 Ἐνεχθεὶς

2076 4487 2170 4542 οὖν
2195 4487 2406 4540 ἐκεῖθεν
2427 4485 2685 4558 ἀπητήθη
2717 4486 2813 4539 καὶ
2844 4486 2969 4546 τοὺς
2996 4485 3190 4554 λόγους
3214 4487 3526 4557 ἐμφανίσαι,
3550 4484 3637 4547 οῦς

2006 4548 2048 4602 D
2080 4579 2295 4647 ἐξέθετο
2343 4548 2774 4651 καταφρονήσας
2812 4577 2908 4633 τοῦ
2955 4548 3314 4653 ἀφορισμοῦ,’
3343 4581 3437 4636 καὶ
3465 4579 3639 4650 όμολο⁸

2079 4674 2207 4741 γίαν
2235 4671 2443 4726 δοῦναι.
2481 4671 2758 4735 Πεποίηκε
2798 4672 2856 4726 δὲ
2897 4673 3205 4742 οὐδέτερον,
3234 4672 3371 4728 ἀλλά
3419 4672 3635 4728 καὶτῶν

2076 4764 2360 4836 προτέρων
2409 4761 2606 4834 εἴχετο,
2650 4765 2747 4838 καί
2794 4764 3023 4833 γράφων
3066 4765 3168 4817 οὑκ
3207 4764 3393 4836 ἔληγε,
3441 4765 3529 4818 καί
3557 4765 3635 4816 ἵνα

2077 4855 2230 4918 τέλος
2262 4853 2440 4908 ταῦτα
2463 4853 2600 4924 λάϐῃ
2623 4853 2777 4917 ποτὲ,
2803 4852 2923 4908 δέον
2951 4853 3151 4925 ἐκρίθη
3179 4855 3275 4908 καὶ
3293 4858 3359 4926 τῇ
3386 4855 3632 4925 κρατίστῃ

2076 4951 2175 5004 καὶ
2199 4948 2332 5020 ἁγίᾳ
2366 4966 2466 5018 μου
2497 4947 2768 5020 Δεσποίνῃ
2798 4948 2891 5000 καὶ
2921 4950 3034 5011 τοῖς
3064 4948 3411 5015 φιλευσεδέσι
3441 4948 3527 5002 καὶ
3557 4965 3635 5017 φε-

2076 5041 2284 5104 λοθέοις
2313 5043 2567 5112 ἄρχουσι,
2601 5041 2946 5111 κρατηθῆναι
2987 5040 3178 5094 τοῦτον
3208 5041 3305 5094 καὶ
3347 5040 3634 5108 κωλυθῆναι

2076 5132 2334 5186 ἐντεῦθεν
2367 5131 2464 5186 τοῦ
2483 5133 2577 5212 μὴ
2603 5133 2716 5196 τοῖς
2751 5132 2970 5196 πολλοῖς
2995 5131 3427 5200 ἀναμίγνυσθαι,
3459 5131 3553 5194 ἕως
3573 5129 3634 5183 ἀν

2077 5223 2458 5296 πληροφορίαν
2477 5224 2550 5294 δῷ
2575 5225 2668 5279 καὶ
2691 5220 2972 5289 ἀπόδειξιν
3001 5224 3235 5294 ἐναργῆ,
3254 5224 3329 5289 ὡς
3359 5225 3509 5294 ὀρθὸν
3532 5223 3633 5290 ἕχει

2077 5319 2137 5372 τὸ
2168 5317 2445 5388 φρόνημα,
2471 5317 2566 5370 καὶ
2591 5317 2862 5387 ὑποταγῇ,
2882 5316 2973 5369 καὶ
2991 5316 3174 5372 οὑκίτι
3204 5315 3523 5386 παρακούσῃ
3542 5312 3631 5379 τῆς

2090 5412 2443 5481 Ἐκκλησίας,
2473 5410 2877 5480 ὑποτιθεμένης
2901 5409 3050 5479 αὑτῷ
3076 5409 3144 5463 τά
3166 5412 3433 5478 σωτήρια.
3457 5405 3631 5468 Καλῶς

2075 5503 2133 5556 δὲ
2166 5503 2420 5571 ποιήσετε
2441 5503 2536 5554 καὶ
2557 5500 2736 5570 ὑμεῖς,
2761 5502 2810 5553 εί
2833 5501 3145 5571 γράψαντες
3169 5501 3318 5571 αὑτῷ
3340 5513 3630 5570 παραινετι-

2077 5600 2187 5663 κῶς
2211 5599 2520 5670 διεγείρητε
2560 5599 2697 5668 προς
2729 5596 2888 5650 τοῦτο
2919 5612 2934 5627 ο
2959 5596 3150 5668 ἐπειδὴ
3186 5594 3296 5666 γὰρ
3316 5594 3628 5664 ἐλαλήθησαν

2081 5692 2182 5763 μὲν
2200 5693 2464 5764 πρότερον
2494 5691 2621 5762 περὶ
2641 5687 2827 5754 αὑτοῦ,
2858 5689 2960 5741 ὅσα
2985 5687 3077 5741 καὶ
3095 5686 3454 5760 ἐλαλήθησαν,
3481 5684 3626 5751 μήπω

2077 5783 2134 5836 δὲ
2182 5781 2391 5836 τούτων
2435 5779 2857 5846 ἐξετασθέντων,
2890 5779 3016 5833 οὑτε
3045 5778 3145 5832 τοῦ
3175 5779 3380 5846 λέγειν,
3411 5773 3520 5829 οὒτε
3541 5769 3624 5823 τοῦ

2081 5877 2315 5950 γράφειν
2355 5874 2636 5928 ἐπαύσατο
2664 5874 2758 5927 καὶ
2792 5873 2928 5943 μετὰ
2967 5871 3064 5942 τὴν
3110 5870 3445 5940 ἐπιτίμησιν,
3472 5861 3622 5933 μικρά
