3940 6562
237 386 369 456 1273

1230 405 1629 468 SYNODICzE
1666 402 2353 471 CONSTITUTIONES.

3338 398 3482 466 1276

233 508 323 564 τοῦ
357 510 672 585 ἀφορισμοῦ
723 518 1017 585 φροντίσας
1040 535 1056 551 ·
1092 518 1353 593 ἐφωράθη
1400 521 1456 576 δὲ
1494 521 1683 576 ἔπειτα
1709 523 1803 575 καί
1833 530 1882 585 Α
1992 524 2178 594 μάτων
2232 521 2501 591 πρότερον
2549 519 2738 592 τόμον,
2770 518 2863 573 καὶ
2914 517 3011 572 σὺν
3049 517 3345 590 Ἀκινδύνῳ
3380 521 3485 574 πά-

234 618 352 657 τινα
377 601 476 658 τοῦ
523 606 685 671 τόμου
716 613 1153 681 παρερμηνεύων
1201 616 1293 668 καὶ
1326 604 1500 683 λέγων
1548 617 1639 669 καὶ
1669 617 1805 683 γρά-

238 713 348 765 φων
376 700 536 768 παρά
562 700 660 764 τὰς
689 700 1101 771 θεσπισθείσας,
1128 706 1204 768 ὡς
1232 709 1473 778 εῖρηται,
1499 708 1609 761 τῶν
1636 708 1807 776 ἀγίων

237 785 567 859 παραδόσεις
618 807 677 846 τε
725 796 823 850 καὶ
854 797 1060 865 φωνάς.
1110 800 1234 864 Πῶς
1286 801 1400 871 ἔχει
1432 798 1593 869 λόγον
1623 802 1805 870 ἀσφα-

123 928 135 939 ,
238 878 381 943 λείας
422 883 523 963 καὶ
568 883 944 957 πληροφορίας
989 884 1160 959 χωρὶς
1207 889 1466 961 δεχθῆναι
1518 893 1669 963 ποιρά
1709 886 1854 963 τῆς’

252 961 617 1045 Ἐκκλησίαςς
648 975 833 1031 Δεινδν
861 980 971 1049 γὰρ
1000 982 1092 1034 καὶ
1138 977 1317 1037 δεινοῦ
1374 984 1517 1054 πέρα
1550 961 1808 1055 μάλιστα,

245 1064 288 1115 εί
318 1064 647 1132 αἰτιώτατος
694 1067 877 1133 ἀλλοις
908 1073 1337 1146 παραχωρηθείη
1371 1076 1625 1144 γενέσθαι
1650 1078 1812 1148 ψυχι-

246 1154 339 1208 κοῦ
385 1157 662 1226 κινδύνου,
695 1160 836 1232 ὅπερ
863 1165 958 1217 καὶ
986 1160 1145 1234 ὑμεῖς
1173 1170 1265 1221 καὶ
1292 1169 1402 1232 πᾶς
1441 1186 1525 1232 τις
1554 1168 1713 1234 ἀλλος
1750 1164 1811 1224 εὖ

247 1248 459 1314 φρονῶν
479 1250 579 1303 οὐκ
609 1251 788 1317 άλλως
809 1256 941 1325 ἐρεῖ.
986 1254 1049 1311 Ἥ
1074 1258 1236 1329 χάρις
1265 1258 1361 1313 τοῦ
1385 1257 1523 1314 Θεοῦ
1556 1260 1642 1330 εἴη
1673 1258 1814 1331 μετά

243 1341 457 1395 πάντων
484 1342 657 1414 ὑμῶν.
679 1348 836 1413 Μηνὶ
861 1345 1167 1420 Νοεμϐρίῳ
1194 1347 1313 1408 ινδ.
1335 1349 1429 1422 ιγ’.
1508 1393 1525 1407 .
1603 1393 1618 1409 .
1699 1397 1713 1410 .
1794 1394 1811 1410 .

135 1492 145 1503 ’
242 1476 455 1535 XXXV.
489 1479 733 1553 Synodus
755 1486 1053 1557 episcopum
1085 1486 1393 1557 Soquoleos
1423 1491 1663 1545 nominat
1703 1507 1815 1545 me-

739 1556 1313 1635 tropolitanz_Pisidiw.

270 1682 275 1689 ‘
306 1664 345 1734 1·
359 1665 425 1717 Ἠ
446 1667 729 1738 ἀγιωτάτη
752 1670 1083 1740 μητρόπολις
1099 1672 1197 1743 τῆς
1220 1674 1466 1739 Πισιδίας
1486 1675 1581 1729 ἐπὶ
1600 1675 1813 1740 πολλοῖς

243 1755 385 1807 ἐστιν
406 1756 511 1826 ήδη
548 1760 657 1820 τοῖς
686 1760 902 1829 χρόνοις
939 1762 1336 1835 ἀρχιερατικῆς
1362 1765 1671 1836 ἀμοιροῦσα
1695 1784 1815 1822 ποι·-

246 1848 472 1916 μανσίας
499 1850 597 1902 καὶ
620 1852 985 1923 ἐπισκέψεως,
1010 1854 1103 1908 ἅτε
1123 1855 1187 1923 δὴ
1210 1855 1414 1911 καὶτοῦ
1438 1857 1691 1926 λαχόντος
1716 1858 1815 1912 αύ-

242 1938 335 2007 τὴν
360 1941 662 2010 ἱερωτάτου
681 1944 982 2015 ἀρχιερέως
1002 1947 1211 2000 ἐκείνου
1235 1948 1567 2011 κωλυθέντος
1588 1948 1693 2003 ὑπὸ
1716 1950 1814 2019 τῆς

244 2030 628 2103 ἐπισυμϐάσης
649 2034 869 2106 ἐθνικῆς
899 2037 1257 2107 ἐπικρατείας
1284 2044 1611 2110 προσμεῖναι
1634 2040 1811 2112 ταύτῃ

244 2122 304 2190 δὴ
340 2125 407 2194 τῇ
446 2124 577 2177 κατ’
614 2126 776 2180 αὐτὸν
809 2128 1076 2201 ἐκκλησίᾳ
1098 2145 1113 2162 ο
1157 2132 1590 2198 μεταλλάξαντος
1632 2133 1815 2203 μέντοι

248 2214 340 2282 τὴν
372 2215 551 2303 ζωὴν,
609 2219 918 2288 ἀνήνεγκαν
945 2223 1040 2274 καὶ
1081 2223 1355 2295 ἐζήτησαν
1396 2226 1445 2278 οῖ
1472 2224 1573 2293 τῆς
1614 2224 1818 2295 ἔκκλη-

249 2306 366 2369 σίας
411 2307 626 2379 ταύτης
671 2310 976 2380 ἀρχιερέως
1024 2317 1211 2385 τυχεῖν
1259 2317 1507 2386 γνησίου,
1556 2316 1817 2379 πολλάκις

249 2394 397 2449 τοῦτο
429 2396 797 2467 ζητήσαντες,
831 2402 927 2456 καὶ
976 2404 1257 2475 περιόντος
1291 2406 1527 2470 ἐκείνου,
1564 2407 1661 2461 τοῦ
1692 2425 1817 2460 και-

252 2488 340 2561 ροῦ
362 2491 419 2544 δὲ
448 2491 530 2563 μὴ
557 2492 790 2557 διδόντος
815 2495 903 2548 διὰ
925 2495 1023 2568 τὴν
1052 2498 1457 2566 ἐπικρατοῦσαν
1482 2504 1538 2554 ἐν
1561 2501 1639 2572 τῷ
1664 2502 1816 2573 τόπῳ

253 2583 467 2656 ὲθνικὴν
513 2586 636 2656 βίαν
676 2588 943 2658 ἀρχιερέα
987 2593 1214 2660 γνήσιον
1262 2594 1370 2648 ἀπὸ
1422 2595 1590 2649 τόπου
1626 2597 1816 2667 ἑτέρου

251 2676 652 2745 ἐγκαταστῆναι
685 2683 749 2751 τῇ
775 2682 1041 2754 ἐκκλησίᾳ
1063 2684 1235 2756 ταύτῃ
1258 2704 1272 2718 ·
1303 2688 1683 2763 ἐκχωρηθέντι
1708 2690 1818 2761 γὰρ

256 2768 346 2819 καὶ
379 2766 460 2837 τῷ
518 2766 677 2839 Σίδης
706 2770 776 2824 τά
824 2773 946 2825 κατ’
992 2772 1188 2846 αὐτὴν,
1236 2778 1358 2832 οὐδὲ
1395 2780 1570 2852 τούτῳ
1603 2781 1820 2849 έγένετο

254 2858 583 2913 καταλαϐεῖν
620 2861 716 2917 καὶ
744 2862 1034 2933 ἐπιστῆναι
1063 2868 1268 2921 ἐκεῖσε’
1302 2870 1415 2925 δεῖν
1446 2870 1709 2945 ᾠήθημεν
1732 2873 1822 2929 διὰ

255 2949 346 3014 τὰς
374 2953 639 3016 τοιαύτας
670 2955 872 3023 αἰτίας,
905 2957 994 3011 ῐνα
1029 2959 1105 3030 μὴ
1140 2961 1231 3013 ἐπὶ
1276 2962 1437 3017 πλέον
1470 2968 1499 3019 6
1532 2965 1625 3019 ὑπ’
1652 2966 1823 3038 αὐτὴν

259 3042 647 3113 Χριστιανικὸς
678 3047 805 3111 λαὸς
850 3050 1243 3123 ἀρχιερατικῆς
1286 3056 1544 3127 στερῆται
1585 3075 1822 3127 ποιμαν-

259 3138 372 3201 σίας
412 3140 509 3191 καὶ
544 3138 640 3193 τοῦ
682 3140 935 3195 ἐντεῦθεν
970 3144 1276 3215 ἀγιασμοῦ,
1321 3146 1658 3218 θεραπεῦσαι
1699 3153 1822 3221 τρό-

257 3244 350 3307 πον
381 3229 574 3300 Ξτερον
602 3232 671 3284 τά
697 3233 828 3303 περὶ
858 3234 1074 3298 τούτου,
1107 3239 1205 3290 καὶ
1230 3238 1295 3309 δὴ
1318 3238 1516 3314 γνώμῃ
1543 3246 1698 3315 κοινῇ
1724 3248 1823 3313 τῆς
1848 3233 1893 3292 C

260 3322 382 3389 περὶ
413 3320 564 3393 ἡμᾶς
616 3322 944 3395 δμηγύρεως
990 3326 1099 3379 τῶν
1148 3329 1461 3399 ίερωτάτων
1492 3332 1818 3405 ἀρχιερέων,

258 3411 347 3467 τοῦ
384 3414 909 3486 Ἀδριανουπόλεως,
950 3418 1047 3473 τοῦ
1095 3421 1503 3493 Φιλαδελφείας,
1535 3426 1632 3481 τοῦ
1668 3430 1823 3483 Διδυ-

260 3509 535 3578 μοτείχου,
581 3507 678 3562 τοῦ
711 3506 999 3577 Μαδύτων,
1044 3512 1138 3567 τοῦ
1168 3515 1474 3583 Φιλίππων,
1514 3517 1609 3573 τοῦ
1652 3521 1824 3590 Ἀμά-

261 3604 490 3672 στριδος,
519 3603 613 3657 τοῦ
648 3606 911 3675 Ζηκχίας,
947 3609 1041 3661 τοῦ
1074 3608 1407 3682 Μηθύμνης,
1432 3612 1527 3667 τοῦ
1574 3613 1821 3678 Ῥωσίου,

262 3692 350 3747 τοῦ
400 3694 641 3765 Μηδείας
679 3698 773 3751 καὶ
819 3697 914 3752 τοῦ
958 3699 1214 3767 Τενέδου,
1263 3702 1474 3759 δίκαιον
1523 3707 1825 3779 ἐκρίναμεν

263 3789 628 3859 μετατεθῆναι
666 3790 749 3853 είς
796 3791 896 3862 τὴν
925 3792 1096 3864 αὐτὴν
1130 3795 1443 3868 ἀγιωτάτην
1488 3800 1826 3870 μητρόπολιν

261 3879 501 3944 Πισιδίας
556 3883 648 3936 τὶν
699 3882 793 3936 ὑπ’
842 3884 1015 3956 αὐτὴν
1063 3886 1478 3957 θεοφιλέστατον
1531 3892 1827 3947 ἐπίσκοπον

258 3971 636 4039 Σωζοπόλεως,
672 3974 1012 4045 πραχθέντος
1035 3979 1228 4032 τούτου
1256 3981 1351 4034 καὶ
1372 3982 1825 4052 οίκονομηθέντος

263 4065 351 4117 καὶ
383 4065 481 4119 ἐπὶ
514 4066 728 4129 πολλοῖς
760 4068 967 4137 ἑτέροις
998 4068 1153 4140 παρά
1183 4069 1294 4124 τῶν
1325 4071 1433 4142 πρὸ
1457 4072 1639 4143 ἡμῶν.
1680 4075 1830 4127 Ἐπι-

262 4154 486 4226 λήψεται
518 4157 815 4228 τοιγαροῦν
849 4151 1004 4223 οὗτος
1037 4162 1137 4233 τῆς
1170 4161 1338 4230 αὐτῆς
1368 4163 1686 4236 ἁγιωτάτης
1718 4182 1827 4235 μη·-

264 4252 591 4319 τροπόλεως,
621 4255 718 4305 καὶ
753 4254 972 4320 μεθέξει
1014 4256 1124 4308 τῶν
1157 4258 1215 4309 έν
1244 4260 1409 4329 αὐτῇ,
1436 4260 1516 4322 είς
1551 4276 1829 4328 μητροπο-

266 4341 415 4413 λίτην
440 4360 501 4396 τε
547 4345 644 4396 καὶ
676 4344 977 4416 ύπέρτιμον
1014 4348 1382 4417 τετιμημένος
1404 4348 1580 4414 ἔσται,
1611 4351 1828 4421 καὶτῆς

262 4435 426 4503 αὐτῆς
445 4435 750 4490 ἀπολαύσει
768 4438 934 4508 τιμῆς
961 4439 1109 4509 παρά
1134 4438 1225 4492 τοῦ
1251 4437 1343 4492 ὑπ’
1365 4439 1524 4494 αὑτὸν
1548 4440 1825 4509 ποιμνίου,

261 4522 323 4600 ἧς
379 4530 473 4582 καὶ
519 4530 568 4582 οῖ
623 4530 837 4601 γνήσιοι
893 4528 1101 4602 ταύτης
1144 4533 1448 4603 ἀρχιερεῖς,
1500 4531 1595 4585 καὶ
1646 4532 1827 4588 πάντα

263 4621 444 4686 ἁπλῶς
476 4624 563 4677 ἐπ’
616 4624 755 4696 αὐτῇ
793 4623 1176 4695 διαπράξεται,
1226 4626 1325 4679 ὅσα
1361 4626 1572 4694 ἐφεῖται
1612 4642 1830 4680 κανονι-

267 4714 391 4778 κῶς,
426 4714 516 4768 διά
556 4716 841 4788 φροντίδος
869 4717 925 4770 δὲ
958 4717 1244 4779 παντοίας.
1321 4756 1336 4770 .
1417 4755 1435 4773 .
1514 4754 1529 4771 .
1606 4756 1623 4773 .
1701 4718 1832 4788 ήσεα

268 4820 351 4856 ται
388 4806 482 4858 καὶ
514 4806 834 4877 ἐπιμελείας
876 4813 976 4878 τὴν
1023 4808 1263 4879 ψυχικὴν
1292 4808 1562 4875 ὠφέλειαν
1609 4809 1702 4862 τοῦ
1739 4809 1833 4862 ὑπ’

267 4895 427 4965 αὐτὴν
460 4898 664 4967 κλήρου
714 4900 809 4953 καὶ
853 4899 951 4953 τοῦ
1001 4899 1159 4965 λαοῦ,
1204 4884 1481 4953 εύπειθεῑν
1529 4898 1704 4968 τούτῳ
1740 4899 1835 4952 καὶ

268 4988 444 5041 αὐτῶν
468 4989 794 5059 ὀφειλόντων
825 4991 920 5045 καὶ
947 4991 1266 5062 πειθαρχεῖν
1292 4992 1367 5055 ὡς
1397 4991 1584 5063 οἰκείῳ
1611 4991 1832 5061 ποιμένι

270 5082 360 5133 καλ⁵
383 5084 553 5152 πατρὶ
574 5084 669 5136 καὶ
690 5082 996 5154 διδασκάλῳ
1018 5085 1375 5155 πνευματικῷ
1398 5085 1492 5138 καὶ
1515 5087 1710 5156 μεσίτῃ
1737 5086 1834 5138 καὶ

268 5173 557 5247 δαλλακτῇ
588 5177 656 5228 τά
707 5175 841 5242 πρὸς
875 5176 967 5229 τὸν
998 5177 1152 5230 Θεόν.
1192 5176 1318 5230 Ἐπὶ
1360 5177 1536 5248 τούτῳ
1569 5179 1676 5246 γάρ
1710 5178 1835 5245 ἐγέ-

269 5280 384 5318 νετο
412 5265 509 5318 καὶ
552 5266 782 5336 ἐπεδόθη
824 5267 959 5336 πρὸς
999 5267 1163 5321 αὑτὸν
1195 5266 1291 5320 καὶ
1328 5268 1362 5337 ή
1403 5266 1651 5339 παροῦσα
1696 5270 1833 5338 ήμε-

221 5354 396 5437 ,τέρα
454 5357 550 5410 καὶ
608 5357 862 5428 συνοδικὴ
917 5360 1115 5426 πρᾶξις
1174 5361 1257 5424 είς
1329 5360 1633 5430 ἀσφάλειαν
1683 5359 1833 5428 μηνὶ

268 5442 589 5514 Ἀπριλλίῳ
626 5448 743 5506 ινδ.
775 5446 873 5519 ιγ’.

270 5582 304 5638 λ
324 5580 507 5640 XXVI.
538 5586 769 5642 Libellus
804 5588 1070 5659 synodali:
1100 5586 1422 5655 conﬁrmans
1445 5588 1838 5642 condemnatio-

442 5674 559 5711 nem
592 5661 971 5713 monachorum
999 5659 1259 5714 Barlaam
1294 5668 1343 5713 cl
1375 5659 1658 5729 Acindyni.

276 5765 313 5838 1-
341 5768 623 5833 Συνοδικδς
675 5771 845 5841 τόμος
892 5771 1170 5843 ἐπικυρῶν
1221 5772 1312 5825 τὸν
1358 5773 1445 5824 ἐπ’
1480 5771 1689 5841 ἐλέγχῳ
1743 5772 1837 5824 καὶ

344 5864 609 5939 καταδίκῃ
654 5865 765 5920 τῶν
802 5864 897 5919 τοῦ
934 5865 1197 5937 Βαρλαάμ
1248 5868 1341 5921 καὶ
1376 5868 1685 5921 ’Δκινδύνου
1715 5868 1835 5935 δογ-

1980 604 3479 673 λιν................

1981 706 2023 780 1-
2055 708 2264 768 Ὄντως
2305 707 2483 769 οὐδεὶς
2530 704 2707 769 οὕτως
2752 706 3097 777 ἀρχιτέκτων
3130 705 3343 769 οὐδενὸς
3374 706 3485 760 τῶν

1909 798 2172 853 ποικίλων
2195 798 2270 862 ὡς
2312 798 2580 868 ποριστὴς
2626 799 2723 851 καὶ
2763 794 3076 869 προστάτης
3125 798 3486 867 παντοδαπῆς

1907 892 2229 956 δυσσεϐείας
2262 895 2288 945 6
2328 891 2737 961 ἀντικείμενος
2782 891 2954 945 πάλαι
3019 890 3118 960 μὲν
3154 890 3264 959 γάρ
3303 883 3485 955 οὗτος,

1909 984 2004 1059 τοῦ
2035 982 2172 1036 Θεοῦ
2199 983 2410 1045 διιστὰς
2439 981 2500 1036 τδ
2524 981 2864 1054 ἀνθρώπειον
2896 982 3083 1052 φῦλον,
3115 982 3324 1050 πληθὺν
3349 983 3488 1035 θεῶν

1912 1076 2131 1143 φρονεῖν
2159 1074 2251 1128 καὶ
2282 1074 2464 1127 σέϐειν
2505 1073 2814 1138 ἀνέπειθεν,
2845 1074 2929 1135 ὼςε
2956 1066 3072 1137 ἐνδς
3107 1072 3244 1127 Θεοῦ
3285 1075 3361 1142 μὴ
3400 1072 3489 1125 δυ·-

1913 1168 2150 1237 ναμένου
2184 1165 2382 1229 σώζειν
2414 1163 2478 1218 τὸ
2519 1165 2774 1235 οὐράνιον
2803 1164 3172 1232 κανὲπίγειον
3213 1165 3307 1217 καὶ
3346 1182 3489 1216 παν-

1913 1258 2146 1312 τοδαπὺν
2183 1256 2324 1323 ζῶον
2379 1258 2555 1325 τουτὶ,
2589 1257 2679 1310 τὸν
2727 1255 3014 1326 ἄνθρωπον
3042 1270 3055 1286 ⁸
3093 1256 3215 1308 ἐπεὶ
3260 1255 3303 1307 δ’
3356 1255 3487 1321 ἒξη·

1914 1346 2120 1418 λέγχθη
2144 1348 2213 1401 τά
2247 1348 2346 1413 τῆς
2369 1343 2606 1416 ἀπάτης,
2641 1348 2804 1415 μόνου
2838 1342 3055 1397 πάντων
3079 1342 3490 1410 ἀναπεφηνότος

1915 1439 2157 1510 Χριστοῦ
2212 1436 2354 1513 ,Θεοῦ
2410 1436 2823 1507 παντοδυνάμου
2874 1438 2968 1491 καὶ
3024 1434 3488 1502 παντοκράτορος,

1911 1532 1971 1597 6;
2002 1532 2296 1601 οὐρανόθεν
2326 1531 2648 1601 ἐνδημήσας
2682 1533 2748 1600 τῇ
2784 1532 2877 1599 γῇ,
2915 1529 3006 1580 καὶ
3054 1526 3300 1588 καταϐάς
3329 1519 3490 1585 αὖθις

1915 1622 2023 1678 ἀπὸ
2054 1623 2259 1693 ταύτης
2292 1623 2372 1687 είς
2420 1622 2573 1693 ᾅδου,
2622 1620 2878 1675 κάκεῖθεν
2913 1618 3361 1688 παλινδρομήσας
3390 1614 3489 1666 καὶ

1915 1719 1993 1780 εἰς
2020 1717 2285 1788 οὐρανοὺς
2332 1716 2471 1786 μετά
2516 1715 2608 1767 τοῦ
2649 1710 2995 1780 ἀνθρωπίνου
3053 1711 3490 1780 προσλήμματος

1918 1808 2209 1873 ἀναλύσας,
2243 1808 2440 1873 πάντα,
2474 1806 2574 1861 ὅσα
2603 1808 2885 1875 ἔθέλησεν,
2924 1806 2981 1859 ἐν
3010 1806 3177 1857 πᾶσιν
3208 1802 3486 1870 ἐποίησεν,

1839 1885 1886 1947 Β
1916 1901 2111 1970 ἑτέραν
2161 1902 2190 1953 6
2234 1896 2571 1973 καθηγεμὼν
2620 1900 2720 1969 τῆς
2766 1899 2981 1968 ἀπάτης
3041 1895 3340 1964 ἐτράπετο.
3392 1892 3490 1946 καὶ

1916 1991 2262 2046 ἀπωθεῖσθαι
2295 1992 2394 2061 μὲν
2426 1992 2780 2062 ὑποκρίνεται
2805 1990 2904 2061 τὴν
2943 1988 3206 2042 πολύθεον
3256 1985 3487 2053 πλάνην,

1918 2083 2179 2137 συνωθεῖν
2213 2084 2271 2136 δὲ
2324 2082 2623 2137 πλάττεται
2674 2082 2887 2144 πάντας
2934 2082 3014 2144 είς
3046 2078 3145 2133 ἕνα
3202 2078 3335 2130 Θεδν
3373 2076 3492 2136 ταῖς

1917 2176 2178 2229 ἑκάστοτε
2210 2176 2320 2228 τῶν
2369 2173 2682 2239 κακοδι5ξων
2714 2172 2941 2241 φωναῖς,
2972 2171 3089 2223 ἀλλ’
3132 2170 3209 2230 ὡς
3248 2166 3343 2220 τοῦ
3374 2167 3494 2229 ένὲς

1915 2269 2087 2331 δντως
2139 2268 2439 2337 ἀποστήσοι
2478 2268 2615 2320 Θεοῦ
2641 2282 2657 2299 ⁸
2703 2264 2913 2320 πείθειν
2944 2266 3052 2335 γάρ
3103 2264 3343 2333 ἐγχειρεῖ
3372 2261 3494 2321 ταῖς

1917 2361 2025 2414 τῶν
2060 2360 2358 2431 αἱρετικῶν
2385 2358 2740 2428 σοφιστείαις,
2785 2358 2858 2428 μὴ
2889 2358 3324 2428 τρισυπόστατον
3344 2349 3495 2405 εἶναι

1917 2452 2109 2505 τοῦτον
2132 2453 2227 2504 καὶ
2255 2451 2689 2521 παντοδύναμον.
2714 2451 2779 2503 Τί
2804 2449 2894 2504 διὰ
2916 2451 3124 2502 τούτων
3150 2462 3288 2500 κατα
3300 2444 3495 2497 σκευά-

1920 2542 2036 2606 ζειν
2093 2542 2332 2608 ἐθέλωνς
2369 2542 2669 2596 Πολυθεῖαν
2725 2541 2843 2610 ἅμα
2874 2540 2967 2594 καὶ
3015 2537 3336 2593 ἀθεῖανοοὺ
3390 2537 3497 2605 γὰρ

1922 2636 2130 2703 Πατρὸς
2163 2635 2191 2687 6
2216 2633 2366 2699 Υίδς,
2396 2633 2497 2687 οὐκ
2531 2633 2741 2703 ἀληθὴς
2778 2632 2931 2698 Θεὸς,
2963 2631 2992 2686 δ
3014 2631 3112 2699 τῆς
3154 2627 3363 2699 ’Δρείου
3396 2645 3498 2691 μα-

1921 2730 2040 2791 νίας
2076 2729 2137 2782 τὸ
2166 2727 2482 2798 κράτιστον,
2509 2726 2627 2790 πῶς
2660 2726 2793 2790 Θεὸς
2821 2724 3027 2796 ἀληθὴς
3051 2724 3078 2776 6
3109 2723 3332 2791 Πατήρ;
3372 2720 3498 2781 Πῶς

1858 2847 1862 2851 <
1922 2824 1967 2877 δ’
2001 2823 2260 2885 ἀκτιστος
2293 2802 2514 2892 ἀληθῶς
2541 2823 2570 2875 6
2608 2822 2876 2889 γεννήσας
2906 2820 3161 2885 κτιστόν;
3194 2816 3318 2879 Πῶς
3343 2815 3389 2868 δ’
3418 2810 3499 2878 εἷς

1925 2912 2080 2967 ἔσται
2105 2914 2239 2978 Θεὸς
2293 2915 2357 2967 ἐκ
2387 2911 2610 2967 κτιστοῦ
2654 2912 2749 2965 καὶ
2790 2911 3068 2976 ἀκτίστου,
3106 2908 3214 2962 τῶν
3244 2907 3498 2961 πλεῖστον

1925 3006 2175 3072 ἀλλήλων
2221 3007 2656 3077 ἀφεστηκότων;
2689 3004 2812 3066 Πῶς
2845 3004 2890 3057 δ’
2941 3001 3097 3065 αὖθις
3130 3002 3283 3054 ἔσται
3312 2998 3500 3069 Πατὴρ

1925 3099 1954 3150 6
1985 3097 2147 3159 αὐτὸς
2180 3098 2443 3166 ἑκάτερος
2487 3094 2562 3149 ῶν
2589 3113 2603 3160 ;
2636 3095 2665 3148 6
2697 3094 2862 3148 πάλιν
2911 3095 3129 3165 ὑπῆρχε
3166 3096 3265 3162 τῆς
3296 3092 3501 3145 Σαϐελ-

1926 3189 2041 3243 λίου
2077 3189 2409 3260 παραφορᾶς
2431 3204 2447 3220 ·
2482 3187 2572 3255 ὑφ’
2608 3187 2871 3255 ἑκατέρου
2898 3189 3007 3256 γάρ
3032 3187 3295 3255 ἑκάτερον
3318 3186 3500 3257 χωρή-

1925 3297 2011 3334 σει
2041 3282 2175 3351 πρδς
2194 3266 2257 3334 τὸ
2290 3279 2365 3352 μὴ
2394 3280 2476 3334 δν.
2502 3279 2717 3333 Οὐκοῦν
2749 3277 3055 3350 ἐξηλέγχθη
3097 3262 3203 3331 κάν
3235 3277 3446 3340 τούτοις
3473 3280 3501 3330 ὁ

1924 3377 2024 3445 τῆς
2080 3373 2295 3444 πλάνης
2330 3373 2663 3442 προστάτης,
2699 3373 2757 3425 ἐν
2790 3370 2940 3440 τρισὶ
2987 3367 3304 3440 προσώποις
3347 3370 3502 3423 ἀκτί-

1928 3482 2097 3529 στοις,
2131 3464 2517 3527 ύποστατικῶς
2541 3464 2913 3535 διαφέρουσιν,
2944 3462 3043 3517 ἕνα
3065 3460 3201 3515 Θεὸν
3233 3461 3503 3533 κηρυξάνο

1922 3575 2035 3613 των
2068 3557 2179 3613 τῶν
2208 3558 2380 3626 ἁγίων
2411 3556 2675 3627 Πατέρων
2705 3557 2800 3609 καὶ
2833 3556 3011 3625 σοφῶς
3040 3554 3506 3623 ἀποσκευασαμέ-

1926 3664 2033 3706 νων
2066 3652 2317 3706 ἐντεῦθεν
2364 3652 2461 3707 καὶ
2488 3650 2587 3724 τὴν
2641 3649 2904 3722 σύγχυσιν
2949 3650 3042 3705 καὶ
3088 3650 3187 3720 τήν
3227 3649 3501 3703 σύνθεσιν.

1939 3742 2100 3796 Ἀλλά
2126 3743 2231 3796 κάν
2263 3743 2475 3805 τούτοις
2523 3740 2697 3805 οὕτως
2731 3740 3093 3811 ἐξελεγχθεὶς,
3133 3739 3235 3793 οὐκ
3271 3740 3507 3809 ἠρεμεῖν

1926 3838 2007 3898 είς
2038 3834 2191 3897 τέλος
2219 3834 2459 3904 ἔγνωκεν
2486 3834 2514 3887 6
2551 3833 2688 3903 πρὸς
2728 3833 2948 3904 ἀπάτην
2977 3832 3277 3903 ἀμηχάνως
3325 3832 3504 3900 εύμή-

1926 3944 2112 4000 χανος,
2145 3926 2255 3981 οὐδ⁹
2299 3927 2562 3998 ἐκστῆναι
2590 3927 2688 3998 τῆς
2722 3926 2861 3998 πρὸς
2898 3926 3090 3981 ἀθεταν
3125 3924 3243 3996 ἃμα
3282 3925 3377 3977 καὶ
3407 3941 3505 3977 πο-

1896 4078 1899 4079 ,
1928 4020 2153 4075 λυθεῖαν
2176 4020 2451 4091 φερούσης
2474 4021 2601 4084 τοὺς
2622 4020 2773 4091 αύτῷ
2798 4019 3160 4091 πειθομένους
3184 4019 3503 4088 ὑπέμεινεν,

1929 4114 2068 4167 ὀλλά
2100 4113 2198 4181 τῆς
2225 4113 2502 4182 προτέρας
2533 4114 2751 4183 ἐκείνης
2793 4113 3013 4181 ἀπάτης
3048 4112 3212 4183 μέρος
3240 4110 3341 4180 μὲν
3371 4110 3509 4163 ἀποη

1928 4201 2156 4273 στέρξαι
2211 4201 2564 4273 πανούργως,
2616 4203 2699 4266 ὡς
2752 4202 3044 4257 λανθάνειν
3094 4204 3219 4264 τοὺς
3274 4200 3508 4263 πολλοῦς

1928 4294 2168 4359 δύναιτο,
2206 4293 2371 4364 μέρος
2400 4292 2445 4346 δ’
2496 4292 2811 4359 ἀπολαϐὼν,
2839 4292 2918 4357 ὡς
2965 4294 3038 4347 δι’
3077 4293 3290 4346 ἐκείνου
3339 4292 3511 4362 μηδὲν

1928 4379 2093 4457 ἦττον
2110 4384 2262 4455 πρὸς
2284 4384 2347 4437 τδ
2371 4384 2647 4456 βάραθρόν
2685 4386 2857 4451 ἐστιν,
2889 4383 2985 4447 οὓς
3014 4384 3318 4453 ὲπισπῷτο,
3344 4382 3509 4438 πάλιν

1932 4477 2249 4533 ὑποτίθεται
2281 4476 2465 4546 λέγειν
2494 4477 2623 4541 τοὺς
2668 4476 3153 4548 ύπηρετουμένους
3184 4479 3252 4548 τῇ
3305 4475 3507 4546 πλάνῃ,

1859 4574 1908 4635 D
1934 4570 2069 4625 Θεὸν
2126 4570 2226 4642 μὲν
2261 4570 2358 4625 ἕνα
2396 4570 2561 4640 δῆθεν
2594 4572 2690 4625 καὶ
2719 4569 2912 4623 τοῦτον
2957 4568 3395 4640 τρισυπόστατον
3422 4569 3511 4622 σέ-

1934 4664 2068 4731 ϐειν,
2097 4664 2161 4717 ού
2196 4663 2303 4736 μὴν
2325 4663 2401 4728 ὡς
2438 4664 2568 4733 μιᾶς
2591 4662 2760 4734 οὔσης
2816 4662 2926 4716 τῶν
2953 4661 3127 4732 τριῶν
3154 4659 3394 4730 φύσεως,
3425 4660 3511 4713 θε-

1932 4755 2164 4827 λήσεως,
2202 4735 2531 4826 δυνάμεως,
2581 4754 2889 4824 ἐνεργείας.
2952 4753 3256 4823 βασιλείας,
3296 4754 3512 4822 σοφίας,

1932 4847 2297 4916 ἀγαθότητος.
2346 4845 2631 4917 ἀπειρίας,
2666 4832 2983 4914 ἀπλότητσς
3016 4846 3111 4898 καὶ
3168 4846 3387 4899 πάντων
3436 4845 3512 4905 ὡς

1934 4936 2111 4989 είπεῖν
2136 4935 2247 4989 τῶν
2267 4935 2363 5003 τῆς
2391 4935 2645 5003 θεότητος
2667 4934 2809 5003 αύχη
2819 4934 3030 5002 μάτων,
3060 4931 3178 4985 ἀλλ’
3203 4932 3279 4994 ὡς
3305 4933 3514 4985 τούτων

1935 5029 2165 5084 ἀπασῶν
2208 5028 2268 5082 έν
2300 5028 2499 5092 οὐσῶν,
2546 5026 2741 5091 οὐσίας
2784 5026 2980 5095 μόνης.
3018 5024 3256 5082 κτιστῶν
3304 5024 3362 5076 δὲ
3400 5023 3514 5075 τῶν

1937 5123 2090 5192 παρὰ
2119 5121 2326 5192 ταύτην
2356 5120 2618 5174 ἀπάντων
2637 5135 2653 5151 ο
2688 5120 2738 5172 εί
2761 5121 2870 5190 γὰρ
2898 5118 3155 5182 ἀκτιστός
3181 5119 3316 5179 ἐστι,
3353 5116 3511 5184 φασὶ,

1936 5217 2030 5268 καὶ
2062 5214 2094 5283 ἡ
2129 5212 2250 5266 θεία
2285 5212 2506 5283 θέλησις
2537 5212 2635 5265 καὶ
2661 5210 2895 5281 δύναμις
2931 5211 3026 5265 καὶ
3052 5211 3325 5279 ἐνέργεια,
3357 5208 3511 5260 οὐδὲν

1932 5306 2034 5373 τῆς
2061 5305 2320 5359 ἀκτίστου
2350 5305 2539 5367 οὐσίας
2563 5302 2942 5373 διενηνόχασιν
2971 5317 2986 5332 ο
3026 5302 3074 5354 εί
3104 5299 3163 5354 δὲ
3197 5298 3509 5368 διενηνόχα-

1936 5414 2021 5453 σιν
2053 5398 2216 5457 αῦται
2242 5396 2462 5469 ἐκείνης
2503 5396 2776 5462 ὁπωσοῦν,
2813 5396 2912 5464 μία
2954 5393 3221 5455 ’ἀκτιστος
3252 5392 3442 5462 θεότης
3475 5394 3509 5461 ή

1931 5494 2140 5548 τούτων
2182 5492 2258 5555 ὡς
2310 5492 2461 5545 αἰτία
2512 5490 2720 5545 τούτων
2762 5487 3139 5557 ὑπερκειμένη
3195 5487 3357 5539 ούσία
3412 5483 3511 5538 τοῦ

1904 5656 1907 5659 _
1934 5585 2072 5640 Θεοῦ
2097 5604 2112 5619 ·
2145 5585 2203 5639 αῖ
2231 5586 2275 5637 δ’
2302 5585 2361 5652 ἐξ
2394 5585 2612 5653 ἐκείνης
2638 5576 2802 5636 αῦται
2826 5581 3088 5651 κάκείνης
3118 5579 3371 5634 ὁπωσοῦν
3398 5580 3512 5633 διας

1937 5678 2207 5749 φέρουσαι
2239 5679 2354 5739 τοῖς
2387 5676 2482 5730 τοῦ
2513 5660 2651 5728 Θεοῦ
2685 5674 2982 5742 κτίσμασίν
3008 5676 3148 5727 είσιν
3178 5674 3510 5743 ἐναρίθμιοι.

1937 5771 2104 5826 Ταῦτ’
2131 5771 2241 5841 ἀρα
2281 5770 2376 5823 καὶ
2405 5769 2504 5838 τὴν
2532 5766 2896 5837 λαμπρότητα
2944 5766 3046 5835 τῆς
3076 5765 3226 5828 θείας
3272 5764 3509 5833 φύσεως,

1937 5866 1997 5920 :6
2029 5864 2123 5919 τοῦ
2176 5863 2460 5935 μέλλοντος
2490 5859 2688 5925 αἰῶνος
2732 5859 2870 5930 φῶς,
2896 5852 2958 5913 οὗ
3002 5861 3097 5916 καὶ
3126 5858 3186 5913 τὸ
3222 5857 3510 5927 προοίμιον
