3964 6568
263 483 386 548 1297

1379 478 1672 540 ISIDORI
1716 478 1822 538 CP.
1872 477 2378 540 PATRIARCILE

3333 482 3470 550 1293

261 592 470 648 πτιστοῦ
525 592 794 654 Ἰωάννου,
837 591 943 644 τῶν
976 591 1144 660 ἀγίων
1180 591 1401 656 ἐνδόξων
1433 595 1804 666 πανευφήμων
1835 598 1876 654 Α
1907 591 2265 658 ἀλλοτρίωσιν
2302 590 2700 660 ἀπειλήσαντα.
2748 593 2970 658 Τούτοις
3019 600 3128 661 τοῖς
3173 598 3348 665 λόγοις
3383 603 3476 652 τὸν

256 685 577 747 ἀποστόλων,
607 684 712 736 τῶν
742 684 905 737 ὁσίων
931 684 1024 738 καὶ
1053 685 1326 753 θεοφόρων
1358 684 1619 756 Πατέρων
1649 688 1806 757 ήμῶν

256 778 340 831 καὶ
366 775 584 828 πάντων
615 775 722 828 τῶν
759 776 852 828 ἀπ’
886 776 1083 837 αἰῶνος
1123 777 1601 846 εὑαρεστησάντων
1633 779 1804 845 ἁγίων

257 870 346 930 σοὶ,
378 867 454 935 τῷ
478 867 670 937 Κυρίῳ
699 866 855 937 ήμῶν
893 865 1068 935 Ἰησοῦ
1104 867 1348 937 Χριστῷ,
1387 859 1431 934 ᾧ
1457 866 1654 938 πρέπει
1679 869 1808 936 δόξα

253 959 323 1021 είς
357 957 474 1020 τοὺς
516 959 743 1021 αἰῶνας.
793 959 993 1030 Ἀμήν.
1741 955 1750 964 ’

171 1139 174 1144 -
252 1111 376 1165 XIII.
404 1111 688 1167 Eusebius.
719 1111 912 1166 electus
950 1113 1282 1250 mzt‘rczpolita
1316 1111 1557 1183 Sugdww
1583 1150 1598 1176 ,
1647 1112 1806 1181 ﬁdem

905 1198 999 1248 pro
1065 1198 1092 1235 e
1119 1200 1204 1238 ur.

905 1198 1204 1248 premetur.

311 1316 348 1388 -ι-
396 1316 474 1369 Τά
535 1319 686 1387 παρά
742 1315 847 1369 τῶν
881 1315 1050 1383 ἀγίων
1103 1315 1413 1370 ἀποστόλων
1445 1315 1796 1387 κηρυχθέντα

248 1410 332 1461 καὶ
366 1408 513 1477 παρά
557 1407 667 1458 τῶν
704 1407 844 1460 ἐπτά
896 1405 1068 1473 ἀγίων
1122 1407 1519 1476 οἰκουμενικῶν
1570 1406 1806 1459 συνόδων

249 1499 552 1570 κυρωθέντα
585 1498 835 1567 στέργων
869 1478 936 1549 ἐκ
957 1496 1136 1566 ψυχῆς
1172 1496 1484 1566 προσκυνῶ,
1524 1500 1618 1551 καὶ
1644 1514 1804 1548 πνευ-

252 1587 478 1656 ματικῶς
532 1587 1000 1650 κατασπάςομαι,
1048 1585 1140 1638 ἅτε
1181 1583 1274 1637 τοῦ
1308 1585 1451 1638 θείου
1509 1585 1598 1638 καὶ
1656 1585 1805 1654 ἱεροῦ

250 1677 564 1744 Εὐαγγελίου
604 1676 850 1747 ἀκριϐῶς
886 1679 1140 1747 ἐχόμενα,
1172 1677 1307 1729 ἀλλά
1364 1677 1460 1730 καὶ
1512 1677 1587 1747 τῷ
1633 1695 1808 1730 πανα-

246 1769 481 1839 γιωτάτῳ
531 1785 634 1837 μου
688 1769 924 1842 δεσπότῃ
961 1770 1054 1822 καὶ
1087 1769 1454 1838 οίκουμενικῷ
1488 1771 1804 1841 πατριάρχῃ

245 1863 381 1930 κυρῷ
417 1859 676 1930 Ἰσιδώρῳ
729 1861 822 1913 καὶ
867 1863 933 1931 τῇ
986 1860 1320 1914 κατ”αύτὸν
1385 1861 1505 1932 θείᾳ
1549 1864 1643 1914 καὶ
1685 1863 1806 1931 ἱερᾷ

1909 683 2148 750 ἐμαυτοῦ
2198 682 2310 750 βίον
2364 684 2713 752 παράδειγμα
2764 687 3043 757 προτιθεὶς
3093 691 3318 752 πολλοὺς
3365 692 3477 743 τῶν

1907 773 2000 826 τοῦ
2034 771 2282 828 διαϐόλου
2333 775 2580 843 παγίδων
2616 777 2820 843 ἐξεῖλον
2870 782 2935 850 τῇ
2971 781 3156 850 χάριτι
3205 774 3476 850 τοῦ-’Χρι-
3494 783 3536 858 εξ

1909 865 2062 928 στοῦ,
2110 866 2205 918 καὶ
2236 866 2421 920 πολλοὶ
2452 869 2552 939 τὴν
2580 870 2658 932 είς
2700 871 2932 940 οὐρανὸν
2989 873 3266 942 φέρουσαν
3315 875 3472 942 ἐδρα-
3503 863 3516 886 ”

1910 971 2011 1023 μον
2043 958 2477 1028 ἀμεταστρεπτὶ,
2523 961 2615 1014 καὶ
2644 960 2818 1014 ταῦτα
2843 962 2950 1014 νέοι
2975 964 3067 1016 καὶ
3105 965 3288 1033 πολλῷ
3317 965 3478 1018 πλού-

1905 1061 1982 1115 τῳ
2039 1047 2131 1099 καὶ
2185 1045 2312 1118 δόξῃ
2352 1047 2727 1116 περίϐλεπτοι.
2772 1053 2924 1105 Ἐπεὶ
2973 1053 3029 1106 δὲ
3085 1043 3169 1115 είξ
3206 1058 3476 1124 μοναχοὺς

1907 1136 2129 1191 ἐτέλεσα
2151 1177 2166 1200 ,
2193 1139 2288 1194 τὸν
2323 1139 2688 1212 ἐλαφρότατον
2711 1142 2803 1197 τοῦ
2831 1145 3038 1216 Κυρίου
3076 1146 3347 1216 βαστάεας
3385 1147 3479 1211 ζυ-

1905 1229 2024 1294 γὸν,
2060 1228 2249 1300 ἀπῆρα
2285 1231 2385 1300 μὲν
2415 1231 2514 1302 τῆς
2549 1233 2976 1304 Θεσσαλονίκης,
3017 1237 3078 1288 τὸ
3124 1237 3180 1292 δὲ
3221 1238 3479 1292 διδασκα-

1906 1318 2047 1372 λεῖον
2097 1322 2204 1374 τῶν
2241 1325 2515 1391 μοναχῶν,
2564 1324 2621 1376 τὸ
2677 1326 2775 1392 τῆς
2828 1326 3028 1398 ἀρετῆς
3077 1330 3476 1400 ἐργαστήριον,

1908 1411 1999 1462 τὸν
2031 1411 2338 1478 ἁγιώτατον
2371 1408 2522 1466 ’Άθω
2564 1416 2995 1484 καταλαμϐάνω,
3032 1422 3096 1489 τῇ
3127 1420 3220 1473 τοῦ
3248 1421 3476 1474 θανάτου

1913 1493 2118 1575 μελέτῂ
2149 1503 2339 1568 ἐκδοὺς
2367 1507 2622 1575 ἐμαυτὸν,
2672 1511 2767 1561 καὶ
2823 1509 2973 1562 ἴσασι
3008 1511 3108 1580 τὴν
3140 1512 3280 1580 ἐμὴν
3331 1513 3482 1565 πολι-

1905 1594 2054 1646 τείαν
2097 1595 2147 1646 οί
2197 1594 2602 1667 οὐρανομήκεις
2652 1599 2871 1663 ἐκεῖνοι,
2921 1599 3053 1670 παρέ
3082 1595 3162 1666 οἷς
3213 1601 3480 1671 ἐφοίτησα

1907 1685 2003 1736 καὶ
2045 1684 2112 1737 τά
2153 1686 2406 1754 μοναχῶν
2446 1686 2761 1756 ἐτελέσθην,
2805 1688 2882 1752 ώς
2912 1692 3023 1743 οὐδ’
3066 1691 3189 1756 ἐνὸς
3239 1693 3349 1747 τῶν
3386 1694 3480 1748 ἐπὶ

1906 1774 2008 1843 γῆς
2042 1774 2261 1843 ἀγαθῶν
2296 1774 2640 1847 ἐπεθύμησα,
2699 1779 2759 1832 οὒ
2808 1780 2966 1852 δόξης
3017 1783 3158 1852 ἔρως
3205 1786 3305 1855 τὴν
3337 1787 3478 1856 ἐμὴν

1907 1864 2086 1936 ψυχὴν
2145 1864 2288 1921 εἷλεν
2316 1909 2330 1933 ,
2380 1873 2440 1923 οὺ
2493 1873 2791 1941 χρημάτων
2839 1873 3126 1940 ἐπιθυμία,
3163 1875 3303 1929 άλλά
3333 1893 3479 1930 πτω-

249 1952 452 2023 σννόδῳ,
486 1952 562 2014 ὡς
612 1952 709 2003 καὶ
755 1951 939 2012 αὐτοῖς
988 1950 1361 2017 ἀκριϐέστατα
1398 1949 1675 2019 ἐχομένοις
1707 1950 1804 2020 τῆς
1837 1941 1882 2002 Β
1911 1957 2029 2026 χεία
2061 1959 2160 2026 μὲν
2209 1961 2332 2029 ἐμοὶ
2361 1963 2618 2031 διηνεκὴς
2669 1966 2979 2034 ἐπιμέλεια,
3009 1967 3104 2019 καὶ
3156 1967 3386 2032 πλοῦτος
3421 1973 3476 2022 τὸ

249 2043 576 2111 παναμώμου
609 2043 816 2111 ταύτης
854 2041 1094 2113 διδαχῆς,
1129 2041 1236 2094 τῶν
1271 2041 1436 2094 θείων
1475 2040 1678 2112 δηλαδὴ
1711 2042 1803 2094 καὶ

250 2135 391 2205 ιερῶν
430 2134 710 2204 Πατέρων,
759 2133 1020 2202 πείθομαι
1049 2132 1458 2202 ὁλοψύχωςκαὶ
1512 2131 1806 2202 συμφρονῶ

248 2230 329 2276 καὶ
363 2222 693 2293 ὁμορφρονῶ
716 2223 814 2275 καὶ
839 2223 1215 2292 ὑποτάσσομαι
1267 2222 1407 2275 κατὰ
1431 2223 1626 2277 πάντα.
1664 2221 1806 2294 Βαρ-

247 2314 380 2385 λαάμ
411 2315 466 2367 δέ
495 2315 592 2367 καλ⁸
632 2314 940 2367 Ἀκίνδυνον
977 2354 990 2369 .
1037 2355 1051 2368 .
1131 2355 1145 2372 .
1227 2353 1240 2366 .
1320 2353 1331 2368 .
1413 2353 1427 2370 .
1503 2351 1518 2368 .
1599 2355 1614 2372 .
1695 2355 1708 2368 .
1783 2352 1800 2370 .

248 2446 261 2460 .
331 2447 344 2463 .
416 2445 431 2458 .
511 2446 525 2460 .
604 2443 618 2460 .
705 2445 719 2460 .
803 2445 818 2460 .
902 2447 916 2460 .
998 2442 1013 2458 .
1092 2446 1105 2460 .
1161 2406 1285 2469 τοῦς
1339 2407 1649 2476 ὁμόφρονας
1707 2407 1802 2459 καὶ

247 2497 470 2558 ὀπαδοὺς
520 2498 731 2551 τούτων
761 2498 901 2551 κατά
939 2497 1036 2566 τὴν
1069 2496 1360 2568 περίληψιν
1393 2497 1500 2549 τῶν
1531 2497 1803 2566 προϐεϐη-

244 2589 398 2641 κότων
443 2587 531 2641 ἐπ’
556 2589 740 2652 αὐτοῖς
775 2589 935 2658 ἱερῶν
979 2587 1160 2657 τόμιον
1197 2588 1271 2652 ώς
1304 2571 1800 2652 κακοδόξουξάπο-

244 2679 487 2750 ϐάλλομαι
531 2682 647 2745 καὶ,
685 2682 734 2734 εί
773 2681 847 2752 μὴ
903 2679 1360 2752 μεταμεληθεῖεν,
1399 2681 1798 2736 καθυποϐάλλω

242 2773 311 2843 τῷ
336 2773 659 2842 ἀναθέματι,
705 2775 780 2835 ὡς
827 2772 902 2842 μὴ
945 2773 1351 2842 συνεπομένους
1400 2773 1496 2824 καὶ
1549 2790 1798 2844 συμφρο-

242 2864 448 2927 νοῦντας
483 2866 580 2917 καὶ
617 2864 946 2936 συνᾴδοντας
985 2866 1094 2926 τοῖς
1126 2863 1289 2925 θείοις
1317 2864 1412 2917 καὶ
1447 2863 1610 2934 ἱεροῖς
1641 2864 1798 2934 ήμῶν

244 2955 472 3025 Πατράσι
517 2956 614 3007 καὶ
649 2954 727 3024 τῷ
771 2955 1030 3024 θειοτάτῳ
1068 2971 1167 3024 μου
1217 2954 1477 3024 δεσπότῃ,
1504 2954 1584 3024 τῷ
1623 2958 1800 3009 οἰκου-

243 3046 432 3117 μενικῷ
479 3047 820 3117 πατριάρχῃ,
857 3045 964 3116 κῦρ
1010 3043 1285 3116 Ἰσιδώρῳ,
1320 3047 1416 3099 καὶ
1449 3049 1516 3115 τῇ
1553 3048 1675 3100 κατ’
1700 3050 1797 3100 αὑ-

241 3137 322 3188 τὸν
349 3137 464 3208 θείᾳ
511 3141 610 3192 καὶ
664 3139 785 3208 ἱερᾷ
818 3138 1044 3207 συνόδῳ.
1075 3136 1260 3190 Ταῦτα
1305 3136 1395 3190 διά
1445 3137 1559 3206 βίου
1595 3139 1798 3206 φυλάτ-

241 3245 340 3281 τειν
386 3230 478 3283 καὶ
510 3231 701 3300 τηρεῖν
747 3228 992 3299 ἀκριϐῶς
1028 3229 1473 3300 διαϐεϐαιοῦμαι,
1519 3232 1616 3284 καὶ
1652 3233 1792 3301 μετά

241 3318 423 3390 ταύτης
458 3298 857 3390 τῆς-πίστεως
890 3319 1121 3393 εῦχομαι
1175 3298 1525 3391 παραστῆναι
1566 3298 1665 3393 τῷή
1692 3324 1792 3394 βήέ
1819 3298 1862 3356 c

245 3427 365 3478 ματι
394 3412 488 3465 τοῦ
533 3411 776 3479 Χριστοῦ
812 3414 908 3466 καὶ
931 3416 1116 3482 τυχεῖν
1145 3415 1242 3482 τῆς
1271 3413 1402 3483 παρ’
1425 3414 1591 3468 αὐτοῦ
1621 3433 1795 3485 σωτη-

242 3503 368 3570 ρίας,
400 3506 465 3575 τῇ
498 3505 668 3558 αὐτοῦ
700 3506 930 3572 δυνάμει
975 3506 1072 3558 καὶ
1119 3508 1325 3575 χάριτι.
1365 3508 1432 3559 Ἀ
1461 3508 1557 3559 καὶ
1598 3507 1796 3578 πληρο-

249 3597 427 3663 φορίας
452 3599 548 3665 καὶ
581 3596 845 3667 ἀκριϐοῦς
873 3597 1174 3666 ἀσφαλείας
1196 3598 1384 3654 ἕνεκεν
1416 3600 1792 3671 οίκειοχείροις

226 3668 588 3758 ’σημειώσεσιν
621 3693 934 3762 ὑπέγραψα.
1092 3704 1094 3707 ’

300 3781 337 3850 1-
356 3779 490 3850 Εῖχε
516 3785 616 3837 καὶ
650 3783 1008 3852 ﬁdamus-Mr
1033 3799 1048 3814 ο
1086 3783 1378 3851 Εὐσέϐιος
1403 3785 1794 3856 ίερομόναχος

241 3872 326 3924 καί
393 3875 747 3943 ὑποψήεοιος
807 3873 914 3944 τῆς
971 3873 1300 3945 ἁγιωτάτης
1367 3880 1796 3946 μητροπόλεως

239 3965 576 4035 Σουγηδαίας.

607 4127 747 4184 XIV.
782 4119 990 4184 Ιεὶὀοτῖ
1005 4136 1398 4188 testamentum.

238 4235 464 4310 Διαθήκη
503 4239 602 4292 τοῦ
655 4239 818 4293 αὐτοῦ
871 4242 1176 4310 ἀγιωτάτου
1241 4244 1582 4316 πατριάρχου
1637 4247 1790 4303 Κων-

507 4334 1009 4398 σταντινουπὸλεως
1058 4333 1164 4406 κῦρ
1206 4335 1500 4408 Ἰσιδώρου.

297 4427 654 4514 -ίέΒούλομαι,
695 4446 744 4496 εί
794 4444 1038 4517 συμϐαίη
1073 4465 1164 4518 μοι
1216 4448 1528 4516 ἀποθανεῖν,
1590 4450 1791 4522 πολυη-

240 4533 380 4603 μέρῳ
419 4536 518 4606 ἤδη
546 4537 979 4605 κατεργασθέντι
1012 4543 1306 4610 νοσήματι,
1345 4543 1541 4614 μικρόν
1568 4562 1621 4597 τι
1654 4562 1789 4616 μνη-

1914 2047 2080 2117 μηδὲν
2111 2048 2274 2120 ἔχειν,
2305 2051 2458 2121 τῆξις
2483 2054 2535 2106 δε
2569 2056 2772 2125 σαρκὸς
2817 2057 2849 2128 ή
2883 2057 3086 2130 σπουδὴ
3116 2061 3210 2112 καὶ
3248 2062 3306 2113 τὸ
3337 2063 3474 2132 πρὸς
3559 2045 3572 2061 ³

1891 2139 2039 2208 ,Θεὸν
2073 2145 2249 2196 νεύειν
2301 2145 2370 2197 δι’
2413 2147 2644 2216 ἡσυχίας
2706 2149 2734 2200 6
2786 2149 2898 2218 βίος
2951 2152 3097 2215 ἄπας
3145 2152 3288 2221 ἐμοί.
3332 2153 3472 2233 Ἀλλ’

1903 2232 2041 2301 ὅπερ
2104 2227 2279 2298 εἷπον,
2321 2231 2436 2308 εἶχε
2472 2239 2567 2307 μὲν
2613 2239 2714 2310 ἐμὲ
2767 2244 2828 2341 1,6
2860 2241 3050 2312 Ἀγιον
3080 2246 3244 2314 Ὄρος
3269 2283 3284 2309 ,
3315 2228 3472 2314 ἄφνω

1903 2321 1958 2374 δὲ
2003 2326 2068 2396 τῇ
2114 2326 2209 2379 τοῦ
2243 2327 2380 2381 Θεοῦ
2423 2329 2722 2404 Ἐκκλησία
2781 2321 3017 2406 πόλεμος
3051 2337 3261 2410 ἐρράγη
3300 2338 3470 2409 βαρύ-

1903 2430 2086 2477 τατος·
2126 2417 2271 2470 ίσασι
2328 2419 2524 2484 πάντες
2575 2425 2672 2492 τὴν
2701 2424 3015 2498 ἀθεωτάτην
3048 2429 3139 2482 τοῦ
3175 2431 3468 2501 Καλαϐροῦ

1906 2505 2170 2579 Βαρλαάμ
2203 2512 2447 2582 αἰρεσιν,
2479 2517 2555 2586 ἣν
2581 2518 2787 2582 ἐκεῖνος
2821 2520 2919 2590 μὲν
2947 2522 3262 2593 ἐγέννησεν,
3295 2524 3468 2577 Ἀχίν-

1901 2598 2058 2663 δυνος
2093 2600 2149 2654 δέ
2204 2603 2497 2675 ἐθρέψατο,
2550 2612 2691 2664 κατὰ
2748 2612 2842 2665 τοῦ
2880 2614 3083 2678 ζῶντος
3128 2617 3264 2670 Θεοῦ
3295 2619 3468 2673 δεινό-

1901 2704 2036 2740 τατα
2089 2693 2185 2744 καὶ
2217 2693 2653 2776 βουλευσάμενος
2705 2703 2797 2756 καὶ
2845 2704 3292 2777 διαπραξάμενος
3321 2726 3334 2740 ⁸
3374 2729 3470 2763 κα·-

1899 2777 2072 2834 λεῖται
2103 2781 2167 2855 δὴ
2217 2785 2245 2838 6
2275 2787 2566 2858 ἱερώτατος
2596 2791 2997 2866 Θεσσαλονίκης
3040 2800 3190 2872 παρὰ
3216 2801 3310 2855 τοῦ
3345 2803 3466 2856 τότε

1899 2876 2400 2964 πατριαρχεύοντος
2434 2881 2534 2950 τὴν
2585 2885 2831 2957 μεγάλην
2876 2888 3032 2942 πόλιν
3060 2891 3263 2964 ταύτην
3296 2913 3434 2949 κατα
3456 2924 3470 2936 ο

1899 2963 2084 3018 λαϐεῖν
2119 2969 2208 3018 καὶ
2239 2968 2316 3038 τῷ
2360 2970 2634 3042 Βαρλαᾶμ
2666 2977 2996 3046 προσϐαλεῖν
3029 2984 3122 3035 καὶ
3161 2986 3242 3046 εἰς
3275 2983 3468 3052 λόγους

1898 3057 2075 3112 ἐλθεῖν
2127 3060 2340 3132 ἐκείνῳ,
2389 3068 2515 3133 περὶ
2563 3059 2636 3119 ὧν
2683 3073 3029 3142 καινοτομῶν
3075 3070 3144 3146 ἦν
3197 3079 3468 3132 καὶκατὰ

1899 3151 1999 3220 τῆς
2027 3151 2290 3220 ἀληθείας
2327 3157 2674 3227 μαινόμενος,
2707 3161 2787 3232 τῷ
2815 3163 2880 3233 δὴ
2925 3166 3153 3238 τοιούτῳ
3189 3171 3468 3242 ἱερωτάτῳ

1898 3241 2296 3314 Θεσσαλονίκης
2353 3248 2625 3320 προμάχῳ
2662 3253 2762 3320 τῆς
2811 3254 3100 3318 εὐσεϐείας
3134 3262 3467 3314 καταστάντι

1901 3335 2052 3424 παρά
2091 3335 2226 3388 Θεοῦ
2265 3337 2553 3410 σύμμαχον
2581 3345 2677 3396 καὶ
2703 3345 2863 3409 αὐτὸς
2895 3348 3130 3416 ἐμαυτὸν
3161 3353 3465 3424 παρέσχον,

1899 3423 1993 3476 καὶ
2039 3427 2190 3495 κοινῇ
2236 3428 2354 3496 μετ’
2407 3430 2574 3486 αὐτοῦ
2629 3450 2688 3486 τε
2739 3435 2835 3489 καὶ
2899 3439 2997 3505 τῆς
3062 3442 3309 3504 συνοδίας
3358 3447 3467 3497 τῶν
3549 3450 3556 3455 ’

1899 3515 2048 3584 ἐμῶν
2093 3517 2340 3583 ἀδελφῶν
2402 3523 2513 3575 τῶν
2562 3541 2620 3577 τε
2687 3526 2786 3595 τῆς
2835 3518 3148 3602 ὁδοιπορίας
3203 3537 3468 3604 καμάτων

1897 3605 2264 3675 ἠνεσχόμεθα,
2304 3612 2398 3664 καὶ
2434 3614 2576 3666 κατά
2627 3614 2725 3687 τὴν
2772 3619 2924 3672 πόλιν
2973 3623 3253 3692 γενόμενοι
3284 3627 3374 3678 τόν
3408 3647 3467 3680 τε

1898 3695 2086 3764 ἀγῶνα
2117 3699 2215 3769 τῆς
2259 3701 2415 3770 δίκης
2467 3701 2877 3778 διηγωνίσμεθα
2931 3713 3028 3765 καὶ
3074 3716 3172 3784 τὴν
3225 3719 3466 3773 νικῶσαν

1900 3786 2188 3858 ἐλάϐομεν,
2242 3791 2376 3845 Θεοῦ
2430 3796 2636 3868 ταύτην
2686 3800 3048 3871 βραϐεύοντος
3101 3808 3315 3862 ἄνωθεν
3370 3792 3469 3865 καὶ

1900 3876 2166 3946 βασιλέων
2198 3881 2348 3937 δυοῖν
2406 3889 2500 3939 καὶ
2548 3888 2641 3943 τοῦ
2691 3891 2812 3946 τότε
2868 3901 3338 3971 πατριαρχοῦντος
3370 3908 3469 3958 καὶ⁹

1898 3970 2099 4034 παντὸς
2156 3973 2250 4026 τοῦ
2311 3977 2457 4046 ίεροῦ
2516 3982 2724 4036 ἐκείνου
2781 3970 3172 4059 πληρώματος.
3236 3994 3348 4058 Τῆς
3409 3995 3467 4048 δὲ

1897 4061 2289 4163 Ιίίονεμϐασίας
2323 4075 2546 4141 γνησίου
2575 4077 2834 4147 ποιμένος
2868 4083 3246 4157 ἐστερημένης
3280 4092 3334 4143 al
3365 4092 3468 4163 μὲν

1896 4153 2069 4250 ψῆφοι
2117 4160 2217 4230 τῆς
2276 4162 2430 4234 ἱερᾶς
2479 4167 2703 4222 συνόδου
2742 4153 3160 4242 βλέπουσινγείς
3191 4153 3314 4249 ἐμὲ,
3354 4153 3466 4250 ἐγὼ

1896 4245 1954 4298 δέ
2008 4249 2445 4324 ἀναϐαλλόμενος
2494 4255 2562 4330 ἦν
2615 4261 2674 4314 τὸ
2724 4266 2977 4336 πρᾶγμα,
3028 4270 3178 4333 τέλος
3226 4245 3349 4338 εἶξα
3395 4245 3464 4347 τῇ

1897 4340 2018 4413 θείᾳ
2043 4343 2232 4417 ψήψῳ,
2267 4351 2363 4404 καὶ
2400 4353 2711 4427 ὐποψήφιος
2750 4361 3022 4432 κατέστην
3053 4340 3462 4436 Μονεμδασίαςῖ

1897 4437 2032 4506 πρὸς
2059 4437 2157 4511 τὴν
2188 4446 2525 4512 χειροτονίαν
2546 4449 2768 4520 ἀφορῶν
2799 4453 2920 4524 ἤδη.
2955 4456 3060 4510 Τοῦ
3089 4458 3144 4510 δὲ
3186 4458 3465 4516 θειοτάτου

1898 4527 2165 4596 βασιλέως
2218 4533 2276 4599 ἐξ
2334 4535 2639 4607 ἀνθρώπων
2707 4547 2996 4613 γεγονότος
3053 4552 3150 4604 καλ⁹
3195 4555 3329 4624 πρὸς
3375 4559 3466 4610 τὸν

239 4626 377 4690 μεῖον
433 4629 526 4680 τοῦ
579 4630 775 4699 καιροῦ
829 4632 1249 4720 κατεπείγοντος
1303 4637 1516 4704 ἀφεῖναι
1569 4637 1644 4709 τῷ
1688 4639 1788 4709 βίῳ
1818 4636 1871 4696 D
1897 4623 2077 4722 “31971
2112 4625 2338 4722 βασιλέῆ
2383 4632 2828 4706 μεταδεδηκότος
2871 4639 3132 4712 Χριστδνν
3174 4648 3201 4699 δ
3229 4650 3326 4718 τῆς
3365 4651 3469 4722 ὲμ’·

239 4717 354 4785 περὶ
381 4717 487 4770 τῶν
517 4721 761 4789 ἐμαυτοῦ
782 4759 798 4785 ,
827 4724 920 4775 καὶ
958 4717 1128 4794 βραχύ
1151 4742 1202 4777 τι
1236 4725 1561 4796 διαχαράξαι
1607 4732 1790 4800 γράμ-

241 4820 326 4872 μα,
366 4806 459 4878 τὴν
511 4811 673 4881 ἐμὴν,
722 4814 852 4884 περὶ
886 4807 960 4867 ὧν
992 4815 1126 4884 ἐρῶ,
1168 4816 1470 4885 διασαφοῦν
1509 4819 1785 4890 βούλησιν.

247 4895 386 4964 Ἐμοὶ
444 4902 624 4954 τοίνυν
671 4901 1042 4976 Θεσσαλονίκη
1087 4908 1285 4974 πατρὶς
1334 4908 1428 4962 καὶ
1471 4910 1695 4978 τροφὸς,
1731 4913 1790 4964 ἐν

237 4985 394 5056 ταύτῃ
450 4991 546 5042 καὶ
585 4991 780 5058 λόγους
829 4993 1098 5066 μετέσχον
1146 4999 1243 5050 καὶ
1286 4999 1401 5062 τοῖς
1443 4999 1790 5070 βουλομένοις

239 5079 525 5146 μετέδωκα,
567 5084 662 5138 καὶ
692 5084 876 5138 πολλοί
927 5105 1019 5157 μοι
1047 5088 1140 5141 τοῦ
1184 5089 1302 5160 βίου
1334 5093 1429 5144 καὶ
1459 5092 1559 5162 τῆς
1584 5093 1785 5164 διαγω-

236 5167 328 5262 γῇς
353 5172 565 5243 ἐκείνης
610 5177 906 5246 μάρτυρες,
932 5181 1080 5243 ὅπως
1113 5181 1217 5234 ὑπὸ
1249 5182 1366 5252 Θεῷ
1399 5184 1652 5254 βλέποντι
1694 5188 1784 5241 τὸν

238 5261 324 5346 τῆς
360 5261 716 5332 συνειδήσεως
751 5265 1045 5334 ἐκφεύγειν
1070 5270 1290 5340 ἔλεγχον
1320 5274 1662 5346 ἐπειρώμην,
1697 5277 1786 5330 ἀεὶ
1895 5304 1910 5320 ο
1984 5303 2002 5320 ο

238 5342 444 5418 ἐμαυτῷ
477 5367 538 5402 τε
576 5353 665 5406 τὸν
694 5353 787 5406 τοῦ
835 5356 971 5408 Θεοῦ
996 5360 1159 5424 φόϐον
1203 5365 1658 5434 προστησάμενος
1687 5367 1786 5435 φύ-

236 5433 386 5502 λακα,
420 5443 512 5494 καὶ
563 5447 750 5509 πᾶσιν,
789 5445 870 5511 οἷς
917 5451 1133 5514 οἰκείως
1166 5449 1349 5524 εἶχον,
1380 5458 1444 5510 τά
1497 5458 1594 5510 τοῦ
1644 5460 1781 5514 Θεοῦ
1891 5491 1906 5507 ο
1984 5495 1998 5509 -

234 5521 723 5618 διαμαρτυρόμενος
760 5540 1030 5607 κρίματα,
1065 5545 1159 5594 καὶ
1207 5521 1412 5599 πείθων
1459 5548 1698 5618 ἐμαυτόν
1723 5568 1783 5603 τε

237 5616 530 5687 κάκείνους,
561 5624 694 5678 Θεὸν
726 5627 918 5697 ἔφορον
953 5627 1091 5683 εἶναι
1122 5650 1232 5685 των
1258 5653 1316 5687 τε
1349 5616 1782 5708 πεπραγμένων,

237 5706 338 5760 τῶν
374 5729 431 5764 τε
466 5716 855 5789 μελετωμένων
897 5722 993 5776 καὶ
1041 5728 1234 5794 κριτὴν
1268 5727 1593 5793 ἀδέκαστον,
1635 5730 1786 5800 βασι-

237 5797 376 5855 λείαν
412 5809 508 5875 μὲν
535 5810 782 5881 οὐρανῶν
827 5816 938 5879 τοῖς
990 5813 1050 5870 εῦ
1105 5819 1198 5871 καὶ
1247 5820 1430 5885 καλῶς
1463 5823 1784 5878 πολιτευσα-

240 5892 416 5961 μένοις
449 5901 900 5976 ἐτοιμασάμενον,
933 5911 1042 5972 τοῖς
1075 5910 1122 5962 δ’
1167 5911 1423 5978 ἐναντίως
1456 5916 1552 5985 τὴν
1585 5917 1783 5971 ἑαυτοῦ

1895 4713 2086 4781 φυλίου
2116 4720 2367 4791 ταραχῆς
2411 4725 2840 4797 ἀναρριπίζεται
2867 4734 3125 4805 πόλεμος,
3158 4741 3250 4793 καλ⁹
3274 4713 3467 4797 διώκε-

1891 4820 1980 4899 ται
2017 4806 2118 4876 μὲν
2149 4811 2176 4862 6
2203 4813 2300 4864 καὶ
2329 4815 2434 4891 πρὸ
2463 4818 2565 4887 τῆς
2597 4822 2885 4892 πορφύρας
2915 4828 3011 4878 καὶ
3040 4830 3146 4880 τῶν
3179 4834 3464 4899 στεφάνων

1892 4896 1986 4948 καὶ
2047 4899 2144 4967 τῆς
2198 4903 2556 4974 ἀναρρήσεως
2607 4913 2673 4981 τῇ
2728 4914 2892 4985 σοφίᾳ
2953 4919 3047 4970 καὶ
3108 4896 3325 4977 συνέσει
3364 4933 3459 4980 καὶ

1894 4988 2163 5058 πραότητι
2191 4997 2281 5044 καὶ
2313 4995 2508 5069 ἀνδρίᾳ
2540 5003 2702 5069 μόνος
2727 5005 3023 5072 ἀξιώτατος
3053 5011 3310 5082 βασιλεὺς
3343 5055 3356 5069 .
3391 5057 3406 5072 .
3444 5058 3456 5070 .

2082 5307 2097 5323 .
2177 5271 2908 5352 .ἐμέδὲτοῦτεθρόνου.
2982 5324 2994 5339 .
3079 5328 3095 5344 .
3176 5327 3190 5342 .
3255 5328 3269 5343 .
3328 5295 3461 5345 ,καὶ

1888 5360 1988 5431 τῆς
2027 5362 2331 5434 ἱερωσύνης
2359 5369 2612 5425 ἐκϐάλλει
2644 5375 2705 5426 τό
2761 5393 2816 5443 γε
2849 5379 2927 5439 είς
2968 5378 3130 5432 αὑτὸν
3169 5375 3304 5452 ἦχον
3344 5423 3360 5438 .
3443 5425 3456 5438 .

2077 5497 2091 5512 .
2171 5497 2187 5513 .
2236 5461 2390 5514 Ἐπεὶ
2422 5463 2476 5516 δὲ
2527 5465 2555 5517 ὁ
2603 5466 2862 5522 ποιῶντά
2922 5471 3098 5523 πάντα
3162 5475 3256 5526 καὶ
3296 5492 3463 5545 μετα-

1891 5547 2173 5612 σκευάζων
2214 5551 2348 5617 Θεὸς
2383 5557 2614 5623 εὐμενὲς
2647 5560 2740 5611 καὶ
2800 5560 2934 5630 πρὸς
2967 5565 3116 5631 ἡμᾶς
3183 5561 3312 5633 εἶδε,
3364 5568 3460 5620 καὶ

1888 5637 2100 5693 διέλυσε
2140 5642 2239 5712 μὲν
2274 5646 2334 5698 τὸ
2359 5650 2457 5716 τῆς
2493 5650 2812 5718 συγχύσεως
2864 5655 3043 5722 νέφος,
3094 5660 3458 5730 ἀντεισήγαγε

1887 5730 1944 5783 δὲ
1983 5733 2082 5803 τὴν
2132 5739 2235 5806 τῆς
2283 5741 2507 5810 εἰρήνης
2556 5741 2800 5811 αἰθρίαν,
2856 5745 2958 5816 τῆς
2998 5749 3098 5816 μὲν
3151 5729 3326 5819 καλῆς
3367 5753 3461 5806 καὶ

1892 5827 2133 5897 μεγάλης
2161 5831 2368 5896 πόλεως
2395 5834 2600 5904 ταύτης
2626 5839 2900 5910 ἐγκρατὴς
2932 5843 2960 5894 6
3004 5840 3276 5914 θειότατος
3307 5846 3457 5914 γίνε-

1889 5934 1980 5970 ται
2015 5917 2292 5988 βασιλεῦς,
2338 5925 2775 5996 παρρησιάζεται
2808 5932 2860 5984 δὲ
2913 5934 2943 6003 ἡ
2986 5935 3256 6003 εὐσέϐεια,
3285 5939 3460 5992 καθα-
