3918 6568
216 494 238 561 Ῐ
246 494 304 560 3ο)
317 495 337 559 Ῑ

1018 500 1360 563 CALLISTI
1403 505 1499 566 ET
1535 507 1956 567 PIIILOTIIEI
2000 509 2105 570 (ΣΡ.
2153 504 2610 566 PATRIARCII.

3300 500 3437 567 1302

214 616 263 665 ἐν
298 612 348 663 δὲ
387 609 494 669 ταῖς
540 608 677 679 ὑπὲρ
736 610 1014 678 εὐσεϐείας
1064 617 1240 685 ἀγῶσι
1262 662 1276 685 ,
1319 622 1351 692 ἢ
1399 626 1595 693 κοσμεῖ
1630 626 1753 678 τού-
1786 628 1827 681 Α
1858 627 1950 679 καὶ
1977 627 2115 694 ὑπὲρ
2156 625 2335 679 αὐτῶν
2389 623 2554 687 ἀξίως
2583 621 2692 688 τῆς,
2730 619 2921 673 ἑαυτοῦ
2951 620 3127 690 ψυχῆς
3156 619 3433 692 διανοηθῇ,

212 717 325 761 τους
375 697 549 766 πολλῷ
605 700 764 753 πλέον
821 703 913 755 τοῦ
976 705 1351 776 διαδήματος,
1406 714 1754 783 ἡττωμένους

213 793 352 843 ἐνίων
381 791 573 851 δοκεῖν,
606 792 687 861 τῷ
720 793 775 847 δὲ
808 796 1088 867 κρατίστῳ
1137 802 1231 853 καὶ
1283 803 1424 873 ἁγίῳ
1459 822 1561 874 μου
1595 806 1756 859 αὑτο-

214 882 426 949 κράτορι
456 881 529 948 τῷ
564 882 1006 956 Καντακουζηνῷ
1047 890 1193 949 ίδίως
1234 894 1360 947 τάδε
1406 896 1758 968 διαχαράττω

210 974 270 1023 τὶ
291 972 605 1040 γράμματα·
646 974 779 1027 ἴστω
825 978 909 1046 δὴ,
948 980 1135 1049 σαφῶς
1166 984 1319 1050 ἵστω,
1344 986 1418 1049 ὡς
1446 989 1623 1042 οὐδενὶ
1650 991 1759 1043 τῶν

212 1062 416 1127 ἀγαθῶν
446 1062 673 1133 ἀμοιρον
698 1068 912 1137 ἀφῆκεν
948 1072 1115 1124 αὐτὸν
1149 1075 1176 1127 ὀ
1209 1075 1363 1140 Θεὸς,
1404 1077 1505 1130 ὅσα
1532 1080 1759 1149 βασιλέα

209 1152 395 1204 τέλειον
417 1158 639 1244 κοσμεῖν
670 1155 833 1212 οἶδενο
869 1164 1134 1233 φρονήσει
1171 1184 1231 1218 τε
1275 1168 1383 1239 γάρ
1424 1170 1585 1224 αὐτὸν
1614 1172 1774 1244 ὑπὲρ

211 1244 322 1304 τοὺς
363 1243 683 1311 ἀνθρώπους
710 1253 865 1313 ιτοὺς
909 1254 1005 1306 ἐπὶ
1049 1256 1150 1322 τῆς
1200 1258 1481 1330 ἡμετέρας
1528 1243 1760 1318 κατεκό-

214 1352 375 1404 σμησε
415 1340 634 1405 γενεᾶς,
691 1344 786 1397 καὶ
840 1346 1112 1411 συνέσεως
1163 1348 1259 1401 καὶ⁸
1309 1352 1605 1422 ἐμπειρίας
1666 1358 1761 1409 καὶ

209 1428 302 1494 τῆς
335 1427 503 1518 ἄλλης
561 1438 962 1506 στρατιωτικῆς
1014 1440 1331 1511 ἐπιστήμης
1380 1448 1607 1515 ταμεῖον
1662 1448 1763 1518 τὴν

208 1517 390 1571 ἑαυτοῦ
432 1519 611 1592 ψυχὴν
662 1524 855 1593 ἔδειξε,
897 1529 1185 1599 δογμάτων
1233 1533 1392 1587 θείων
1438 1538 1632 1607 κριτὴν
1666 1517 1762 1594 καὶ

208 1612 506 1683 ἀγωνιστὴν
548 1615 711 1669 αὐτὸν
738 1619 1145 1689 ἀπειργάσατο,
1175 1625 1393 1689 πολλοῖς
1416 1628 1610 1692 δεινοῖς
1638 1633 1763 1701 ὀμι-

207 1704 417 1771 λήσαντι
473 1708 570 1759 καὶ
640 1710 793 1777 παρά
855 1711 1068 1765 πολλῶν
1117 1716 1554 1773 ἐπιϐουλευθέντι
1610 1721 1762 1787 τέλος

207 1794 348 1865 χεῖρα
381 1796 565 1865 ὀρέγει
596 1800 838 1871 κειμένῳ
870 1803 1066 1875 τούτῳ,
1113 1809 1209 1861 καὶ
1245 1808 1470 1878 βασιλέα
1500 1814 1762 1884 Χριστια-

1859 719 1957 788 τὴν
2001 720 2213 788 μητέρα
2259 718 2351 770 καὶ
2397 718 2522 778 τοὺς
2570 714 2832 782 ἀδελφοὺς
2895 716 2989 767 καὶ
3041 713 3141 775 τάς
3202 713 3437 782 ἀδελφὰς

1859 810 2106 878 πτωχοὺς
2167 810 2326 871 ϐντας
2378 810 2471 861 καὶ
2538 807 2673 876 πρὸς
2722 806 2854 859 Θεὸν
2902 804 3193 875 βλέποντας
3225 805 3346 874 Θεῷ
3378 822 3437 857 τε
3466 796 3507 871 ,ί

1860 904 1952 956 καὶ
1970 905 2033 972 τῇ
2055 901 2175 972 θείᾳ
2203 901 2454 971 βασιλικῇ
2478 900 2623 971 ψυχῇ
2642 898 3015 970 παρατίθεμαι
3040 915 3053 929 ο
3078 893 3196 951 οῖδα
3212 898 3321 967 γὰρ
3339 897 3437 964 τὴν
3476 890 3481 898 ’

1861 996 2025 1051 αὐτοῦ
2098 994 2480 1060 συμπάθειαν,
2512 994 2607 1047 καὶ
2646 992 2721 1055 ὡς
2756 993 2895 1062 ὑπὲρ
2946 990 3125 1045 αὐτῶν
3172 992 3432 1059 φροντιεῖ,

1862 1085 2016 1155 παρὰ
2053 1084 2187 1139 Θεοῦ
2218 1087 2549 1153 τεταγμένος
2576 1084 2759 1153 πατὴρ
2781 1083 3012 1153 πτωχῶν
3036 1084 3131 1137 καὶ
3166 1078 3304 1135 εἶναι
3342 1084 3438 1134 καὶ

1862 1178 2147 1246 λέγεσθαι.
2182 1177 2325 1230 Πᾶσι
2352 1177 2701 1244 Χριστιανοῖς
2724 1176 2823 1245 τὴν
2846 1176 2902 1227 ἐν
2920 1174 3040 1245 Θεῷ
3065 1174 3434 1245 συγχώρησιν,

1867 1269 2059 1339 ῶσπερ
2094 1268 2215 1321 τινὰ
2249 1267 2449 1338 κλῆρον
2501 1268 2708 1336 ἀφίημι
2767 1265 2864 1318 καὶ
2900 1266 3181 1336 ἁμαρτιῶν
3243 1266 3438 1334 ἄφεσιν

1868 1363 1964 1415 καὶ
1988 1361 2279 1431 ’βασιλείας
2306 1360 2555 1427 οὐρανῶν
2589 1358 2898 1429 ἐπεύχομαι
2932 1356 3168 1427 μέθεξιν.
3201 1358 3306 1409 Τὸν
3341 1359 3436 1410 εὐ-

1866 1453 2091 1525 ρεθέντα
2145 1453 2291 1505 σῖτον
2336 1452 2516 1519 ὀλίγον
2555 1448 2651 1505 καὶ
2695 1445 2839 1502 οἶνον
2885 1447 3066 1515 ὀλίγον
3113 1451 3171 1500 ἐν
3215 1448 3294 1516 τῷ
3329 1467 3435 1499 πα-

1867 1546 2168 1618 τριαρχείῳ
2216 1542 2641 1625 διαμερισθῆναι
2676 1539 2937 1611 βούλομαι
2973 1540 3051 1600 είς
3091 1539 3245 1609 τρεῖς
3288 1539 3437 1609 μερί-

1863 1641 1961 1702 δας
1994 1639 2208 1708 ἐπίσης,
2257 1632 2331 1691 ῶν
2359 1634 2459 1704 τὴν
2514 1634 2614 1704 μὲν
2650 1633 2780 1703 μίαν
2819 1631 3157 1703 οίκληρικοὶ
3199 1629 3435 1682 λαϐέτω-

1864 1748 1964 1784 σαν
1997 1730 2220 1798 ἐπίσης,
2253 1730 2351 1799 τὴν
2375 1726 2638 1798 δευτέραν
2669 1727 2724 1778 αἱ
2750 1724 2968 1794 πτωχαί
2998 1723 3056 1776 αί
3086 1722 3433 1792 καλογραίαι,

1862 1820 1959 1891 τὴν
2004 1822 2060 1875 δὲ
2099 1820 2293 1890 λοιπὴν
2335 1819 2384 1871 οἱ
2424 1818 2540 1889 μετ’
2582 1812 2717 1885 ἐμοῦ
2776 1814 3004 1884 μοναχοὶ
3065 1812 3288 1879 ἀδελφοὶ
3342 1811 3438 1863 καὶ

206 1889 299 1941 νῶν
343 1890 692 1948 ἀναδείκνυσι
752 1898 1091 1967 παραδόξως.
1146 1902 1365 1956 Τούτων
1399 1906 1619 1960 πάντων
1649 1911 1760 1962 τῶν
1793 1961 1832 1980 η
1868 1889 2129 1980 κοσμικοὶ
2160 1889 2457 1980 ἐχέτωσαν.
2509 1908 2784 1970 Ὡσαύτως
2827 1905 2922 1959 καὶ
2972 1905 3039 1957 τά
3092 1902 3284 1971 ἱμάτιά
3334 1918 3436 1970 μου

206 1981 682 2055 πλεονεκτημάτιιν
709 1961 1148 2069 ἀπαίτηθησεται
1176 1997 1303 2062 τούς
1326 2003 1577 2071 καρποὺς
1609 2005 1756 2075 ἐνστῇ
1792 1961 1834 2018 Β
2086 1961 2220 2057 ’ξαῖ
2249 1961 2421 2056 ταῦτα
2461 2003 2574 2064 τοῖς
2617 2000 2735 2070 μετ’
2766 1961 2921 2069 ’ἐμοῦ
2972 1961 3221 2065 ἀδελφοῖς
3245 2036 3260 2060 .
3302 1961 3453 2053 ἀλλὰ

208 2078 349 2146 κοινῇ
383 2077 475 2130 τοῦ
514 2080 707 2149 γένους
737 2086 999 2158 ὁμολογία
1029 2090 1180 2159 παρὰ
1215 2091 1306 2144 τοῦ
1336 2091 1760 2162 βασιλεύσαντος
1863 2097 1927 2167 δὴ
1962 2097 2059 2149 καὶ
2100 2096 2197 2165 τὴν
2240 2095 2508 2165 πενιχράν
2547 2111 2651 2164 μου
2703 2090 3016 2163 στρωμνήν.
3055 2089 3208 2141 Ἐπεὶ
3258 2086 3315 2139 δὲ
3349 2086 3436 2139 διά

110 2192 111 2195 η
203 2172 353 2224 αὐτὸν
411 2171 577 2230 Θεοῦ.
627 2177 982 2249 Διαναστήτω
1033 2183 1215 2237 τοίνυν
1274 2185 1415 2256 ὑπὲρ
1451 2188 1551 2257 τῆς
1606 2190 1761 2242 εὐσε-

202 2264 364 2328 ϐείας,
406 2266 868 2341 διαθερμανθήτω
902 2274 1003 2344 τὴν
1043 2275 1243 2348 ψυχὴν,
1291 2280 1503 2335 εἰπάτω
1530 2283 1623 2335 καὶ
1656 2283 1758 2336 αὐο

203 2358 303 2421 τός’
342 2357 407 2414 ⁸0
436 2357 620 2429 ζῆλος
669 2365 775 2418 τοῦ
823 2367 997 2422 οίκου
1052 2384 1170 2424 σου
1224 2372 1525 2441 κατέφαγέ
1556 2392 1652 2445 με.
1702 2376 1761 2430 Ὀ

202 2450 350 2514 αὐτὸς
381 2450 529 2505 ἔστω
576 2456 673 2507 καὶ
715 2456 808 2511 τὸν
850 2458 990 2531 ὑπὲρ
1021 2461 1305 2525 εὐσεϐείας
1336 2464 1548 2533 ἐπέχων
1577 2466 1759 2535 λόγον,

201 2542 227 2593 ὀ
256 2541 411 2606 αὐτὸς
469 2544 812 2619 διαναστήτω
850 2554 946 2605 καὶ
997 2554 1134 2625 πρὸς
1191 2554 1291 2628 τὴν
1340 2557 1643 2628 ἐκδίκησιν,
1681 2561 1762 2625 είς

204 2635 412 2719 μνήμην
468 2637 671 2694 ἐλθέτω
728 2641 821 2695 τοῦ
875 2644 1296 2714 βασιλεύσαντος
1341 2650 1504 2703 αὐτὸν
1560 2650 1758 2719 Ἰησοῦ·

201 2718 392 2791 ἐῖεῖνός
438 2748 501 2783 τε
543 2732 651 2802 γὰρ
681 2734 779 2804 τῆς
809 2737 918 2788 τῶν
956 2737 1262 2808 ἀνθρώπων
1304 2741 1579 2811 σωτηρίας
1607 2718 1764 2809 γενό-

204 2837 351 2888 μενος
382 2821 727 2895 αὐτουργὸς,
756 2827 785 2879 δ
843 2829 1003 2892 αὐτὸς
1058 2833 1153 2884 καὶ
1200 2832 1645 2902 ἀντικρινόμενος
1693 2830 1763 2905 ἦν

199 2915 270 2977 τῷ
306 2913 539 2985 διαϐόλῳ
581 2919 675 2971 καὶ
724 2920 1097 2992 δικαιοκρισία
1131 2906 1320 2976 τοῦτον
1356 2926 1701 2990 καταϐαλὼν,
1735 2928 1764 2980 ό

199 3008 350 3072 αὐτὸς
393 3010 493 3063 καὶ
540 3010 639 3081 τὴν
682 3011 850 3065 αὐτοῦ
901 3015 1196 3082 τυραννίδα
1224 3015 1459 3082 διέλυσε,
1502 3021 1568 3089 τῇ
1605 3019 1760 3091 θεῖκῇ

196 3098 411 3167 δυνάμει
466 3102 836 3172 χρησάμενος,
870 3106 964 3158 καὶ
990 3100 1146 3170 οὗτος
1191 3107 1282 3160 τὸν
1319 3109 1556 3180 Χριστὸν
1591 3128 1763 3183 μιμητ

199 3193 447 3261 σάμενος,
480 3195 603 3248 ὅσον
636 3196 882 3265 ἐφικτὸν,
906 3201 1002 3253 καὶ
1033 3199 1177 3270 ὑπὲρ
1203 3200 1301 3270 τῆς
1329 3202 1588 3275 ἀληθείας
1617 3206 1761 3273 ἀγω-
1785 3268 1794 3276 _

1863 2196 1967 2265 τὴν
2006 2194 2103 2248 τοῦ
2157 2192 2553 2265 πατριαρχείου
2612 2191 2974 2261 στενοχωρίαν
3028 2190 3123 2243 καὶ
3182 2187 3279 2257 τὴν
3338 2204 3436 2241 πο-
3546 2210 3553 2217 ·

1862 2289 2139 2360 λυήμερον
2192 2286 2397 2355 ταύτην
2448 2288 2605 2339 νόσον
2663 2287 2755 2338 καὶ
2792 2285 2972 2355 χρεῶν
3026 2281 3435 2355 περιεπέσομεν

1867 2382 2024 2454 βάρει
2092 2380 2582 2449 ἀναϐιϐαζομένων
2637 2379 2716 2441 είς
2774 2377 3095 2447 ὑπέρπυρα,
3149 2376 3251 2428 ὅσα
3301 2375 3437 2443 δῆτα

1864 2476 1961 2528 καὶ
1991 2472 2159 2527 ποσοῦ
2172 2490 2312 2540 νται,
2341 2472 2378 2527 ἃ
2414 2473 2441 2524 ὁ
2469 2472 2795 2542 τιμιώτατος
2823 2472 2882 2521 ἐν
2920 2470 3174 2539 μοναχοίς
3209 2468 3437 2545 ἀγαπη-

1869 2566 1961 2631 τὸς
1999 2566 2143 2621 κατὰ
2182 2564 2401 2635 πνεῦμα
2447 2565 2564 2628 υίὸς
2596 2564 2698 2631 τῆς
2732 2562 2890 2633 ἡμῶν
2931 2561 3288 2631 μετριότητος
3325 2557 3435 2629 κῦρ

1831 2654 2215 2729 ’Θεοδώρητος
2261 2658 2401 2711 κατά
2459 2655 2658 2709 λεπτὸν
2703 2652 2836 2718 οἵδε,
2886 2654 3091 2724 ἀφίημι
3130 2653 3268 2723 πρὸς
3306 2653 3440 2731 τούς

1865 2751 2171 2816 δανειστὰς,
2205 2750 2299 2803 τόν
2355 2767 2413 2801 τε
2465 2748 2818 2817 ἐντιμότατον
2872 2745 2981 2815 κῦρ
3026 2745 3289 2814 Ἀνδρέαν
3344 2746 3449 2797 τὸν

1878 2843 2189 2910 Ὀστιάριον
2246 2842 2345 2912 τῆς
2397 2843 2519 2895 καθ’
2577 2842 2727 2911 ἡμᾶς
2783 2841 3095 2909 ἁγιωτάτης
3149 2838 3243 2892 τοῦ
3301 2838 3439 2892 Θεοῦ

1846 2935 2129 3005 ’Μεγάλης
2168 2933 2497 3003 Ἐκκλησίας
2553 2934 2649 2987 κα)⁵
2698 2933 2791 2985 τὸν
2861 2929 2992 3003 κῦρ
3022 2930 3282 3001 Μανουὴλ
3348 2930 3441 2984 τὸν

1867 3029 2161 3100 Ζύμαρχον
2221 3028 2315 3081 καὶ
2365 3028 2456 3080 τλν
2515 3024 2622 3095 κῦρ
2676 3024 2840 3079 Ξένον
2897 3025 2989 3077 τὸν
3040 3023 3373 3094 ’Λγαπητδν,
3409 3025 3439 3075 ὃ

1867 3116 2265 3188 ἀπῃωρημένοι
2298 3112 2442 3187 εἶχον
2476 3116 2788 3183 ἐγκόλπιον,
2832 3116 2925 3168 καὶ⁵
2967 3115 3272 3185 βαρύτατον
3315 3116 3438 3167 ἑπι-

1864 3209 2048 3280 τίμιον
2079 3210 2505 3277 ἐπανατείνομαι
2551 3207 2692 3261 κατά
2723 3206 2831 3260 τῶν
2861 3206 3319 3277 διενοχλησόντων
3346 3208 3439 3259 αὐ-

196 3283 439 3349 ντςέσθω,
508 3287 605 3339 καὶ
662 3290 867 3343 νικάτω
922 3292 1081 3362 νίκην
1134 3292 1417 3357 εὐσεϐείας
1479 3297 1757 3369 ἀγωνιστῇ
1787 3296 1831 3357 C
1872 3305 2008 3369 τοῖς,
2037 3303 2143 3366 ἐως
2176 3301 2244 3357 ἂν
2292 3301 2530 3371 ἀποδοθῇ
2564 3301 2775 3364 τούτοις
2806 3302 2867 3354 τὸ
2896 3301 3116 3373 χρέοςῆ
3157 3300 3309 3371 παρὰ
3345 3300 3439 3353 τοῦ

196 3374 534 3445 πρέπουσαν,
570 3381 665 3433 καὶ
722 3380 1020 3451 βασιλικῶς
1069 3382 1275 3453 ταύτην
1332 3388 1400 3455 τῇ
1464 3386 1765 3461 Ἐκκλησία

196 3465 322 3521 Θεοῦ
362 3469 685 3538 βραϐευέτω
706 3515 722 3539 ,
758 3473 885 3537 τοὺς
919 3475 1121 3540 λύκους
1166 3476 1489 3532 ἀποδιὼκων
1537 3482 1633 3535 καὶ
1665 3483 1764 3553 τὴν

196 3558 469 3626 βασιλείαν
525 3564 745 3633 κοσμῶν
801 3566 879 3637 τῷ
907 3568 1048 3638 ὑπὲρ
1081 3570 1372 3636 εὐσεϐείας
1433 3572 1621 3644 ζήλῳ,
1670 3577 1765 3631 καὶ

194 3653 393 3719 τούτοις
457 3657 545 3711 διά
591 3659 782 3722 τέλους
819 3662 1102 3732 ἐμμένων,
1136 3663 1418 3734 βασιλείας
1472 3667 1763 3735 ἀλλάξεται

195 3742 472 3812 βασιλείαν
513 3751 612 3819 τῆς
662 3752 930 3822 ἐπικήρου
988 3756 1260 3826 μηδέποτε
1302 3758 1595 3831 λυομένην,
1633 3763 1761 3831 Ἐγ-

194 3839 405 3907 γυῶμαι
434 3840 593 3895 τοῦτο
624 3843 834 3909 σαφῶς,
864 3845 1055 3899 τούτου
1090 3846 1285 3918 δέομαι
1312 3850 1452 3922 ὑπὲρ
1473 3852 1582 3905 τῶν
1611 3870 1763 3908 πτω-

194 3932 296 4000 χῶν
327 3933 444 3986 τῶν
474 3935 778 4006 κληρικῶν,
813 3936 900 3991 ῐνα
945 3938 1091 4011 ἅπερ
1141 3942 1436 4014 ὑπέρπυρα
1492 3964 1761 4019 προευερ-

157 4054 165 4056 ν
196 4024 422 4092 γέτησεν
460 4026 654 4089 αὐτοὺς
688 4027 847 4097 χάριν
879 4029 1045 4099 ρόγας
1079 4031 1281 4095 αὐτῶν,
1306 4032 1394 4086 διὰ
1413 4034 1558 4087 θείου
1588 4053 1760 4108 προσ-

193 4117 469 4184 τάγματος
507 4116 681 4171 ταῦτα
733 4119 886 4191 παρὰ
934 4120 1027 4181 τοῦ
1056 4121 1318 4192 δημοσίου
1372 4125 1599 4180 δοθῶσιν
1632 4130 1762 4182 ἀνυ-

193 4210 470 4279 στερήτως
495 4227 509 4240 ο
552 4209 660 4264 οἶδε
710 4215 819 4283 γὰρ
853 4217 887 4286 ἡ
920 4218 1157 4297 κραταιά
1191 4219 1288 4272 καί⁵
1327 4219 1458 4288 ἁγία
1510 4212 1761 4292 βασιλεία

190 4302 373 4365 αὐτοῦ,
404 4302 485 4367 ὡς
515 4304 746 4374 πένητες
775 4307 835 4360 τὸ
871 4309 1135 4378 παράπαν
1161 4312 1267 4365 είσὶ
1288 4353 1301 4377 ,
1340 4315 1434 4369 καὶ
1464 4314 1541 4380 ὡς
1574 4319 1764 4374 ἐκδου-

186 4389 396 4448 λεύουσι
449 4395 713 4464 διηνεκῶς
782 4401 846 4469 τῇ
895 4400 987 4453 τοῦ
1045 4402 1180 4457 Θεοῦ
1246 4406 1543 4482 Ἐκκλησία⁵
1578 4450 1594 4476 ,
1668 4417 1759 4468 καὶ

188 4484 258 4547 ὡς
316 4487 364 4538 οί
422 4485 639 4550 πλείους
698 4490 904 4545 τούτων
982 4495 1337 4567 ἀνθρωπίνως
1407 4503 1545 4575 πρὸς
1608 4505 1761 4562 οὐδὲν

187 4579 310 4633 ἄλλο
365 4580 657 4649 βλέπουσιν
716 4585 925 4656 ῆπρδς
964 4590 1026 4641 τὸ
1080 4594 1421 4663 τεταγμένον
1470 4600 1597 4651 κατ’
1632 4599 1754 4664 ἔτος

185 4672 388 4737 αὐτοῖς,
439 4676 531 4728 καὶ
581 4677 661 4729 ὅτι
704 4678 795 4732 καί⁸
840 4680 911 4733 τά
970 4683 1209 4752 ἐμαυτοῦ
1267 4689 1589 4757 μνημόσυνα
1647 4694 1755 4746 άπὸ

182 4764 287 4813 τῶν
338 4764 674 4837 ὑπερπύρων
737 4772 946 4826 τούτων
1026 4776 1335 4846 ἐτάχθησαν
1412 4781 1754 4852 τελεσθῆναι.

184 4850 332 4908 Οἶδεν
405 4860 436 4927 ἡ
508 4863 742 4931 κραταιά
792 4867 888 4919 καὶ
945 4866 1075 4935 ἁγία
1130 4867 1379 4938 βασιλεία
1435 4850 1757 4944 αὐτοῦήτὴν

181 4946 275 5013 τῆς
315 4946 649 5019 Ἐκκλησίας
716 4955 1119 5024 στενοχωρίαν,
1182 4957 1280 5009 καὶ
1332 4956 1407 5020 ὡς
1461 4959 1583 5011 οὐδέ
1645 4960 1755 5012 τῶν

182 5033 497 5101 ἀναγκαίων
545 5039 723 5092 αὐτῶν
782 5036 925 5112 ἦμεν
981 5046 1038 5097 ἐν
1081 5044 1312 5117 εὐπορίᾳ
1347 5046 1433 5100 ἀεὶ
1467 5048 1555 5101 διά
1606 5066 1663 5102 τε
1696 5051 1757 5103 τὸ

181 5129 621 5200 γεγυμνωμένην
655 5118 913 5199 καθάπαξ
954 5134 1050 5204 τὴν
1085 5134 1415 5208 Ἐκκλησίαν
1443 5139 1627 5209 εὑρεῖν
1662 5141 1757 5195 καὶ

179 5216 265 5267 διά
319 5219 382 5271 τὸ
429 5221 526 5284 τάς
564 5224 868 5293 ἐρχομένας
912 5227 1206 5296 προσόδους
1242 5231 1449 5302 μικράς
1484 5232 1578 5285 καὶ
1607 5233 1758 5286 εὐτε·

177 5307 289 5373 λεῖς
324 5308 464 5367 εἶναι
498 5315 595 5368 καὶ
629 5318 811 5380 πάσας
862 5319 1047 5390 σχεδὸν
1091 5323 1171 5386 είς
1223 5322 1321 5386 τὰς
1352 5324 1465 5377 τῶν
1504 5327 1758 5397 πενήτων

176 5401 524 5470 είσέρχεσθαι
570 5407 779 5475 χεῖρας,
808 5408 899 5463 διὰ
935 5411 1095 5465 τοῦτο
1130 5411 1224 5465 καὶ
1256 5413 1306 5465 οἱ
1358 5414 1745 5485 εὑρισκόμενοι

177 5494 297 5562 μετ’
333 5494 472 5564 ἐμοῦ
526 5496 753 5568 ἀδελφοὶ
806 5502 861 5553 οἴ
904 5520 964 5555 τε
1013 5507 1241 5575 μοναχο“ι
1282 5507 1379 5559 καὶ
1402 5508 1453 5561 οἱ
1494 5511 1753 5579 κοσμικοὶ

173 5587 545 5661 ταλαιπώρως
597 5592 869 5648 διετέλουν
905 5595 1170 5666 βιοῦντεςο
1206 5598 1429 5662 τούτους
1453 5600 1657 5671 ἀφίημι
1686 5604 1751 5673 τῇ

174 5678 411 5751 προνοίᾳ
451 5681 546 5736 τοῦ
587 5683 725 5740 Θεοῦ
775 5687 871 5741 καὶ
924 5687 1019 5747 τοῦ
1052 5690 1307 5754 εὐσεϐοῦς
1341 5692 1628 5764 βασιλέως,
1664 5695 1750 5749 ἵνα

1868 3391 2155 3463 δημοσίου,
2188 3392 2281 3462 ἀφ’
2318 3385 2393 3446 ὧν
2426 3391 2761 3463 ὑπερπύρων
2799 3392 3033 3446 δέδωκεν
3082 3392 3112 3444 ὀ
3163 3392 3439 3453 θειότατος

1871 3481 2128 3551 βασιλεὺς
2156 3485 2222 3552 τῇ
2281 3472 2604 3554 Ἐκκλησία,
2632 3482 2665 3554 ἢ
2698 3482 2806 3535 ἀπὸ
2832 3482 2928 3536 τοῦ
2959 3482 3317 3551 είσοδήματος
3344 3480 3437 3533 τοῦ

1868 3573 2070 3644 χωρίου
2117 3574 2214 3644 τῆς
2271 3573 2572 3644 ἐκκλησίας
2596 3572 2689 3626 τοῦ
2721 3575 2997 3643 Πασπαρᾶ
3022 3590 3037 3606 ο
3068 3574 3158 3627 τὸν
3194 3573 3249 3626 δὲ
3296 3574 3439 3627 οίκο-

1866 3665 2034 3736 νόμον
2075 3665 2168 3719 τοῦ
2223 3665 2467 3720 τοιούτου
2501 3666 2740 3737 χωρίου,
2771 3665 2865 3741 τὸν
2910 3666 3141 3735 μοναχδν
3173 3666 3280 3737 κῦρ
3325 3670 3439 3717 Διο-

1866 3756 2086 3821 νύσιον,
2140 3757 2404 3829 βούλομαι
2465 3756 2823 3828 ἀνενόχλητον
2871 3758 3035 3811 αὐτὸν
3089 3751 3232 3811 εἶναι
3288 3762 3439 3827 παρὰ

1864 3848 1977 3902 τῶν
2016 3849 2361 3921 βουλομένων
2409 3850 2574 3904 αὐτὸν
2609 3850 2843 3903 ἀδικεῖν·
2880 3850 2978 3903 κα)⁵
3015 3851 3068 3905 εῐ
3096 3866 3148 3903 τι
3175 3850 3230 3903 δὲ
3262 3850 3441 3903 εἰσκο-

1870 3941 2027 4012 μίσαι
2058 3942 2312 4011 ὀφείλων,
2342 3944 2440 3997 οὐκ
2467 3942 2774 4011 ἐδαπάνησε
2802 3942 2964 3996 τοῦτο
2989 3943 3069 4005 είς
3100 3943 3197 4021 τὰς
3229 3942 3441 4007 ἐξόδους

1864 4036 1974 4089 τῶν
2010 4034 2344 4105 ζευγαρίων,
2398 4035 2515 4089 ἀλλ’
2546 4034 2847 4105 ὑπελείφθη
2897 4034 3067 4103 αὐτῷ,
3118 4035 3215 4087 καὶ
3265 4033 3441 4087 ταῦτα

1866 4126 2124 4198 φέροντος
2182 4132 2249 4198 τῇ
2313 4128 2590 4197 κοινότητι
2648 4128 2759 4179 τῶν
2817 4132 2938 4196 μετ’
2994 4127 3127 4196 ἐμοῦ
3195 4126 3443 4192 ἀδελφῶν

1866 4220 2306 4291 προκείσθωσαν,
2351 4221 2865 4292 συναριθμουμένου
2900 4221 2997 4272 καὶ
3028 4218 3215 4272 αὐτοῦ.
3257 4219 3444 4289 Ἀρτο-

1865 4311 2006 4383 ποιῷ
2036 4312 2113 4384 τῷ
2142 4310 2450 4382 Βαλσαμὼν
2500 4311 3146 4383 ὀφείλονται,ὑπέρπυρα
3173 4310 3437 4379 τέσσαρα,

1868 4406 1967 4459 καλ⁸
2015 4406 2258 4470 γενέσθω
2309 4406 2551 4477 κάκείνῳ
2601 4408 2664 4459 τὸ
2711 4406 2925 4481 ἱκανὸν,
2973 4406 3032 4470 ἐξ
3076 4398 3152 4459 ὧν
3205 4404 3444 4467 καὶτοῖς

1860 4497 2042 4559 ἄλλοις
2092 4497 2419 4562 δανεισταῖς.
2464 4500 2587 4563 Τοῖς
2626 4501 2684 4553 ἐν
2732 4501 2955 4571 Χριστῷ
3031 4500 3282 4568 ἀδελφοῖς
3334 4516 3439 4567 μου

1860 4593 1971 4654 τοῖς
2004 4594 2240 4663 πτωχοῖς
2272 4591 2558 4664 ἁπόμοιρά
2588 4609 2672 4657 τις
2700 4592 2951 4661 γενέσθω
2979 4592 3127 4646 σίτου
3161 4593 3257 4645 καὶ
3287 4592 3435 4647 οίνου

1873 4684 1979 4737 ἀπὸ
2007 4686 2114 4738 τῶν
2144 4686 2245 4756 τῆς
2272 4687 2493 4757 μερίδος
2516 4688 2627 4739 τῶν
2674 4687 3024 4757 καλογραιῶν
3052 4690 3147 4741 καὶ
3178 4687 3287 4740 τῶν
3319 4687 3438 4758 μετ’

1868 4777 2005 4845 ἐμοῦ
2038 4777 2309 4853 ἀδελφῶν.
2362 4780 2471 4833 Καὶ
2506 4778 2599 4832 τοῦ
2629 4782 2727 4851 τὴν
2754 4782 2894 4851 ἐμὴν
2923 4781 3127 4851 ταύτην
3165 4780 3441 4853 ἔγγραφον

1869 4868 2129 4937 βούλησιν
2168 4872 2228 4923 τὸ
2275 4872 2490 4941 βέϐαιον
2524 4874 2667 4943 ἔχειν
2728 4874 2820 4926 καὶ
2880 4874 3208 4941 ἀδιάϐλητον
3250 4880 3312 4947 τῇ
3345 4879 3442 4930 αὑ-

1864 4962 2097 5030 τοχείρῳ
2132 4963 2525 5035 ὑποσημανσίᾳ
2574 4966 2670 5032 τῆς
2727 4965 2887 5034 ἡμῶν
2919 4966 3269 5036 μετριότητος
3324 4968 3438 5020 ἐϐε-

1864 5051 2097 5121 ϐαιώθη,
2128 5053 2437 5123 ὀφείλοντος
2490 5058 2691 5118 παντὸς
2727 5056 2989 5125 ἐμμένειν
3042 5059 3158 5121 τοῖς
3210 5075 3442 5127 καταγε-

1861 5143 2210 5213 γραμμένοις
2240 5145 2337 5198 καὶ
2380 5146 2472 5198 τὸν
2506 5146 2615 5216 τῆς,
2656 5148 2970 5213 εὐπειθείας
3030 5149 3223 5219 μισθδν
3290 5150 3443 5203 ἐκδέ-

1860 5238 2056 5306 χεσθαι
2086 5238 2239 5309 παρά
2270 5236 2429 5291 Θεοῦ.

1966 5327 2519 5399 -ι-ΥΥπογέγραπται
2541 5312 2609 5385 δέ
2641 5333 2679 5401 ἡ
2713 5334 2959 5403 τοιαύτη
3004 5332 3258 5400 διαθήκη
3289 5332 3442 5388 κατὰ

1860 5421 2028 5491 μῆνα
2055 5422 2461 5491 Φευρουάριον
2496 5424 2609 5493 τῆς
2635 5426 3037 5497 ἐνισταμένης
3081 5426 3284 5497 τρίτης
3320 5426 3437 5482 ινδ.

1865 5510 1972 5564 τοῦ
2013 5518 2130 5576 ,ςων
2160 5514 2584 5581 πεντηκοστοῦ
2631 5492 2860 5584 ὁγδόουν
2881 5492 3081 5583 ἐτοος.

1934 5604 1972 5674 ἦ·
2004 5598 2150 5673 Εἶχε
2180 5604 2367 5660 καὶτὸ
2389 5607 2784 5674 πρωτότοκον
2810 5608 2911 5662 διὰ
2946 5610 3060 5679 τῆς
3086 5611 3260 5681 ἁγίας
3287 5612 3438 5669 ὲκεί-

1861 5713 1972 5751 νου
2010 5698 2209 5766 χειρὸς
2242 5698 2308 5753 τό
2334 5717 2345 5730 ·
2382 5700 2539 5769 Μηνὶ
2571 5704 2948 5773 Φευρουαρίῳ
2976 5703 3091 5760 ίνδ.
3125 5704 3194 5777 γ’.

1774 5900 1839 5912 ..ο
