3964 6532
343 430 479 495 1305

1164 440 1504 504 CALLISTI
1548 446 1645 505 ΕΤ
1680 448 2102 512 PIIILOTHEI
2146 453 2258 514 (ΖΡ.
2298 455 2762 521 ΡΑΤΒΙΑΒΠΗ.

3443 454 3577 535 1306

340 550 435 658 κριὶ
463 548 792 658 διαϐολιμάς
827 556 1170 658 καὶιᾷπάσης-
1195 562 1448 658 ἀσεϐείας
1498 568 1705 658 μεστὰς
1739 568 1817 632 είς
1847 587 1905 621 τε
1935 575 1976 630 Α
2009 573 2268 629 τοιούτων
2320 578 2681 649 ψυχοφθόρων
2722 582 2817 635 καὶ
2875 582 3197 653 λυμεώνων,
3261 586 3357 640 καὶ⁵
3415 587 3575 658 ἔχητε

337 639 595 711 ἀθέτησιν
628 644 726 712 τῆς
768 646 1051 715 ὀρθοδόξου
1084 653 1181 703 καὶ
1209 654 1469 718 εὐσεϐοῦς
1502 657 1611 710 τῶν
1641 659 1901 728 Χριστια-

332 734 441 788 νῶν
470 736 708 801 πίστεως
730 739 823 791 καὶ
863 741 943 802 είς
975 743 1192 814 ἀπάτην
1222 746 1316 798 καὶ
1367 749 1572 819 πλάνην
1610 752 1703 804 καὶ
1735 752 1899 823 ψυχι-

328 827 423 882 κὺν
468 830 650 882 αὐτῶν
701 832 944 904 ὄλεθρον,
989 837 1085 889 καὶ
1136 840 1281 902 ὅπως
1334 842 1443 894 ἀπὸ
1494 844 1593 913 τῆς
1642 846 1899 919 τοιαύτης

328 921 539 990 πλάνης
586 926 995 993 παρεσύρησαν,
1029 929 1226 995 οἵτινες
1252 932 1314 1003 δὴ
1346 936 1437 987 καὶ
1479 939 1891 1009 παρεσύρησαν,

324 1013 405 1076 είς
462 1015 562 1084 τὴν
615 1016 928 1086 διαϐολικὴν
986 1022 1189 1092 ταύτην
1256 1027 1495 1097 ἀπάτην.
1549 1024 1657 1083 Ἦν
1710 1028 1803 1091 οὖν
1864 1036 1896 1104 ἠ

324 1104 548 1176 τοιαύτη
584 1108 807 1163 ἀσέϐεια
838 1112 931 1165 ἐπὶ
956 1114 1171 1182 χρόνοις
1222 1117 1427 1183 ἱκανοῖς
1453 1126 1806 1196 κρυπτομένη
1835 1145 1894 1181 τε

322 1198 418 1248 καὶ
469 1196 831 1263 λανθάνουσα,
865 1204 1365 1277 προμηθευσαμένη
1406 1211 1465 1264 δὲ
1515 1213 1547 1283 ἡ
1600 1219 1894 1287 μετριότης

319 1288 500 1355 ἡμῶν,
527 1290 766 1360 Χριστοῦ
799 1295 1003 1363 χάριτι,
1032 1300 1172 1352 κατά
1216 1300 1275 1353 τὺ
1320 1304 1468 1367 είκὸς
1498 1304 1590 1358 καὶ
1614 1306 1701 1360 διὰ
1731 1324 1895 1376 φρον-

316 1378 461 1442 τίδος
517 1386 894 1458 ποιησαμένη,
954 1387 1095 1442 ὥστε
1154 1395 1438 1465 καταφανῆ
1497 1397 1591 1451 καὶ
1649 1401 1893 1471 φανερὰν

316 1472 572 1563 γενέσθαι
624 1476 722 1546 τὴν
779 1479 1037 1551 τοιαύτην
1083 1486 1614 1559 συγκεκαλυμμένην
1657 1492 1885 1563 πλάνην,

319 1561 466 1625 μετά
494 1564 592 1631 τῆς
626 1569 1009 1641 προσηκούσης
1056 1574 1324 1646 πρότερον
1364 1581 1741 1647 παραινέσεως
1770 1561 1894 1654 έξίΓ

314 1667 483 1719 νεγκε
535 1656 629 1709 καὶ
664 1657 831 1729 βάρος
882 1663 1337 1733 ἑκκλησιαστικοῦ
1379 1670 1683 1740 έπιτιμίου,
1724 1675 1819 1727 καὶ
1860 1676 1889 1728 ὁ

316 1739 419 1811 τὴν
475 1750 749 1817 σωτηρίαν
795 1752 1051 1808 ἁπάντων
1108 1739 1635 1831 πραγματευόμενος
1667 1739 1890 1834 Κύριος

315 1835 414 1887 καὶ
470 1839 539 1891 τά
601 1842 817 1897 ἐναντία
858 1844 948 1899 διὰ
995 1846 1103 1901 τῶν
1148 1849 1403 1905 ἐναντίων
1446 1853 1745 1923 οἰκονομῶν
1788 1857 1889 1910 οὐκ

2005 665 2098 717 καὶ
2142 667 2240 737 τὴν
2273 670 2391 739 μετ’
2424 672 2671 741 ἀλλήλων
2720 674 3012 746 ἐπαινετὴν
3061 678 3287 747 εἰρήνην
3317 681 3408 732 καὶ
3442 683 3575 746 ἀγά‹

2003 772 2134 825 πην,
2175 763 2515 831 μεμνημένοι
2568 764 2660 816 τοῦ
2716 766 2951 835 μεγάλου
3009 768 3313 821 ἀποστόλου
3359 771 3571 823 Παύλου

2002 847 2371 913 διδάσκοντοςο
2444 853 2750 922 Ἀδελφοί,
2806 858 3057 924 εἰρήνην
3129 858 3371 912 διώκετε
3422 860 3571 927 μετὰ

2001 938 2243 993 πάντων
2298 945 2393 997 καὶ
2448 945 2562 998 τὸν
2619 948 2942 1016 ἁγιασμόν,
3007 943 3080 1004 οὗ
3139 951 3318 1019 χωρὶς
3371 951 3574 1015 οὐδεὶς

2001 1031 2179 1100 δψετε
2233 1033 2343 1086 τὸν
2392 1036 2629 1103 Κύριον.
2664 1039 2773 1091 Καὶ
2836 1041 2978 1093 κατά
3027 1041 3121 1094 τὸν
3177 1043 3338 1095 αὑτὸν
3394 1044 3569 1110 μέγαν

2013 1125 2339 1182 Ἀπόστολον
2378 1131 2769 1201 ὲπεκτείνησθε
2832 1136 2947 1196 τοῖς
3006 1133 3317 1202 ἔμπροσθεν
3374 1134 3564 1195 καλοῖς

1998 1217 2180 1287 ἔργοις
2214 1220 2310 1273 καὶ
2346 1220 2761 1290 κατορθώμασι,
2791 1224 2884 1277 καὶ
2933 1223 3239 1294 ἑνθυμῆσθε
3279 1224 3340 1277 τὸ
3370 1225 3569 1293 ἐπίκη-

2001 1327 2091 1377 ρον
2126 1311 2217 1363 καὶ
2252 1310 2428 1380 βραχὺ
2487 1312 2590 1381 τῆς
2653 1313 2935 1383 παρούσης
2984 1315 3151 1383 ζωῆς,
3183 1316 3282 1376 τάς
3331 1332 3389 1367 τε
3442 1317 3567 1384 μελ-

1997 1401 2196 1464 λούσας
2242 1404 2501 1468 αἰωνίους
2553 1405 2662 1459 τῶν
2698 1406 2920 1473 ἀγαθῶν
2953 1407 3284 1477 κληρουχίας
3332 1407 3437 1459 τῶν
3468 1425 3567 1459 κα-

1994 1492 2104 1557 λῶς
2133 1496 2228 1548 καὶ
2254 1495 2598 1565 φθεαρέστως
2650 1498 2888 1552 ἐνταῦθα
2932 1498 3277 1567 βεϐιωκότων
3317 1501 3413 1551 καὶ
3466 1499 3567 1560 τὰς

1995 1582 2385 1652 ἀτελευτήτους
2422 1585 2676 1649 κολάσεις
2721 1587 2828 1640 τῶν
2879 1588 3268 1658 ἀμετανοητως
3311 1590 3566 1657 ἁμαρτα-

1994 1673 2215 1738 νόντων,
2249 1673 2336 1727 ἵνα
2390 1675 2480 1729 διὰ
2525 1676 2627 1744 τῆς
2658 1678 2832 1747 καλῆς
2890 1679 3047 1746 ὑμῶν
3094 1679 3441 1749 ἀναστροφῆς
3473 1680 3565 1732 καὶ

1993 1765 2274 1829 πολιτείας
2331 1767 2424 1819 καὶ
2481 1767 2884 1838 ὲκπληρώσεως
2951 1768 3061 1821 τῶν
3116 1768 3275 1821 θείων
3333 1768 3565 1821 ἐντολῶν

1993 1856 2284 1925 δοξάζηται
2312 1858 2373 1911 rb
2403 1858 2667 1925 πανάγιον
2707 1858 2877 1925 ὄνομα
2916 1858 3013 1911 τοῦ
3041 1857 3202 1919 Θεοῦ.
3234 1858 3556 1927 ἐδιδάχθητε

313 1928 599 2000 ἠνέσχετο,
639 1934 758 1988 οὐδὲ
790 1938 1182 2011 παρεχώρησεν
1211 1942 1302 1995 ἐπὶ
1349 1943 1510 1996 πλέον
1539 1916 1885 2016 συγκρύπτε-
1919 1916 1964 1975 Β
1995 1916 2079 2000 δὲ*
2106 1916 2202 1999 καὶ
2256 1949 2313 2000 ὲν
2341 1952 2406 2019 τῇ
2434 1948 2527 2002 τοῦ
2561 1916 2736 2016 ’ἁγίου
2770 1916 3149 2019 βαπτίσματος
3176 1916 3424 2019 ἀποταγῆ
3456 1916 3565 2002 τῶν

316 2019 443 2074 σθαι
471 2026 567 2078 καὶ
611 2024 892 2081 λανθάνειν
938 2031 1004 2084 τά
1047 2034 1312 2103 εἰρημένα
1346 2036 1444 2105 τῆς
1484 2038 1887 2110 Ἀμαραντίνης

314 2116 779 2185 κακουργήματα,
831 2120 967 2175 ἀλλά
1014 2126 1133 2186 ταῖς
1184 2126 1342 2194 ἡμῶν
1391 2127 1501 2182 τῶν
1545 2128 1885 2199 ἁμαρτωλῶν

313 2204 414 2257 καὶ
463 2206 699 2271 ἀναξίων
758 2210 961 2265 δούλων
1013 2215 1176 2269 αὑτοῦ
1229 2219 1420 2289 εὐχαῖς
1485 2221 1580 2273 καὶ
1635 2221 1887 2293 δεήσεσιν

314 2295 713 2368 ὲπικαμφθεὶς,
743 2303 819 2366 ώς
858 2304 1195 2376 εὔσπλαχνος
1234 2310 1394 2379 φύσει
1446 2313 1537 2365 καὶ
1585 2312 1901 2383 φιλοικτίρ-

317 2402 461 2455 μων,
498 2390 579 2453 είς
612 2393 775 2461 μέσον
819 2400 1196 2468 παρεσκεύασε
1244 2401 1418 2455 ταῦτα
1458 2403 1885 2476 θριαμϐευθῆναι

316 2477 419 2529 καὶ
470 2482 872 2555 ἀπελεγχθῆναι
911 2490 1002 2542 καὶ
1029 2490 1116 2544 διὰ
1160 2491 1321 2561 τῆσδε
1349 2493 1448 2562 τῆς
1485 2494 1887 2565 Ἀμαραντίνης

315 2569 428 2620 ἀπὸ
479 2572 746 2641 στόματος
792 2577 1276 2651 ἀνομολογησάσης
1310 2584 1400 2636 ἐπὶ
1440 2584 1538 2654 τῆς
1586 2588 1708 2640 καθ’
1738 2589 1887 2657 ἡμᾶς

314 2660 473 2726 θείας
529 2668 623 2720 καὶ
678 2670 829 2739 ἱερᾶς
881 2673 1099 2727 συνόδου
1150 2677 1244 2729 καὶ
1298 2676 1365 2730 δι’
1421 2679 1624 2748 ἑτέρων
1676 2681 1885 2735 πολλῶν

318 2756 789 2825 προσδραμόντων
830 2765 894 2832 τῇ
948 2767 1099 2835 κοινῇ
1153 2768 1323 2837 μητρὶ
1368 2770 1433 2839 τῇ
1464 2768 1557 2821 τοῦ
1589 2770 1722 2824 Θεοῦ
1765 2770 1903 2824 Ἐκ-.

316 2845 542 2918 κλησία,
568 2849 646 2920 τῷ
676 2853 841 2923 κοινῷ
889 2854 997 2908 τῶν
1036 2855 1223 2927 ψυχῶν
1274 2861 1515 2930 ἰατρείῳ,
1547 2862 1641 2913 καὶ
1696 2862 1886 2930 ἐξομο-

319 2939 553 3010 λόγησιν
579 2942 825 3015 καθαρὰν
872 2951 1258 3019 ποιησαμένων
1289 2953 1383 3007 καὶ
1425 2954 1561 3020 πρὸς
1590 2953 1886 3022 θεραπείαν

321 3030 420 3084 καὶ
472 3032 763 3102 ὲξιλασμδν
813 3040 1161 3111 προσήκοντα
1191 3044 1459 3099 λαϐόντων
1512 3047 1709 3099 καὶτὰ
1742 3049 1884 3118 φάρ-

327 3139 501 3192 μακα.
534 3124 704 3180 Τοῦτο
741 3129 795 3181 δὲ
842 3132 1065 3198 γέγονεν
1116 3134 1333 3206 εὐδοκία
1382 3136 1545 3200 Θεοῦ,
1582 3138 1658 3202 ὡς
1706 3141 1772 3193 ἂν
1810 3139 1886 3209 μὴ

324 3213 555 3268 καθόλου
586 3217 647 3270 rb
678 3219 786 3271 τῶν
831 3221 1176 3291 Χριστιανῶν
1226 3226 1495 3296 ἀπόληται
1525 3228 1702 3296 γένος,
1735 3232 1887 3302 ἐνερ-

325 3307 611 3375 γουμένων
638 3308 734 3361 καὶ
760 3309 837 3363 ἔτι
871 3311 982 3365 τῶν
1015 3315 1271 3366 τοιούτων
1296 3316 1575 3388 ,θεομισῶν
1607 3318 1894 3389 ἀσεϐημά-

325 3398 435 3451 τῶν
489 3400 583 3452 καὶ
632 3403 958 3471 μιασμάτων
984 3421 997 3436 ⁸
1031 3406 1119 3459 διὰ
1164 3408 1336 3462 ταῦτα
1370 3410 1478 3480 γὰρ
1508 3410 1746 3480 ἐπῆλθον
1789 3414 1896 3466 ἀπὸ

323 3488 426 3556 τῆς
482 3488 743 3556 θεηλάτου
776 3496 867 3547 καὶ
897 3494 1111 3559 δικαίας
1154 3498 1324 3567 ὀργῆς
1368 3498 1427 3564 ἐξ
1470 3501 1896 3571 ἀγανακτήσεως

323 3579 380 3631 οτ
404 3596 463 3631 τε
500 3579 648 3661 λιμοὶ
678 3584 773 3637 καὶ
802 3584 981 3655 λοιμοὶ
1024 3588 1220 3641 ἐκεῖνοι
1261 3588 1354 3642 καὶ
1386 3590 1436 3643 οί
1470 3591 1567 3659 τῆς
1614 3590 1715 3661 γῆς
1762 3592 1895 3645 ἀνα-

322 3656 704 3743 τιναγμοΓκαὶ
735 3682 972 3748 σεισμοὶ,
1007 3682 1071 3732 ὲκ
1101 3680 1368 3749 θεμελίων
1398 3656 1602 3752 ταύτην
1627 3656 1896 3759 σαλεύον-

322 3782 439 3831 τες,
475 3768 568 3819 καὶ
621 3770 677 3820 αί
734 3770 834 3838 τῆς
882 3770 1157 3842 θαλάσσης
1205 3774 1434 3843 φοϐεραὶ
1485 3770 1747 3845 ὲκδρόμαὶ
1801 3777 1898 3829 καὶ

324 3860 660 3927 Emi/665w,
716 3861 1071 3935 βρυχωμένης
1113 3865 1301 3939 ὥσπερ
1331 3870 1388 3921 ὲν
1421 3867 1578 3939 θυμῷ
1622 3871 1715 3922 καὶ
1754 3849 1899 3938 παρλ

325 3951 631 4022 ερχομένης
678 3954 747 4006 τά
792 3956 992 4027 ἑαυτῆς
1038 3958 1183 4029 ὅρια,
1271 3959 1363 4013 καὶ
1415 3960 1464 4011 οί
1518 3959 1897 4030 κατακλυσμοὶ

326 4045 425 4096 καὶ
484 4045 534 4097 οἱ
597 4046 965 4117 ὲνσκήψαντες
1028 4051 1371 4120 ἑμπρησμοὶ,
1405 4051 1495 4103 καὶ
1546 4052 1596 4102 οἱ
1649 4050 1895 4103 τοσοῦτοι

328 4138 587 4208 ἐμφύλιοι
615 4140 863 4212 πόλεμοι,
907 4142 999 4194 καὶ
1031 4144 1063 4213 ἡ
1092 4142 1494 4212 ἀπροσδόκητος
1525 4141 1769 4212 ῥομφαία
1802 4140 1896 4194 τοῦ

329 4232 648 4299 θανατικοῦ,
688 4236 783 4289 καὶ
829 4236 858 4288 ὁ
884 4236 1043 4305 φόνος
1091 4237 1199 4289 τῶν
1227 4235 1513 4304 ὁμοφύλων
1554 4235 1897 4305 Χριστιανῶν

328 4327 579 4394 ἀδελφῶν
613 4328 707 4383 καὶ
739 4329 982 4398 γνησίων
1014 4328 1293 4397 συγγενῶν
1336 4327 1427 4380 ὑπ’
1458 4327 1723 4401 ἀλλήλων,
1760 4329 1895 4395 φεῦί

329 4422 459 4476 καθ’
488 4424 726 4491 ἑκάστην
754 4423 1150 4492 φονευομένων,
1172 4422 1554 4492 ἀγνοησάντων
1584 4422 1711 4483 τοὺς
1741 4422 1900 4491 ὅρους

329 4516 428 4586 τῆξ
465 4518 698 4584 φύσεως,
736 4516 841 4568 ὑπὸ
883 4515 983 4582 τῆς
1028 4515 1138 4568 τοῦ
1170 4514 1416 4568 διαϐόλου
1476 4513 1901 4584 φρενοϐλαϐείας

2002 2038 2309 2092 σατανικῶν
2349 2038 2529 2108 ἔργων
2559 2042 2655 2092 καὶ
2699 2042 2764 2110 τῇ
2796 2040 2891 2092 τοῦ
2922 2040 3165 2106 Χριστοῦ
3215 2043 3455 2110 συνταγῇ
3497 2042 3566 2093 τὰ

2000 2130 2303 2200 ἀρέσκοντα
2359 2132 2436 2201 τῷ
2483 2132 2601 2200 Θεῷ
2627 2134 2721 2185 καὶ
2759 2132 2857 2200 τὴν
2904 2133 3013 2184 τῶν
3062 2131 3249 2184 κακῶν
3275 2132 3567 2200 ἀποφυγὴν

1999 2222 2095 2274 καὶ
2143 2220 2515 2292 ἀλλοτρίωσιν.
2578 2222 2911 2293 Φοϐηθῶμεν
2971 2223 3184 2287 τοίνυν,
3243 2224 3561 2290 ἀγαπητοὶ,

1999 2314 2096 2366 καὶ
2126 2316 2417 2385 ἀποστὴτω
2466 2316 2694 2378 ἕκαστος
2745 2316 2853 2368 ἀπὸ
2902 2315 3010 2368 τῶν
3076 2315 3334 2385 πονηρῶν
3389 2314 3564 2383 ὑμῶν,

1999 2406 2095 2460 καὶ
2145 2407 2219 2475 μὴ
2254 2408 2636 2476 καταδεχέσθω
2671 2407 3089 2476 συναπάγεσθαι
3140 2410 3254 2470 τοῖς
3304 2407 3399 2460 τοῦ
3446 2408 3565 2460 δισ-

1998 2496 2154 2550 ϐόλου
2206 2498 2590 2565 θεραπευταῖς,
2624 2499 2759 2552 ἀλλά
2827 2499 3175 2565 σωυδαζέτω
3219 2498 3318 2567 τὴν
3370 2497 3566 2551 ἑαυτοῦ

1996 2588 2175 2659 ψυχὴν
2231 2589 2328 2659 τῆς
2379 2590 2603 2642 αἰωνίου
2666 2592 3053 2660 κατακρίσεως
3114 2589 3562 2659 περισώσασθαι·

1997 2681 2305 2748 γέγραπται
2359 2682 2507 2752 γάρ,
2565 2683 2650 2733 ὅτι
2714 2684 2915 2745 πάντες
2970 2681 3438 2751 παραστησόμεθα
3490 2680 3568 2749 τῷ

2001 2772 2205 2841 βήματι
2246 2772 2341 2826 τοῦ
2376 2774 2637 2845 Χριστοῦ,
2685 2776 2771 2830 ἵνα
2803 2777 3096 2847 κομίσηται
3149 2776 3383 2837 ἕκαστος
3432 2772 3568 2844 πρὸς

1996 2862 2024 2915 ὃ
2054 2862 2308 2931 ἔπραξεν,
2337 2863 2448 2916 εἴτε
2483 2865 2709 2932 ἀγαθὸν,
2738 2866 2850 2918 εἴτε
2898 2866 3158 2936 πονηρὸν,
3197 2866 3321 2917 ἐπεὶ
3370 2863 3465 2917 καὶ
3510 2863 3567 2915 αί

1999 2954 2143 3007 κατά
2188 2954 2250 3007 rb
2307 2954 2485 3019 θετον,
2533 2956 2611 3018 ὡς
2662 2957 2900 3028 εἴρηται,
2963 2956 3250 3027 βάπτισμα
3302 2955 3567 3023 συνθῆκαι

1997 3043 2093 3095 καὶ
2151 3045 2410 3111 συνταγαὶ
2479 3044 2711 3116 μεγάλαι
2787 3047 2882 3100 καὶ
2936 3048 2985 3099 οί
3041 3048 3319 3116 μάρτυρες
3382 3043 3567 3106 αἰδοῦς

1999 3133 2179 3186 ἱκανοὶ
2230 3133 2448 3202 ἄγγελοι
2477 3151 2490 3166 ο
2518 3136 2615 3189 καὶ
2659 3135 2768 3206 γάρ
2797 3136 2939 3189 κατὰ
2990 3136 3082 3189 τὸν
3113 3134 3303 3209 καιρὸν
3353 3136 3567 3186 ἐκεῖνον

1994 3224 2096 3292 τὴν
2153 3225 2440 3295 ὁμολογίαν
2491 3228 2884 3297 ἐγγράφουσιν,
2913 3227 2980 3298 ἢν
3020 3227 3117 3281 καὶ
3167 3226 3567 3299 ἀπαραιτήτως

1997 3315 2487 3387 ἀπαιτηθησόμεθα
2534 3319 2593 3371 ὲν
2626 3320 2693 3389 τῇ
2745 3318 2953 3389 φοϐερᾷ
3008 3321 3285 3388 παρουσίᾳ
3328 3316 3420 3370 τοῦ
3463 3316 3568 3370 Κυ-

2000 3408 2118 3477 ρίου
2149 3409 2244 3462 καὶ⁵
2275 3409 2410 3463 Θεοῦ
2475 3409 2570 3463 καὶ
2606 3409 2861 3481 Σωτῆρος
2893 3411 3051 3481 ἡμῶν
3099 3408 3274 3479 Ἰησοῦ
3322 3408 3562 3476 Χριστοῦ

1996 3499 2054 3551 ὲν
2082 3500 2147 3569 τῇ
2174 3499 2359 3571 ἡμέρᾳ.
2385 3501 2483 3570 τῆς
2521 3500 2822 3571 μελλούσης
2865 3500 3302 3564 ἀνταποδόσεως.
3346 3500 3441 3562 Τίς
3470 3498 3565 3551 οὖν

1997 3593 2058 3646 οὐ
2102 3592 2291 3663 τρέμει
2332 3593 2394 3647 τὸ
2433 3593 2747 3662 λογοθέσιον
2792 3594 2971 3647 έκεῖνο
3023 3592 3084 3646 τὸ
3117 3594 3261 3663 μέγα
3308 3594 3403 3646 καὶ
3448 3593 3568 3645 ἀδέ-

1999 3666 2218 3752 καστον,
2247 3688 2337 3739 ὅτε
2386 3684 2856 3756 παραστησόμεθα
2904 3685 3102 3755 γυμνοὶ
3155 3685 3249 3738 καὶ
3298 3702 3568 3755 τετραχη-

1998 3779 2246 3850 λισμένοι
2275 3780 2368 3832 ἐπὶ
2408 3779 2503 3832 τοῦ
2535 3776 2770 3847 φοϐεροῦ
2804 3778 2900 3831 καὶ.
2946 3776 3386 3848 ἀπαραλογίστου
3446 3794 3568 3844 κρι-

1998 3872 2191 3943 τηρίου
2227 3871 2456 3937 ἐκείνου,
2477 3871 2632 3938 λόγον
2660 3868 3056 3938 ἀπαιτούμενοι
3098 3867 3207 3920 τῶν
3242 3868 3569 3937 πεπραγμέ-

1998 3982 2140 4031 νωνς
2197 3953 2263 4017 Τί
2331 3964 2547 4032 λέγεις,
2612 3962 2867 4030 ἄνθρωπε
2886 3980 2901 4027 ;
2963 3961 3103 4022 Χθὲς
3167 3960 3428 4024 ἀπετάξω
3491 3959 3569 4028 τῷ

2001 4058 2212 4127 Σατανᾷ
2246 4058 2341 4109 καὶ
2380 4057 2512 4108 πᾶσι
2551 4057 2663 4118 τοῖς
2692 4054 2877 4123 ἔργοις
2905 4052 3093 4133 αύτοῦ,
3127 4054 3221 4106 καὶ
3250 4052 3326 4121 τῷ
3349 4051 3570 4121 Χριστῷ

2003 4150 2301 4215 συνετάξω,
2331 4148 2427 4202 νῦν
2457 4149 2513 4201 δὲ
2544 4149 2887 4218 θεραπευτὴς
2917 4148 3103 4216 ἐγένου
3147 4145 3243 4199 τοῦ
3291 4144 3565 4199 διαϐόλου.

2001 4241 2076 4294 Οὐ
2110 4240 2285 4308 φοϐεῖ,
2316 4240 2440 4293 οὐδὲ
2482 4242 2746 4311 τρέμεις;
2798 4240 2940 4310 Πρὸς
2988 4239 3111 4293 τίνα
3147 4237 3247 4298 τὰς
3295 4236 3570 4304 συνθήκας

2002 4335 2303 4404 ὲποίησας;
2333 4334 2448 4386 Ούκ
2479 4332 2719 4403 ῆκουσας
2771 4331 2869 4400 τὴν
2908 4332 3180 4399 ἀπόφασιν
3208 4329 3307 4398 τήν
3331 4343 3346 4359 ·
3396 4328 3573 4380 Ἀπο-

2001 4427 2242 4497 χωρεῒτε
2277 4425 2380 4481 ἀπ’
2428 4425 2597 4496 ἐμοῦ,
2633 4426 2855 4491 πάντες
2912 4427 2970 4478 οἱ
2999 4423 3235 4494 ἐργάται
3284 4422 3392 4491 τῆς
3429 4424 3573 4477 ἀνο-

1998 4522 2162 4589 μίας,
2194 4522 2290 4575 καὶ
2323 4522 2404 4574 ὅτι
2454 4523 2483 4573 ὀ
2517 4520 2734 4591 σκώληξ
2768 4519 2947 4572 αὐτῶν
2981 4520 3042 4572 ού
3089 4519 3338 4585 τελευτᾷ,
3371 4520 3463 4571 καὶ
3509 4518 3572 4570 rb

332 4610 430 4661 καὶ
463 4608 496 4679 ἡ
531 4608 680 4677 παρὰ
712 4606 819 4660 τῶν
872 4606 1163 4677 βαρϐάρων
1194 4609 1288 4659 καὶ
1323 4606 1534 4659 ἀσεϐῶν
1563 4605 1773 4675 ἐχθρῶν
1792 4606 1899 4677 ,καὶ
1932 4632 1976 4688 ο
2003 4613 2115 4683 πῦρ
2179 4614 2360 4667 αὐτῶν
2431 4613 2492 4666 οὐ
2553 4613 2858 4677 σϐέννυται,
2919 4613 3035 4674 καὶ,
3074 4610 3321 4680 ’Δήσατε
3382 4609 3571 4665 αὑτοῦ

332 4699 511 4754 ἀθέων
538 4698 842 4753 ἐπελθοῦσα
891 4698 1100 4769 χαλεπὴ
1148 4700 1242 4751 καὶ
1288 4698 1500 4767 μεγάλη
1551 4698 1900 4766 αίχμαλωσία

332 4794 429 4848 καὶ
464 4795 490 4845 ὀ
522 4791 830 4860 ἀφανισμὺς
869 4789 964 4843 καὶ
1017 4791 1051 4859 η
1096 4789 1270 4858 φθορά
1300 4792 1392 4841 καὶ
1435 4789 1469 4857 ἡ
1520 4787 1803 4856 διασπορὰ,
1834 4786 1902 4854 ἢν

336 4888 552 4955 ὑπέστη
595 4887 689 4940 καὶ
747 4885 1037 4954 ὑφίσταται
1073 4884 1273 4947 ἀθλίως
1318 4883 1376 4935 rb
1418 4883 1527 4936 τῶν
1556 4881 1900 4951 Χριστιανῶν

335 4982 513 5048 γένος,
547 4980 675 5049 περὶ
724 4973 799 5032 ὧν
831 4975 955 5031 οὔτε
1000 4978 1217 5031 ἀκούειν
1259 4974 1506 5040 δυνατὸν,
1544 4973 1668 5027 οὕτε
1718 4973 1897 5040 λέγειν

335 5072 622 5143 ἀδακρυτί.
654 5074 751 5125 Διά
782 5071 953 5126 ταῦτα
990 5068 1289 5140 παρακαλῶ
1317 5069 1461 5135 ὑμᾶς
1488 5067 1581 5118 καὶ
1633 5068 1695 5119 ἐκ
1728 5065 1900 5134 μέσης

336 5165 437 5235 τῆς
475 5165 652 5235 ψυχῆς
702 5163 1027 5235 παρακαλῶ,
1054 5161 1218 5215 τέκνα
1251 5176 1351 5228 μου
1405 5161 1461 5211 ἐν
1509 5156 1728 5228 Χριστῷ
1758 5160 1897 5223 ἀγα-

340 5261 512 5329 πητὰ,
546 5257 632 5309 ἵνα
664 5255 1027 5325 ὲπιστρέψητε
1064 5254 1290 5315 ἕκαστος
1323 5252 1490 5319 ὑγιῶς
1539 5250 1635 5303 καὶ
1665 5249 1903 5317 γνησίως

338 5352 433 5404 καὶ
472 5350 529 5415 ἐξ
555 5350 680 5420 δλης
710 5348 887 5418 ψυχῆς
916 5351 1008 5400 καὶ
1038 5344 1275 5406 διανοίας
1302 5344 1434 5414 πρὸς
1460 5342 1594 5395 Θεὸν
1624 5341 1711 5393 τὸν
1742 5340 1903 5408 μόνον

341 5441 538 5504 σώζειν
590 5441 911 5509 δυνάμενον,
965 5440 1062 5491 καὶ
1106 5437 1265 5506 ἔχητε
1322 5436 1425 5506 πρὸ
1477 5433 1769 5502 ὀφθαλμῶν
1812 5432 1903 5484 τὸν

336 5534 503 5601 φόϐον
534 5534 720 5601 αὑτοῦ,
766 5536 861 5586 καὶ
890 5533 1217 5602 προσέχητε,
1255 5530 1370 5591 πῶς
1416 5529 1770 5598 περιπατεῖτε
1810 5527 1904 5578 καὶ

316 5629 663 5696 ,συντηρεῖτε
717 5627 811 5679 καὶ
852 5625 1155 5694 φυλάσσετε
1205 5623 1435 5683 ἑαυτοὺς
1468 5620 1792 5689 ἀκλονήτους
1824 5620 1904 5680 εἰς

337 5722 437 5791 τὴν
468 5720 952 5790 πατροπαράδοτον
998 5717 1242 5786 καθαρὰν
1294 5718 1387 5768 καὶ
1433 5713 1712 5784 ὀρθόδοξον
1744 5713 1902 5764 εύσέσ

339 5816 493 5868 ϐειαν
528 5816 622 5867 καὶ
662 5814 844 5866 πίστιν
877 5811 1051 5881 ὑμῶν,
1086 5811 1181 5863 καὶ
1217 5806 1497 5879 ἀπέχησθε
1535 5805 1764 5859 καθόλου
1795 5804 1903 5855 ἀπὸ

257 5942 263 5947 ν
341 5909 440 5976 τῆς
471 5905 752 5977 ἐπιμιξίας
787 5906 878 5959 καὶ
907 5901 1321 5974 συμφιλιώσεως
1356 5901 1446 5952 καὶ
1475 5899 1755 5960 κοινωνίας
1796 5898 1900 5949 τῶν

2006 4705 2209 4774 χεῖρας
2239 4706 2335 4758 καί
2365 4703 2580 4769 πόδας,
2623 4703 2722 4757 καί
2754 4706 2975 4772 ῥίψατε
3004 4705 3092 4768 είς
3132 4704 3199 4755 τὸ
3246 4703 3467 4765 σκότος
3502 4703 3569 4753 τὸ

2002 4796 2328 4862 ἐξώτερονς
2372 4796 2436 4847 Τί
2468 4794 2643 4848 ταῦτα
2666 4793 3106 4863 περιφρονιοῦμεν
3138 4793 3213 4853 ὡς
3244 4792 3318 4860 μὴ
3346 4792 3574 4845 ἀκούον-

2002 4902 2133 4951 τες;
2173 4887 2238 4938 Τί
2284 4885 2375 4938 τὸν
2406 4886 2597 4954 καιρὸν
2641 4884 2739 4952 τῆς
2790 4883 3080 4953 μετανοίας
3113 4881 3566 4950 ἀναϐαλλόμεθι;

2006 4977 2123 5031 Ἷνα
2160 4976 2212 5029 τί
2256 4977 2316 5029 ού
2370 4975 2732 5045 φροντίζομεν
2789 4974 2888 5042 τῆς
2946 4973 3102 5041 ἡμῶν
3137 4972 3430 5040 σωτηρίας,
3460 4972 3569 5030 ἕως

2004 5067 2233 5138 καιρό;;
2268 5066 2464 5136 Αὔριον
2497 5065 2617 5136 ἣξει
2667 5066 2775 5119 ἀπὸ
2807 5064 2902 5119 τοῦ
2958 5065 3187 5118 θανάτου
3240 5064 3414 5125 τέλος,
3471 5066 3570 5117 καὶ

2004 5162 2102 5214 οὐκ
2141 5162 2290 5213 ἔστιν
2322 5162 2379 5213 ὲν
2404 5158 2481 5229 τῷ
2509 5158 2613 5231 ᾅδῃ
2646 5159 2922 5228 μετάνοια,
2959 5158 3078 5209 οὐδὲ
3126 5154 3429 5225 ἐπιστροφὴ
3468 5156 3564 5207 καὶ

2004 5255 2411 5325 ἐξομολόγησις,
2441 5252 2578 5309 ἀλλὰ
2604 5251 2881 5321 κάθειρξις
2908 5249 3162 5325 διηνεκὴς
3206 5248 3300 5300 καὶ
3330 5246 3570 5299 ἀνταπό-

2006 5348 2151 5409 δοσις
2222 5347 2329 5398 τῶν
2392 5346 2624 5399 ἑκάστου
2677 5342 3205 5414 πλημμελημάτων·
3260 5341 3307 5393 εί
3364 5358 3415 5392 τι
3476 5338 3572 5392 οῦν

2004 5441 2129 5506 ἐμοὶ
2173 5439 2470 5503 πείθοισθε,
2504 5438 2670 5490 τέκνα
2722 5452 2822 5505 μου
2878 5433 3139 5503 ἀγαπητά
3171 5432 3263 5485 καὶ
3301 5431 3444 5499 φίλοι
3475 5432 3571 5483 καὶ

2005 5532 2247 5599 ἀδελφοὶ,
2272 5530 2635 5599 ἐπιστρέψατε
2692 5529 2784 5581 καὶ
2830 5526 3096 5593 ἐπίγνωτε
3139 5525 3228 5578 διὰ
3273 5526 3369 5595 τῆς
3406 5543 3575 5594 μετα-

2007 5620 2156 5683 νοίας
2186 5623 2279 5674 καὶ
2306 5621 2543 5695 ψυχικῆς
2577 5616 2925 5682 κατανύξεως
2955 5618 3017 5668 ὲν
3046 5614 3308 5685 συντριϐῇ
3340 5616 3569 5685 καρδίας

2006 5715 2099 5765 καὶ
2152 5710 2426 5781 πνεύματι
2473 5708 2857 5769 ταπεινώσεως
2913 5708 3004 5759 τὸν
3048 5706 3271 5775 Κύριον,
3309 5705 3375 5756 ἵν’
3432 5704 3575 5756 οὕτω

2006 5786 2100 5858 καὶ
2132 5805 2240 5856 τῶν
2272 5801 2697 5872 ἐπηγγελμένων
2747 5799 2971 5866 ἀγαθῶν
3025 5798 3350 5869 κληρονόμοι
3398 5800 3573 5862 γένοι-

2010 5896 2123 5959 σθε,
2157 5894 2192 5947 ἀ
2221 5895 2515 5965 ἡτοίμασεν
2555 5896 2581 5946 ὁ
2614 5892 2743 5955 Θεὸς
2790 5893 2904 5954 τοῖς
2934 5892 3285 5960 ἀγαπήσασιν
3315 5890 3480 5940 αὑτὸν
3512 5889 3573 5938 ἐκ
