3918 6564
305 285 438 352 ισιιτς

1136 307 1481 369 (ΣᾹΙιΙᾸδΤΙ
1528 310 1626 371 ET
1671 312 2095 378 PHILOTHEI
2128 316 2237 382 (ΣΡ.
2270 322 2729 389 PATRIARCH.

3415 325 3551 392 13M

297 406 409 464 κῶς
436 406 528 456 καὶ
552 405 713 511 θεξινς
741 413 832 464 καὶ
854 404 1195 511 ἡγνισμένως
1223 422 1316 475 καὶ
1343 426 1483 491 μετά
1507 426 1878 500 καθαρότητος
1908 454 1951 505 Α
1984 437 2076 489 καὶ
2121 436 2339 504 μακρὰν
2381 439 2847 511 ἀποῤῥιφήσεται,
2893 441 2969 503 ὡς
3011 440 3227 507 ἀνάξιος
3268 443 3412 494 κατὰ
3449 440 3551 511 τὴν

296 498 794 603 ῗρθῗαρμῗζοὺσηξ
827 507 1054 603 τῗῖςξῷ,
1079 509 1199 579 Θεῷ
1233 512 1489 581 ξερῖίῖσθσην
1520 517 1747 588 λακοῢςι
1772 498 1872 574 λιαὶ
1908 498 1953 561 ᾖ
1976 498 2274 599 κανονικὴν
2305 498 2695 601 παρατῆρησίν
2725 551 2784 586 τε
2817 498 2914 587 καὶ
2942 498 3372 603 παρακέλευσιν.

296 590 482 656 δοχεῖα
520 588 675 644 οὖσιν
714 596 901 652 αὐτοῦ.
933 599 1125 653 Ἔνθεν
1164 621 1241 657 τοι
1286 608 1379 660 καὶ
1421 610 1519 676 τῆς
1564 612 1872 681 κρείττονος

295 681 552 748 τυχόντες
592 683 641 734 οἱ
684 685 849 773 ἱερεῖς
891 690 1094 756 τάξεως
1140 695 1344 750 καθ’ὃν
1382 700 1597 770 εἴρηται
1642 704 1866 773 τρόπον,

294 770 606 836 ὀφείλουσιν
650 770 867 841 πάντως
916 786 1142 851 κοσμεῖν
1190 788 1419 854 ἑαυτοὺς
1471 796 1566 847 καὶ
1608 798 1720 859 τοῖς
1762 797 1872 850 τῶν

296 862 727 958 ἀρετῶν-ἔργοις
759 869 1082 926 ἀπευθύνειν
1114 880 1193 940 είς
1228 880 1458 953 μίμησιν
1487 887 1628 939 κατά
1658 888 1719 940 τὸ
1753 891 1873 958 ἐφι-

295 952 424 1004 κτὸν
456 953 550 1006 τοῦ
585 958 801 1026 πρώτου
835 962 928 1013 καὶ
964 966 1202 1033 μεγάλου
1236 970 1542 1041 ἀρχιερέως
1577 976 1672 1029 καὶ
1703 977 1871 1031 καλοῦ

295 1046 575 1113 ποιμένος,
608 1049 816 1119 Κυρίου
848 1054 1004 1123 ήμῶν
1040 1046 1214 1127 Ἰησοῦ
1249 1063 1510 1132 Χριστοῦ,
1540 1068 1635 1121 τοῦ
1666 1072 1733 1123 τὰ
1766 1071 1871 1125 ῐδια

294 1135 548 1229 πρόϐατα
587 1140 883 1207 καλοῦντος
925 1149 1044 1200 κατ’
1069 1151 1238 1219 ὄνομα
1280 1155 1390 1208 ἀπὸ
1425 1158 1523 1227 τῆς
1563 1159 1707 1229 ζωῆς
1742 1163 1873 1216 ταύ-

292 1241 393 1294 της
428 1228 522 1327 ἐπὶ
557 1230 655 1299 τὴν
689 1232 991 1301 μέλλουσαν
1021 1243 1116 1294 καὶ
1146 1247 1259 1307 τοῖς
1292 1247 1525 1315 δικαίοις
1561 1254 1871 1327 ἀποκεκλη-

294 1319 554 1390 ρωμένην
580 1325 671 1375 καὶ
703 1324 1019 1383 ἀκολουθεῖν
1047 1336 1165 1386 κατ’
1194 1335 1338 1407 ἴχνος
1366 1342 1477 1404 τοῖς
1509 1342 1675 1408 θείοις
1704 1319 1869 1402 αὑτοῦ

293 1408 588 1481 διδάγμασι
631 1415 725 1469 καὶ
760 1422 876 1482 ταῖς
917 1423 1184 1490 ἐντολαῖς,
1222 1430 1360 1483 ἀλλά
1404 1436 1477 1504 μὴ
1512 1438 1630 1498 ταῖς
1669 1439 1729 1491 οὗ
1775 1457 1874 1493 κα-

291 1503 416 1569 λαῖς
450 1507 732 1575 βιωτικαῖς
767 1516 1124 1583 περιστάσεσι
1160 1523 1252 1574 καὶ
1280 1526 1394 1588 τοῖς
1421 1528 1630 1595 γηίνοις
1660 1532 1871 1597 τούτοις

295 1595 396 1649 καὶ
429 1601 793 1671 προσκαίροις
826 1613 1261 1679 προστετηκότες
1293 1619 1614 1686 χραίνεσθαι
1637 1663 1652 1687 ,
1684 1595 1868 1676 ἐντεῦξ

291 1687 385 1779 θεν
431 1692 527 1742 καὶ
576 1692 665 1744 τὸν
719 1695 822 1762 τῆς
871 1696 1052 1771 ψυχῆς
1102 1703 1383 1775 ὀφθαλμὸν
1431 1711 1727 1779 ἀμϐλύνειν
1776 1716 1869 1769 καὶ

2384 662 2413 733 ι-
2447 663 2769 736 ’Υπόσχεσις
2802 668 2909 720 τῶν
2946 652 3146 724 αὐτῶν.

2045 798 2113 850 Π.
2145 798 2187 870 1-
2224 799 2376 853 Ἐπεὶ
2404 802 2432 855 δ
2459 801 2881 871 παναγιώτατος
2907 804 3070 874 ἡμῶν
3095 804 3361 873 δεσπότης
3379 844 3392 869 ,
3422 805 3450 857 ό
3476 804 3553 857 οἱς

1976 892 2300 959 κουμενικὺς
2328 895 2697 966 πατριάρχης,
2725 898 2823 965 τῆς
2849 896 2960 949 τῶν
2985 898 3244 951 ἁπάντων
3275 898 3552 965 σωτηρίας

1975 980 2067 1033 καὶ
2094 981 2347 1049 εὐταξίας
2373 986 2704 1055 κηδόμενος,
2729 988 2805 1052 ὡς
2832 989 2940 1041 ἀπὸ
2967 989 3101 1043 Θεοῦ
3129 990 3551 1059 καταπεμφθεὶς

1973 1072 2055 1134 εἰς
2103 1074 2283 1125 κοινὸν
2328 1077 2608 1145 φωτισμὸν
2656 1079 2751 1132 καὶ
2798 1080 3093 1149 ἀγιασμὸν,
3143 1082 3243 1143 τὰς
3291 1081 3554 1149 ἀνωτέρω

1974 1163 2115 1215 κατά
2153 1164 2317 1232 μέρος
2349 1168 2649 1235 είρημένας
2683 1171 3038 1239 παραινέσεις
3071 1172 3163 1224 καὶ
3196 1172 3552 1232 διδασκαλίας

1975 1260 2435 1326 παρηγγυὴσατο,
2464 1259 2569 1311 ὑπὸ
2594 1260 2688 1313 τοῦ
2721 1262 2992 1328 παναγίου
3020 1262 3338 1331 Πνεύματος
3363 1262 3551 1314 κινού-

1977 1348 2134 1415 μενός
2165 1365 2223 1400 τε
2254 1349 2351 1402 καλ⁸
2384 1350 2782 1420 ὁδηγούμενος,
2814 1350 2881 1414 ἃς
2909 1353 3005 1406 καὶ
3030 1352 3103 1415 ὡς
3134 1355 3232 1406 ἀπ’
3256 1353 3423 1407 αὐτοῦ
3453 1354 3545 1406 τοῦ

1972 1436 2108 1489 Θεοῦ
2149 1438 2452 1508 ἐδεξάμεθα
2492 1441 2805 1511 ὀλοψύχως,
2852 1442 3271 1512 ὑπισχνούμεθα
3310 1445 3410 1515 ἤδη
3455 1446 3547 1510 ἐγ·-

1972 1530 2234 1596 γράφως,
2285 1533 2371 1585 ἵνα
2423 1534 2784 1604 φυλάττωμεν
2833 1536 2928 1598 τὰς
2977 1536 3235 1598 τοιαύτας
3280 1536 3551 1601 διατάξεις

1973 1623 2067 1674 καὶ
2093 1623 2471 1687 ὑποτυπώσεις
2500 1626 2955 1697 ἀπαραποιήτους
2976 1645 3036 1680 τε
3068 1630 3164 1681 καὶ
3191 1626 3551 1696 ἀπαραθραύ-

1974 1730 2153 1778 στους,
2185 1716 2281 1768 καὶ
2312 1716 2709 1787 συντηρώμεθα
2739 1724 2881 1772 κατὰ
2914 1720 3090 1774 πάντα
3123 1720 3217 1771 ἐπὶ
3248 1723 3312 1789 τῇ
3348 1718 3552 1771 τούτων

290 1778 433 1878 oti-:11.)
466 1779 582 1849 βίον
613 1782 888 1878 αἱρεῖσθαι
918 1787 1199 1859 ἀπᾴδοντα
1230 1798 1325 1849 καὶ
1358 1796 1432 1867 μὴ
1468 1778 1866 1869 συμφωνοῦντα
1900 1803 1942 1857 Β
1969 1805 2243 1877 ἀσφαλείᾳ
2285 1808 2379 1859 καὶ
2422 1778 2788 1878 ἐκπληρώσει.
2833 1810 2960 1863 Ἐὰν
3002 1811 3081 1875 δὲ,
3123 1811 3262 1878 ὅπερ
3286 1778 3551 1878 "du-£916-

289 1870 369 1940 τῷ
413 1871 677 1964 ἱερατικῷ
721 1877 984 1947 σχήματι,
1019 1883 1094 1945 ὡς
1127 1887 1194 1956 τῇ
1239 1889 1388 1961 αἰτίᾳ
1422 1893 1593 1963 ταύτῃ
1635 1895 1869 1964 συμϐαἱο

288 1961 448 2055 νειν,⁹
472 1961 571 2034 τὴν
619 1966 717 2035 μὲν
764 1969 1016 2036 γλῶσσαν
1062 1975 1336 2049 ἐπιρῤεπῆ
1386 1982 1521 2052 πρὸς
1567 1961 1629 2037 τὸ
1675 1961 1869 2055 ψεῦδος

287 2052 437 2120 ἐχειν
467 2056 690 2121 αὐτοὺς,
725 2060 1098 2136 φιλαργύρους
1127 2069 1184 2121 δὲ
1218 2072 1505 2139 φαίνεσθαι
1538 2078 1633 2131 καὶ
1660 2052 1869 2133 οἱνοπόο

288 2162 408 2211 τας,
450 2146 785 2242 πλεονεξίαις
816 2159 1105 2227 χαίροντας
1136 2163 1229 2215 καὶ
1258 2163 1597 2237 φιλοκερδεῖς
1625 2170 1867 2242 ἀσχημό-

289 2254 396 2329 νως
435 2241 528 2293 καὶ
563 2240 625 2295 τὸ
662 2244 809 2314 μέγα
841 2247 941 2318 τῆς
975 2249 1275 2325 ἱερωσύνης
1312 2255 1481 2326 ὕψος,
1518 2261 1619 2329 φεῦ
1650 2264 1661 2317 l
1700 2240 1867 2317 κατα-

230 2346 231 2349 ‘
291 2328 559 2425 σπῶντας
595 2335 674 2398 εἰς
723 2335 996 2409 ἐμπορίαν
1044 2343 1325 2415 προδήλως
1376 2355 1862 2425 κατεγνωσμένην,

284 2417 445 2515 ὀλίγα
469 2422 563 2515 τοῦ
592 2426 730 2480 κατὰ
755 2426 933 2501 ψυχὴν
960 2432 1110 2498 ἐντὸς
1142 2436 1429 2507 ἀνθρώπου
1459 2417 1864 2515 φροντίξοντας,

282 2512 378 2564 τὸν
409 2512 586 2579 δ’ἔξω
622 2517 717 2571 καὶ
753 2526 1071 2591 σωματικὸν
1104 2527 1430 2598 θεραπεύειν
1465 2512 1627 2604 μόνον
1663 2541 1866 2609 προουο

288 2608 619 2675 μουμένους,
643 2610 719 2675 ὡς
744 2612 1116 2692 γίνεσθαΓτδν
1140 2621 1287 2691 ἱερέα
1310 2622 1386 2687 ὡς
1410 2625 1500 2678 τὸν
1523 2626 1648 2680 λαόν
1668 2645 1682 2659 ο
1711 2608 1866 2699 μόλις

282 2699 393 2781 γάρ
433 2702 498 2754 ἂν
531 2703 608 2774 τῷ
644 2708 887 2773 περιόντι
923 2711 1033 2765 τῶν
1069 2714 1251 2768 καλῶν
1286 2716 1465 2787 ἔργων
1499 2719 1778 2791 δυνηθεῖεν
1814 2726 1864 2777 οἱ

285 2793 452 2863 ἱερεῖς
493 2794 676 2853 ἕλκειν
715 2803 794 2864 είς
835 2802 1069 2875 μίμησιν
1110 2809 1236 2872 τοὺς
1277 2812 1358 2873 εἱς
1397 2813 1594 2876 αὐτοὺς
1638 2814 1865 2879 βλέπον-

279 2900 383 2947 τας
410 2902 426 2918 ’
459 2887 553 2940 ἐὰν
586 2887 639 2941 δὲ
677 2892 881 2960 φαῦλον
914 2897 1225 2966 ἀρχέτυπον
1259 2903 1593 2971 φαίνωνται,
1633 2890 1863 2976 καταγι-

282 2979 646 3049 νωςκόμενοι,
687 2986 864 3058 πόσης
906 2990 972 3043 ἂν
1014 2991 1099 3062 εἴη
1144 2992 1301 3047 τοῦτο
1342 2995 1442 3064 τῆς
1485 3000 1893 3069 κατακρίσεως.

280 3069 473 3163 ἀξιονς
509 3077 606 3128 Διά
640 3078 814 3132 ταῦτα
849 3080 1266 3157 διασκεψαμένη
1302 3088 1335 3157 ὴ
1377 3091 1672 3162 μετριότης
1707 3093 1863 3163 ἡμῶν

284 3162 587 3232 ἀσφάλειαν
632 3172 727 3241 τὴν
770 3176 1089 3244 πρέπουσαν
1135 3181 1433 3251 ἐποιήσατο
1478 3186 1572 3237 καὶ
1612 3185 1713 3255 τῆς
1756 3188 1865 3240 τῶν

289 3252 482 3323 ἱερέων
517 3258 888 3329 διορθώσεως,
926 3267 1167 3335 Χριστοῦ
1202 3270 1422 3339 χάριτι,
1457 3273 1550 3325 καὶ
1583 3252 1865 3339 ἐξελέξατο

285 3347 394 3399 ἀπὸ
421 3349 526 3402 τῶν
549 3352 605 3403 ἐν
630 3356 695 3423 τῇ
725 3353 1057 3429 θεοδοξάστῳ
1088 3359 1665 3418 Κωνσταντινουπόλει
1694 3368 1867 3420 τοιού-

285 3456 397 3491 των
421 3442 610 3511 ἱερέων
632 3446 752 3507 τοὺς
781 3454 1317 3523 μεμαρτυρημένους
1342 3457 1739 3513 ἀντιποιεῖσθαι
1767 3460 1868 3529 μά·

286 3531 447 3585 λιστα
481 3534 598 3604 βίου
632 3537 912 3606 θεοφιλοῦς
945 3544 1038 3595 καὶ
1071 3546 1391 3614 κρείττονας
1424 3551 1517 3602 καὶ
1547 3551 1866 3604 εὐλαϐεστέα

290 3643 453 3693 ρους,
504 3631 596 3682 καὶ
650 3635 954 3707 κατέστησε
1008 3638 1135 3692 καθ’
1167 3640 1406 3709 ἐκάστην
1459 3643 1734 3709 γειτονίαν
1784 3646 1865 3707 εἱς

286 3717 557 3790 ἐξάρχους
589 3723 697 3777 τῶν
727 3725 928 3779 λοιπῶν
963 3729 1151 3799 ἱερέων
1182 3731 1277 3785 ἐπὶ
1310 3732 1384 3802 τῷ
1424 3733 1568 3787 κατά
1599 3734 1696 3805 τὴν
1726 3736 1865 3805 πρὸς

284 3812 485 3877 αὐτοὺς
530 3815 786 3870 ἀνάθεσιν
824 3820 965 3889 μετὰ
1003 3826 1187 3894 πάσης
1224 3827 1503 3896 προσοχῆς
1542 3831 1633 3881 καὶ
1669 3847 1866 3898 συντη-

287 3904 502 3973 ρήσεως
533 3908 853 3964 ἐπιϐλέπειν
881 3913 1075 3978 αὐτοὺς
1106 3917 1201 3969 καὶ
1232 3916 1507 3971 διδάσκειν
1536 3921 1632 3972 καὶ
1662 3938 1863 3993 παραι-

281 4004 429 4063 νεῖν,
462 4001 561 4053 ὄσα
595 4004 675 4066 είς
711 4003 972 4059 σύστασιν
1004 4007 1099 4059 καὶ
1132 4008 1338 4079 κόσμον
1374 4011 1653 4079 ἀφορῶσιν
1683 4014 1864 4067 αὐτῶν

280 4091 378 4143 καὶ
432 4091 735 4159 ἀσφάλειαν
782 4095 886 4165 τῆς
936 4097 1403 4171 ἐκκλησιαστικῆς
1453 4103 1860 4168 καταστάσεως,

278 4181 358 4241 ὡς
397 4181 464 4236 ἂν
499 4184 751 4239 ἐντεῦθεν
782 4187 842 4241 τὸ
876 4189 1060 4258 τίμιον
1096 4193 1191 4243 καὶ
1224 4191 1504 4261 αἰδέσιμον
1540 4193 1756 4263 ἔχοντες
1789 4194 1864 4246 οί-

278 4277 444 4329 κοθεν
476 4278 577 4347 τῆς
612 4279 929 4351 πρεπούσης
964 4282 1226 4347 ἀξιῶνται
1261 4284 1549 4348 εὐλαϐείας
1582 4287 1676 4339 καὶ
1709 4287 1862 4355 παρὰ

274 4370 377 4423 τοῦ
420 4369 603 4424 κοινοῦ
646 4372 927 4442 δημώδους
966 4374 1131 4442 λαοῦ,
1168 4377 1264 4429 καὶ
1303 4377 1500 4447 ἔχωσιν
1534 4374 1682 4430 οῦτοι
1726 4379 1860 4446 πρὸς

1974 1895 2134 1964 μεθα,
2183 1895 2617 1975 ἀπελεγχθῶμεν
2658 1897 2751 1950 ἐπὶ
2795 1879 3107 1967 παραϐάσει
3153 1900 3250 1952 καὶ
3295 1899 3556 1969 ἀθετήσει

1969 1985 2150 2041 αὐτῶν
2172 2028 2187 2050 ,
2224 1987 2720 2059 καταδικαζὼμεθα
2758 1991 2850 2043 καὶ
2884 1991 3251 2061 ὲκπίπτωμεν
3287 1994 3548 2061 ἀσυμπα-

1970 2079 2077 2141 θῶς
2115 2081 2210 2134 καὶ
2242 2081 2342 2150 τῆς
2381 2082 2686 2151 ἱερωσύνης
2718 2084 2875 2153 ἡμῶν
2897 2123 2912 2147 ,
2950 2083 3045 2136 καὶ
3081 2081 3439 2152 εύθυνώμεθα
3473 2082 3549 2144 ὡς

1970 2172 2069 2234 τὰς
2121 2172 2591 2243 ἐκκλησιαστικάς
2647 2175 2743 2228 καὶ
2796 2176 3163 2239 ἀποπολικάς
3216 2174 3547 2244 παραδόσεις

1968 2266 2443 2333 περιφρονοῦντες.
2467 2265 2626 2336 Μηνὶ
2654 2270 2985 2341 Δεκεμϐρίῳ
3016 2267 3130 2324 ινδ.
3157 2266 3230 2322 δ’.

2038 2356 2079 2426 ἰ-
2112 2358 2247 2425 Περὶ
2283 2356 2403 2411 τῶν
2434 2360 2808 2429 ἐκλεγέντων
2842 2359 3268 2428 πνευματικῶν·
3297 2360 3399 2415 διὰ
3430 2376 3550 2414 τοι-

1966 2447 2162 2502 ούτων
2193 2448 2573 2505 δεσποτικῶν
2603 2453 2812 2522 τιμίων
2843 2453 3273 2520 ἐνταλτηρίων.

2038 2631 2133 2685 HI.
2170 2630 2212 2702 -ἱα
2247 2631 2312 2685 Ἠ
2338 2632 2431 2686 τοῦ
2466 2632 2770 2701 φιλαγάθου
2801 2634 2938 2687 Θεοῦ
2968 2636 3129 2706 ἡμῶν
3161 2638 3292 2705 περὶ
3318 2637 3381 2690 τὸ
3416 2639 3552 2707 ἠμέ-

1965 2738 2022 2775 τε
2034 2740 2126 2789 ρον
2157 2724 2314 2788 γένος
2345 2725 2643 2793 κηδεμονία
2668 2726 2847 2793 σοφῶς
2876 2728 2944 2780 τὰ
2974 2729 3152 2780 πάντα
3182 2729 3551 2799 διοικονομουο

1968 2815 2104 2883 μένη
2135 2816 2231 2868 καὶ
2261 2816 2617 2872 διευθύνουσα
2644 2820 2745 2887 τὴν
2774 2819 2878 2889 τῆς
2911 2821 3298 2889 πνευματικῆς
3328 2822 3552 2891 χάριτ’ς

1966 2908 2282 2977 ἐπιστήμην
2315 2909 2555 2978 ἀρχῆθεν
2593 2912 2702 2974 τοῖς
2737 2909 2837 2981 τὴν
2871 2912 3243 2983 ποιμαντικὴν
3278 2917 3374 2968 καὶ
3407 2914 3552 2967 διδα-

1967 3000 2232 3070 σκαλικὴν
2268 3001 2428 3066 ἀξίαν
2468 3002 2725 3071 λαχοῦσιν
2769 3004 3057 3075 ἱεράρχαις
3098 3005 3432 3075 ἐπέτρεψεν,
3471 3008 3552 3066 εἰς

1965 3092 2172 3163 δοχεῖον
2205 3092 2301 3147 τοῦ
2339 3095 2497 3163 ἁγίου
2533 3097 2856 3166 Πνεύματος
2889 3098 3382 3167 παρασκευάσασιν
3419 3099 3551 3150 ἐαυ-

1968 3185 2118 3249 τούς·
2166 3186 2344 3256 ἀλλ’ἢ
2400 3188 2639 3258 μέριμνα
2682 3189 2775 3241 καὶ
2818 3191 3044 3257 φροντὶς
3087 3187 3197 3242 τῶν
3240 3190 3549 3258 ἐκκλησιῶν

1968 3279 2062 3333 καὶ
2102 3279 2135 3347 ἡ
2184 3276 2324 3343 μετὰ
2366 3280 2600 3348 σπουδῆς
2645 3280 2998 3351 ἐπεκδίκησις
3029 3280 3141 3334 τῶν
3174 3282 3549 3351 ἀδικουμένων

1970 3371 2061 3421 καὶ
2090 3371 2144 3422 αἱ
2174 3371 2285 3424 τῶν
2318 3370 2500 3441 χηρῶν
2530 3370 2625 3424 καὶ
2655 3371 2909 3440 ὀρφανῶν
2939 3372 3366 3441 ἐποφειλόμεναι
3399 3376 3549 3427 ἀντι-

1952 3461 2161 3530 ,λήψεις
2188 3462 2280 3514 καὶ
2306 3463 2667 3531 προστασίαι,
2698 3464 2925 3532 προσέτι
2951 3480 3014 3534 γε
3047 3465 3154 3535 μὴν
3183 3466 3274 3518 καὶ
3300 3465 3370 3519 τὰ
3398 3468 3549 3524 παρὰ

1966 3555 2058 3608 τοῦ
2104 3556 2282 3610 κοινοῦ
2324 3556 2522 3625 ἐχθροῦ
2563 3558 2641 3626 τῷ
2689 3557 3017 3628 ἀνθρωπίνῳ
3057 3560 3202 3625 γένει
3245 3558 3358 3614 τῶν
3396 3559 3549 3629 αἱρέ-

1969 3663 2107 3699 σεων
2145 3646 2368 3715 κύματα
2405 3647 2685 3714 θαλάσσης
2719 3648 2878 3718 δίκην
2913 3647 3005 3700 ὑπ’
3030 3647 3249 3717 ἀνέμων
3281 3666 3547 3718 τραχυνο-

1969 3738 2138 3807 μένης
2183 3738 2325 3790 κατά
2364 3738 2463 3806 τῆς
2503 3737 2789 3807 ὀρθοδόξου
2832 3738 3075 3801 πίστεως
3119 3739 3445 3809 ἐγειρόμενα
3486 3758 3544 3791 τε

1967 3832 2065 3883 καὶ
2114 3830 2471 3893 ἐπικλύζοντα
2526 3831 2865 3895 στασιαστῶν
2914 3830 3010 3884 καὶ
3055 3832 3405 3901 χαιρεκάκων
3456 3835 3550 3884 ἀν-

1968 3921 2206 3992 θρώπων
2242 3923 2347 3974 ὑπὸ
2380 3922 2474 3975 τοῦ
2518 3922 2755 3991 πονηροῦ
2801 3920 3215 3994 ἐνεργουμένων
3249 3925 3389 3977 κατά
3431 3924 3546 3975 δια-

1968 4014 2169 4083 φόρους
2196 4012 2427 4083 καιρούς
2451 4031 2508 4066 τε
2534 4016 2629 4067 κιιὶ⁵
2653 4018 2878 4083 χρόνους
2903 4017 3353 4084 ἐπανισταμένων
3377 4016 3545 4083 ἀφρό-

1965 4124 2071 4169 νως
2116 4108 2215 4162 οὐκ
2261 4107 2434 4175 ἐφῆκε
2480 4107 2695 4170 τούτοις
2743 4107 2962 4177 βοηθεῖν
3009 4109 3154 4161 κατά
3202 4107 3406 4159 σκοπὸν
3452 4110 3545 4160 καὶ

1968 4199 2300 4269 θεραπεύειν
2332 4197 2777 4268 ἐπιστημονικῶς
2808 4200 2934 4259 τοὺς
2967 4197 3109 4266 βέλει
3140 4198 3239 4266 τῆς
3270 4198 3545 4266 ἁμαρτίας

1965 4292 2412 4363 πεπληγμένους,
2464 4291 2759 4345 κάντεῦθεν
2806 4290 3074 4353 ποικίλοις
3123 4290 3219 4342 καὶ
3262 4290 3540 4356 διαφόροις

1963 4386 2241 4456 τραύμασι
2287 4386 2691 4446 καταστίκτους
2736 4383 3140 4451 γεγενημένους
3183 4382 3277 4435 καὶ
3328 4381 3543 4434 πολλῶν

274 4461 483 4523 αὐτοὺς
515 4461 575 4514 τὸ
617 4462 781 4525 σέϐας
823 4465 1261 4534 προσερχόμενοι
1304 4466 1403 4517 καὶ
1443 4463 1737 4533 ζητοῦντες
1768 4468 1860 4521 τδν
1892 4492 1937 4549 ι)
1965 4478 2076 4532 τῶν
2104 4477 2414 4547 φαρμάκων
2442 4476 2538 4530 καὶ
2563 4477 2674 4529 τῶν
2704 4477 2904 4530 ίάσεων
2926 4476 3234 4556 δεομένους.
3263 4472 3361 4525 Διά
3388 4473 3545 4526 τοῦτο

276 4552 563 4620 ἀγιασμὸν
592 4553 725 4624 παρ’
750 4554 929 4608 αὐτῶν
959 4554 1079 4623 μετ’
1101 4555 1282 4619 αἱδοῦς
1309 4574 1364 4610 τε
1396 4559 1487 4611 καὶ
1520 4557 1855 4623 εὐπειθείας,

276 4645 379 4696 καὶ
410 4643 561 4697 οὐδὲν
593 4645 994 4716 καθυϐρίζηται
1026 4648 1085 4700 τὸ
1120 4650 1265 4718 μέγα
1294 4650 1457 4703 τοῦτο
1484 4651 1584 4720 τῆς
1621 4651 1855 4721 Ἐκκλη-

278 4736 409 4796 σίας
444 4736 739 4802 κεφάλαιον
774 4738 860 4791 διά
896 4740 1171 4802 πολιτείας
1208 4741 1455 4812 φαύλης,
1491 4743 1565 4802 ὡς
1600 4746 1814 4813 εἴρηται
1838 4759 1851 4772 °

273 4828 704 4892 γινωσκέτωσσ.ν
757 4831 865 4901 γάρ
922 4833 1002 4895 εἰς
1058 4831 1283 4902 βεϐαίαν
1340 4834 1432 4886 καὶ
1482 4835 1855 4903 ἀναμφίϐολον

274 4920 681 4991 πληροφορίαν,
710 4924 897 4987 ama;
929 4924 995 4978 ἂν
1028 4925 1135 4977 ἀπὸ
1165 4927 1257 4977 τοῦ
1292 4925 1384 4978 νῦν
1412 4926 1611 4997 εὗρεθῇ
1640 4926 1748 4978 τῶν
1782 4927 1856 4979 ἱε-

274 5015 519 5083 ρατικῶς
551 5015 1028 5087 ἐξυπηρετούντων
1058 5015 1178 5086 Θεῷ
1207 5018 1683 5087 ἀναστρεφόμενος
1718 5020 1855 5091 μετά

273 5108 484 5161 λαῖκῶν
527 5112 586 5161 ἐν
630 5110 957 5178 συμποσίοις
998 5110 1031 5171 ἦ
1074 5093 1350 5171 ἀσυνέτως
1393 5111 1487 5163 καὶ
1526 5111 1856 5179 ἀφυλάκτως

275 5202 603 5270 περιπατῶν
636 5201 666 5269 ἢ
702 5203 905 5272 μάχαις
936 5202 1034 5255 καὶ
1062 5206 1329 5273 ταραχαῖς
1359 5205 1454 5255 καὶ
1487 5204 1708 5257 στάσεσι
1741 5203 1858 5271 χαί-

278 5310 394 5364 ρων
447 5293 480 5363 ἥ
539 5294 813 5363 ἐμπορίαν
870 5294 1195 5363 ποιούμενος
1250 5298 1707 5365 κατεγνωσμένην
1763 5297 1867 5349 καὶ

274 5385 658 5453 ἀπείργουσαν
702 5386 763 5440 τὸ
812 5386 1090 5457 ἱερατικὸν
1124 5387 1380 5456 «ἀξίωμα,
1425 5387 1459 5457 ἢ
1503 5389 1857 5458 ὁπωσδήποτε

277 5483 653 5553 ἀπελεγχθείη
685 5484 889 5552 διάγων
929 5484 1081 5554 παρά
1112 5484 1210 5555 τὴν
1248 5484 1745 5556 προσαρμόζουσαι)
1784 5486 1857 5537 ἱε-

282 5576 517 5646 ρατικῆν
552 5578 890 5631 κατάστασιν
922 5580 1017 5631 καὶ
1051 5579 1376 5649 ἀκρίϐειαν,
1414 5580 1729 5632 ἐκπεσεῖται
1761 5579 1860 5639 αὖ·

278 5668 407 5721 τίκα
442 5669 538 5738 τῆς
570 5668 728 5736 ἀξίας
758 5672 851 5723 καὶ
880 5672 1039 5740 δόξης
1068 5671 1161 5724 τοῦ
1197 5670 1556 5740 σεμνώματος
1584 5671 1679 5723 τοῦ
1712 5673 1861 5740 ἱερα-

282 5761 466 5828 τικοῦ,
509 5762 604 5816 καὶ
645 5762 736 5816 τοῦ
784 5764 944 5834 χοροῦ
988 5763 1097 5819 τῶν
1143 5764 1336 5835 ἱερέων
1383 5763 1859 5835 ἀποτμηθήσεται,

1966 4569 2027 4623 τδ
2060 4570 2160 4633 τῆς
2205 4571 2583 4639 πνευματικῆς
2619 4569 2823 4638 ταύτης
2861 4567 3137 4629 διακονίας
3174 4565 3548 4634 λειτούργημα

1970 4657 2033 4711 τὸ
2063 4658 2181 4711 κατ’
2204 4659 2414 4711 ἐκείνου
2448 4658 2644 4730 καιροῦ
2672 4660 2783 4721 τοῖς
2816 4657 3107 4727 ἱερατικῶς
3135 4656 3251 4721 Θεῷ
3283 4655 3550 4725 ἐξυπηρῖ-
3615 4721 3618 4726 _

1970 4753 2257 4822 τουμὲνοις
2279 4790 2294 4815 ,
2326 4750 2770 4821 κεκαθαρμένοις
2800 4749 2920 4803 οῦσι
2951 4749 3047 4801 καὶ
3077 4747 3275 4818 ἀρετῆς
3305 4747 3400 4800 καὶ
3433 4747 3548 4814 βίου

1974 4844 2257 4912 θεοφιλοῦς
2291 4845 2767 4912 ἀντιποιουμένοις
2800 4842 2897 4894 καὶ
2932 4835 2990 4892 εὖ
3029 4839 3170 4908 μάλα
3209 4842 3549 4921 πεπειραμέ-

1973 4954 2083 4998 νοις
2107 4936 2295 5005 ψυχῶν
2322 4933 2684 5005 προῖστασθαι
2710 4934 2805 4985 καὶ
2829 4930 3188 5000 χειραγωγεῖν
3214 4930 3384 4989 αὑτὰς
3414 4932 3547 4996 πρὶς

1971 5030 2072 5097 τὴν
2119 5027 2397 5096 σωτηρίαν
2438 5024 2590 5094 παρά
2630 5024 2738 5076 τῶν
2786 5020 3043 5075 τοιούτων
3088 5019 3408 5087 προστατῶν
3452 5020 3548 5069 καὶ

1971 5120 2444 5187 πνευματοφόρων
2482 5116 2740 5183 Πατέρων
2776 5116 2871 5166 καὶ
2910 5110 3249 5164 διδασκάλων
3281 5109 3507 5168 ἀνετέθη
3529 5150 3544 5171 ,

1972 5213 2045 5273 ὡς
2084 5211 2228 5271 εἰκὸς
2250 5249 2265 5271 ,
2305 5210 2444 5261 κατά
2481 5206 2766 5276 μετάδοσιν
2800 5205 3097 5273 θειοτέραν.
3128 5198 3234 5255 Ἦν
3270 5197 3363 5253 οὖν
3398 5201 3547 5253 τοῦθ’

1971 5306 2114 5357 οὕτω
2152 5302 2335 5365 καλῶς
2369 5304 2479 5353 καὶ(
2495 5300 2806 5370 θεαρέστως
2839 5296 3139 5368 προϐαῖνόν
3173 5311 3233 5347 τε
3270 5293 3366 5347 καὶ
3400 5295 3548 5361 γινό-

1977 5410 2139 5463 μενον
2162 5409 2177 5425 ο
2216 5392 2340 5445 ἐπεὶ
2378 5391 2434 5443 δὲ
2465 5393 2585 5451 ταῖς
2618 5388 2759 5441 κατά
2795 5387 2988 5457 μικρὸν
3023 5385 3311 5454 ἐπηρείαις
3346 5385 3413 5435 τά
3447 5384 3545 5449 τῆς

1973 5482 2255 5552 θεοφιλοῦς
2282 5482 2487 5551 ταύτης
2517 5480 2807 5533 ἐσϐέννυτο
2835 5477 3245 5538 καταστάσεως,
3272 5474 3372 5527 καὶ
3396 5474 3424 5527 ὁ
3449 5474 3546 5524 τοῦ

1974 5580 2181 5641 κόσμου
2222 5578 2428 5648 ἄρχων,
2469 5575 2564 5627 ἆτε
2601 5572 2663 5640 δὴ
2703 5570 2812 5623 τῶν
2857 5568 3111 5633 ζιζανίων
3152 5568 3410 5636 σπορεὺς,
3448 5568 3547 5619 οὐκ

1976 5671 2213 5726 ἐπαύετο
2244 5668 2529 5739 χρώμενος
2558 5666 2676 5726 ταῖς
2710 5663 3004 5724 κακίσταις
3041 5659 3207 5713 αὑτοῦ
3246 5660 3546 5728 μεθοδείαες

1979 5764 2077 5819 καὶ
2124 5762 2394 5833 μηχαναῖς
2439 5759 2520 5822 εἰς
2564 5754 2841 5824 ὲξοιπάτην
2885 5754 2980 5806 καὶ
3025 5749 3407 5822 ὲξουθενισμὸν
3454 5752 3545 5804 καὶ
