  <div class='ocr_page' id='page_1' title='image "/cluster/home/n/w/nwhite01/storage/ocr_20150623/152/hvd.32044019208404/680.png"; bbox 0 0 3918 6546; ppageno 0'>
   <div class='ocr_carea' id='block_1_1' title="bbox 204 368 340 435">
    <p class='ocr_par' dir='ltr' id='par_1_1' title="bbox 204 368 340 435">
     <span class='ocr_line' id='line_1_1' title="bbox 204 368 340 435; baseline 0 0"><span class='ocrx_word' id='word_1_1' title='bbox 204 368 228 435; x_wconf 82' lang='grc'><strong>1</strong></span> <span class='ocrx_word' id='word_1_2' title='bbox 239 373 340 435; x_wconf 66' lang='lat'><strong>337</strong></span> 
     </span>
    </p>
   </div>
   <div class='ocr_carea' id='block_1_2' title="bbox 1047 336 2638 458">
    <p class='ocr_par' dir='ltr' id='par_1_2' title="bbox 1047 336 2638 458">
     <span class='ocr_line' id='line_1_2' title="bbox 1047 336 2638 458; baseline 0.013 -21"><span class='ocrx_word' id='word_1_3' title='bbox 1047 379 1386 456; x_wconf 79' lang='lat' dir='ltr'><strong>CALLISTI</strong></span> <span class='ocrx_word' id='word_1_4' title='bbox 1443 381 1540 442; x_wconf 82' lang='lat' dir='ltr'><strong>ET</strong></span> <span class='ocrx_word' id='word_1_5' title='bbox 1563 336 1992 450; x_wconf 31' lang='lat' dir='ltr'><strong>PIIILOTH-EI‘</strong></span> <span class='ocrx_word' id='word_1_6' title='bbox 2021 391 2130 452; x_wconf 78' lang='grc' dir='ltr'><strong>ορ.</strong></span> <span class='ocrx_word' id='word_1_7' title='bbox 2172 390 2638 458; x_wconf 80' lang='lat' dir='ltr'><strong>PATRIARCH.</strong></span> 
     </span>
    </p>
   </div>
   <div class='ocr_carea' id='block_1_3' title="bbox 3307 391 3443 456">
    <p class='ocr_par' dir='ltr' id='par_1_3' title="bbox 3307 391 3443 456">
     <span class='ocr_line' id='line_1_3' title="bbox 3307 391 3443 456; baseline 0.007 -1"><span class='ocrx_word' id='word_1_8' title='bbox 3307 391 3443 456; x_wconf 74' lang='lat' dir='ltr'><strong>I338</strong></span> 
     </span>
    </p>
   </div>
   <div class='ocr_carea' id='block_1_4' title="bbox 203 486 3442 582">
    <p class='ocr_par' dir='ltr' id='par_1_4' title="bbox 203 486 3442 582">
     <span class='ocr_line' id='line_1_4' title="bbox 203 486 3442 582; baseline 0.007 -44"><span class='ocrx_word' id='word_1_9' title='bbox 203 486 432 541; x_wconf 83' lang='grc' dir='ltr'><strong>ἐνοῦσαν</strong></span> <span class='ocrx_word' id='word_1_10' title='bbox 471 486 622 556; x_wconf 86' lang='grc' dir='ltr'><strong>αὐτῷ</strong></span> <span class='ocrx_word' id='word_1_11' title='bbox 668 488 872 560; x_wconf 74' lang='grc' dir='ltr'><strong>ἀρετὴν</strong></span> <span class='ocrx_word' id='word_1_12' title='bbox 929 491 1028 582; x_wconf 20' lang='grc' dir='ltr'><strong>’καὶ</strong></span> <span class='ocrx_word' id='word_1_13' title='bbox 1077 493 1145 548; x_wconf 80' lang='grc' dir='ltr'><strong>τά</strong></span> <span class='ocrx_word' id='word_1_14' title='bbox 1202 494 1366 549; x_wconf 86' lang='grc' dir='ltr'><strong>λοιπά</strong></span> <span class='ocrx_word' id='word_1_15' title='bbox 1423 503 1769 570; x_wconf 84' lang='grc' dir='ltr'><strong>πνευματικά</strong></span> <span class='ocrx_word' id='word_1_16' title='bbox 1799 512 1841 569; x_wconf 80' lang='grc' dir='ltr'>Α</span> <span class='ocrx_word' id='word_1_17' title='bbox 1875 506 2120 576; x_wconf 84' lang='grc' dir='ltr'><strong>χρόνους,</strong></span> <span class='ocrx_word' id='word_1_18' title='bbox 2153 508 2413 562; x_wconf 86' lang='grc' dir='ltr'><strong>εὐθυντοῦ</strong></span> <span class='ocrx_word' id='word_1_19' title='bbox 2453 508 2743 573; x_wconf 81' lang='grc' dir='ltr'><strong>δντος“τοῦ</strong></span> <span class='ocrx_word' id='word_1_20' title='bbox 2773 509 3118 582; x_wconf 81' lang='grc' dir='ltr'><strong>πράγματος,</strong></span> <span class='ocrx_word' id='word_1_21' title='bbox 3161 508 3442 578; x_wconf 67' lang='grc' dir='ltr'><strong>καταλαμο</strong></span> 
     </span>
    </p>
   </div>
   <div class='ocr_carea' id='block_1_5' title="bbox 202 577 1771 659">
    <p class='ocr_par' dir='ltr' id='par_1_5' title="bbox 202 577 1771 659">
     <span class='ocr_line' id='line_1_5' title="bbox 202 577 1771 659; baseline 0.012 -30"><span class='ocrx_word' id='word_1_22' title='bbox 202 579 596 650; x_wconf 71' lang='grc' dir='ltr'><strong>προτερήματα</strong></span> <span class='ocrx_word' id='word_1_23' title='bbox 623 583 764 635; x_wconf 82' lang='grc' dir='ltr'><strong>κατά</strong></span> <span class='ocrx_word' id='word_1_24' title='bbox 785 583 878 636; x_wconf 78' lang='grc' dir='ltr'><strong>τὸν</strong></span> <span class='ocrx_word' id='word_1_25' title='bbox 903 577 1397 658; x_wconf 66' lang='grc' dir='ltr'><strong>ἀναγεγραμμένον</strong></span> <span class='ocrx_word' id='word_1_26' title='bbox 1433 591 1652 659; x_wconf 81' lang='grc' dir='ltr'><strong>τρόπον,</strong></span> <span class='ocrx_word' id='word_1_27' title='bbox 1685 596 1771 648; x_wconf 83' lang='grc' dir='ltr'><strong>εὐ-</strong></span> 
     </span>
    </p>
   </div>
   <div class='ocr_carea' id='block_1_6' title="bbox 202 669 1771 753">
    <p class='ocr_par' dir='ltr' id='par_1_6' title="bbox 202 669 1771 753">
     <span class='ocr_line' id='line_1_6' title="bbox 202 669 1771 753; baseline 0.012 -33"><span class='ocrx_word' id='word_1_28' title='bbox 202 669 353 739; x_wconf 79' lang='grc' dir='ltr'><strong>δοκία</strong></span> <span class='ocrx_word' id='word_1_29' title='bbox 403 671 498 723; x_wconf 71' lang='grc' dir='ltr'><strong>καὶ</strong></span> <span class='ocrx_word' id='word_1_30' title='bbox 527 672 800 742; x_wconf 85' lang='grc' dir='ltr'><strong>ἐπικρίσει</strong></span> <span class='ocrx_word' id='word_1_31' title='bbox 846 674 939 726; x_wconf 88' lang='grc' dir='ltr'><strong>τοῦ</strong></span> <span class='ocrx_word' id='word_1_32' title='bbox 989 680 1288 743; x_wconf 77' lang='grc' dir='ltr'><strong>κρατίστου</strong></span> <span class='ocrx_word' id='word_1_33' title='bbox 1334 682 1429 735; x_wconf 69' lang='grc' dir='ltr'><strong>καὶ</strong></span> <span class='ocrx_word' id='word_1_34' title='bbox 1467 683 1625 750; x_wconf 89' lang='grc' dir='ltr'><strong>ἀγίου</strong></span> <span class='ocrx_word' id='word_1_35' title='bbox 1668 703 1771 753; x_wconf 88' lang='grc' dir='ltr'><strong>μου</strong></span> 
     </span>
    </p>
   </div>
   <div class='ocr_carea' id='block_1_7' title="bbox 207 760 1774 841">
    <p class='ocr_par' dir='ltr' id='par_1_7' title="bbox 207 760 1774 841">
     <span class='ocr_line' id='line_1_7' title="bbox 207 760 1774 841; baseline 0.011 -29"><span class='ocrx_word' id='word_1_36' title='bbox 207 760 611 834; x_wconf 76' lang='grc' dir='ltr'><strong>αὐτοκράτορος</strong></span> <span class='ocrx_word' id='word_1_37' title='bbox 633 803 650 828; x_wconf 88' lang='grc'><strong>,</strong></span> <span class='ocrx_word' id='word_1_38' title='bbox 684 766 777 818; x_wconf 85' lang='grc' dir='ltr'><strong>τοῦ</strong></span> <span class='ocrx_word' id='word_1_39' title='bbox 806 766 1072 838; x_wconf 83' lang='grc' dir='ltr'><strong>διαπύρου</strong></span> <span class='ocrx_word' id='word_1_40' title='bbox 1106 771 1392 841; x_wconf 85' lang='grc' dir='ltr'><strong>προμάχου</strong></span> <span class='ocrx_word' id='word_1_41' title='bbox 1424 774 1516 826; x_wconf 75' lang='grc' dir='ltr'><strong>καὶ</strong></span> <span class='ocrx_word' id='word_1_42' title='bbox 1543 775 1774 828; x_wconf 81' lang='grc' dir='ltr'><strong>σπουδα-</strong></span> 
     </span>
    </p>
   </div>
   <div class='ocr_carea' id='block_1_8' title="bbox 207 851 1772 932">
    <p class='ocr_par' dir='ltr' id='par_1_8' title="bbox 207 851 1772 932">
     <span class='ocr_line' id='line_1_8' title="bbox 207 851 1772 932; baseline 0.011 -27"><span class='ocrx_word' id='word_1_43' title='bbox 207 851 334 906; x_wconf 87' lang='grc' dir='ltr'><strong>στοῦ</strong></span> <span class='ocrx_word' id='word_1_44' title='bbox 359 854 458 922; x_wconf 82' lang='grc' dir='ltr'><strong>τῆς</strong></span> <span class='ocrx_word' id='word_1_45' title='bbox 498 858 964 930; x_wconf 80' lang='grc' dir='ltr'><strong>ἐκκλησιαστικῆς</strong></span> <span class='ocrx_word' id='word_1_46' title='bbox 988 863 1375 927; x_wconf 73' lang='grc' dir='ltr'><strong>καταστάσεως</strong></span> <span class='ocrx_word' id='word_1_47' title='bbox 1395 868 1491 921; x_wconf 74' lang='grc' dir='ltr'><strong>καὶ</strong></span> <span class='ocrx_word' id='word_1_48' title='bbox 1518 867 1772 932; x_wconf 85' lang='grc' dir='ltr'><strong>εὐταξίας</strong></span> 
     </span>
    </p>
   </div>
   <div class='ocr_carea' id='block_1_9' title="bbox 206 945 1775 1025">
    <p class='ocr_par' dir='ltr' id='par_1_9' title="bbox 206 945 1775 1025">
     <span class='ocr_line' id='line_1_9' title="bbox 206 945 1775 1025; baseline 0.01 -28"><span class='ocrx_word' id='word_1_49' title='bbox 206 945 300 997; x_wconf 75' lang='grc' dir='ltr'><strong>καὶ</strong></span> <span class='ocrx_word' id='word_1_50' title='bbox 327 945 438 998; x_wconf 89' lang='grc' dir='ltr'><strong>τῶν</strong></span> <span class='ocrx_word' id='word_1_51' title='bbox 467 947 627 1000; x_wconf 85' lang='grc' dir='ltr'><strong>θείων</strong></span> <span class='ocrx_word' id='word_1_52' title='bbox 677 951 771 1003; x_wconf 75' lang='grc' dir='ltr'><strong>καὶ</strong></span> <span class='ocrx_word' id='word_1_53' title='bbox 821 952 1058 1005; x_wconf 86' lang='grc' dir='ltr'><strong>εὐσεϐῶν</strong></span> <span class='ocrx_word' id='word_1_54' title='bbox 1089 953 1374 1024; x_wconf 78' lang='grc' dir='ltr'><strong>δογμάτων</strong></span> <span class='ocrx_word' id='word_1_55' title='bbox 1401 957 1591 1025; x_wconf 86' lang='grc' dir='ltr'><strong>αὐτῆς.</strong></span> <span class='ocrx_word' id='word_1_56' title='bbox 1621 958 1775 1012; x_wconf 80' lang='grc' dir='ltr'><strong>Ἀνα-</strong></span> 
     </span>
    </p>
   </div>
   <div class='ocr_carea' id='block_1_10' title="bbox 206 1033 1774 1119">
    <p class='ocr_par' dir='ltr' id='par_1_10' title="bbox 206 1033 1774 1119">
     <span class='ocr_line' id='line_1_10' title="bbox 206 1033 1774 1119; baseline 0.011 -35"><span class='ocrx_word' id='word_1_57' title='bbox 206 1033 353 1104; x_wconf 75' lang='grc' dir='ltr'><strong>χθεὶς</strong></span> <span class='ocrx_word' id='word_1_58' title='bbox 394 1036 574 1089; x_wconf 79' lang='grc' dir='ltr'><strong>τοίνυν</strong></span> <span class='ocrx_word' id='word_1_59' title='bbox 619 1039 729 1093; x_wconf 77' lang='grc' dir='ltr'><strong>ίδοὺ</strong></span> <span class='ocrx_word' id='word_1_60' title='bbox 761 1041 856 1094; x_wconf 80' lang='grc' dir='ltr'><strong>καὶ</strong></span> <span class='ocrx_word' id='word_1_61' title='bbox 895 1045 1170 1107; x_wconf 77' lang='grc' dir='ltr'><strong>καταστάς</strong></span> <span class='ocrx_word' id='word_1_62' title='bbox 1202 1046 1282 1106; x_wconf 86' lang='grc' dir='ltr'><strong>είς</strong></span> <span class='ocrx_word' id='word_1_63' title='bbox 1329 1044 1535 1100; x_wconf 85' lang='grc' dir='ltr'><strong>τέλειον</strong></span> <span class='ocrx_word' id='word_1_64' title='bbox 1571 1064 1774 1119; x_wconf 82' lang='grc' dir='ltr'><strong>μητρο-</strong></span> 
     </span>
    </p>
   </div>
   <div class='ocr_carea' id='block_1_11' title="bbox 209 1126 1776 1208">
    <p class='ocr_par' dir='ltr' id='par_1_11' title="bbox 209 1126 1776 1208">
     <span class='ocr_line' id='line_1_11' title="bbox 209 1126 1776 1208; baseline 0.012 -32"><span class='ocrx_word' id='word_1_65' title='bbox 209 1126 438 1202; x_wconf 63' lang='grc' dir='ltr'><strong>πολίτην</strong></span> <span class='ocrx_word' id='word_1_66' title='bbox 488 1129 695 1183; x_wconf 80' lang='grc' dir='ltr'><strong>Κυέϐου</strong></span> <span class='ocrx_word' id='word_1_67' title='bbox 732 1132 822 1184; x_wconf 74' lang='grc' dir='ltr'><strong>καὶ</strong></span> <span class='ocrx_word' id='word_1_68' title='bbox 848 1135 1030 1203; x_wconf 83' lang='grc' dir='ltr'><strong>πάσης</strong></span> <span class='ocrx_word' id='word_1_69' title='bbox 1072 1135 1302 1199; x_wconf 85' lang='grc' dir='ltr'><strong>Ῥωσίας</strong></span> <span class='ocrx_word' id='word_1_70' title='bbox 1327 1139 1467 1193; x_wconf 83' lang='grc' dir='ltr'><strong>κατά</strong></span> <span class='ocrx_word' id='word_1_71' title='bbox 1497 1139 1594 1208; x_wconf 73' lang='grc' dir='ltr'><strong>τὴν</strong></span> <span class='ocrx_word' id='word_1_72' title='bbox 1619 1157 1776 1195; x_wconf 88' lang='grc' dir='ltr'><strong>κανο-</strong></span> 
     </span>
    </p>
   </div>
   <div class='ocr_carea' id='block_1_12' title="bbox 203 1219 1776 1295">
    <p class='ocr_par' dir='ltr' id='par_1_12' title="bbox 203 1219 1776 1295">
     <span class='ocr_line' id='line_1_12' title="bbox 203 1219 1776 1295; baseline 0.008 -24"><span class='ocrx_word' id='word_1_73' title='bbox 203 1219 365 1288; x_wconf 82' lang='grc' dir='ltr'><strong>νικὴν</strong></span> <span class='ocrx_word' id='word_1_74' title='bbox 400 1219 495 1272; x_wconf 77' lang='grc' dir='ltr'><strong>καὶ</strong></span> <span class='ocrx_word' id='word_1_75' title='bbox 533 1221 1000 1295; x_wconf 78' lang='grc' dir='ltr'><strong>ἐκκλησιαστικὴν</strong></span> <span class='ocrx_word' id='word_1_76' title='bbox 1035 1225 1393 1294; x_wconf 83' lang='grc' dir='ltr'><strong>θεσμοθεσίαν</strong></span> <span class='ocrx_word' id='word_1_77' title='bbox 1424 1244 1484 1279; x_wconf 87' lang='grc' dir='ltr'><strong>τε</strong></span> <span class='ocrx_word' id='word_1_78' title='bbox 1523 1231 1617 1283; x_wconf 68' lang='grc' dir='ltr'><strong>καὶ</strong></span> <span class='ocrx_word' id='word_1_79' title='bbox 1667 1248 1776 1284; x_wconf 82' lang='grc' dir='ltr'><strong>πα⁹</strong></span> 
     </span>
    </p>
   </div>
   <div class='ocr_carea' id='block_1_13' title="bbox 204 1311 1774 1388">
    <p class='ocr_par' dir='ltr' id='par_1_13' title="bbox 204 1311 1774 1388">
     <span class='ocr_line' id='line_1_13' title="bbox 204 1311 1774 1388; baseline 0.01 -27"><span class='ocrx_word' id='word_1_80' title='bbox 204 1311 427 1376; x_wconf 86' lang='grc' dir='ltr'><strong>ράδοσιν</strong></span> <span class='ocrx_word' id='word_1_81' title='bbox 454 1312 553 1382; x_wconf 76' lang='grc' dir='ltr'><strong>τὴν</strong></span> <span class='ocrx_word' id='word_1_82' title='bbox 574 1313 784 1367; x_wconf 80' lang='grc' dir='ltr'><strong>ἄνωθεν</strong></span> <span class='ocrx_word' id='word_1_83' title='bbox 812 1318 1278 1388; x_wconf 88' lang='grc' dir='ltr'><strong>ἐπικρατήσασαν,</strong></span> <span class='ocrx_word' id='word_1_84' title='bbox 1310 1321 1586 1388; x_wconf 87' lang='grc' dir='ltr'><strong>πέμπεται</strong></span> <span class='ocrx_word' id='word_1_85' title='bbox 1619 1318 1774 1387; x_wconf 74' lang='grc' dir='ltr'><strong>οὗτος</strong></span> 
     </span>
    </p>
   </div>
   <div class='ocr_carea' id='block_1_14' title="bbox 199 1405 1778 1489">
    <p class='ocr_par' dir='ltr' id='par_1_14' title="bbox 199 1405 1778 1489">
     <span class='ocr_line' id='line_1_14' title="bbox 199 1405 1778 1489; baseline 0.01 -32"><span class='ocrx_word' id='word_1_86' title='bbox 199 1405 264 1474; x_wconf 86' lang='grc' dir='ltr'><strong>δὴ</strong></span> <span class='ocrx_word' id='word_1_87' title='bbox 311 1409 343 1459; x_wconf 81' lang='grc' dir='ltr'><strong>ὀ</strong></span> <span class='ocrx_word' id='word_1_88' title='bbox 387 1408 682 1477; x_wconf 71' lang='grc' dir='ltr'><strong>ίερὼτατος</strong></span> <span class='ocrx_word' id='word_1_89' title='bbox 738 1414 1144 1483; x_wconf 88' lang='grc' dir='ltr'><strong>μητροπολίτης</strong></span> <span class='ocrx_word' id='word_1_90' title='bbox 1195 1415 1410 1469; x_wconf 89' lang='grc' dir='ltr'><strong>Κυέϐου</strong></span> <span class='ocrx_word' id='word_1_91' title='bbox 1457 1418 1552 1470; x_wconf 79' lang='grc' dir='ltr'><strong>καὶ</strong></span> <span class='ocrx_word' id='word_1_92' title='bbox 1593 1420 1778 1489; x_wconf 86' lang='grc' dir='ltr'><strong>πάσης</strong></span> 
     </span>
    </p>
   </div>
   <div class='ocr_carea' id='block_1_15' title="bbox 209 1497 1778 1580">
    <p class='ocr_par' dir='ltr' id='par_1_15' title="bbox 209 1497 1778 1580">
     <span class='ocr_line' id='line_1_15' title="bbox 209 1497 1778 1580; baseline 0.01 -31"><span class='ocrx_word' id='word_1_93' title='bbox 209 1497 472 1564; x_wconf 83' lang='grc' dir='ltr'><strong>Ῥωσίας,</strong></span> <span class='ocrx_word' id='word_1_94' title='bbox 505 1500 613 1569; x_wconf 84' lang='grc' dir='ltr'><strong>κῦρ</strong></span> <span class='ocrx_word' id='word_1_95' title='bbox 645 1502 906 1569; x_wconf 83' lang='grc' dir='ltr'><strong>Ἀλέξιος,</strong></span> <span class='ocrx_word' id='word_1_96' title='bbox 940 1506 997 1558; x_wconf 84' lang='grc' dir='ltr'><strong>ἐν</strong></span> <span class='ocrx_word' id='word_1_97' title='bbox 1025 1507 1164 1576; x_wconf 84' lang='grc' dir='ltr'><strong>ἁγίῳ</strong></span> <span class='ocrx_word' id='word_1_98' title='bbox 1189 1507 1466 1578; x_wconf 85' lang='grc' dir='ltr'><strong>Πνεύματι</strong></span> <span class='ocrx_word' id='word_1_99' title='bbox 1495 1510 1778 1580; x_wconf 79' lang='grc' dir='ltr'><strong>ἀγαπητὸς</strong></span> 
     </span>
    </p>
   </div>
   <div class='ocr_carea' id='block_1_16' title="bbox 198 1588 1776 1671">
    <p class='ocr_par' dir='ltr' id='par_1_16' title="bbox 198 1588 1776 1671">
     <span class='ocr_line' id='line_1_16' title="bbox 198 1588 1776 1671; baseline 0.01 -31"><span class='ocrx_word' id='word_1_100' title='bbox 198 1588 432 1659; x_wconf 80' lang='grc' dir='ltr'><strong>ἀδελφὸς</strong></span> <span class='ocrx_word' id='word_1_101' title='bbox 462 1591 564 1660; x_wconf 83' lang='grc' dir='ltr'><strong>τῆς</strong></span> <span class='ocrx_word' id='word_1_102' title='bbox 616 1593 772 1665; x_wconf 76' lang='grc' dir='ltr'><strong>ἡμῶν</strong></span> <span class='ocrx_word' id='word_1_103' title='bbox 808 1597 1161 1664; x_wconf 72' lang='grc' dir='ltr'><strong>μετριότητος</strong></span> <span class='ocrx_word' id='word_1_104' title='bbox 1211 1601 1302 1654; x_wconf 80' lang='grc' dir='ltr'><strong>καὶ</strong></span> <span class='ocrx_word' id='word_1_105' title='bbox 1346 1600 1776 1671; x_wconf 75' lang='grc' dir='ltr'><strong>συλλειτουργὺς,</strong></span> 
     </span>
    </p>
   </div>
   <div class='ocr_carea' id='block_1_17' title="bbox 199 1685 1779 1765">
    <p class='ocr_par' dir='ltr' id='par_1_17' title="bbox 199 1685 1779 1765">
     <span class='ocr_line' id='line_1_17' title="bbox 199 1685 1779 1765; baseline 0.01 -29"><span class='ocrx_word' id='word_1_106' title='bbox 199 1685 298 1737; x_wconf 78' lang='grc' dir='ltr'><strong>καὶ</strong></span> <span class='ocrx_word' id='word_1_107' title='bbox 349 1688 763 1755; x_wconf 88' lang='grc' dir='ltr'><strong>καταλαμϐάνει</strong></span> <span class='ocrx_word' id='word_1_108' title='bbox 821 1691 1025 1756; x_wconf 87' lang='grc' dir='ltr'><strong>ἐκεῖσε,</strong></span> <span class='ocrx_word' id='word_1_109' title='bbox 1076 1695 1320 1765; x_wconf 79' lang='grc' dir='ltr'><strong>ὡσπερεὶ</strong></span> <span class='ocrx_word' id='word_1_110' title='bbox 1369 1696 1479 1749; x_wconf 82' lang='grc' dir='ltr'><strong>ἀπὸ</strong></span> <span class='ocrx_word' id='word_1_111' title='bbox 1528 1696 1637 1750; x_wconf 90' lang='grc' dir='ltr'><strong>τῶν</strong></span> <span class='ocrx_word' id='word_1_112' title='bbox 1693 1699 1779 1751; x_wconf 82' lang='grc' dir='ltr'><strong>ἐν·</strong></span> 
     </span>
    </p>
   </div>
   <div class='ocr_carea' id='block_1_18' title="bbox 1876 600 3445 673">
    <p class='ocr_par' dir='ltr' id='par_1_18' title="bbox 1876 600 3445 673">
     <span class='ocr_line' id='line_1_18' title="bbox 1876 600 3445 673; baseline 0.001 -23"><span class='ocrx_word' id='word_1_113' title='bbox 1876 600 2014 671; x_wconf 86' lang='grc' dir='ltr'><strong>ϐάνῃ</strong></span> <span class='ocrx_word' id='word_1_114' title='bbox 2045 601 2304 664; x_wconf 81' lang='grc' dir='ltr'><strong>ἐνταῦθα,</strong></span> <span class='ocrx_word' id='word_1_115' title='bbox 2336 602 2404 655; x_wconf 84' lang='grc' dir='ltr'><strong>δι’</strong></span> <span class='ocrx_word' id='word_1_116' title='bbox 2435 603 2569 656; x_wconf 89' lang='grc' dir='ltr'><strong>αὐτό</strong></span> <span class='ocrx_word' id='word_1_117' title='bbox 2593 619 2652 656; x_wconf 89' lang='grc' dir='ltr'><strong>τε</strong></span> <span class='ocrx_word' id='word_1_118' title='bbox 2694 601 2755 656; x_wconf 84' lang='grc' dir='ltr'><strong>τδ</strong></span> <span class='ocrx_word' id='word_1_119' title='bbox 2790 602 2972 673; x_wconf 79' lang='grc' dir='ltr'><strong>χρέος,</strong></span> <span class='ocrx_word' id='word_1_120' title='bbox 3014 601 3154 671; x_wconf 79' lang='grc' dir='ltr'><strong>ὅπερ</strong></span> <span class='ocrx_word' id='word_1_121' title='bbox 3183 600 3319 672; x_wconf 70' lang='grc' dir='ltr'><strong>ἔχει,</strong></span> <span class='ocrx_word' id='word_1_122' title='bbox 3347 600 3445 653; x_wconf 76' lang='grc' dir='ltr'><strong>καὶ</strong></span> 
     </span>
    </p>
   </div>
   <div class='ocr_carea' id='block_1_19' title="bbox 1873 692 3444 764">
    <p class='ocr_par' dir='ltr' id='par_1_19' title="bbox 1873 692 3444 764">
     <span class='ocr_line' id='line_1_19' title="bbox 1873 692 3444 764; baseline 0.003 -19"><span class='ocrx_word' id='word_1_123' title='bbox 1873 692 1974 756; x_wconf 87' lang='grc' dir='ltr'><strong>τάς</strong></span> <span class='ocrx_word' id='word_1_124' title='bbox 1994 712 2134 763; x_wconf 86' lang='grc' dir='ltr'><strong>παρε</strong></span> <span class='ocrx_word' id='word_1_125' title='bbox 2144 695 2491 764; x_wconf 87' lang='grc' dir='ltr'><strong>μπιπτούσας</strong></span> <span class='ocrx_word' id='word_1_126' title='bbox 2508 697 2971 762; x_wconf 69' lang='grc' dir='ltr'><strong>ἔκκλησιαστικάς</strong></span> <span class='ocrx_word' id='word_1_127' title='bbox 2986 694 3292 764; x_wconf 74' lang='grc' dir='ltr'><strong>ἀναγκαίας</strong></span> <span class='ocrx_word' id='word_1_128' title='bbox 3306 695 3444 763; x_wconf 78' lang='grc' dir='ltr'><strong>χρή-</strong></span> 
     </span>
    </p>
   </div>
   <div class='ocr_carea' id='block_1_20' title="bbox 1877 785 3446 850">
    <p class='ocr_par' dir='ltr' id='par_1_20' title="bbox 1877 785 3446 850">
     <span class='ocr_line' id='line_1_20' title="bbox 1877 785 3446 850; baseline 0.001 -14"><span class='ocrx_word' id='word_1_129' title='bbox 1877 800 2012 850; x_wconf 88' lang='grc' dir='ltr'><strong>σεις,</strong></span> <span class='ocrx_word' id='word_1_130' title='bbox 2045 785 2127 839; x_wconf 82' lang='grc' dir='ltr'><strong>ἔτι</strong></span> <span class='ocrx_word' id='word_1_131' title='bbox 2171 787 2228 840; x_wconf 81' lang='grc' dir='ltr'><strong>δέ</strong></span> <span class='ocrx_word' id='word_1_132' title='bbox 2271 787 2466 840; x_wconf 79' lang='grc' dir='ltr'><strong>καὶτὰ</strong></span> <span class='ocrx_word' id='word_1_133' title='bbox 2499 787 2887 841; x_wconf 82' lang='grc' dir='ltr'><strong>ἀνακύπτοντα</strong></span> <span class='ocrx_word' id='word_1_134' title='bbox 2935 787 3031 840; x_wconf 82' lang='grc' dir='ltr'><strong>καὶ</strong></span> <span class='ocrx_word' id='word_1_135' title='bbox 3062 786 3205 841; x_wconf 88' lang='grc' dir='ltr'><strong>κατά</strong></span> <span class='ocrx_word' id='word_1_136' title='bbox 3260 786 3446 840; x_wconf 76' lang='grc' dir='ltr'><strong>πᾶσαν</strong></span> 
     </span>
    </p>
   </div>
   <div class='ocr_carea' id='block_1_21' title="bbox 1875 875 3445 948">
    <p class='ocr_par' dir='ltr' id='par_1_21' title="bbox 1875 875 3445 948">
     <span class='ocr_line' id='line_1_21' title="bbox 1875 875 3445 948; baseline 0.002 -21"><span class='ocrx_word' id='word_1_137' title='bbox 1875 875 1973 943; x_wconf 77' lang='grc' dir='ltr'><strong>την</strong></span> <span class='ocrx_word' id='word_1_138' title='bbox 2006 878 2222 946; x_wconf 86' lang='grc' dir='ltr'><strong>ἐνορίαν</strong></span> <span class='ocrx_word' id='word_1_139' title='bbox 2266 878 2431 933; x_wconf 87' lang='grc' dir='ltr'><strong>αὐτοῦ</strong></span> <span class='ocrx_word' id='word_1_140' title='bbox 2479 881 2752 947; x_wconf 84' lang='grc' dir='ltr'><strong>ἀναγκαῖα</strong></span> <span class='ocrx_word' id='word_1_141' title='bbox 2785 879 3098 948; x_wconf 79' lang='grc' dir='ltr'><strong>ζητήματα.</strong></span> <span class='ocrx_word' id='word_1_142' title='bbox 3131 880 3194 932; x_wconf 74' lang='lat' dir='ltr'><strong>El</strong></span> <span class='ocrx_word' id='word_1_143' title='bbox 3223 878 3270 932; x_wconf 77' lang='grc' dir='ltr'><strong>δ’</strong></span> <span class='ocrx_word' id='word_1_144' title='bbox 3312 879 3445 938; x_wconf 85' lang='grc' dir='ltr'><strong>ίσως</strong></span> 
     </span>
    </p>
   </div>
   <div class='ocr_carea' id='block_1_22' title="bbox 1875 968 3443 1040">
    <p class='ocr_par' dir='ltr' id='par_1_22' title="bbox 1875 968 3443 1040">
     <span class='ocr_line' id='line_1_22' title="bbox 1875 968 3443 1040; baseline 0.002 -21"><span class='ocrx_word' id='word_1_145' title='bbox 1875 968 1985 1022; x_wconf 82' lang='grc' dir='ltr'><strong>εῐτε</strong></span> <span class='ocrx_word' id='word_1_146' title='bbox 2022 969 2129 1022; x_wconf 83' lang='grc' dir='ltr'><strong>ἀπό</strong></span> <span class='ocrx_word' id='word_1_147' title='bbox 2161 987 2307 1033; x_wconf 87' lang='grc' dir='ltr'><strong>τινος</strong></span> <span class='ocrx_word' id='word_1_148' title='bbox 2345 971 2649 1036; x_wconf 85' lang='grc' dir='ltr'><strong>ἀσθενείας,</strong></span> <span class='ocrx_word' id='word_1_149' title='bbox 2685 973 2794 1026; x_wconf 75' lang='grc' dir='ltr'><strong>εἴτε</strong></span> <span class='ocrx_word' id='word_1_150' title='bbox 2826 971 2936 1026; x_wconf 86' lang='grc' dir='ltr'><strong>ἀπδ</strong></span> <span class='ocrx_word' id='word_1_151' title='bbox 2962 970 3165 1040; x_wconf 74' lang='grc' dir='ltr'><strong>ἑτέρων</strong></span> <span class='ocrx_word' id='word_1_152' title='bbox 3208 969 3443 1038; x_wconf 80' lang='grc' dir='ltr'><strong>ἐμποδι-</strong></span> 
     </span>
    </p>
   </div>
   <div class='ocr_carea' id='block_1_23' title="bbox 1877 1060 3444 1132">
    <p class='ocr_par' dir='ltr' id='par_1_23' title="bbox 1877 1060 3444 1132">
     <span class='ocr_line' id='line_1_23' title="bbox 1877 1060 3444 1132; baseline 0.001 -19"><span class='ocrx_word' id='word_1_153' title='bbox 1877 1062 2100 1131; x_wconf 87' lang='grc' dir='ltr'><strong>σμάτων</strong></span> <span class='ocrx_word' id='word_1_154' title='bbox 2122 1062 2399 1126; x_wconf 78' lang='grc' dir='ltr'><strong>ἀδυνάτως</strong></span> <span class='ocrx_word' id='word_1_155' title='bbox 2419 1063 2530 1131; x_wconf 74' lang='grc' dir='ltr'><strong>ἔχει</strong></span> <span class='ocrx_word' id='word_1_156' title='bbox 2554 1064 2716 1127; x_wconf 75' lang='grc' dir='ltr'><strong>αὐτὸς</strong></span> <span class='ocrx_word' id='word_1_157' title='bbox 2738 1063 2808 1116; x_wconf 86' lang='grc' dir='ltr'><strong>δι’</strong></span> <span class='ocrx_word' id='word_1_158' title='bbox 2837 1061 3032 1117; x_wconf 71' lang='grc' dir='ltr'><strong>ἑαυτοῦ</strong></span> <span class='ocrx_word' id='word_1_159' title='bbox 3056 1064 3122 1132; x_wconf 79' lang='grc' dir='ltr'><strong>τῇ</strong></span> <span class='ocrx_word' id='word_1_160' title='bbox 3151 1060 3276 1116; x_wconf 87' lang='grc' dir='ltr'><strong>καθ’</strong></span> <span class='ocrx_word' id='word_1_161' title='bbox 3297 1062 3444 1130; x_wconf 78' lang='grc' dir='ltr'><strong>ἡμᾶς</strong></span> 
     </span>
    </p>
   </div>
   <div class='ocr_carea' id='block_1_24' title="bbox 1877 1152 3444 1224">
    <p class='ocr_par' dir='ltr' id='par_1_24' title="bbox 1877 1152 3444 1224">
     <span class='ocr_line' id='line_1_24' title="bbox 1877 1152 3444 1224; baseline -0.001 -18"><span class='ocrx_word' id='word_1_162' title='bbox 1877 1155 1999 1223; x_wconf 71' lang='grc' dir='ltr'><strong>ἱερᾷ</strong></span> <span class='ocrx_word' id='word_1_163' title='bbox 2031 1153 2124 1206; x_wconf 70' lang='grc' dir='ltr'><strong>καὶ</strong></span> <span class='ocrx_word' id='word_1_164' title='bbox 2159 1152 2281 1222; x_wconf 81' lang='grc' dir='ltr'><strong>θεία</strong></span> <span class='ocrx_word' id='word_1_165' title='bbox 2335 1155 2538 1223; x_wconf 84' lang='grc' dir='ltr'><strong>συνόδῳ</strong></span> <span class='ocrx_word' id='word_1_166' title='bbox 2577 1155 2924 1224; x_wconf 83' lang='grc' dir='ltr'><strong>ἐφίστασθαι.</strong></span> <span class='ocrx_word' id='word_1_167' title='bbox 2957 1155 3163 1224; x_wconf 82' lang='grc' dir='ltr'><strong>ὀφείλει</strong></span> <span class='ocrx_word' id='word_1_168' title='bbox 3220 1153 3444 1216; x_wconf 80' lang='grc' dir='ltr'><strong>ἐκλέγε-</strong></span> 
     </span>
    </p>
   </div>
   <div class='ocr_carea' id='block_1_25' title="bbox 1877 1235 3445 1317">
    <p class='ocr_par' dir='ltr' id='par_1_25' title="bbox 1877 1235 3445 1317">
     <span class='ocr_line' id='line_1_25' title="bbox 1877 1235 3445 1317; baseline -0.002 -18"><span class='ocrx_word' id='word_1_169' title='bbox 1877 1247 2002 1299; x_wconf 83' lang='grc' dir='ltr'><strong>σθαι</strong></span> <span class='ocrx_word' id='word_1_170' title='bbox 2035 1247 2132 1300; x_wconf 76' lang='grc' dir='ltr'><strong>καὶ</strong></span> <span class='ocrx_word' id='word_1_171' title='bbox 2159 1247 2470 1317; x_wconf 75' lang='grc' dir='ltr'><strong>ἐκπέμπειν</strong></span> <span class='ocrx_word' id='word_1_172' title='bbox 2499 1247 2755 1310; x_wconf 82' lang='grc' dir='ltr'><strong>ἐνταῦθα,</strong></span> <span class='ocrx_word' id='word_1_173' title='bbox 2781 1235 2875 1308; x_wconf 79' lang='grc' dir='ltr'><strong>οὓς</strong></span> <span class='ocrx_word' id='word_1_174' title='bbox 2909 1247 2974 1301; x_wconf 82' lang='grc' dir='ltr'><strong>ἃν</strong></span> <span class='ocrx_word' id='word_1_175' title='bbox 3004 1245 3295 1314; x_wconf 78' lang='grc' dir='ltr'><strong>ἀρμοδίους</strong></span> <span class='ocrx_word' id='word_1_176' title='bbox 3330 1244 3445 1297; x_wconf 88' lang='grc' dir='ltr'><strong>δια-</strong></span> 
     </span>
    </p>
   </div>
   <div class='ocr_carea' id='block_1_26' title="bbox 1875 1335 3443 1410">
    <p class='ocr_par' dir='ltr' id='par_1_26' title="bbox 1875 1335 3443 1410">
     <span class='ocr_line' id='line_1_26' title="bbox 1875 1335 3443 1410; baseline -0.002 -20"><span class='ocrx_word' id='word_1_177' title='bbox 1875 1338 2052 1410; x_wconf 84' lang='grc' dir='ltr'><strong>κρίνοι</strong></span> <span class='ocrx_word' id='word_1_178' title='bbox 2098 1340 2209 1392; x_wconf 88' lang='grc' dir='ltr'><strong>τῶν</strong></span> <span class='ocrx_word' id='word_1_179' title='bbox 2260 1339 2353 1392; x_wconf 79' lang='grc' dir='ltr'><strong>τοῦ</strong></span> <span class='ocrx_word' id='word_1_180' title='bbox 2388 1338 2592 1410; x_wconf 82' lang='grc' dir='ltr'><strong>κλήρου</strong></span> <span class='ocrx_word' id='word_1_181' title='bbox 2636 1338 2824 1400; x_wconf 78' lang='grc' dir='ltr'><strong>αὐτοῦ,</strong></span> <span class='ocrx_word' id='word_1_182' title='bbox 2872 1337 2968 1390; x_wconf 77' lang='grc' dir='ltr'><strong>καὶ</strong></span> <span class='ocrx_word' id='word_1_183' title='bbox 3023 1337 3319 1407; x_wconf 76' lang='grc' dir='ltr'><strong>ἀναφέρειν</strong></span> <span class='ocrx_word' id='word_1_184' title='bbox 3373 1335 3443 1388; x_wconf 85' lang='grc' dir='ltr'><strong>δι’</strong></span> 
     </span>
    </p>
   </div>
   <div class='ocr_carea' id='block_1_27' title="bbox 1877 1429 3443 1504">
    <p class='ocr_par' dir='ltr' id='par_1_27' title="bbox 1877 1429 3443 1504">
     <span class='ocr_line' id='line_1_27' title="bbox 1877 1429 3443 1504; baseline -0.003 -19"><span class='ocrx_word' id='word_1_185' title='bbox 1877 1431 2098 1485; x_wconf 83' lang='grc' dir='ltr'><strong>οἰκείων</strong></span> <span class='ocrx_word' id='word_1_186' title='bbox 2131 1431 2430 1504; x_wconf 78' lang='grc' dir='ltr'><strong>ἐγγράφων</strong></span> <span class='ocrx_word' id='word_1_187' title='bbox 2457 1431 2552 1484; x_wconf 74' lang='grc' dir='ltr'><strong>καὶ</strong></span> <span class='ocrx_word' id='word_1_188' title='bbox 2595 1429 3123 1500; x_wconf 83' lang='grc' dir='ltr'><strong>κατησφαλισμένων</strong></span> <span class='ocrx_word' id='word_1_189' title='bbox 3151 1430 3443 1500; x_wconf 87' lang='grc' dir='ltr'><strong>ἀναφορῶν</strong></span> 
     </span>
    </p>
   </div>
   <div class='ocr_carea' id='block_1_28' title="bbox 1875 1519 3447 1593">
    <p class='ocr_par' dir='ltr' id='par_1_28' title="bbox 1875 1519 3447 1593">
     <span class='ocr_line' id='line_1_28' title="bbox 1875 1519 3447 1593; baseline -0.003 -17"><span class='ocrx_word' id='word_1_190' title='bbox 1875 1522 1945 1576; x_wconf 88' lang='grc' dir='ltr'><strong>τά</strong></span> <span class='ocrx_word' id='word_1_191' title='bbox 1971 1521 2115 1592; x_wconf 74' lang='grc' dir='ltr'><strong>ἅπερ</strong></span> <span class='ocrx_word' id='word_1_192' title='bbox 2136 1522 2251 1593; x_wconf 78' lang='grc' dir='ltr'><strong>ἔχει</strong></span> <span class='ocrx_word' id='word_1_193' title='bbox 2282 1521 2676 1590; x_wconf 81' lang='grc' dir='ltr'><strong>κατεπείγοντα</strong></span> <span class='ocrx_word' id='word_1_194' title='bbox 2704 1521 2840 1592; x_wconf 78' lang='grc' dir='ltr'><strong>ζητή</strong></span> <span class='ocrx_word' id='word_1_195' title='bbox 2852 1538 3018 1591; x_wconf 86' lang='grc' dir='ltr'><strong>ματα,</strong></span> <span class='ocrx_word' id='word_1_196' title='bbox 3057 1519 3133 1583; x_wconf 83' lang='grc' dir='ltr'><strong>ὡς</strong></span> <span class='ocrx_word' id='word_1_197' title='bbox 3174 1521 3242 1575; x_wconf 79' lang='grc' dir='ltr'><strong>ἃν</strong></span> <span class='ocrx_word' id='word_1_198' title='bbox 3263 1520 3447 1572; x_wconf 85' lang='grc' dir='ltr'><strong>ἐντεῦ-</strong></span> 
     </span>
    </p>
   </div>
   <div class='ocr_carea' id='block_1_29' title="bbox 1878 1608 3448 1684">
    <p class='ocr_par' dir='ltr' id='par_1_29' title="bbox 1878 1608 3448 1684">
     <span class='ocr_line' id='line_1_29' title="bbox 1878 1608 3448 1684; baseline -0.003 -18"><span class='ocrx_word' id='word_1_199' title='bbox 1878 1613 1970 1667; x_wconf 88' lang='grc' dir='ltr'><strong>θεν</strong></span> <span class='ocrx_word' id='word_1_200' title='bbox 1992 1613 2319 1684; x_wconf 86' lang='grc' dir='ltr'><strong>λαμϐάνωσι</strong></span> <span class='ocrx_word' id='word_1_201' title='bbox 2347 1613 2522 1667; x_wconf 87' lang='grc' dir='ltr'><strong>ταῦτα</strong></span> <span class='ocrx_word' id='word_1_202' title='bbox 2548 1613 2636 1666; x_wconf 89' lang='grc' dir='ltr'><strong>διά</strong></span> <span class='ocrx_word' id='word_1_203' title='bbox 2665 1614 2765 1682; x_wconf 83' lang='grc' dir='ltr'><strong>τῆς</strong></span> <span class='ocrx_word' id='word_1_204' title='bbox 2803 1612 3022 1682; x_wconf 89' lang='grc' dir='ltr'><strong>χάριτος</strong></span> <span class='ocrx_word' id='word_1_205' title='bbox 3048 1611 3144 1665; x_wconf 89' lang='grc' dir='ltr'><strong>τοῦ</strong></span> <span class='ocrx_word' id='word_1_206' title='bbox 3174 1608 3315 1664; x_wconf 90' lang='grc' dir='ltr'><strong>Θεοῦ</strong></span> <span class='ocrx_word' id='word_1_207' title='bbox 3348 1611 3448 1681; x_wconf 79' lang='grc' dir='ltr'><strong>τὴν</strong></span> 
     </span>
    </p>
   </div>
   <div class='ocr_carea' id='block_1_30' title="bbox 1877 1693 3448 1777">
    <p class='ocr_par' dir='ltr' id='par_1_30' title="bbox 1877 1693 3448 1777">
     <span class='ocr_line' id='line_1_30' title="bbox 1877 1693 3448 1777; baseline -0.002 -18"><span class='ocrx_word' id='word_1_208' title='bbox 1877 1705 2197 1776; x_wconf 80' lang='grc' dir='ltr'><strong>πρέπουσαν</strong></span> <span class='ocrx_word' id='word_1_209' title='bbox 2219 1708 2666 1763; x_wconf 85' lang='grc' dir='ltr'><strong>ἀποκατάστασιν</strong></span> <span class='ocrx_word' id='word_1_210' title='bbox 2686 1707 2783 1761; x_wconf 77' lang='grc' dir='ltr'><strong>καὶ</strong></span> <span class='ocrx_word' id='word_1_211' title='bbox 2805 1693 3096 1777; x_wconf 66' lang='grc' dir='ltr'><strong>διόρθωσιν</strong></span> <span class='ocrx_word' id='word_1_212' title='bbox 3121 1705 3205 1767; x_wconf 88' lang='grc' dir='ltr'><strong>είς</strong></span> <span class='ocrx_word' id='word_1_213' title='bbox 3223 1702 3448 1759; x_wconf 80' lang='grc' dir='ltr'><strong>πλείονα</strong></span> 
     </span>
    </p>
   </div>
   <div class='ocr_carea' id='block_1_31' title="bbox 143 1773 3447 1868">
    <p class='ocr_par' dir='ltr' id='par_1_31' title="bbox 143 1773 3447 1868">
     <span class='ocr_line' id='line_1_31' title="bbox 143 1773 3447 1868; baseline 0.002 -28"><span class='ocrx_word' id='word_1_214' title='bbox 143 1829 158 1842; x_wconf 89' lang='grc'>.,</span> <span class='ocrx_word' id='word_1_215' title='bbox 203 1775 386 1828; x_wconf 76' lang='grc' dir='ltr'><strong>ταῦθα</strong></span> <span class='ocrx_word' id='word_1_216' title='bbox 415 1773 484 1848; x_wconf 80' lang='grc' dir='ltr'><strong>ἦν</strong></span> <span class='ocrx_word' id='word_1_217' title='bbox 517 1781 611 1832; x_wconf 67' lang='grc' dir='ltr'><strong>καὶ</strong></span> <span class='ocrx_word' id='word_1_218' title='bbox 655 1781 876 1851; x_wconf 71' lang='grc' dir='ltr'><strong>ἐξελέγη</strong></span> <span class='ocrx_word' id='word_1_219' title='bbox 909 1785 1088 1836; x_wconf 71' lang='grc' dir='ltr'><strong>ὲκεῖπε</strong></span> <span class='ocrx_word' id='word_1_220' title='bbox 1122 1785 1433 1855; x_wconf 71' lang='grc' dir='ltr'><strong>ἀρχιερεύς.</strong></span> <span class='ocrx_word' id='word_1_221' title='bbox 1478 1789 1574 1841; x_wconf 81' lang='grc' dir='ltr'><strong>Αιά</strong></span> <span class='ocrx_word' id='word_1_222' title='bbox 1603 1789 1778 1844; x_wconf 74' lang='grc' dir='ltr'><strong>ταῦτα</strong></span> <span class='ocrx_word' id='word_1_223' title='bbox 1881 1773 2142 1852; x_wconf 85' lang='grc' dir='ltr'><strong>σύστασιν</strong></span> <span class='ocrx_word' id='word_1_224' title='bbox 2194 1799 2385 1853; x_wconf 87' lang='grc' dir='ltr'><strong>τούτου</strong></span> <span class='ocrx_word' id='word_1_225' title='bbox 2437 1815 2532 1851; x_wconf 84' lang='grc' dir='ltr'><strong>και</strong></span> <span class='ocrx_word' id='word_1_226' title='bbox 2580 1773 2973 1868; x_wconf 78' lang='grc' dir='ltr'><strong>εὐδοκίμησινο</strong></span> <span class='ocrx_word' id='word_1_227' title='bbox 3025 1794 3226 1866; x_wconf 65' lang='grc' dir='ltr'><strong>ἐπειδὴ</strong></span> <span class='ocrx_word' id='word_1_228' title='bbox 3254 1795 3447 1848; x_wconf 86' lang='grc' dir='ltr'><strong>τούτου</strong></span> 
     </span>
    </p>
   </div>
   <div class='ocr_carea' id='block_1_32' title="bbox 204 1860 3448 1961">
    <p class='ocr_par' dir='ltr' id='par_1_32' title="bbox 204 1860 3448 1961">
     <span class='ocr_line' id='line_1_32' title="bbox 204 1860 3448 1961; baseline 0.007 -45"><span class='ocrx_word' id='word_1_229' title='bbox 204 1867 304 1920; x_wconf 75' lang='grc' dir='ltr'><strong>καὶ</strong></span> <span class='ocrx_word' id='word_1_230' title='bbox 336 1867 472 1938; x_wconf 81' lang='grc' dir='ltr'><strong>δῆλα</strong></span> <span class='ocrx_word' id='word_1_231' title='bbox 507 1871 768 1940; x_wconf 84' lang='grc' dir='ltr'><strong>ποιοῦμεν</strong></span> <span class='ocrx_word' id='word_1_232' title='bbox 797 1874 868 1925; x_wconf 77' lang='grc' dir='ltr'><strong>τὰ</strong></span> <span class='ocrx_word' id='word_1_233' title='bbox 896 1875 1027 1942; x_wconf 76' lang='grc' dir='ltr'><strong>περὶ</strong></span> <span class='ocrx_word' id='word_1_234' title='bbox 1056 1877 1250 1929; x_wconf 88' lang='grc' dir='ltr'><strong>τούτου</strong></span> <span class='ocrx_word' id='word_1_235' title='bbox 1292 1876 1427 1945; x_wconf 90' lang='grc' dir='ltr'><strong>πρός</strong></span> <span class='ocrx_word' id='word_1_236' title='bbox 1457 1895 1515 1930; x_wconf 89' lang='grc' dir='ltr'><strong>τε</strong></span> <span class='ocrx_word' id='word_1_237' title='bbox 1548 1879 1647 1948; x_wconf 80' lang='grc' dir='ltr'><strong>τὴν</strong></span> <span class='ocrx_word' id='word_1_238' title='bbox 1679 1879 1772 1934; x_wconf 87' lang='grc' dir='ltr'><strong>ὑπ’</strong></span> <span class='ocrx_word' id='word_1_239' title='bbox 1805 1860 1850 1921; x_wconf 76' lang='grc' dir='ltr'>Β</span> <span class='ocrx_word' id='word_1_240' title='bbox 1877 1889 2040 1944; x_wconf 75' lang='grc' dir='ltr'><strong>ἕνεκα</strong></span> <span class='ocrx_word' id='word_1_241' title='bbox 2073 1891 2170 1944; x_wconf 75' lang='grc' dir='ltr'><strong>καὶ</strong></span> <span class='ocrx_word' id='word_1_242' title='bbox 2195 1892 2228 1961; x_wconf 80' lang='grc' dir='ltr'><strong>η</strong></span> <span class='ocrx_word' id='word_1_243' title='bbox 2267 1889 2518 1960; x_wconf 80' lang='grc' dir='ltr'><strong>παροῦσα</strong></span> <span class='ocrx_word' id='word_1_244' title='bbox 2561 1860 2809 1960; x_wconf 70' lang='grc' dir='ltr'><strong>ἡμετέρα</strong></span> <span class='ocrx_word' id='word_1_245' title='bbox 2829 1860 3094 1959; x_wconf 68' lang='grc' dir='ltr'><strong>⁷συνοδικὴ</strong></span> <span class='ocrx_word' id='word_1_246' title='bbox 3125 1860 3328 1958; x_wconf 63' lang='grc' dir='ltr'><strong>πράξις</strong></span> <span class='ocrx_word' id='word_1_247' title='bbox 3351 1903 3448 1956; x_wconf 87' lang='grc' dir='ltr'><strong>γε·</strong></span> 
     </span>
    </p>
   </div>
   <div class='ocr_carea' id='block_1_33' title="bbox 199 1959 1772 2036">
    <p class='ocr_par' dir='ltr' id='par_1_33' title="bbox 199 1959 1772 2036">
     <span class='ocr_line' id='line_1_33' title="bbox 199 1959 1772 2036; baseline 0.01 -27"><span class='ocrx_word' id='word_1_248' title='bbox 199 1959 373 2012; x_wconf 77' lang='grc' dir='ltr'><strong>αὐτὸν</strong></span> <span class='ocrx_word' id='word_1_249' title='bbox 403 1960 624 2015; x_wconf 81' lang='grc' dir='ltr'><strong>σύνοδον</strong></span> <span class='ocrx_word' id='word_1_250' title='bbox 651 1966 745 2016; x_wconf 75' lang='grc' dir='ltr'><strong>καὶ</strong></span> <span class='ocrx_word' id='word_1_251' title='bbox 790 1967 917 2028; x_wconf 69' lang='grc' dir='ltr'><strong>τοὺς</strong></span> <span class='ocrx_word' id='word_1_252' title='bbox 946 1965 1394 2034; x_wconf 82' lang='grc' dir='ltr'><strong>θεοφιλεστάτους</strong></span> <span class='ocrx_word' id='word_1_253' title='bbox 1437 1971 1772 2036; x_wconf 80' lang='grc' dir='ltr'><strong>ἐπισκόπους</strong></span> 
     </span>
    </p>
   </div>
   <div class='ocr_carea' id='block_1_34' title="bbox 200 2049 1774 2130">
    <p class='ocr_par' dir='ltr' id='par_1_34' title="bbox 200 2049 1774 2130">
     <span class='ocr_line' id='line_1_34' title="bbox 200 2049 1774 2130; baseline 0.01 -31"><span class='ocrx_word' id='word_1_254' title='bbox 200 2049 302 2100; x_wconf 75' lang='grc' dir='ltr'><strong>καὶ</strong></span> <span class='ocrx_word' id='word_1_255' title='bbox 329 2049 496 2103; x_wconf 74' lang='grc' dir='ltr'><strong>αὐτὸν</strong></span> <span class='ocrx_word' id='word_1_256' title='bbox 531 2051 596 2121; x_wconf 81' lang='grc' dir='ltr'><strong>δὴ</strong></span> <span class='ocrx_word' id='word_1_257' title='bbox 629 2053 721 2105; x_wconf 79' lang='grc' dir='ltr'><strong>τὸν</strong></span> <span class='ocrx_word' id='word_1_258' title='bbox 773 2054 1159 2122; x_wconf 87' lang='grc' dir='ltr'><strong>εὐγενέστατον</strong></span> <span class='ocrx_word' id='word_1_259' title='bbox 1208 2060 1386 2127; x_wconf 87' lang='grc' dir='ltr'><strong>μέγαν</strong></span> <span class='ocrx_word' id='word_1_260' title='bbox 1437 2060 1581 2130; x_wconf 77' lang='grc' dir='ltr'><strong>ῥῆγα</strong></span> <span class='ocrx_word' id='word_1_261' title='bbox 1619 2060 1774 2126; x_wconf 33' lang='grc' dir='ltr'><strong>,Ῥω-</strong></span> 
     </span>
    </p>
   </div>
   <div class='ocr_carea' id='block_1_35' title="bbox 203 2140 1773 2222">
    <p class='ocr_par' dir='ltr' id='par_1_35' title="bbox 203 2140 1773 2222">
     <span class='ocr_line' id='line_1_35' title="bbox 203 2140 1773 2222; baseline 0.007 -29"><span class='ocrx_word' id='word_1_262' title='bbox 203 2140 352 2205; x_wconf 87' lang='grc' dir='ltr'><strong>σίας,</strong></span> <span class='ocrx_word' id='word_1_263' title='bbox 395 2142 488 2196; x_wconf 83' lang='grc' dir='ltr'><strong>τδν</strong></span> <span class='ocrx_word' id='word_1_264' title='bbox 515 2142 624 2214; x_wconf 87' lang='grc' dir='ltr'><strong>κῦρ</strong></span> <span class='ocrx_word' id='word_1_265' title='bbox 667 2145 944 2216; x_wconf 85' lang='grc' dir='ltr'><strong>Ἰωάννην.</strong></span> <span class='ocrx_word' id='word_1_266' title='bbox 978 2148 1076 2202; x_wconf 82' lang='grc' dir='ltr'><strong>καὶ</strong></span> <span class='ocrx_word' id='word_1_267' title='bbox 1112 2151 1241 2213; x_wconf 75' lang='grc' dir='ltr'><strong>τοὺς</strong></span> <span class='ocrx_word' id='word_1_268' title='bbox 1281 2150 1501 2213; x_wconf 81' lang='grc' dir='ltr'><strong>λοιποὺς</strong></span> <span class='ocrx_word' id='word_1_269' title='bbox 1529 2153 1773 2222; x_wconf 87' lang='grc' dir='ltr'><strong>εὐγενεῖς</strong></span> 
     </span>
    </p>
   </div>
   <div class='ocr_carea' id='block_1_36' title="bbox 201 2235 1773 2314">
    <p class='ocr_par' dir='ltr' id='par_1_36' title="bbox 201 2235 1773 2314">
     <span class='ocr_line' id='line_1_36' title="bbox 201 2235 1773 2314; baseline 0.007 -28"><span class='ocrx_word' id='word_1_270' title='bbox 201 2235 406 2303; x_wconf 80' lang='grc' dir='ltr'><strong>ρἦας,</strong></span> <span class='ocrx_word' id='word_1_271' title='bbox 438 2238 494 2287; x_wconf 77' lang='grc' dir='ltr'><strong>ἐν</strong></span> <span class='ocrx_word' id='word_1_272' title='bbox 519 2238 708 2306; x_wconf 86' lang='grc' dir='ltr'><strong>Κυρίῳ</strong></span> <span class='ocrx_word' id='word_1_273' title='bbox 736 2239 1054 2309; x_wconf 71' lang='grc' dir='ltr'><strong>ἀγαπητοῖις</strong></span> <span class='ocrx_word' id='word_1_274' title='bbox 1080 2240 1229 2304; x_wconf 80' lang='grc' dir='ltr'><strong>υίοὺς</strong></span> <span class='ocrx_word' id='word_1_275' title='bbox 1248 2241 1352 2312; x_wconf 85' lang='grc' dir='ltr'><strong>τῆς</strong></span> <span class='ocrx_word' id='word_1_276' title='bbox 1373 2242 1532 2313; x_wconf 81' lang='grc' dir='ltr'><strong>ήμῶν</strong></span> <span class='ocrx_word' id='word_1_277' title='bbox 1557 2245 1773 2314; x_wconf 81' lang='grc' dir='ltr'><strong>μετριό-</strong></span> 
     </span>
    </p>
   </div>
   <div class='ocr_carea' id='block_1_37' title="bbox 198 2326 1774 2402">
    <p class='ocr_par' dir='ltr' id='par_1_37' title="bbox 198 2326 1774 2402">
     <span class='ocr_line' id='line_1_37' title="bbox 198 2326 1774 2402; baseline 0.008 -26"><span class='ocrx_word' id='word_1_278' title='bbox 198 2339 388 2392; x_wconf 78' lang='grc' dir='ltr'><strong>τητος,</strong></span> <span class='ocrx_word' id='word_1_279' title='bbox 417 2326 555 2379; x_wconf 86' lang='grc' dir='ltr'><strong>ἀλλά</strong></span> <span class='ocrx_word' id='word_1_280' title='bbox 579 2327 644 2398; x_wconf 78' lang='grc' dir='ltr'><strong>δὴ</strong></span> <span class='ocrx_word' id='word_1_281' title='bbox 670 2327 765 2381; x_wconf 79' lang='grc' dir='ltr'><strong>καὶ</strong></span> <span class='ocrx_word' id='word_1_282' title='bbox 793 2328 886 2381; x_wconf 70' lang='grc' dir='ltr'><strong>τὸν</strong></span> <span class='ocrx_word' id='word_1_283' title='bbox 915 2329 1008 2381; x_wconf 78' lang='grc' dir='ltr'><strong>ὑπ’</strong></span> <span class='ocrx_word' id='word_1_284' title='bbox 1036 2330 1197 2384; x_wconf 77' lang='grc' dir='ltr'><strong>αὐτὸν</strong></span> <span class='ocrx_word' id='word_1_285' title='bbox 1219 2331 1442 2402; x_wconf 83' lang='grc' dir='ltr'><strong>κλῆρον,</strong></span> <span class='ocrx_word' id='word_1_286' title='bbox 1479 2331 1558 2386; x_wconf 78' lang='grc' dir='ltr'><strong>ἔτι</strong></span> <span class='ocrx_word' id='word_1_287' title='bbox 1582 2350 1642 2386; x_wconf 89' lang='grc' dir='ltr'><strong>τε</strong></span> <span class='ocrx_word' id='word_1_288' title='bbox 1678 2334 1774 2390; x_wconf 73' lang='grc' dir='ltr'><strong>καὶ</strong></span> 
     </span>
    </p>
   </div>
   <div class='ocr_carea' id='block_1_38' title="bbox 202 2418 1773 2495">
    <p class='ocr_par' dir='ltr' id='par_1_38' title="bbox 202 2418 1773 2495">
     <span class='ocr_line' id='line_1_38' title="bbox 202 2418 1773 2495; baseline 0.006 -26"><span class='ocrx_word' id='word_1_289' title='bbox 202 2419 349 2485; x_wconf 82' lang='grc' dir='ltr'><strong>πρὸς</strong></span> <span class='ocrx_word' id='word_1_290' title='bbox 386 2419 510 2481; x_wconf 75' lang='grc' dir='ltr'><strong>τοὺς</strong></span> <span class='ocrx_word' id='word_1_291' title='bbox 538 2418 805 2488; x_wconf 80' lang='grc' dir='ltr'><strong>ἄρχοντας</strong></span> <span class='ocrx_word' id='word_1_292' title='bbox 844 2420 940 2474; x_wconf 80' lang='grc' dir='ltr'><strong>καὶ</strong></span> <span class='ocrx_word' id='word_1_293' title='bbox 967 2420 1144 2474; x_wconf 87' lang='grc' dir='ltr'><strong>πάντα</strong></span> <span class='ocrx_word' id='word_1_294' title='bbox 1176 2422 1269 2476; x_wconf 82' lang='grc' dir='ltr'><strong>τὸν</strong></span> <span class='ocrx_word' id='word_1_295' title='bbox 1302 2425 1420 2477; x_wconf 71' lang='grc' dir='ltr'><strong>ἐκεῖ</strong></span> <span class='ocrx_word' id='word_1_296' title='bbox 1459 2424 1773 2495; x_wconf 78' lang='grc' dir='ltr'><strong>Χριστὼνυο</strong></span> 
     </span>
    </p>
   </div>
   <div class='ocr_carea' id='block_1_39' title="bbox 201 2508 1772 2586">
    <p class='ocr_par' dir='ltr' id='par_1_39' title="bbox 201 2508 1772 2586">
     <span class='ocr_line' id='line_1_39' title="bbox 201 2508 1772 2586; baseline 0.006 -26"><span class='ocrx_word' id='word_1_297' title='bbox 201 2524 313 2577; x_wconf 87' lang='grc' dir='ltr'><strong>μον</strong></span> <span class='ocrx_word' id='word_1_298' title='bbox 342 2508 437 2562; x_wconf 84' lang='grc' dir='ltr'><strong>τοῦ</strong></span> <span class='ocrx_word' id='word_1_299' title='bbox 460 2510 664 2575; x_wconf 84' lang='grc' dir='ltr'><strong>Κυρίου</strong></span> <span class='ocrx_word' id='word_1_300' title='bbox 692 2511 844 2576; x_wconf 80' lang='grc' dir='ltr'><strong>λαὸν,</strong></span> <span class='ocrx_word' id='word_1_301' title='bbox 870 2512 966 2566; x_wconf 72' lang='grc' dir='ltr'><strong>καὶ</strong></span> <span class='ocrx_word' id='word_1_302' title='bbox 999 2514 1281 2583; x_wconf 83' lang='grc' dir='ltr'><strong>γράφομεν</strong></span> <span class='ocrx_word' id='word_1_303' title='bbox 1313 2515 1405 2570; x_wconf 81' lang='grc' dir='ltr'><strong>καὶ</strong></span> <span class='ocrx_word' id='word_1_304' title='bbox 1441 2516 1772 2586; x_wconf 72' lang='grc' dir='ltr'><strong>παρεγγυώ-</strong></span> 
     </span>
    </p>
   </div>
   <div class='ocr_carea' id='block_1_40' title="bbox 200 2600 1771 2676">
    <p class='ocr_par' dir='ltr' id='par_1_40' title="bbox 200 2600 1771 2676">
     <span class='ocr_line' id='line_1_40' title="bbox 200 2600 1771 2676; baseline 0.006 -25"><span class='ocrx_word' id='word_1_305' title='bbox 200 2600 350 2670; x_wconf 85' lang='grc' dir='ltr'><strong>μεθα</strong></span> <span class='ocrx_word' id='word_1_306' title='bbox 399 2605 704 2672; x_wconf 80' lang='grc' dir='ltr'><strong>πατρικῶς,</strong></span> <span class='ocrx_word' id='word_1_307' title='bbox 737 2604 812 2667; x_wconf 80' lang='grc' dir='ltr'><strong>ὥς</strong></span> <span class='ocrx_word' id='word_1_308' title='bbox 863 2602 934 2658; x_wconf 77' lang='grc' dir='ltr'><strong>ἂν</strong></span> <span class='ocrx_word' id='word_1_309' title='bbox 981 2605 1342 2670; x_wconf 77' lang='grc' dir='ltr'><strong>ὑποδέξωνται</strong></span> <span class='ocrx_word' id='word_1_310' title='bbox 1390 2607 1579 2661; x_wconf 83' lang='grc' dir='ltr'><strong>τοῦτον</strong></span> <span class='ocrx_word' id='word_1_311' title='bbox 1631 2609 1771 2676; x_wconf 83' lang='grc' dir='ltr'><strong>μετά</strong></span> 
     </span>
    </p>
   </div>
   <div class='ocr_carea' id='block_1_41' title="bbox 197 2695 1772 2771">
    <p class='ocr_par' dir='ltr' id='par_1_41' title="bbox 197 2695 1772 2771">
     <span class='ocr_line' id='line_1_41' title="bbox 197 2695 1772 2771; baseline 0.006 -27"><span class='ocrx_word' id='word_1_312' title='bbox 197 2695 584 2762; x_wconf 83' lang='grc' dir='ltr'><strong>περιχαρείας,</strong></span> <span class='ocrx_word' id='word_1_313' title='bbox 616 2697 710 2748; x_wconf 76' lang='grc' dir='ltr'><strong>καὶ</strong></span> <span class='ocrx_word' id='word_1_314' title='bbox 745 2695 1124 2767; x_wconf 87' lang='grc' dir='ltr'><strong>εὐφρανθῶσιν</strong></span> <span class='ocrx_word' id='word_1_315' title='bbox 1163 2698 1403 2762; x_wconf 76' lang='grc' dir='ltr'><strong>ἅπαντες</strong></span> <span class='ocrx_word' id='word_1_316' title='bbox 1429 2700 1524 2753; x_wconf 67' lang='grc' dir='ltr'><strong>ἐπὶ</strong></span> <span class='ocrx_word' id='word_1_317' title='bbox 1561 2703 1628 2771; x_wconf 81' lang='grc' dir='ltr'><strong>τῇ</strong></span> <span class='ocrx_word' id='word_1_318' title='bbox 1666 2716 1772 2754; x_wconf 77' lang='grc' dir='ltr'><strong>πα-</strong></span> 
     </span>
    </p>
   </div>
   <div class='ocr_carea' id='block_1_42' title="bbox 199 2786 1768 2862">
    <p class='ocr_par' dir='ltr' id='par_1_42' title="bbox 199 2786 1768 2862">
     <span class='ocr_line' id='line_1_42' title="bbox 199 2786 1768 2862; baseline 0.007 -26"><span class='ocrx_word' id='word_1_319' title='bbox 199 2787 402 2854; x_wconf 76' lang='grc' dir='ltr'><strong>ρουσία</strong></span> <span class='ocrx_word' id='word_1_320' title='bbox 444 2786 631 2851; x_wconf 82' lang='grc' dir='ltr'><strong>αὐτοῦ,</strong></span> <span class='ocrx_word' id='word_1_321' title='bbox 669 2786 762 2840; x_wconf 81' lang='grc' dir='ltr'><strong>καὶ</strong></span> <span class='ocrx_word' id='word_1_322' title='bbox 803 2789 1116 2858; x_wconf 88' lang='grc' dir='ltr'><strong>ἀπονέμωσι</strong></span> <span class='ocrx_word' id='word_1_323' title='bbox 1161 2791 1338 2862; x_wconf 82' lang='grc' dir='ltr'><strong>τούτῳ</strong></span> <span class='ocrx_word' id='word_1_324' title='bbox 1381 2793 1646 2846; x_wconf 83' lang='grc' dir='ltr'><strong>παντοίαν</strong></span> <span class='ocrx_word' id='word_1_325' title='bbox 1673 2795 1768 2847; x_wconf 80' lang='grc' dir='ltr'><strong>εὐ-</strong></span> 
     </span>
    </p>
   </div>
   <div class='ocr_carea' id='block_1_43' title="bbox 199 2877 1770 2958">
    <p class='ocr_par' dir='ltr' id='par_1_43' title="bbox 199 2877 1770 2958">
     <span class='ocr_line' id='line_1_43' title="bbox 199 2877 1770 2958; baseline 0.007 -30"><span class='ocrx_word' id='word_1_326' title='bbox 199 2877 456 2930; x_wconf 85' lang='grc' dir='ltr'><strong>πείθειαν</strong></span> <span class='ocrx_word' id='word_1_327' title='bbox 483 2877 579 2930; x_wconf 73' lang='grc' dir='ltr'><strong>καὶ</strong></span> <span class='ocrx_word' id='word_1_328' title='bbox 606 2879 792 2948; x_wconf 83' lang='grc' dir='ltr'><strong>τιμὴν,</strong></span> <span class='ocrx_word' id='word_1_329' title='bbox 825 2880 904 2942; x_wconf 88' lang='grc' dir='ltr'><strong>είς</strong></span> <span class='ocrx_word' id='word_1_330' title='bbox 942 2881 1044 2935; x_wconf 80' lang='grc' dir='ltr'><strong>ὅσα</strong></span> <span class='ocrx_word' id='word_1_331' title='bbox 1073 2882 1256 2951; x_wconf 79' lang='grc' dir='ltr'><strong>μέλλει</strong></span> <span class='ocrx_word' id='word_1_332' title='bbox 1284 2882 1476 2951; x_wconf 51' lang='grc' dir='ltr'><strong>,λέγειν</strong></span> <span class='ocrx_word' id='word_1_333' title='bbox 1501 2885 1592 2938; x_wconf 78' lang='grc' dir='ltr'><strong>καὶ</strong></span> <span class='ocrx_word' id='word_1_334' title='bbox 1616 2888 1770 2958; x_wconf 88' lang='grc' dir='ltr'><strong>είση-</strong></span> 
     </span>
    </p>
   </div>
   <div class='ocr_carea' id='block_1_44' title="bbox 194 2969 1770 3048">
    <p class='ocr_par' dir='ltr' id='par_1_44' title="bbox 194 2969 1770 3048">
     <span class='ocr_line' id='line_1_44' title="bbox 194 2969 1770 3048; baseline 0.008 -29"><span class='ocrx_word' id='word_1_335' title='bbox 194 2969 420 3036; x_wconf 83' lang='grc' dir='ltr'><strong>γεῖσθαι</strong></span> <span class='ocrx_word' id='word_1_336' title='bbox 449 2970 652 3032; x_wconf 84' lang='grc' dir='ltr'><strong>αὐτοῖς,</strong></span> <span class='ocrx_word' id='word_1_337' title='bbox 699 2971 990 3042; x_wconf 78' lang='grc' dir='ltr'><strong>ἀφορῶντα</strong></span> <span class='ocrx_word' id='word_1_338' title='bbox 1035 2975 1116 3037; x_wconf 85' lang='grc' dir='ltr'><strong>είς</strong></span> <span class='ocrx_word' id='word_1_339' title='bbox 1143 2974 1412 3043; x_wconf 84' lang='grc' dir='ltr'><strong>ὠφέλειαν</strong></span> <span class='ocrx_word' id='word_1_340' title='bbox 1451 2977 1558 3030; x_wconf 89' lang='grc' dir='ltr'><strong>τῶν</strong></span> <span class='ocrx_word' id='word_1_341' title='bbox 1581 2976 1770 3048; x_wconf 81' lang='grc' dir='ltr'><strong>ψυχῶν</strong></span> 
     </span>
    </p>
   </div>
   <div class='ocr_carea' id='block_1_45' title="bbox 192 3060 1996 3139">
    <p class='ocr_par' dir='ltr' id='par_1_45' title="bbox 192 3060 1996 3139">
     <span class='ocr_line' id='line_1_45' title="bbox 192 3060 1996 3139; baseline 0.009 -30"><span class='ocrx_word' id='word_1_342' title='bbox 192 3061 386 3115; x_wconf 78' lang='grc' dir='ltr'><strong>αὐτῶν</strong></span> <span class='ocrx_word' id='word_1_343' title='bbox 411 3063 502 3114; x_wconf 69' lang='grc' dir='ltr'><strong>καὶ</strong></span> <span class='ocrx_word' id='word_1_344' title='bbox 528 3060 788 3116; x_wconf 88' lang='grc' dir='ltr'><strong>σύστασιν</strong></span> <span class='ocrx_word' id='word_1_345' title='bbox 813 3064 921 3118; x_wconf 91' lang='grc' dir='ltr'><strong>τῶν</strong></span> <span class='ocrx_word' id='word_1_346' title='bbox 941 3066 1178 3120; x_wconf 87' lang='grc' dir='ltr'><strong>εὐσεϐῶν</strong></span> <span class='ocrx_word' id='word_1_347' title='bbox 1203 3071 1297 3120; x_wconf 80' lang='grc' dir='ltr'><strong>καὶ</strong></span> <span class='ocrx_word' id='word_1_348' title='bbox 1355 3067 1654 3139; x_wconf 85' lang='grc' dir='ltr'><strong>ὀρθοδόξων</strong></span> <span class='ocrx_word' id='word_1_349' title='bbox 1684 3071 1770 3123; x_wconf 89' lang='grc' dir='ltr'><strong>δο-</strong></span> <span class='ocrx_word' id='word_1_350' title='bbox 1873 3115 1890 3132; x_wconf 86' lang='grc'><strong>,</strong></span> <span class='ocrx_word' id='word_1_351' title='bbox 1925 3116 1940 3133; x_wconf 90' lang='grc'><strong>.</strong></span> <span class='ocrx_word' id='word_1_352' title='bbox 1979 3114 1996 3131; x_wconf 91' lang='grc'><strong>.</strong></span> 
     </span>
    </p>
   </div>
   <div class='ocr_carea' id='block_1_46' title="bbox 193 3148 1767 3229">
    <p class='ocr_par' dir='ltr' id='par_1_46' title="bbox 193 3148 1767 3229">
     <span class='ocr_line' id='line_1_46' title="bbox 193 3148 1767 3229; baseline 0.01 -30"><span class='ocrx_word' id='word_1_353' title='bbox 193 3148 434 3216; x_wconf 87' lang='grc' dir='ltr'><strong>γμάτων</strong></span> <span class='ocrx_word' id='word_1_354' title='bbox 460 3152 557 3220; x_wconf 81' lang='grc' dir='ltr'><strong>τῆς</strong></span> <span class='ocrx_word' id='word_1_355' title='bbox 595 3151 924 3222; x_wconf 83' lang='grc' dir='ltr'><strong>Ἐκκλησίας</strong></span> <span class='ocrx_word' id='word_1_356' title='bbox 954 3155 1089 3209; x_wconf 83' lang='grc' dir='ltr'><strong>Θεοῦ</strong></span> <span class='ocrx_word' id='word_1_357' title='bbox 1110 3159 1184 3229; x_wconf 73' lang='grc' dir='ltr'><strong>σή</strong></span> <span class='ocrx_word' id='word_1_358' title='bbox 1223 3161 1335 3229; x_wconf 77' lang='grc' dir='ltr'><strong>γὰρ</strong></span> <span class='ocrx_word' id='word_1_359' title='bbox 1378 3160 1459 3221; x_wconf 89' lang='grc' dir='ltr'><strong>είς</strong></span> <span class='ocrx_word' id='word_1_360' title='bbox 1484 3161 1649 3214; x_wconf 83' lang='grc' dir='ltr'><strong>αὐτὸν</strong></span> <span class='ocrx_word' id='word_1_361' title='bbox 1684 3163 1767 3215; x_wconf 77' lang='grc' dir='ltr'><strong>αίο</strong></span> 
     </span>
    </p>
   </div>
   <div class='ocr_carea' id='block_1_47' title="bbox 191 3238 1766 3322">
    <p class='ocr_par' dir='ltr' id='par_1_47' title="bbox 191 3238 1766 3322">
     <span class='ocr_line' id='line_1_47' title="bbox 191 3238 1766 3322; baseline 0.01 -32"><span class='ocrx_word' id='word_1_362' title='bbox 191 3238 310 3302; x_wconf 78' lang='grc' dir='ltr'><strong>δὼς</strong></span> <span class='ocrx_word' id='word_1_363' title='bbox 345 3242 440 3294; x_wconf 84' lang='grc' dir='ltr'><strong>καὶ</strong></span> <span class='ocrx_word' id='word_1_364' title='bbox 462 3244 597 3314; x_wconf 81' lang='grc' dir='ltr'><strong>τιμὴ</strong></span> <span class='ocrx_word' id='word_1_365' title='bbox 628 3247 726 3300; x_wconf 79' lang='grc' dir='ltr'><strong>καὶ</strong></span> <span class='ocrx_word' id='word_1_366' title='bbox 752 3246 1012 3302; x_wconf 88' lang='grc' dir='ltr'><strong>εὐλάϐεια</strong></span> <span class='ocrx_word' id='word_1_367' title='bbox 1031 3249 1113 3312; x_wconf 86' lang='grc' dir='ltr'><strong>είς</strong></span> <span class='ocrx_word' id='word_1_368' title='bbox 1140 3250 1232 3304; x_wconf 82' lang='grc' dir='ltr'><strong>τὸν</strong></span> <span class='ocrx_word' id='word_1_369' title='bbox 1253 3250 1386 3305; x_wconf 75' lang='grc' dir='ltr'><strong>Θεὸν</strong></span> <span class='ocrx_word' id='word_1_370' title='bbox 1417 3252 1766 3322; x_wconf 85' lang='grc' dir='ltr'><strong>ἀναφέρεται,</strong></span> 
     </span>
    </p>
   </div>
   <div class='ocr_carea' id='block_1_48' title="bbox 192 3331 1772 3408">
    <p class='ocr_par' dir='ltr' id='par_1_48' title="bbox 192 3331 1772 3408">
     <span class='ocr_line' id='line_1_48' title="bbox 192 3331 1772 3408; baseline 0.011 -28"><span class='ocrx_word' id='word_1_371' title='bbox 192 3332 302 3382; x_wconf 68' lang='grc' dir='ltr'><strong>καὶ</strong></span> <span class='ocrx_word' id='word_1_372' title='bbox 336 3331 413 3394; x_wconf 85' lang='grc' dir='ltr'><strong>είς</strong></span> <span class='ocrx_word' id='word_1_373' title='bbox 443 3331 542 3402; x_wconf 85' lang='grc' dir='ltr'><strong>τὴν</strong></span> <span class='ocrx_word' id='word_1_374' title='bbox 577 3335 738 3403; x_wconf 73' lang='grc' dir='ltr'><strong>ἡμῶν</strong></span> <span class='ocrx_word' id='word_1_375' title='bbox 768 3339 1099 3408; x_wconf 84' lang='grc' dir='ltr'><strong>μετριότητα</strong></span> <span class='ocrx_word' id='word_1_376' title='bbox 1130 3340 1412 3408; x_wconf 88' lang='grc' dir='ltr'><strong>διαϐαίνει,</strong></span> <span class='ocrx_word' id='word_1_377' title='bbox 1461 3343 1540 3398; x_wconf 78' lang='grc' dir='ltr'><strong>ἔτι</strong></span> <span class='ocrx_word' id='word_1_378' title='bbox 1574 3359 1633 3398; x_wconf 88' lang='grc' dir='ltr'><strong>τε</strong></span> <span class='ocrx_word' id='word_1_379' title='bbox 1676 3346 1772 3398; x_wconf 78' lang='grc' dir='ltr'><strong>καὶ</strong></span> 
     </span>
    </p>
   </div>
   <div class='ocr_carea' id='block_1_49' title="bbox 191 3424 1770 3508">
    <p class='ocr_par' dir='ltr' id='par_1_49' title="bbox 191 3424 1770 3508">
     <span class='ocr_line' id='line_1_49' title="bbox 191 3424 1770 3508; baseline 0.011 -32"><span class='ocrx_word' id='word_1_380' title='bbox 191 3425 286 3484; x_wconf 83' lang='grc' dir='ltr'><strong>είς</strong></span> <span class='ocrx_word' id='word_1_381' title='bbox 313 3424 412 3496; x_wconf 77' lang='grc' dir='ltr'><strong>τὴν</strong></span> <span class='ocrx_word' id='word_1_382' title='bbox 445 3427 568 3480; x_wconf 84' lang='grc' dir='ltr'><strong>καθ’</strong></span> <span class='ocrx_word' id='word_1_383' title='bbox 590 3431 737 3500; x_wconf 80' lang='grc' dir='ltr'><strong>ἡμᾶς</strong></span> <span class='ocrx_word' id='word_1_384' title='bbox 769 3431 918 3485; x_wconf 83' lang='grc' dir='ltr'><strong>θείαν</strong></span> <span class='ocrx_word' id='word_1_385' title='bbox 950 3435 1044 3487; x_wconf 81' lang='grc' dir='ltr'><strong>καὶ</strong></span> <span class='ocrx_word' id='word_1_386' title='bbox 1075 3435 1224 3503; x_wconf 77' lang='grc' dir='ltr'><strong>ἱεράν</strong></span> <span class='ocrx_word' id='word_1_387' title='bbox 1256 3437 1492 3494; x_wconf 88' lang='grc' dir='ltr'><strong>σύνοδον.</strong></span> <span class='ocrx_word' id='word_1_388' title='bbox 1529 3439 1770 3508; x_wconf 86' lang='grc' dir='ltr'><strong>Ὀφείλει</strong></span> 
     </span>
    </p>
   </div>
   <div class='ocr_carea' id='block_1_50' title="bbox 194 3513 1770 3602">
    <p class='ocr_par' dir='ltr' id='par_1_50' title="bbox 194 3513 1770 3602">
     <span class='ocr_line' id='line_1_50' title="bbox 194 3513 1770 3602; baseline 0.015 -38"><span class='ocrx_word' id='word_1_389' title='bbox 194 3514 391 3602; x_wconf 77' lang='grc' dir='ltr'><strong>μέντοι</strong></span> <span class='ocrx_word' id='word_1_390' title='bbox 417 3513 570 3584; x_wconf 82' lang='grc' dir='ltr'><strong>οὗτος</strong></span> <span class='ocrx_word' id='word_1_391' title='bbox 613 3524 862 3591; x_wconf 79' lang='grc' dir='ltr'><strong>μετέχειν</strong></span> <span class='ocrx_word' id='word_1_392' title='bbox 892 3525 988 3578; x_wconf 79' lang='grc' dir='ltr'><strong>καὶ</strong></span> <span class='ocrx_word' id='word_1_393' title='bbox 1023 3525 1126 3597; x_wconf 84' lang='grc' dir='ltr'><strong>τῆς</strong></span> <span class='ocrx_word' id='word_1_394' title='bbox 1177 3527 1270 3581; x_wconf 88' lang='grc' dir='ltr'><strong>τοῦ</strong></span> <span class='ocrx_word' id='word_1_395' title='bbox 1297 3529 1445 3600; x_wconf 88' lang='grc' dir='ltr'><strong>ίεροῦ</strong></span> <span class='ocrx_word' id='word_1_396' title='bbox 1477 3533 1770 3602; x_wconf 87' lang='grc' dir='ltr'><strong>συνθρόνου</strong></span> 
     </span>
    </p>
   </div>
   <div class='ocr_carea' id='block_1_51' title="bbox 190 3595 1768 3690">
    <p class='ocr_par' dir='ltr' id='par_1_51' title="bbox 190 3595 1768 3690">
     <span class='ocr_line' id='line_1_51' title="bbox 190 3595 1768 3690; baseline 0.014 -34"><span class='ocrx_word' id='word_1_397' title='bbox 190 3595 668 3677; x_wconf 80' lang='grc' dir='ltr'><strong>ὲγκαθιδρύσεως,</strong></span> <span class='ocrx_word' id='word_1_398' title='bbox 715 3612 794 3676; x_wconf 88' lang='grc' dir='ltr'><strong>ὠς</strong></span> <span class='ocrx_word' id='word_1_399' title='bbox 847 3613 1054 3679; x_wconf 87' lang='grc' dir='ltr'><strong>τέλειος</strong></span> <span class='ocrx_word' id='word_1_400' title='bbox 1082 3595 1516 3690; x_wconf 14' lang='grc' dir='ltr'><strong>ήμητροπόλίτης</strong></span> <span class='ocrx_word' id='word_1_401' title='bbox 1556 3595 1768 3678; x_wconf 66' lang='grc' dir='ltr'><strong>Κύέϐου</strong></span> 
     </span>
    </p>
   </div>
   <div class='ocr_carea' id='block_1_52' title="bbox 193 3697 1769 3771">
    <p class='ocr_par' dir='ltr' id='par_1_52' title="bbox 193 3697 1769 3771">
     <span class='ocr_line' id='line_1_52' title="bbox 193 3697 1769 3771; baseline 0.014 -24"><span class='ocrx_word' id='word_1_402' title='bbox 193 3697 304 3749; x_wconf 79' lang='grc' dir='ltr'><strong>καὶ</strong></span> <span class='ocrx_word' id='word_1_403' title='bbox 334 3698 512 3768; x_wconf 82' lang='grc' dir='ltr'><strong>πάσης</strong></span> <span class='ocrx_word' id='word_1_404' title='bbox 552 3701 784 3768; x_wconf 87' lang='grc' dir='ltr'><strong>Ῥωσίας</strong></span> <span class='ocrx_word' id='word_1_405' title='bbox 803 3746 818 3771; x_wconf 94' lang='grc'><strong>,</strong></span> <span class='ocrx_word' id='word_1_406' title='bbox 843 3707 1196 3763; x_wconf 86' lang='grc' dir='ltr'><strong>ἐπιλαϐέσθαι</strong></span> <span class='ocrx_word' id='word_1_407' title='bbox 1216 3727 1273 3763; x_wconf 90' lang='grc' dir='ltr'><strong>τε</strong></span> <span class='ocrx_word' id='word_1_408' title='bbox 1297 3714 1390 3764; x_wconf 81' lang='grc' dir='ltr'><strong>καὶ</strong></span> <span class='ocrx_word' id='word_1_409' title='bbox 1422 3715 1640 3768; x_wconf 88' lang='grc' dir='ltr'><strong>πάντων</strong></span> <span class='ocrx_word' id='word_1_410' title='bbox 1663 3717 1769 3769; x_wconf 90' lang='grc' dir='ltr'><strong>τῶν</strong></span> 
     </span>
    </p>
   </div>
   <div class='ocr_carea' id='block_1_53' title="bbox 189 3785 1767 3878">
    <p class='ocr_par' dir='ltr' id='par_1_53' title="bbox 189 3785 1767 3878">
     <span class='ocr_line' id='line_1_53' title="bbox 189 3785 1767 3878; baseline 0.014 -40"><span class='ocrx_word' id='word_1_411' title='bbox 189 3785 540 3858; x_wconf 77' lang='grc' dir='ltr'><strong>ὁπουδήποτε</strong></span> <span class='ocrx_word' id='word_1_412' title='bbox 577 3791 986 3865; x_wconf 72' lang='grc' dir='ltr'><strong>εὑρισκομένων</strong></span> <span class='ocrx_word' id='word_1_413' title='bbox 1021 3800 1112 3851; x_wconf 69' lang='grc' dir='ltr'><strong>καὶ</strong></span> <span class='ocrx_word' id='word_1_414' title='bbox 1141 3801 1510 3870; x_wconf 78' lang='grc' dir='ltr'><strong>διαφερόντων</strong></span> <span class='ocrx_word' id='word_1_415' title='bbox 1540 3805 1667 3874; x_wconf 74' lang='grc' dir='ltr'><strong>τῇδε</strong></span> <span class='ocrx_word' id='word_1_416' title='bbox 1701 3807 1767 3878; x_wconf 80' lang='grc' dir='ltr'><strong>τῇ</strong></span> 
     </span>
    </p>
   </div>
   <div class='ocr_carea' id='block_1_54' title="bbox 193 3878 1770 3966">
    <p class='ocr_par' dir='ltr' id='par_1_54' title="bbox 193 3878 1770 3966">
     <span class='ocr_line' id='line_1_54' title="bbox 193 3878 1770 3966; baseline 0.014 -36"><span class='ocrx_word' id='word_1_417' title='bbox 193 3878 486 3958; x_wconf 70' lang='grc' dir='ltr'><strong>ἁγιωτάτῃ</strong></span> <span class='ocrx_word' id='word_1_418' title='bbox 533 3888 865 3955; x_wconf 89' lang='grc' dir='ltr'><strong>μητροπόλει</strong></span> <span class='ocrx_word' id='word_1_419' title='bbox 891 3889 1111 3945; x_wconf 89' lang='grc' dir='ltr'><strong>δικαίων</strong></span> <span class='ocrx_word' id='word_1_420' title='bbox 1131 3895 1224 3947; x_wconf 78' lang='grc' dir='ltr'><strong>καὶ</strong></span> <span class='ocrx_word' id='word_1_421' title='bbox 1257 3897 1585 3966; x_wconf 84' lang='grc' dir='ltr'><strong>προνομίων.</strong></span> <span class='ocrx_word' id='word_1_422' title='bbox 1611 3897 1770 3952; x_wconf 85' lang='grc' dir='ltr'><strong>Κατά</strong></span> 
     </span>
    </p>
   </div>
   <div class='ocr_carea' id='block_1_55' title="bbox 191 3973 1770 4063">
    <p class='ocr_par' dir='ltr' id='par_1_55' title="bbox 191 3973 1770 4063">
     <span class='ocr_line' id='line_1_55' title="bbox 191 3973 1770 4063; baseline 0.015 -41"><span class='ocrx_word' id='word_1_423' title='bbox 191 3973 313 4041; x_wconf 73' lang='grc' dir='ltr'><strong>γὰρ</strong></span> <span class='ocrx_word' id='word_1_424' title='bbox 353 3975 480 4038; x_wconf 80' lang='grc' dir='ltr'><strong>τοὺς</strong></span> <span class='ocrx_word' id='word_1_425' title='bbox 514 3976 688 4040; x_wconf 85' lang='grc' dir='ltr'><strong>θείους</strong></span> <span class='ocrx_word' id='word_1_426' title='bbox 723 3982 820 4034; x_wconf 76' lang='grc' dir='ltr'><strong>καὶ</strong></span> <span class='ocrx_word' id='word_1_427' title='bbox 862 3981 1040 4054; x_wconf 78' lang='grc' dir='ltr'><strong>ίεροὺς</strong></span> <span class='ocrx_word' id='word_1_428' title='bbox 1070 3987 1301 4052; x_wconf 81' lang='grc' dir='ltr'><strong>κανόνας</strong></span> <span class='ocrx_word' id='word_1_429' title='bbox 1331 3991 1358 4043; x_wconf 90' lang='grc' dir='ltr'><strong>ό</strong></span> <span class='ocrx_word' id='word_1_430' title='bbox 1408 3989 1571 4054; x_wconf 81' lang='grc' dir='ltr'><strong>αὐτὸς</strong></span> <span class='ocrx_word' id='word_1_431' title='bbox 1610 3990 1770 4063; x_wconf 85' lang='grc' dir='ltr'><strong>ίερὼ-</strong></span> 
     </span>
    </p>
   </div>
   <div class='ocr_carea' id='block_1_56' title="bbox 187 4071 1770 4151">
    <p class='ocr_par' dir='ltr' id='par_1_56' title="bbox 187 4071 1770 4151">
     <span class='ocr_line' id='line_1_56' title="bbox 187 4071 1770 4151; baseline 0.016 -37"><span class='ocrx_word' id='word_1_432' title='bbox 187 4079 362 4127; x_wconf 72' lang='grc' dir='ltr'><strong>τατος</strong></span> <span class='ocrx_word' id='word_1_433' title='bbox 389 4071 793 4142; x_wconf 88' lang='grc' dir='ltr'><strong>μητροπολίτης</strong></span> <span class='ocrx_word' id='word_1_434' title='bbox 819 4073 1024 4143; x_wconf 76' lang='grc' dir='ltr'><strong>ὀφείλει</strong></span> <span class='ocrx_word' id='word_1_435' title='bbox 1054 4077 1200 4149; x_wconf 76' lang='grc' dir='ltr'><strong>ἔχειν</strong></span> <span class='ocrx_word' id='word_1_436' title='bbox 1223 4083 1322 4151; x_wconf 77' lang='grc' dir='ltr'><strong>την</strong></span> <span class='ocrx_word' id='word_1_437' title='bbox 1353 4081 1606 4148; x_wconf 82' lang='grc' dir='ltr'><strong>ἐξουσίαν</strong></span> <span class='ocrx_word' id='word_1_438' title='bbox 1635 4085 1770 4139; x_wconf 62' lang='grc' dir='ltr'><strong>πάνι-</strong></span> 
     </span>
    </p>
   </div>
   <div class='ocr_carea' id='block_1_57' title="bbox 187 4155 1768 4244">
    <p class='ocr_par' dir='ltr' id='par_1_57' title="bbox 187 4155 1768 4244">
     <span class='ocr_line' id='line_1_57' title="bbox 187 4155 1768 4244; baseline 0.016 -39"><span class='ocrx_word' id='word_1_439' title='bbox 187 4170 310 4206; x_wconf 86' lang='grc' dir='ltr'><strong>των</strong></span> <span class='ocrx_word' id='word_1_440' title='bbox 366 4155 473 4209; x_wconf 89' lang='grc' dir='ltr'><strong>τῶν</strong></span> <span class='ocrx_word' id='word_1_441' title='bbox 541 4161 852 4232; x_wconf 78' lang='grc' dir='ltr'><strong>ἀνηκόντων</strong></span> <span class='ocrx_word' id='word_1_442' title='bbox 911 4169 976 4237; x_wconf 72' lang='grc' dir='ltr'><strong>τῇ</strong></span> <span class='ocrx_word' id='word_1_443' title='bbox 1038 4169 1359 4244; x_wconf 77' lang='grc' dir='ltr'><strong>Ἐκκλησία,</strong></span> <span class='ocrx_word' id='word_1_444' title='bbox 1414 4174 1768 4243; x_wconf 83' lang='grc' dir='ltr'><strong>ἀναγνώστας</strong></span> 
     </span>
    </p>
   </div>
   <div class='ocr_carea' id='block_1_58' title="bbox 191 4250 1767 4336">
    <p class='ocr_par' dir='ltr' id='par_1_58' title="bbox 191 4250 1767 4336">
     <span class='ocr_line' id='line_1_58' title="bbox 191 4250 1767 4336; baseline 0.013 -32"><span class='ocrx_word' id='word_1_445' title='bbox 191 4250 526 4319; x_wconf 71' lang='grc' dir='ltr'><strong>σφραγίζων</strong></span> <span class='ocrx_word' id='word_1_446' title='bbox 555 4255 615 4307; x_wconf 88' lang='grc' dir='ltr'><strong>ἐν</strong></span> <span class='ocrx_word' id='word_1_447' title='bbox 643 4257 779 4328; x_wconf 81' lang='grc' dir='ltr'><strong>αὐτῇ</strong></span> <span class='ocrx_word' id='word_1_448' title='bbox 813 4261 907 4312; x_wconf 74' lang='grc' dir='ltr'><strong>καὶ</strong></span> <span class='ocrx_word' id='word_1_449' title='bbox 945 4263 1334 4330; x_wconf 84' lang='grc' dir='ltr'><strong>ὑποδιακόνους</strong></span> <span class='ocrx_word' id='word_1_450' title='bbox 1365 4269 1459 4322; x_wconf 75' lang='grc' dir='ltr'><strong>καὶ</strong></span> <span class='ocrx_word' id='word_1_451' title='bbox 1484 4269 1767 4336; x_wconf 88' lang='grc' dir='ltr'><strong>διακόνους</strong></span> 
     </span>
    </p>
   </div>
   <div class='ocr_carea' id='block_1_59' title="bbox 191 4341 1766 4426">
    <p class='ocr_par' dir='ltr' id='par_1_59' title="bbox 191 4341 1766 4426">
     <span class='ocr_line' id='line_1_59' title="bbox 191 4341 1766 4426; baseline 0.017 -35"><span class='ocrx_word' id='word_1_452' title='bbox 191 4341 556 4408; x_wconf 72' lang='grc' dir='ltr'><strong>προϐιϐἀςων</strong></span> <span class='ocrx_word' id='word_1_453' title='bbox 595 4350 688 4402; x_wconf 74' lang='grc' dir='ltr'><strong>καὶ</strong></span> <span class='ocrx_word' id='word_1_454' title='bbox 735 4351 898 4419; x_wconf 87' lang='grc' dir='ltr'><strong>ίερεῖς</strong></span> <span class='ocrx_word' id='word_1_455' title='bbox 941 4358 1264 4426; x_wconf 84' lang='grc' dir='ltr'><strong>χειροτονῶν</strong></span> <span class='ocrx_word' id='word_1_456' title='bbox 1313 4364 1618 4416; x_wconf 80' lang='grc' dir='ltr'><strong>καῖ-πάντα</strong></span> <span class='ocrx_word' id='word_1_457' title='bbox 1648 4364 1766 4417; x_wconf 74' lang='grc' dir='ltr'><strong>δια-</strong></span> 
     </span>
    </p>
   </div>
   <div class='ocr_carea' id='block_1_60' title="bbox 189 4437 1769 4527">
    <p class='ocr_par' dir='ltr' id='par_1_60' title="bbox 189 4437 1769 4527">
     <span class='ocr_line' id='line_1_60' title="bbox 189 4437 1769 4527; baseline 0.019 -46"><span class='ocrx_word' id='word_1_458' title='bbox 189 4437 582 4527; x_wconf 61' lang='grc' dir='ltr'><strong>πραττόμενος</strong></span> <span class='ocrx_word' id='word_1_459' title='bbox 613 4440 800 4506; x_wconf 87' lang='grc' dir='ltr'><strong>άπλῶς</strong></span> <span class='ocrx_word' id='word_1_460' title='bbox 832 4445 1098 4516; x_wconf 80' lang='grc' dir='ltr'><strong>ἐφειμένα</strong></span> <span class='ocrx_word' id='word_1_461' title='bbox 1125 4447 1200 4519; x_wconf 84' lang='grc' dir='ltr'><strong>τῷ</strong></span> <span class='ocrx_word' id='word_1_462' title='bbox 1227 4450 1502 4526; x_wconf 82' lang='grc' dir='ltr'><strong>ίερωτάτῳ</strong></span> <span class='ocrx_word' id='word_1_463' title='bbox 1523 4456 1769 4527; x_wconf 82' lang='grc' dir='ltr'><strong>ἀρχιερεῖ</strong></span> 
     </span>
    </p>
   </div>
   <div class='ocr_carea' id='block_1_61' title="bbox 1874 1980 3448 2060">
    <p class='ocr_par' dir='ltr' id='par_1_61' title="bbox 1874 1980 3448 2060">
     <span class='ocr_line' id='line_1_61' title="bbox 1874 1980 3448 2060; baseline -0.001 -24"><span class='ocrx_word' id='word_1_464' title='bbox 1874 1983 2067 2051; x_wconf 84' lang='grc' dir='ltr'><strong>γονυῖα</strong></span> <span class='ocrx_word' id='word_1_465' title='bbox 2097 1981 2175 2053; x_wconf 71' lang='grc' dir='ltr'><strong>τῷ</strong></span> <span class='ocrx_word' id='word_1_466' title='bbox 2202 1981 2552 2052; x_wconf 87' lang='grc' dir='ltr'><strong>διαληφθέντι</strong></span> <span class='ocrx_word' id='word_1_467' title='bbox 2584 1983 2862 2052; x_wconf 84' lang='grc' dir='ltr'><strong>ίερωτάτῳ</strong></span> <span class='ocrx_word' id='word_1_468' title='bbox 2899 1980 3271 2060; x_wconf 76' lang='grc' dir='ltr'><strong>μητροπολίτη</strong></span> <span class='ocrx_word' id='word_1_469' title='bbox 3303 1981 3448 2036; x_wconf 84' lang='grc' dir='ltr'><strong>Κυέ-</strong></span> 
     </span>
    </p>
   </div>
   <div class='ocr_carea' id='block_1_62' title="bbox 1874 2069 3446 2144">
    <p class='ocr_par' dir='ltr' id='par_1_62' title="bbox 1874 2069 3446 2144">
     <span class='ocr_line' id='line_1_62' title="bbox 1874 2069 3446 2144; baseline -0.001 -20"><span class='ocrx_word' id='word_1_470' title='bbox 1874 2071 1971 2125; x_wconf 90' lang='grc' dir='ltr'><strong>ϐου</strong></span> <span class='ocrx_word' id='word_1_471' title='bbox 2005 2073 2104 2125; x_wconf 70' lang='grc' dir='ltr'><strong>καὶ</strong></span> <span class='ocrx_word' id='word_1_472' title='bbox 2152 2072 2335 2143; x_wconf 83' lang='grc' dir='ltr'><strong>πάσης</strong></span> <span class='ocrx_word' id='word_1_473' title='bbox 2379 2071 2633 2138; x_wconf 83' lang='grc' dir='ltr'><strong>Ῥωσίας,</strong></span> <span class='ocrx_word' id='word_1_474' title='bbox 2683 2070 2790 2143; x_wconf 88' lang='grc' dir='ltr'><strong>κῦρ</strong></span> <span class='ocrx_word' id='word_1_475' title='bbox 2831 2071 3078 2144; x_wconf 85' lang='grc' dir='ltr'><strong>Ἀλεξίῳ,</strong></span> <span class='ocrx_word' id='word_1_476' title='bbox 3130 2069 3446 2141; x_wconf 82' lang='grc' dir='ltr'><strong>ὐπερτίμῳ,</strong></span> 
     </span>
    </p>
   </div>
   <div class='ocr_carea' id='block_1_63' title="bbox 1873 2155 3444 2235">
    <p class='ocr_par' dir='ltr' id='par_1_63' title="bbox 1873 2155 3444 2235">
     <span class='ocr_line' id='line_1_63' title="bbox 1873 2155 3444 2235; baseline -0.001 -17"><span class='ocrx_word' id='word_1_477' title='bbox 1873 2163 2144 2235; x_wconf 81' lang='grc' dir='ltr'><strong>ἀγαπητῷ</strong></span> <span class='ocrx_word' id='word_1_478' title='bbox 2182 2165 2326 2218; x_wconf 84' lang='grc' dir='ltr'><strong>κατά</strong></span> <span class='ocrx_word' id='word_1_479' title='bbox 2382 2155 2586 2233; x_wconf 88' lang='grc' dir='ltr'><strong>Κύριον</strong></span> <span class='ocrx_word' id='word_1_480' title='bbox 2619 2163 2832 2234; x_wconf 81' lang='grc' dir='ltr'><strong>ἀδελφῷ</strong></span> <span class='ocrx_word' id='word_1_481' title='bbox 2873 2165 2970 2218; x_wconf 79' lang='grc' dir='ltr'><strong>καὶ</strong></span> <span class='ocrx_word' id='word_1_482' title='bbox 3019 2161 3444 2232; x_wconf 82' lang='grc' dir='ltr'><strong>συλλειτουργῷ,</strong></span> 
     </span>
    </p>
   </div>
   <div class='ocr_carea' id='block_1_64' title="bbox 1873 2255 3444 2329">
    <p class='ocr_par' dir='ltr' id='par_1_64' title="bbox 1873 2255 3444 2329">
     <span class='ocr_line' id='line_1_64' title="bbox 1873 2255 3444 2329; baseline -0.001 -19"><span class='ocrx_word' id='word_1_483' title='bbox 1873 2257 2102 2327; x_wconf 79' lang='grc' dir='ltr'><strong>ἐπεδόθη</strong></span> <span class='ocrx_word' id='word_1_484' title='bbox 2133 2260 2214 2320; x_wconf 87' lang='grc' dir='ltr'><strong>είς</strong></span> <span class='ocrx_word' id='word_1_485' title='bbox 2258 2257 2581 2324; x_wconf 89' lang='grc' dir='ltr'><strong>ἀσφάλειαν.</strong></span> <span class='ocrx_word' id='word_1_486' title='bbox 2615 2256 2886 2329; x_wconf 77' lang='grc' dir='ltr'><strong>’Δπελύθη</strong></span> <span class='ocrx_word' id='word_1_487' title='bbox 2923 2257 2988 2327; x_wconf 73' lang='grc' dir='ltr'><strong>τῇ</strong></span> <span class='ocrx_word' id='word_1_488' title='bbox 3024 2255 3068 2310; x_wconf 86' lang='grc' dir='ltr'><strong>λ’</strong></span> <span class='ocrx_word' id='word_1_489' title='bbox 3094 2255 3189 2310; x_wconf 85' lang='grc' dir='ltr'><strong>τοῦ</strong></span> <span class='ocrx_word' id='word_1_490' title='bbox 3218 2255 3444 2310; x_wconf 84' lang='grc' dir='ltr'><strong>Ἰουνίου</strong></span> 
     </span>
    </p>
   </div>
   <div class='ocr_carea' id='block_1_65' title="bbox 1877 2349 2615 2421">
    <p class='ocr_par' dir='ltr' id='par_1_65' title="bbox 1877 2349 2615 2421">
     <span class='ocr_line' id='line_1_65' title="bbox 1877 2349 2615 2421; baseline 0.005 -19"><span class='ocrx_word' id='word_1_491' title='bbox 1877 2350 1974 2404; x_wconf 89' lang='grc' dir='ltr'><strong>ίνδ.</strong></span> <span class='ocrx_word' id='word_1_492' title='bbox 2001 2349 2048 2414; x_wconf 78' lang='grc' dir='ltr'><strong>ζ’</strong></span> <span class='ocrx_word' id='word_1_493' title='bbox 2075 2350 2190 2414; x_wconf 89' lang='grc' dir='ltr'><strong>τοῦ,</strong></span> <span class='ocrx_word' id='word_1_494' title='bbox 2219 2350 2402 2421; x_wconf 86' lang='grc' dir='ltr'><strong>,ς-ωξβ’</strong></span> <span class='ocrx_word' id='word_1_495' title='bbox 2440 2349 2615 2414; x_wconf 76' lang='grc' dir='ltr'><strong>ἔτους.</strong></span> 
     </span>
    </p>
   </div>
   <div class='ocr_carea' id='block_1_66' title="bbox 1941 2439 3444 2512">
    <p class='ocr_par' dir='ltr' id='par_1_66' title="bbox 1941 2439 3444 2512">
     <span class='ocr_line' id='line_1_66' title="bbox 1941 2439 3444 2512; baseline -0.001 -16"><span class='ocrx_word' id='word_1_496' title='bbox 1941 2446 1984 2512; x_wconf 64' lang='grc' dir='ltr'><strong>-ξ-</strong></span> <span class='ocrx_word' id='word_1_497' title='bbox 2014 2439 2157 2512; x_wconf 70' lang='grc' dir='ltr'><strong>Εἶχε</strong></span> <span class='ocrx_word' id='word_1_498' title='bbox 2183 2442 2284 2497; x_wconf 80' lang='grc' dir='ltr'><strong>καί</strong></span> <span class='ocrx_word' id='word_1_499' title='bbox 2316 2443 2414 2498; x_wconf 69' lang='grc' dir='ltr'><strong>διὰ</strong></span> <span class='ocrx_word' id='word_1_500' title='bbox 2441 2441 2553 2510; x_wconf 78' lang='grc' dir='ltr'><strong>τῆς</strong></span> <span class='ocrx_word' id='word_1_501' title='bbox 2600 2442 2766 2508; x_wconf 80' lang='grc' dir='ltr'><strong>θείας</strong></span> <span class='ocrx_word' id='word_1_502' title='bbox 2791 2441 2890 2496; x_wconf 81' lang='grc' dir='ltr'><strong>καὶ</strong></span> <span class='ocrx_word' id='word_1_503' title='bbox 2927 2441 3127 2510; x_wconf 77' lang='grc' dir='ltr'><strong>τιμίας</strong></span> <span class='ocrx_word' id='word_1_504' title='bbox 3163 2455 3444 2508; x_wconf 80' lang='grc' dir='ltr'><strong>πατριαρ-</strong></span> 
     </span>
    </p>
   </div>
   <div class='ocr_carea' id='block_1_67' title="bbox 1871 2530 3444 2602">
    <p class='ocr_par' dir='ltr' id='par_1_67' title="bbox 1871 2530 3444 2602">
     <span class='ocr_line' id='line_1_67' title="bbox 1871 2530 3444 2602; baseline -0.002 -16"><span class='ocrx_word' id='word_1_505' title='bbox 1871 2531 2052 2601; x_wconf 77' lang='grc' dir='ltr'><strong>χιχ-ἦς</strong></span> <span class='ocrx_word' id='word_1_506' title='bbox 2081 2532 2281 2602; x_wconf 78' lang='grc' dir='ltr'><strong>χειρὸς</strong></span> <span class='ocrx_word' id='word_1_507' title='bbox 2314 2535 2412 2586; x_wconf 77' lang='grc' dir='ltr'><strong>τό·</strong></span> <span class='ocrx_word' id='word_1_508' title='bbox 2447 2533 2752 2598; x_wconf 65' lang='grc' dir='ltr'><strong>Φιλόθεος,</strong></span> <span class='ocrx_word' id='word_1_509' title='bbox 2807 2531 2954 2599; x_wconf 75' lang='grc' dir='ltr'><strong>ἐλέῳ</strong></span> <span class='ocrx_word' id='word_1_510' title='bbox 2991 2530 3140 2586; x_wconf 80' lang='grc' dir='ltr'><strong>Θεοῦ</strong></span> <span class='ocrx_word' id='word_1_511' title='bbox 3178 2530 3444 2599; x_wconf 77' lang='grc' dir='ltr'><strong>ἁρχιεπί-</strong></span> 
     </span>
    </p>
   </div>
   <div class='ocr_carea' id='block_1_68' title="bbox 1869 2623 3444 2694">
    <p class='ocr_par' dir='ltr' id='par_1_68' title="bbox 1869 2623 3444 2694">
     <span class='ocr_line' id='line_1_68' title="bbox 1869 2623 3444 2694; baseline -0.001 -16"><span class='ocrx_word' id='word_1_512' title='bbox 1869 2639 2104 2692; x_wconf 79' lang='grc' dir='ltr'><strong>σκοπος</strong></span> <span class='ocrx_word' id='word_1_513' title='bbox 2127 2628 2818 2692; x_wconf 76' lang='grc' dir='ltr'><strong>Κωνσταντινουπόλεως</strong></span> <span class='ocrx_word' id='word_1_514' title='bbox 2840 2666 2854 2691; x_wconf 88' lang='grc'><strong>,</strong></span> <span class='ocrx_word' id='word_1_515' title='bbox 2881 2625 3038 2692; x_wconf 79' lang='grc' dir='ltr'><strong>Νέας</strong></span> <span class='ocrx_word' id='word_1_516' title='bbox 3064 2623 3311 2694; x_wconf 83' lang='grc' dir='ltr'><strong>Ῥώμης,</strong></span> <span class='ocrx_word' id='word_1_517' title='bbox 3343 2623 3444 2678; x_wconf 80' lang='grc' dir='ltr'><strong>και</strong></span> 
     </span>
    </p>
   </div>
   <div class='ocr_carea' id='block_1_69' title="bbox 1870 2717 2715 2787">
    <p class='ocr_par' dir='ltr' id='par_1_69' title="bbox 1870 2717 2715 2787">
     <span class='ocr_line' id='line_1_69' title="bbox 1870 2717 2715 2787; baseline 0.001 -17"><span class='ocrx_word' id='word_1_518' title='bbox 1870 2717 2286 2786; x_wconf 77' lang='grc' dir='ltr'><strong>οίκουμενικός</strong></span> <span class='ocrx_word' id='word_1_519' title='bbox 2325 2719 2715 2787; x_wconf 80' lang='grc' dir='ltr'><strong>πατριάρχης.</strong></span> 
     </span>
    </p>
   </div>
   <div class='ocr_carea' id='block_1_70' title="bbox 1975 2849 3335 2922">
    <p class='ocr_par' dir='ltr' id='par_1_70' title="bbox 1975 2849 3335 2922">
     <span class='ocr_line' id='line_1_70' title="bbox 1975 2849 3335 2922; baseline -0.001 -16"><span class='ocrx_word' id='word_1_520' title='bbox 1975 2849 2117 2906; x_wconf 78' lang='lat' dir='ltr'><strong>XXI.</strong></span> <span class='ocrx_word' id='word_1_521' title='bbox 2146 2849 2390 2922; x_wconf 71' lang='lat' dir='ltr'><strong>Synodus</strong></span> <span class='ocrx_word' id='word_1_522' title='bbox 2404 2851 2668 2922; x_wconf 78' lang='lat' dir='ltr'><strong>judicium</strong></span> <span class='ocrx_word' id='word_1_523' title='bbox 2693 2850 2793 2922; x_wconf 72' lang='lat' dir='ltr'><strong><em>fert</em></strong></span> <span class='ocrx_word' id='word_1_524' title='bbox 2821 2851 2886 2905; x_wconf 82' lang='lat' dir='ltr'><strong>de</strong></span> <span class='ocrx_word' id='word_1_525' title='bbox 2920 2850 3119 2905; x_wconf 79' lang='lat' dir='ltr'><strong>duobus</strong></span> <span class='ocrx_word' id='word_1_526' title='bbox 3146 2849 3335 2920; x_wconf 69' lang='lat' dir='ltr'><strong>magis.</strong></span> 
     </span>
    </p>
   </div>
   <div class='ocr_carea' id='block_1_71' title="bbox 1939 2983 3442 3058">
    <p class='ocr_par' dir='ltr' id='par_1_71' title="bbox 1939 2983 3442 3058">
     <span class='ocr_line' id='line_1_71' title="bbox 1939 2983 3442 3058; baseline -0.001 -18"><span class='ocrx_word' id='word_1_527' title='bbox 1939 2986 1980 3058; x_wconf 64' lang='lat'><strong>1&#39;</strong></span> <span class='ocrx_word' id='word_1_528' title='bbox 2025 2985 2084 3040; x_wconf 84' lang='lat'><strong>&#39;0</strong></span> <span class='ocrx_word' id='word_1_529' title='bbox 2129 2987 2195 3039; x_wconf 82' lang='grc' dir='ltr'><strong>ἐκ</strong></span> <span class='ocrx_word' id='word_1_530' title='bbox 2237 2987 2647 3058; x_wconf 78' lang='grc' dir='ltr'><strong>Θεσσαλονίκης</strong></span> <span class='ocrx_word' id='word_1_531' title='bbox 2703 2984 3025 3057; x_wconf 74' lang='grc' dir='ltr'><strong>ὁρμώμενος</strong></span> <span class='ocrx_word' id='word_1_532' title='bbox 3061 2983 3442 3056; x_wconf 81' lang='grc' dir='ltr'><strong>Καππαδόκης</strong></span> 
     </span>
    </p>
   </div>
   <div class='ocr_carea' id='block_1_72' title="bbox 2033 3074 3440 3149">
    <p class='ocr_par' dir='ltr' id='par_1_72' title="bbox 2033 3074 3440 3149">
     <span class='ocr_line' id='line_1_72' title="bbox 2033 3074 3440 3149; baseline -0.001 -17"><span class='ocrx_word' id='word_1_533' title='bbox 2033 3114 2049 3132; x_wconf 92' lang='grc'><strong>.</strong></span> <span class='ocrx_word' id='word_1_534' title='bbox 2086 3074 2191 3147; x_wconf 82' lang='grc' dir='ltr'><strong>πρό</strong></span> <span class='ocrx_word' id='word_1_535' title='bbox 2217 3093 2361 3139; x_wconf 75' lang='grc' dir='ltr'><strong>τινος</strong></span> <span class='ocrx_word' id='word_1_536' title='bbox 2386 3077 2486 3148; x_wconf 74' lang='grc' dir='ltr'><strong>ἥδη</strong></span> <span class='ocrx_word' id='word_1_537' title='bbox 2519 3075 2714 3148; x_wconf 82' lang='grc' dir='ltr'><strong>καιροῦ</strong></span> <span class='ocrx_word' id='word_1_538' title='bbox 2745 3078 2837 3130; x_wconf 79' lang='grc' dir='ltr'><strong>ἐπὶ</strong></span> <span class='ocrx_word' id='word_1_539' title='bbox 2863 3077 3022 3149; x_wconf 88' lang='grc' dir='ltr'><strong>κακῷ</strong></span> <span class='ocrx_word' id='word_1_540' title='bbox 3053 3075 3290 3131; x_wconf 65' lang='grc' dir='ltr'><strong>ἐνταῦθα</strong></span> <span class='ocrx_word' id='word_1_541' title='bbox 3315 3078 3440 3130; x_wconf 84' lang='grc' dir='ltr'><strong>ἐπι-</strong></span> 
     </span>
    </p>
   </div>
   <div class='ocr_carea' id='block_1_73' title="bbox 1874 3166 3438 3239">
    <p class='ocr_par' dir='ltr' id='par_1_73' title="bbox 1874 3166 3438 3239">
     <span class='ocr_line' id='line_1_73' title="bbox 1874 3166 3438 3239; baseline 0.001 -18"><span class='ocrx_word' id='word_1_542' title='bbox 1874 3168 2025 3231; x_wconf 78' lang='grc' dir='ltr'><strong>στάς,</strong></span> <span class='ocrx_word' id='word_1_543' title='bbox 2062 3168 2140 3232; x_wconf 86' lang='grc' dir='ltr'><strong>ὡς</strong></span> <span class='ocrx_word' id='word_1_544' title='bbox 2178 3168 2252 3237; x_wconf 71' lang='grc' dir='ltr'><strong>μὴ</strong></span> <span class='ocrx_word' id='word_1_545' title='bbox 2277 3166 2511 3237; x_wconf 87' lang='grc' dir='ltr'><strong>ῶφελεν,</strong></span> <span class='ocrx_word' id='word_1_546' title='bbox 2539 3169 2800 3238; x_wconf 74' lang='grc' dir='ltr'><strong>ἄντικρυς</strong></span> <span class='ocrx_word' id='word_1_547' title='bbox 2829 3167 3088 3232; x_wconf 84' lang='grc' dir='ltr'><strong>ἀσεϐείας</strong></span> <span class='ocrx_word' id='word_1_548' title='bbox 3135 3167 3271 3239; x_wconf 70' lang='grc' dir='ltr'><strong>ἔργα</strong></span> <span class='ocrx_word' id='word_1_549' title='bbox 3316 3169 3438 3224; x_wconf 88' lang='grc' dir='ltr'><strong>δια-</strong></span> 
     </span>
    </p>
   </div>
   <div class='ocr_carea' id='block_1_74' title="bbox 1874 3259 3441 3332">
    <p class='ocr_par' dir='ltr' id='par_1_74' title="bbox 1874 3259 3441 3332">
     <span class='ocr_line' id='line_1_74' title="bbox 1874 3259 3441 3332; baseline 0.001 -19"><span class='ocrx_word' id='word_1_550' title='bbox 1874 3259 2225 3330; x_wconf 80' lang='grc' dir='ltr'><strong>πραξάμενος</strong></span> <span class='ocrx_word' id='word_1_551' title='bbox 2277 3261 2577 3331; x_wconf 80' lang='grc' dir='ltr'><strong>ἐφωράθη·</strong></span> <span class='ocrx_word' id='word_1_552' title='bbox 2635 3261 2734 3330; x_wconf 85' lang='grc' dir='ltr'><strong>τὴν</strong></span> <span class='ocrx_word' id='word_1_553' title='bbox 2758 3261 2868 3330; x_wconf 80' lang='grc' dir='ltr'><strong>γὰρ</strong></span> <span class='ocrx_word' id='word_1_554' title='bbox 2919 3263 3160 3332; x_wconf 77' lang='grc' dir='ltr'><strong>μαγικὴν</strong></span> <span class='ocrx_word' id='word_1_555' title='bbox 3207 3277 3441 3314; x_wconf 88' lang='grc' dir='ltr'><strong>κακοτε-</strong></span> 
     </span>
    </p>
   </div>
   <div class='ocr_carea' id='block_1_75' title="bbox 1873 3349 3441 3422">
    <p class='ocr_par' dir='ltr' id='par_1_75' title="bbox 1873 3349 3441 3422">
     <span class='ocr_line' id='line_1_75' title="bbox 1873 3349 3441 3422; baseline -0.001 -18"><span class='ocrx_word' id='word_1_556' title='bbox 1873 3350 2028 3422; x_wconf 90' lang='grc' dir='ltr'><strong>χνίαν</strong></span> <span class='ocrx_word' id='word_1_557' title='bbox 2057 3353 2215 3422; x_wconf 83' lang='grc' dir='ltr'><strong>εἴπερ</strong></span> <span class='ocrx_word' id='word_1_558' title='bbox 2265 3369 2350 3415; x_wconf 89' lang='grc' dir='ltr'><strong>τις</strong></span> <span class='ocrx_word' id='word_1_559' title='bbox 2386 3350 2783 3422; x_wconf 80' lang='grc' dir='ltr'><strong>ἐξησκημένος,</strong></span> <span class='ocrx_word' id='word_1_560' title='bbox 2834 3351 2936 3422; x_wconf 82' lang='grc' dir='ltr'><strong>τὴν</strong></span> <span class='ocrx_word' id='word_1_561' title='bbox 2983 3349 3235 3404; x_wconf 82' lang='grc' dir='ltr'><strong>ἐντεῦθεν</strong></span> <span class='ocrx_word' id='word_1_562' title='bbox 3258 3351 3441 3422; x_wconf 85' lang='grc' dir='ltr'><strong>λύμην</strong></span> 
     </span>
    </p>
   </div>
   <div class='ocr_carea' id='block_1_76' title="bbox 1873 3441 3438 3516">
    <p class='ocr_par' dir='ltr' id='par_1_76' title="bbox 1873 3441 3438 3516">
     <span class='ocr_line' id='line_1_76' title="bbox 1873 3441 3438 3516; baseline -0.001 -18"><span class='ocrx_word' id='word_1_563' title='bbox 1873 3441 2186 3514; x_wconf 82' lang='grc' dir='ltr'><strong>διαδόσιμον</strong></span> <span class='ocrx_word' id='word_1_564' title='bbox 2214 3445 2476 3511; x_wconf 74' lang='grc' dir='ltr'><strong>ἐποιεῖτο,</strong></span> <span class='ocrx_word' id='word_1_565' title='bbox 2508 3445 2602 3499; x_wconf 77' lang='grc' dir='ltr'><strong>καὶ</strong></span> <span class='ocrx_word' id='word_1_566' title='bbox 2623 3442 2854 3508; x_wconf 79' lang='grc' dir='ltr'><strong>πολλοὺς</strong></span> <span class='ocrx_word' id='word_1_567' title='bbox 2887 3442 3034 3516; x_wconf 80' lang='grc' dir='ltr'><strong>αὐτῷ</strong></span> <span class='ocrx_word' id='word_1_568' title='bbox 3054 3441 3438 3515; x_wconf 81' lang='grc' dir='ltr'><strong>παρεσκεύαζε</strong></span> 
     </span>
    </p>
   </div>
   <div class='ocr_carea' id='block_1_77' title="bbox 1874 3531 3440 3605">
    <p class='ocr_par' dir='ltr' id='par_1_77' title="bbox 1874 3531 3440 3605">
     <span class='ocr_line' id='line_1_77' title="bbox 1874 3531 3440 3605; baseline 0 -18"><span class='ocrx_word' id='word_1_569' title='bbox 1874 3535 2158 3604; x_wconf 84' lang='grc' dir='ltr'><strong>προσιέναι</strong></span> <span class='ocrx_word' id='word_1_570' title='bbox 2193 3536 2287 3588; x_wconf 78' lang='grc' dir='ltr'><strong>καὶ</strong></span> <span class='ocrx_word' id='word_1_571' title='bbox 2319 3535 2541 3605; x_wconf 81' lang='grc' dir='ltr'><strong>δλεθρον</strong></span> <span class='ocrx_word' id='word_1_572' title='bbox 2583 3536 2816 3605; x_wconf 81' lang='grc' dir='ltr'><strong>ψυχικὸν</strong></span> <span class='ocrx_word' id='word_1_573' title='bbox 2871 3533 3187 3603; x_wconf 83' lang='grc' dir='ltr'><strong>ὑπομένειν.</strong></span> <span class='ocrx_word' id='word_1_574' title='bbox 3225 3531 3440 3587; x_wconf 82' lang='grc' dir='ltr'><strong>Ἀνενε-</strong></span> 
     </span>
    </p>
   </div>
   <div class='ocr_carea' id='block_1_78' title="bbox 1871 3623 3437 3696">
    <p class='ocr_par' dir='ltr' id='par_1_78' title="bbox 1871 3623 3437 3696">
     <span class='ocr_line' id='line_1_78' title="bbox 1871 3623 3437 3696; baseline -0.001 -18"><span class='ocrx_word' id='word_1_575' title='bbox 1871 3624 2092 3695; x_wconf 82' lang='grc' dir='ltr'><strong>χθέντος</strong></span> <span class='ocrx_word' id='word_1_576' title='bbox 2139 3625 2324 3680; x_wconf 86' lang='grc' dir='ltr'><strong>τοίνυν</strong></span> <span class='ocrx_word' id='word_1_577' title='bbox 2368 3627 2499 3696; x_wconf 83' lang='grc' dir='ltr'><strong>περὶ</strong></span> <span class='ocrx_word' id='word_1_578' title='bbox 2539 3624 2633 3680; x_wconf 87' lang='grc' dir='ltr'><strong>τοῦ</strong></span> <span class='ocrx_word' id='word_1_579' title='bbox 2679 3623 3007 3693; x_wconf 82' lang='grc' dir='ltr'><strong>θεοστυγοῦς</strong></span> <span class='ocrx_word' id='word_1_580' title='bbox 3052 3623 3245 3677; x_wconf 89' lang='grc' dir='ltr'><strong>τούτου</strong></span> <span class='ocrx_word' id='word_1_581' title='bbox 3264 3627 3348 3695; x_wconf 45' lang='grc' dir='ltr'><strong>,τῇ</strong></span> <span class='ocrx_word' id='word_1_582' title='bbox 3375 3641 3437 3679; x_wconf 87' lang='grc' dir='ltr'><strong>τε</strong></span> 
     </span>
    </p>
   </div>
   <div class='ocr_carea' id='block_1_79' title="bbox 1871 3716 3438 3792">
    <p class='ocr_par' dir='ltr' id='par_1_79' title="bbox 1871 3716 3438 3792">
     <span class='ocr_line' id='line_1_79' title="bbox 1871 3716 3438 3792; baseline -0.001 -21"><span class='ocrx_word' id='word_1_583' title='bbox 1871 3718 2028 3789; x_wconf 78' lang='grc' dir='ltr'><strong>ημῶν</strong></span> <span class='ocrx_word' id='word_1_584' title='bbox 2062 3721 2374 3791; x_wconf 82' lang='grc' dir='ltr'><strong>μετριότητι</strong></span> <span class='ocrx_word' id='word_1_585' title='bbox 2415 3725 2507 3774; x_wconf 76' lang='grc' dir='ltr'><strong>καὶ</strong></span> <span class='ocrx_word' id='word_1_586' title='bbox 2545 3723 2610 3792; x_wconf 79' lang='grc' dir='ltr'><strong>τῇ</strong></span> <span class='ocrx_word' id='word_1_587' title='bbox 2651 3720 2782 3790; x_wconf 76' lang='grc' dir='ltr'><strong>περὶ</strong></span> <span class='ocrx_word' id='word_1_588' title='bbox 2836 3717 3008 3790; x_wconf 78' lang='grc' dir='ltr'><strong>αὐτὴν</strong></span> <span class='ocrx_word' id='word_1_589' title='bbox 3039 3718 3163 3788; x_wconf 78' lang='grc' dir='ltr'><strong>θεία</strong></span> <span class='ocrx_word' id='word_1_590' title='bbox 3191 3718 3286 3772; x_wconf 69' lang='grc' dir='ltr'><strong>καὶ</strong></span> <span class='ocrx_word' id='word_1_591' title='bbox 3313 3716 3438 3788; x_wconf 70' lang='grc' dir='ltr'><strong>ἱερᾷ</strong></span> 
     </span>
    </p>
   </div>
   <div class='ocr_carea' id='block_1_80' title="bbox 1871 3810 3431 3883">
    <p class='ocr_par' dir='ltr' id='par_1_80' title="bbox 1871 3810 3431 3883">
     <span class='ocr_line' id='line_1_80' title="bbox 1871 3810 3431 3883; baseline -0.001 -17"><span class='ocrx_word' id='word_1_592' title='bbox 1871 3811 2194 3882; x_wconf 85' lang='grc' dir='ltr'><strong>ἀδελφότητι</strong></span> <span class='ocrx_word' id='word_1_593' title='bbox 2224 3814 2333 3868; x_wconf 84' lang='grc' dir='ltr'><strong>τῶν</strong></span> <span class='ocrx_word' id='word_1_594' title='bbox 2367 3814 2676 3880; x_wconf 85' lang='grc' dir='ltr'><strong>ίερωτάτων</strong></span> <span class='ocrx_word' id='word_1_595' title='bbox 2721 3812 3042 3883; x_wconf 82' lang='grc' dir='ltr'><strong>ἀρχιερέων,</strong></span> <span class='ocrx_word' id='word_1_596' title='bbox 3089 3810 3431 3883; x_wconf 82' lang='grc' dir='ltr'><strong>ὐπερτίμων,</strong></span> 
     </span>
    </p>
   </div>
   <div class='ocr_carea' id='block_1_81' title="bbox 1870 3900 3435 3973">
    <p class='ocr_par' dir='ltr' id='par_1_81' title="bbox 1870 3900 3435 3973">
     <span class='ocr_line' id='line_1_81' title="bbox 1870 3900 3435 3973; baseline 0 -18"><span class='ocrx_word' id='word_1_597' title='bbox 1870 3902 2172 3971; x_wconf 85' lang='grc' dir='ltr'><strong>ἀγαπητῶν</strong></span> <span class='ocrx_word' id='word_1_598' title='bbox 2205 3903 2347 3957; x_wconf 85' lang='grc' dir='ltr'><strong>κατὰ</strong></span> <span class='ocrx_word' id='word_1_599' title='bbox 2375 3901 2582 3973; x_wconf 81' lang='grc' dir='ltr'><strong>Κύριον</strong></span> <span class='ocrx_word' id='word_1_600' title='bbox 2612 3901 2856 3972; x_wconf 85' lang='grc' dir='ltr'><strong>ἀδελφῶν</strong></span> <span class='ocrx_word' id='word_1_601' title='bbox 2892 3901 3064 3971; x_wconf 81' lang='grc' dir='ltr'><strong>αὐτῆς</strong></span> <span class='ocrx_word' id='word_1_602' title='bbox 3095 3902 3194 3955; x_wconf 80' lang='grc' dir='ltr'><strong>καὶ</strong></span> <span class='ocrx_word' id='word_1_603' title='bbox 3224 3900 3435 3955; x_wconf 90' lang='grc' dir='ltr'><strong>συλλει-</strong></span> 
     </span>
    </p>
   </div>
   <div class='ocr_carea' id='block_1_82' title="bbox 1870 3991 3438 4070">
    <p class='ocr_par' dir='ltr' id='par_1_82' title="bbox 1870 3991 3438 4070">
     <span class='ocr_line' id='line_1_82' title="bbox 1870 3991 3438 4070; baseline -0.003 -21"><span class='ocrx_word' id='word_1_604' title='bbox 1870 3996 2140 4066; x_wconf 84' lang='grc' dir='ltr'><strong>τουργῶν,</strong></span> <span class='ocrx_word' id='word_1_605' title='bbox 2171 3996 2489 4066; x_wconf 78' lang='grc' dir='ltr'><strong>περιαλγεῖς</strong></span> <span class='ocrx_word' id='word_1_606' title='bbox 2511 3996 2746 4057; x_wconf 74' lang='grc' dir='ltr'><strong>ἅπαντες</strong></span> <span class='ocrx_word' id='word_1_607' title='bbox 2793 3991 3092 4063; x_wconf 86' lang='grc' dir='ltr'><strong>ἐγενόμεθα</strong></span> <span class='ocrx_word' id='word_1_608' title='bbox 3117 3995 3198 4055; x_wconf 87' lang='grc' dir='ltr'><strong>είς</strong></span> <span class='ocrx_word' id='word_1_609' title='bbox 3233 3992 3438 4070; x_wconf 75' lang='grc' dir='ltr'><strong>πολλὴν</strong></span> 
     </span>
    </p>
   </div>
   <div class='ocr_carea' id='block_1_83' title="bbox 1872 4085 3436 4158">
    <p class='ocr_par' dir='ltr' id='par_1_83' title="bbox 1872 4085 3436 4158">
     <span class='ocr_line' id='line_1_83' title="bbox 1872 4085 3436 4158; baseline -0.001 -17"><span class='ocrx_word' id='word_1_610' title='bbox 1872 4089 2017 4141; x_wconf 81' lang='grc' dir='ltr'><strong>κατὰ</strong></span> <span class='ocrx_word' id='word_1_611' title='bbox 2050 4090 2112 4142; x_wconf 83' lang='grc' dir='ltr'><strong>τὸ</strong></span> <span class='ocrx_word' id='word_1_612' title='bbox 2151 4090 2298 4152; x_wconf 83' lang='grc' dir='ltr'><strong>είκδς</strong></span> <span class='ocrx_word' id='word_1_613' title='bbox 2326 4090 2421 4142; x_wconf 79' lang='grc' dir='ltr'><strong>καὶ</strong></span> <span class='ocrx_word' id='word_1_614' title='bbox 2446 4087 2693 4158; x_wconf 89' lang='grc' dir='ltr'><strong>μεγάλην</strong></span> <span class='ocrx_word' id='word_1_615' title='bbox 2736 4086 3161 4157; x_wconf 84' lang='grc' dir='ltr'><strong>κατενεχθέντες</strong></span> <span class='ocrx_word' id='word_1_616' title='bbox 3191 4085 3291 4157; x_wconf 82' lang='grc' dir='ltr'><strong>τὴν</strong></span> <span class='ocrx_word' id='word_1_617' title='bbox 3327 4086 3436 4140; x_wconf 84' lang='grc' dir='ltr'><strong>λύ-</strong></span> 
     </span>
    </p>
   </div>
   <div class='ocr_carea' id='block_1_84' title="bbox 1871 4177 3437 4252">
    <p class='ocr_par' dir='ltr' id='par_1_84' title="bbox 1871 4177 3437 4252">
     <span class='ocr_line' id='line_1_84' title="bbox 1871 4177 3437 4252; baseline -0.003 -18"><span class='ocrx_word' id='word_1_618' title='bbox 1871 4197 2002 4251; x_wconf 85' lang='grc' dir='ltr'><strong>πην,</strong></span> <span class='ocrx_word' id='word_1_619' title='bbox 2029 4181 2330 4236; x_wconf 68' lang='grc' dir='ltr'><strong>καὶταῦτα</strong></span> <span class='ocrx_word' id='word_1_620' title='bbox 2389 4182 2530 4251; x_wconf 88' lang='grc' dir='ltr'><strong>μετά</strong></span> <span class='ocrx_word' id='word_1_621' title='bbox 2582 4180 2642 4234; x_wconf 82' lang='grc' dir='ltr'><strong>τὺ</strong></span> <span class='ocrx_word' id='word_1_622' title='bbox 2685 4179 2946 4252; x_wconf 77' lang='grc' dir='ltr'><strong>συνεργίᾳ</strong></span> <span class='ocrx_word' id='word_1_623' title='bbox 2971 4177 3064 4232; x_wconf 89' lang='grc' dir='ltr'><strong>τοῦ</strong></span> <span class='ocrx_word' id='word_1_624' title='bbox 3117 4178 3437 4249; x_wconf 82' lang='grc' dir='ltr'><strong>Πνεύματος</strong></span> 
     </span>
    </p>
   </div>
   <div class='ocr_carea' id='block_1_85' title="bbox 1873 4267 3437 4344">
    <p class='ocr_par' dir='ltr' id='par_1_85' title="bbox 1873 4267 3437 4344">
     <span class='ocr_line' id='line_1_85' title="bbox 1873 4267 3437 4344; baseline -0.007 -17"><span class='ocrx_word' id='word_1_625' title='bbox 1873 4273 2052 4344; x_wconf 81' lang='grc' dir='ltr'><strong>πολλῷ</strong></span> <span class='ocrx_word' id='word_1_626' title='bbox 2085 4273 2270 4344; x_wconf 88' lang='grc' dir='ltr'><strong>μόχθῳ</strong></span> <span class='ocrx_word' id='word_1_627' title='bbox 2292 4272 2388 4326; x_wconf 78' lang='grc' dir='ltr'><strong>καὶ</strong></span> <span class='ocrx_word' id='word_1_628' title='bbox 2413 4271 2616 4343; x_wconf 83' lang='grc' dir='ltr'><strong>σπουδῇ</strong></span> <span class='ocrx_word' id='word_1_629' title='bbox 2653 4273 2750 4335; x_wconf 87' lang='grc' dir='ltr'><strong>τάς</strong></span> <span class='ocrx_word' id='word_1_630' title='bbox 2777 4271 2876 4339; x_wconf 75' lang='grc' dir='ltr'><strong>τῆς</strong></span> <span class='ocrx_word' id='word_1_631' title='bbox 2907 4267 3311 4340; x_wconf 83' lang='grc' dir='ltr'><strong>Ἀμαραντίνης</strong></span> <span class='ocrx_word' id='word_1_632' title='bbox 3330 4286 3437 4338; x_wconf 66' lang='grc' dir='ltr'><strong>μα,-</strong></span> 
     </span>
    </p>
   </div>
   <div class='ocr_carea' id='block_1_86' title="bbox 1870 4361 3434 4436">
    <p class='ocr_par' dir='ltr' id='par_1_86' title="bbox 1870 4361 3434 4436">
     <span class='ocr_line' id='line_1_86' title="bbox 1870 4361 3434 4436; baseline -0.002 -18"><span class='ocrx_word' id='word_1_633' title='bbox 1870 4363 2025 4434; x_wconf 82' lang='grc' dir='ltr'><strong>τείας</strong></span> <span class='ocrx_word' id='word_1_634' title='bbox 2052 4367 2147 4421; x_wconf 75' lang='grc' dir='ltr'><strong>καὶ</strong></span> <span class='ocrx_word' id='word_1_635' title='bbox 2174 4365 2429 4436; x_wconf 89' lang='grc' dir='ltr'><strong>γοητείας</strong></span> <span class='ocrx_word' id='word_1_636' title='bbox 2459 4365 2523 4416; x_wconf 88' lang='grc' dir='ltr'><strong>ἐκ</strong></span> <span class='ocrx_word' id='word_1_637' title='bbox 2552 4363 2644 4416; x_wconf 89' lang='grc' dir='ltr'><strong>τοῦ</strong></span> <span class='ocrx_word' id='word_1_638' title='bbox 2673 4362 2841 4432; x_wconf 89' lang='grc' dir='ltr'><strong>μέσου</strong></span> <span class='ocrx_word' id='word_1_639' title='bbox 2891 4361 3330 4434; x_wconf 85' lang='grc' dir='ltr'><strong>περιαιρεθῆναι,</strong></span> <span class='ocrx_word' id='word_1_640' title='bbox 3357 4362 3434 4426; x_wconf 86' lang='grc' dir='ltr'><strong>ῶς</strong></span> 
     </span>
    </p>
   </div>
   <div class='ocr_carea' id='block_1_87' title="bbox 1872 4451 3436 4523">
    <p class='ocr_par' dir='ltr' id='par_1_87' title="bbox 1872 4451 3436 4523">
     <span class='ocr_line' id='line_1_87' title="bbox 1872 4451 3436 4523; baseline -0.004 -12"><span class='ocrx_word' id='word_1_641' title='bbox 1872 4456 2113 4520; x_wconf 69' lang='grc' dir='ltr'><strong>ἅπαντες</strong></span> <span class='ocrx_word' id='word_1_642' title='bbox 2162 4452 2382 4512; x_wconf 77' lang='grc' dir='ltr'><strong>ἴσασιν·</strong></span> <span class='ocrx_word' id='word_1_643' title='bbox 2427 4453 2551 4507; x_wconf 84' lang='grc' dir='ltr'><strong>ὅθεν</strong></span> <span class='ocrx_word' id='word_1_644' title='bbox 2598 4454 2694 4507; x_wconf 72' lang='grc' dir='ltr'><strong>καὶ</strong></span> <span class='ocrx_word' id='word_1_645' title='bbox 2745 4453 2839 4507; x_wconf 82' lang='grc' dir='ltr'><strong>τὸν</strong></span> <span class='ocrx_word' id='word_1_646' title='bbox 2884 4453 3233 4523; x_wconf 85' lang='grc' dir='ltr'><strong>προσήκοντα</strong></span> <span class='ocrx_word' id='word_1_647' title='bbox 3271 4451 3436 4523; x_wconf 79' lang='grc' dir='ltr'><strong>ζῆλον</strong></span> 
     </span>
    </p>
   </div>
   <div class='ocr_carea' id='block_1_88' title="bbox 189 4524 3435 4618">
    <p class='ocr_par' dir='ltr' id='par_1_88' title="bbox 189 4524 3435 4618">
     <span class='ocr_line' id='line_1_88' title="bbox 189 4524 3435 4618; baseline 0.005 -40"><span class='ocrx_word' id='word_1_648' title='bbox 189 4524 418 4578; x_wconf 80' lang='grc' dir='ltr'><strong>Κυέϐου</strong></span> <span class='ocrx_word' id='word_1_649' title='bbox 451 4529 545 4581; x_wconf 75' lang='grc' dir='ltr'><strong>καὶ</strong></span> <span class='ocrx_word' id='word_1_650' title='bbox 576 4532 758 4605; x_wconf 85' lang='grc' dir='ltr'><strong>πάσης</strong></span> <span class='ocrx_word' id='word_1_651' title='bbox 796 4535 1044 4606; x_wconf 74' lang='grc' dir='ltr'><strong>Ῥωσίας,</strong></span> <span class='ocrx_word' id='word_1_652' title='bbox 1078 4539 1400 4611; x_wconf 82' lang='grc' dir='ltr'><strong>ὀφειλόντων</strong></span> <span class='ocrx_word' id='word_1_653' title='bbox 1427 4524 1521 4602; x_wconf 74' lang='grc' dir='ltr'><strong>καὶ</strong></span> <span class='ocrx_word' id='word_1_654' title='bbox 1799 4553 1840 4611; x_wconf 82' lang='grc' dir='ltr'><strong>ι)</strong></span> <span class='ocrx_word' id='word_1_655' title='bbox 1867 4549 2249 4614; x_wconf 85' lang='grc' dir='ltr'><strong>ἀναλαϐόντες,</strong></span> <span class='ocrx_word' id='word_1_656' title='bbox 2311 4545 2500 4618; x_wconf 85' lang='grc' dir='ltr'><strong>ἐπειδὴ</strong></span> <span class='ocrx_word' id='word_1_657' title='bbox 2561 4545 2694 4608; x_wconf 82' lang='grc' dir='ltr'><strong>Θεὸς</strong></span> <span class='ocrx_word' id='word_1_658' title='bbox 2725 4540 2794 4617; x_wconf 79' lang='grc' dir='ltr'><strong>ἦν</strong></span> <span class='ocrx_word' id='word_1_659' title='bbox 2849 4545 2910 4599; x_wconf 77' lang='grc' dir='ltr'><strong>τὸ</strong></span> <span class='ocrx_word' id='word_1_660' title='bbox 2962 4544 3435 4614; x_wconf 87' lang='grc' dir='ltr'><strong>κινδυνευόμενον,</strong></span> 
     </span>
    </p>
   </div>
   <div class='ocr_carea' id='block_1_89' title="bbox 130 4617 1758 4708">
    <p class='ocr_par' dir='ltr' id='par_1_89' title="bbox 130 4617 1758 4708">
     <span class='ocr_line' id='line_1_89' title="bbox 130 4617 1758 4708; baseline 0.017 -42"><span class='ocrx_word' id='word_1_661' title='bbox 130 4686 134 4689; x_wconf 23' lang='grc' dir='ltr'><strong>Ι</strong></span> <span class='ocrx_word' id='word_1_662' title='bbox 183 4617 310 4668; x_wconf 85' lang='grc' dir='ltr'><strong>τῶν</strong></span> <span class='ocrx_word' id='word_1_663' title='bbox 343 4620 398 4671; x_wconf 79' lang='grc' dir='ltr'><strong>ἐν</strong></span> <span class='ocrx_word' id='word_1_664' title='bbox 429 4621 566 4692; x_wconf 75' lang='grc' dir='ltr'><strong>αὐτῇ</strong></span> <span class='ocrx_word' id='word_1_665' title='bbox 603 4623 880 4694; x_wconf 89' lang='grc' dir='ltr'><strong>κληρικῶν</strong></span> <span class='ocrx_word' id='word_1_666' title='bbox 908 4633 1002 4686; x_wconf 74' lang='grc' dir='ltr'><strong>καὶ</strong></span> <span class='ocrx_word' id='word_1_667' title='bbox 1034 4631 1144 4684; x_wconf 89' lang='grc' dir='ltr'><strong>τῶν</strong></span> <span class='ocrx_word' id='word_1_668' title='bbox 1185 4635 1381 4701; x_wconf 82' lang='grc' dir='ltr'><strong>ἀλλων,</strong></span> <span class='ocrx_word' id='word_1_669' title='bbox 1424 4639 1758 4708; x_wconf 76' lang='grc' dir='ltr'><strong>ἱερωμένων,</strong></span> 
     </span>
    </p>
   </div>
   <div class='ocr_carea' id='block_1_90' title="bbox 189 4711 1762 4802">
    <p class='ocr_par' dir='ltr' id='par_1_90' title="bbox 189 4711 1762 4802">
     <span class='ocr_line' id='line_1_90' title="bbox 189 4711 1762 4802; baseline 0.018 -44"><span class='ocrx_word' id='word_1_670' title='bbox 189 4711 458 4778; x_wconf 81' lang='grc' dir='ltr'><strong>μοναχῶν</strong></span> <span class='ocrx_word' id='word_1_671' title='bbox 489 4732 549 4768; x_wconf 89' lang='grc' dir='ltr'><strong>τε</strong></span> <span class='ocrx_word' id='word_1_672' title='bbox 580 4721 670 4771; x_wconf 72' lang='grc' dir='ltr'><strong>καὶ</strong></span> <span class='ocrx_word' id='word_1_673' title='bbox 704 4721 928 4802; x_wconf 82' lang='grc' dir='ltr'><strong>λαῖκῶν,</strong></span> <span class='ocrx_word' id='word_1_674' title='bbox 964 4725 1284 4781; x_wconf 85' lang='grc' dir='ltr'><strong>ὑποκεῖσθαι</strong></span> <span class='ocrx_word' id='word_1_675' title='bbox 1320 4731 1414 4782; x_wconf 77' lang='grc' dir='ltr'><strong>καὶ</strong></span> <span class='ocrx_word' id='word_1_676' title='bbox 1444 4732 1762 4802; x_wconf 83' lang='grc' dir='ltr'><strong>πειθαρχεῖν</strong></span> 
     </span>
    </p>
   </div>
   <div class='ocr_carea' id='block_1_91' title="bbox 95 4799 1763 4889">
    <p class='ocr_par' dir='ltr' id='par_1_91' title="bbox 95 4799 1763 4889">
     <span class='ocr_line' id='line_1_91' title="bbox 95 4799 1763 4889; baseline 0.015 -38"><span class='ocrx_word' id='word_1_677' title='bbox 95 4829 111 4869; x_wconf 74' lang='lat'><strong>~_</strong></span> <span class='ocrx_word' id='word_1_678' title='bbox 184 4799 398 4870; x_wconf 76' lang='grc' dir='ltr'><strong>τούτῳ,</strong></span> <span class='ocrx_word' id='word_1_679' title='bbox 428 4805 526 4858; x_wconf 81' lang='grc' dir='ltr'><strong>ὅσα</strong></span> <span class='ocrx_word' id='word_1_680' title='bbox 553 4811 645 4863; x_wconf 81' lang='grc' dir='ltr'><strong>καὶ</strong></span> <span class='ocrx_word' id='word_1_681' title='bbox 675 4801 859 4884; x_wconf 78' lang='grc' dir='ltr'><strong>οίκείῳ</strong></span> <span class='ocrx_word' id='word_1_682' title='bbox 894 4817 1114 4884; x_wconf 88' lang='grc' dir='ltr'><strong>ποιμένι</strong></span> <span class='ocrx_word' id='word_1_683' title='bbox 1148 4819 1241 4870; x_wconf 82' lang='grc' dir='ltr'><strong>καὶ</strong></span> <span class='ocrx_word' id='word_1_684' title='bbox 1281 4822 1448 4889; x_wconf 82' lang='grc' dir='ltr'><strong>πατρὶ</strong></span> <span class='ocrx_word' id='word_1_685' title='bbox 1493 4823 1587 4875; x_wconf 75' lang='grc' dir='ltr'><strong>καὶ</strong></span> <span class='ocrx_word' id='word_1_686' title='bbox 1612 4799 1763 4876; x_wconf 36' lang='grc' dir='ltr'><strong>’διδα-</strong></span> 
     </span>
    </p>
   </div>
   <div class='ocr_carea' id='block_1_92' title="bbox 187 4893 1758 4984">
    <p class='ocr_par' dir='ltr' id='par_1_92' title="bbox 187 4893 1758 4984">
     <span class='ocr_line' id='line_1_92' title="bbox 187 4893 1758 4984; baseline 0.016 -41"><span class='ocrx_word' id='word_1_687' title='bbox 187 4893 390 4965; x_wconf 81' lang='grc' dir='ltr'><strong>σκάλῳ</strong></span> <span class='ocrx_word' id='word_1_688' title='bbox 416 4899 507 4952; x_wconf 79' lang='grc' dir='ltr'><strong>καὶ</strong></span> <span class='ocrx_word' id='word_1_689' title='bbox 539 4905 735 4978; x_wconf 82' lang='grc' dir='ltr'><strong>μεσίτῃ</strong></span> <span class='ocrx_word' id='word_1_690' title='bbox 759 4908 854 4960; x_wconf 71' lang='grc' dir='ltr'><strong>καὶ</strong></span> <span class='ocrx_word' id='word_1_691' title='bbox 880 4909 1173 4984; x_wconf 76' lang='grc' dir='ltr'><strong>διαλλακτῇ</strong></span> <span class='ocrx_word' id='word_1_692' title='bbox 1202 4912 1267 4966; x_wconf 82' lang='grc' dir='ltr'><strong>τὰ</strong></span> <span class='ocrx_word' id='word_1_693' title='bbox 1313 4914 1448 4984; x_wconf 81' lang='grc' dir='ltr'><strong>πρὸς</strong></span> <span class='ocrx_word' id='word_1_694' title='bbox 1481 4916 1572 4968; x_wconf 82' lang='grc' dir='ltr'><strong>τὸν</strong></span> <span class='ocrx_word' id='word_1_695' title='bbox 1603 4916 1758 4980; x_wconf 83' lang='grc' dir='ltr'><strong>Θεὸν,</strong></span> 
     </span>
    </p>
   </div>
   <div class='ocr_carea' id='block_1_93' title="bbox 183 4986 1760 5077">
    <p class='ocr_par' dir='ltr' id='par_1_93' title="bbox 183 4986 1760 5077">
     <span class='ocr_line' id='line_1_93' title="bbox 183 4986 1760 5077; baseline 0.018 -41"><span class='ocrx_word' id='word_1_696' title='bbox 183 4986 298 5077; x_wconf 75' lang='grc' dir='ltr'><strong>καὶ</strong></span> <span class='ocrx_word' id='word_1_697' title='bbox 331 4987 582 5056; x_wconf 86' lang='grc' dir='ltr'><strong>δέχεσθαι</strong></span> <span class='ocrx_word' id='word_1_698' title='bbox 626 4998 881 5065; x_wconf 84' lang='grc' dir='ltr'><strong>ἀσμένως</strong></span> <span class='ocrx_word' id='word_1_699' title='bbox 905 5002 1002 5055; x_wconf 77' lang='grc' dir='ltr'><strong>καὶ</strong></span> <span class='ocrx_word' id='word_1_700' title='bbox 1043 5003 1340 5073; x_wconf 80' lang='grc' dir='ltr'><strong>προθύμως</strong></span> <span class='ocrx_word' id='word_1_701' title='bbox 1386 5006 1760 5077; x_wconf 74' lang='grc' dir='ltr'><strong>ἀποπληροῦν,</strong></span> 
     </span>
    </p>
   </div>
   <div class='ocr_carea' id='block_1_94' title="bbox 179 5076 1764 5167">
    <p class='ocr_par' dir='ltr' id='par_1_94' title="bbox 179 5076 1764 5167">
     <span class='ocr_line' id='line_1_94' title="bbox 179 5076 1764 5167; baseline 0.013 -39"><span class='ocrx_word' id='word_1_702' title='bbox 179 5076 300 5128; x_wconf 77' lang='grc' dir='ltr'><strong>ὅσα</strong></span> <span class='ocrx_word' id='word_1_703' title='bbox 341 5081 524 5145; x_wconf 86' lang='grc' dir='ltr'><strong>μέλλει</strong></span> <span class='ocrx_word' id='word_1_704' title='bbox 553 5093 834 5156; x_wconf 80' lang='grc' dir='ltr'><strong>παραινεῖν</strong></span> <span class='ocrx_word' id='word_1_705' title='bbox 867 5091 958 5143; x_wconf 77' lang='grc' dir='ltr'><strong>καὶ</strong></span> <span class='ocrx_word' id='word_1_706' title='bbox 997 5093 1341 5164; x_wconf 65' lang='grc' dir='ltr'><strong>εἰσηγεῖσθαι</strong></span> <span class='ocrx_word' id='word_1_707' title='bbox 1371 5097 1551 5160; x_wconf 84' lang='grc' dir='ltr'><strong>αὐτοῖς</strong></span> <span class='ocrx_word' id='word_1_708' title='bbox 1579 5076 1764 5167; x_wconf 11' lang='grc' dir='ltr'><strong>ψγυχω-</strong></span> 
     </span>
    </p>
   </div>
   <div class='ocr_carea' id='block_1_95' title="bbox 179 5167 1761 5262">
    <p class='ocr_par' dir='ltr' id='par_1_95' title="bbox 179 5167 1761 5262">
     <span class='ocr_line' id='line_1_95' title="bbox 179 5167 1761 5262; baseline 0.013 -39"><span class='ocrx_word' id='word_1_709' title='bbox 179 5167 338 5239; x_wconf 79' lang='grc' dir='ltr'><strong>φελῆ</strong></span> <span class='ocrx_word' id='word_1_710' title='bbox 377 5172 482 5228; x_wconf 79' lang='grc' dir='ltr'><strong>καὶ·</strong></span> <span class='ocrx_word' id='word_1_711' title='bbox 503 5180 768 5249; x_wconf 83' lang='grc' dir='ltr'><strong>σωτήρια.</strong></span> <span class='ocrx_word' id='word_1_712' title='bbox 814 5183 968 5236; x_wconf 76' lang='grc' dir='ltr'><strong>Ἐπεὶ</strong></span> <span class='ocrx_word' id='word_1_713' title='bbox 993 5185 1048 5238; x_wconf 82' lang='grc' dir='ltr'><strong>δὲ</strong></span> <span class='ocrx_word' id='word_1_714' title='bbox 1093 5188 1405 5255; x_wconf 84' lang='grc' dir='ltr'><strong>ἀναγκαίως</strong></span> <span class='ocrx_word' id='word_1_715' title='bbox 1436 5190 1548 5260; x_wconf 78' lang='grc' dir='ltr'><strong>ἔχει</strong></span> <span class='ocrx_word' id='word_1_716' title='bbox 1577 5191 1761 5262; x_wconf 74' lang='grc' dir='ltr'><strong>ἐπιδη-</strong></span> 
     </span>
    </p>
   </div>
   <div class='ocr_carea' id='block_1_96' title="bbox 183 5264 1764 5351">
    <p class='ocr_par' dir='ltr' id='par_1_96' title="bbox 183 5264 1764 5351">
     <span class='ocr_line' id='line_1_96' title="bbox 183 5264 1764 5351; baseline 0.012 -38"><span class='ocrx_word' id='word_1_717' title='bbox 183 5264 331 5328; x_wconf 81' lang='grc' dir='ltr'><strong>μεῖν</strong></span> <span class='ocrx_word' id='word_1_718' title='bbox 367 5264 624 5334; x_wconf 75' lang='grc' dir='ltr'><strong>ἐνταῦθα,</strong></span> <span class='ocrx_word' id='word_1_719' title='bbox 665 5272 740 5336; x_wconf 86' lang='grc' dir='ltr'><strong>ὼς</strong></span> <span class='ocrx_word' id='word_1_720' title='bbox 779 5277 827 5326; x_wconf 88' lang='grc' dir='ltr'><strong>οῖ</strong></span> <span class='ocrx_word' id='word_1_721' title='bbox 859 5275 992 5334; x_wconf 76' lang='grc' dir='ltr'><strong>θεῖοι</strong></span> <span class='ocrx_word' id='word_1_722' title='bbox 1029 5278 1122 5331; x_wconf 78' lang='grc' dir='ltr'><strong>καὶ</strong></span> <span class='ocrx_word' id='word_1_723' title='bbox 1160 5279 1298 5348; x_wconf 74' lang='grc' dir='ltr'><strong>ίεροὶ</strong></span> <span class='ocrx_word' id='word_1_724' title='bbox 1325 5283 1548 5346; x_wconf 84' lang='grc' dir='ltr'><strong>κανόνες</strong></span> <span class='ocrx_word' id='word_1_725' title='bbox 1577 5299 1764 5351; x_wconf 81' lang='grc' dir='ltr'><strong>παρα-</strong></span> 
     </span>
    </p>
   </div>
   <div class='ocr_carea' id='block_1_97' title="bbox 182 5351 1762 5440">
    <p class='ocr_par' dir='ltr' id='par_1_97' title="bbox 182 5351 1762 5440">
     <span class='ocr_line' id='line_1_97' title="bbox 182 5351 1762 5440; baseline 0.012 -33"><span class='ocrx_word' id='word_1_726' title='bbox 182 5351 538 5424; x_wconf 77' lang='grc' dir='ltr'><strong>κελεύονται,</strong></span> <span class='ocrx_word' id='word_1_727' title='bbox 595 5366 736 5417; x_wconf 86' lang='grc' dir='ltr'><strong>κατά</strong></span> <span class='ocrx_word' id='word_1_728' title='bbox 796 5367 857 5418; x_wconf 80' lang='grc' dir='ltr'><strong>τὸ</strong></span> <span class='ocrx_word' id='word_1_729' title='bbox 895 5369 1052 5436; x_wconf 84' lang='grc' dir='ltr'><strong>χρέος</strong></span> <span class='ocrx_word' id='word_1_730' title='bbox 1112 5371 1206 5436; x_wconf 76' lang='grc' dir='ltr'><strong>τῆς</strong></span> <span class='ocrx_word' id='word_1_731' title='bbox 1264 5370 1541 5440; x_wconf 72' lang='grc' dir='ltr'><strong>ὑποταγῆς</strong></span> <span class='ocrx_word' id='word_1_732' title='bbox 1596 5372 1762 5426; x_wconf 79' lang='grc' dir='ltr'><strong>αὐτοῦ</strong></span> 
     </span>
    </p>
   </div>
   <div class='ocr_carea' id='block_1_98' title="bbox 178 5446 1767 5532">
    <p class='ocr_par' dir='ltr' id='par_1_98' title="bbox 178 5446 1767 5532">
     <span class='ocr_line' id='line_1_98' title="bbox 178 5446 1767 5532; baseline 0.003 -20"><span class='ocrx_word' id='word_1_733' title='bbox 178 5446 302 5512; x_wconf 72' lang='grc' dir='ltr'><strong>τῆς</strong></span> <span class='ocrx_word' id='word_1_734' title='bbox 357 5450 434 5511; x_wconf 62' lang='grc' dir='ltr'><strong>εἰς</strong></span> <span class='ocrx_word' id='word_1_735' title='bbox 478 5453 578 5522; x_wconf 83' lang='grc' dir='ltr'><strong>τὴν</strong></span> <span class='ocrx_word' id='word_1_736' title='bbox 609 5455 770 5521; x_wconf 77' lang='grc' dir='ltr'><strong>ἀγίαν</strong></span> <span class='ocrx_word' id='word_1_737' title='bbox 816 5459 911 5512; x_wconf 85' lang='grc' dir='ltr'><strong>τοῦ</strong></span> <span class='ocrx_word' id='word_1_738' title='bbox 947 5460 1082 5514; x_wconf 80' lang='grc' dir='ltr'><strong>Θεοῦ</strong></span> <span class='ocrx_word' id='word_1_739' title='bbox 1140 5462 1433 5532; x_wconf 78' lang='grc' dir='ltr'><strong>καθολικὴν</strong></span> <span class='ocrx_word' id='word_1_740' title='bbox 1481 5465 1574 5515; x_wconf 67' lang='grc' dir='ltr'><strong>καὶ</strong></span> <span class='ocrx_word' id='word_1_741' title='bbox 1632 5465 1767 5516; x_wconf 86' lang='grc' dir='ltr'><strong>ἁπο-</strong></span> 
     </span>
    </p>
   </div>
   <div class='ocr_carea' id='block_1_99' title="bbox 179 5538 1767 5623">
    <p class='ocr_par' dir='ltr' id='par_1_99' title="bbox 179 5538 1767 5623">
     <span class='ocr_line' id='line_1_99' title="bbox 179 5538 1767 5623; baseline 0.01 -31"><span class='ocrx_word' id='word_1_742' title='bbox 179 5538 458 5611; x_wconf 72' lang='grc' dir='ltr'><strong>στολικὴν</strong></span> <span class='ocrx_word' id='word_1_743' title='bbox 523 5546 848 5618; x_wconf 84' lang='grc' dir='ltr'><strong>Ἐκκλησίαν</strong></span> <span class='ocrx_word' id='word_1_744' title='bbox 893 5552 988 5604; x_wconf 79' lang='grc' dir='ltr'><strong>καὶ</strong></span> <span class='ocrx_word' id='word_1_745' title='bbox 1049 5556 1190 5607; x_wconf 83' lang='grc' dir='ltr'><strong>κατὰ</strong></span> <span class='ocrx_word' id='word_1_746' title='bbox 1236 5554 1333 5623; x_wconf 77' lang='grc' dir='ltr'><strong>τὴν</strong></span> <span class='ocrx_word' id='word_1_747' title='bbox 1384 5556 1590 5607; x_wconf 73' lang='grc' dir='ltr'><strong>τούτων</strong></span> <span class='ocrx_word' id='word_1_748' title='bbox 1649 5555 1767 5608; x_wconf 88' lang='grc' dir='ltr'><strong>διά-</strong></span> 
     </span>
    </p>
   </div>
   <div class='ocr_carea' id='block_1_100' title="bbox 175 5632 1764 5719">
    <p class='ocr_par' dir='ltr' id='par_1_100' title="bbox 175 5632 1764 5719">
     <span class='ocr_line' id='line_1_100' title="bbox 175 5632 1764 5719; baseline 0.008 -30"><span class='ocrx_word' id='word_1_749' title='bbox 175 5632 376 5698; x_wconf 71' lang='grc' dir='ltr'><strong>ταξιν,</strong></span> <span class='ocrx_word' id='word_1_750' title='bbox 410 5639 508 5690; x_wconf 87' lang='grc' dir='ltr'><strong>οὐκ</strong></span> <span class='ocrx_word' id='word_1_751' title='bbox 562 5641 677 5710; x_wconf 83' lang='grc' dir='ltr'><strong>ἔχει</strong></span> <span class='ocrx_word' id='word_1_752' title='bbox 713 5643 768 5695; x_wconf 81' lang='grc' dir='ltr'><strong>δὲ</strong></span> <span class='ocrx_word' id='word_1_753' title='bbox 816 5645 1052 5709; x_wconf 78' lang='grc' dir='ltr'><strong>εὐκόλως</strong></span> <span class='ocrx_word' id='word_1_754' title='bbox 1084 5647 1314 5699; x_wconf 81' lang='grc' dir='ltr'><strong>ἑκάστου</strong></span> <span class='ocrx_word' id='word_1_755' title='bbox 1365 5645 1514 5710; x_wconf 76' lang='grc' dir='ltr'><strong>ἔτους</strong></span> <span class='ocrx_word' id='word_1_756' title='bbox 1579 5648 1764 5719; x_wconf 77' lang='grc' dir='ltr'><strong>ἐπιδη-</strong></span> 
     </span>
    </p>
   </div>
   <div class='ocr_carea' id='block_1_101' title="bbox 170 5730 1762 5811">
    <p class='ocr_par' dir='ltr' id='par_1_101' title="bbox 170 5730 1762 5811">
     <span class='ocr_line' id='line_1_101' title="bbox 170 5730 1762 5811; baseline 0.008 -31"><span class='ocrx_word' id='word_1_757' title='bbox 170 5730 326 5810; x_wconf 80' lang='grc' dir='ltr'><strong>μεῖν</strong></span> <span class='ocrx_word' id='word_1_758' title='bbox 375 5733 462 5786; x_wconf 92' lang='grc' dir='ltr'><strong>διά</strong></span> <span class='ocrx_word' id='word_1_759' title='bbox 492 5751 548 5787; x_wconf 90' lang='grc' dir='ltr'><strong>τε</strong></span> <span class='ocrx_word' id='word_1_760' title='bbox 606 5736 666 5789; x_wconf 76' lang='grc' dir='ltr'><strong>τὸ</strong></span> <span class='ocrx_word' id='word_1_761' title='bbox 693 5739 828 5792; x_wconf 80' lang='grc' dir='ltr'><strong>πολὺ</strong></span> <span class='ocrx_word' id='word_1_762' title='bbox 869 5742 968 5810; x_wconf 79' lang='grc' dir='ltr'><strong>τῆς</strong></span> <span class='ocrx_word' id='word_1_763' title='bbox 1027 5738 1146 5793; x_wconf 87' lang='grc' dir='ltr'><strong>ὀδοῦ</strong></span> <span class='ocrx_word' id='word_1_764' title='bbox 1207 5741 1378 5810; x_wconf 74' lang='grc' dir='ltr'><strong>μῆκος</strong></span> <span class='ocrx_word' id='word_1_765' title='bbox 1405 5741 1501 5792; x_wconf 74' lang='grc' dir='ltr'><strong>καὶ·</strong></span> <span class='ocrx_word' id='word_1_766' title='bbox 1553 5743 1652 5811; x_wconf 78' lang='grc' dir='ltr'><strong>τὴν</strong></span> <span class='ocrx_word' id='word_1_767' title='bbox 1703 5744 1762 5793; x_wconf 83' lang='grc' dir='ltr'><strong>ἐν</strong></span> 
     </span>
    </p>
   </div>
   <div class='ocr_carea' id='block_1_102' title="bbox 169 5827 1762 5903">
    <p class='ocr_par' dir='ltr' id='par_1_102' title="bbox 169 5827 1762 5903">
     <span class='ocr_line' id='line_1_102' title="bbox 169 5827 1762 5903; baseline 0.003 -19"><span class='ocrx_word' id='word_1_768' title='bbox 169 5827 277 5900; x_wconf 79' lang='grc' dir='ltr'><strong>τῷ</strong></span> <span class='ocrx_word' id='word_1_769' title='bbox 314 5829 458 5900; x_wconf 74' lang='grc' dir='ltr'><strong>μέσῳ</strong></span> <span class='ocrx_word' id='word_1_770' title='bbox 487 5831 824 5902; x_wconf 81' lang='grc' dir='ltr'><strong>δυσχέρειαν,</strong></span> <span class='ocrx_word' id='word_1_771' title='bbox 865 5831 1327 5903; x_wconf 74' lang='grc' dir='ltr'><strong>παρεγγυώμεοσ,</strong></span> <span class='ocrx_word' id='word_1_772' title='bbox 1372 5833 1456 5886; x_wconf 76' lang='grc' dir='ltr'><strong>ἵνα</strong></span> <span class='ocrx_word' id='word_1_773' title='bbox 1494 5835 1631 5889; x_wconf 81' lang='grc' dir='ltr'><strong>κατά</strong></span> <span class='ocrx_word' id='word_1_774' title='bbox 1671 5833 1762 5888; x_wconf 80' lang='grc' dir='ltr'><strong>δύο</strong></span> 
     </span>
    </p>
   </div>
   <div class='ocr_carea' id='block_1_103' title="bbox 1871 4633 3436 4709">
    <p class='ocr_par' dir='ltr' id='par_1_103' title="bbox 1871 4633 3436 4709">
     <span class='ocr_line' id='line_1_103' title="bbox 1871 4633 3436 4709; baseline -0.003 -15"><span class='ocrx_word' id='word_1_775' title='bbox 1871 4641 1970 4694; x_wconf 91' lang='grc' dir='ltr'><strong>οὐκ</strong></span> <span class='ocrx_word' id='word_1_776' title='bbox 2001 4641 2059 4691; x_wconf 91' lang='grc' dir='ltr'><strong>ἐν</strong></span> <span class='ocrx_word' id='word_1_777' title='bbox 2093 4639 2330 4709; x_wconf 85' lang='grc' dir='ltr'><strong>δευτέρῳ</strong></span> <span class='ocrx_word' id='word_1_778' title='bbox 2375 4639 2443 4691; x_wconf 84' lang='grc' dir='ltr'><strong>τά</strong></span> <span class='ocrx_word' id='word_1_779' title='bbox 2475 4639 2603 4706; x_wconf 73' lang='grc' dir='ltr'><strong>περὶ</strong></span> <span class='ocrx_word' id='word_1_780' title='bbox 2637 4635 2828 4691; x_wconf 85' lang='grc' dir='ltr'><strong>τούτου</strong></span> <span class='ocrx_word' id='word_1_781' title='bbox 2880 4635 3297 4707; x_wconf 75' lang='grc' dir='ltr'><strong>ἐποιησάμεθαο</strong></span> <span class='ocrx_word' id='word_1_782' title='bbox 3332 4633 3436 4689; x_wconf 81' lang='grc' dir='ltr'><strong>ποῦ</strong></span> 
     </span>
    </p>
   </div>
   <div class='ocr_carea' id='block_1_104' title="bbox 1873 4728 3437 4802">
    <p class='ocr_par' dir='ltr' id='par_1_104' title="bbox 1873 4728 3437 4802">
     <span class='ocr_line' id='line_1_104' title="bbox 1873 4728 3437 4802; baseline -0.003 -17"><span class='ocrx_word' id='word_1_783' title='bbox 1873 4733 1982 4802; x_wconf 80' lang='grc' dir='ltr'><strong>γάρ</strong></span> <span class='ocrx_word' id='word_1_784' title='bbox 2045 4732 2282 4802; x_wconf 79' lang='grc' dir='ltr'><strong>φορητὸν</strong></span> <span class='ocrx_word' id='word_1_785' title='bbox 2333 4730 2470 4793; x_wconf 88' lang='grc' dir='ltr'><strong>δλως</strong></span> <span class='ocrx_word' id='word_1_786' title='bbox 2529 4729 2605 4800; x_wconf 82' lang='grc' dir='ltr'><strong>μὴ</strong></span> <span class='ocrx_word' id='word_1_787' title='bbox 2636 4730 2756 4799; x_wconf 82' lang='grc' dir='ltr'><strong>οὐχὶ</strong></span> <span class='ocrx_word' id='word_1_788' title='bbox 2809 4730 2898 4783; x_wconf 83' lang='grc' dir='ltr'><strong>τὸν</strong></span> <span class='ocrx_word' id='word_1_789' title='bbox 2949 4728 3327 4796; x_wconf 86' lang='grc' dir='ltr'><strong>Καππαδόκην</strong></span> <span class='ocrx_word' id='word_1_790' title='bbox 3357 4730 3437 4792; x_wconf 88' lang='grc' dir='ltr'><strong>είς</strong></span> 
     </span>
    </p>
   </div>
   <div class='ocr_carea' id='block_1_105' title="bbox 1877 4819 3438 4891">
    <p class='ocr_par' dir='ltr' id='par_1_105' title="bbox 1877 4819 3438 4891">
     <span class='ocr_line' id='line_1_105' title="bbox 1877 4819 3438 4891; baseline 0 -16"><span class='ocrx_word' id='word_1_791' title='bbox 1877 4825 2039 4891; x_wconf 87' lang='grc' dir='ltr'><strong>μέσον</strong></span> <span class='ocrx_word' id='word_1_792' title='bbox 2069 4823 2326 4891; x_wconf 80' lang='grc' dir='ltr'><strong>ἀχθῆναι,</strong></span> <span class='ocrx_word' id='word_1_793' title='bbox 2360 4821 2655 4875; x_wconf 79' lang='grc' dir='ltr'><strong>κάντεῦθεν</strong></span> <span class='ocrx_word' id='word_1_794' title='bbox 2684 4820 2782 4890; x_wconf 83' lang='grc' dir='ltr'><strong>τὴν</strong></span> <span class='ocrx_word' id='word_1_795' title='bbox 2806 4819 3122 4889; x_wconf 86' lang='grc' dir='ltr'><strong>πρέπουσαν</strong></span> <span class='ocrx_word' id='word_1_796' title='bbox 3150 4819 3438 4889; x_wconf 84' lang='grc' dir='ltr'><strong>διόρθωσιν</strong></span> 
     </span>
    </p>
   </div>
   <div class='ocr_carea' id='block_1_106' title="bbox 1872 4906 3516 4983">
    <p class='ocr_par' dir='ltr' id='par_1_106' title="bbox 1872 4906 3516 4983">
     <span class='ocr_line' id='line_1_106' title="bbox 1872 4906 3516 4983; baseline -0.001 -16"><span class='ocrx_word' id='word_1_797' title='bbox 1872 4916 1966 4967; x_wconf 77' lang='grc' dir='ltr'><strong>καὶ</strong></span> <span class='ocrx_word' id='word_1_798' title='bbox 1998 4915 2066 4968; x_wconf 76' lang='grc' dir='ltr'><strong>τά</strong></span> <span class='ocrx_word' id='word_1_799' title='bbox 2115 4913 2218 4983; x_wconf 84' lang='grc' dir='ltr'><strong>τῆς</strong></span> <span class='ocrx_word' id='word_1_800' title='bbox 2265 4914 2464 4975; x_wconf 88' lang='grc' dir='ltr'><strong>κακίας</strong></span> <span class='ocrx_word' id='word_1_801' title='bbox 2515 4911 2721 4982; x_wconf 85' lang='grc' dir='ltr'><strong>ταύτης</strong></span> <span class='ocrx_word' id='word_1_802' title='bbox 2766 4911 2985 4975; x_wconf 80' lang='grc' dir='ltr'><strong>λαϐεῖνς</strong></span> <span class='ocrx_word' id='word_1_803' title='bbox 3032 4911 3171 4966; x_wconf 81' lang='grc' dir='ltr'><strong>Ἀλλ’</strong></span> <span class='ocrx_word' id='word_1_804' title='bbox 3196 4907 3262 4981; x_wconf 76' lang='grc' dir='ltr'><strong>ἦν</strong></span> <span class='ocrx_word' id='word_1_805' title='bbox 3286 4906 3437 4976; x_wconf 72' lang='grc' dir='ltr'><strong>οὗτος</strong></span> <span class='ocrx_word' id='word_1_806' title='bbox 3513 4919 3516 4921; x_wconf 84' lang='grc'><em>’</em></span> 
     </span>
    </p>
   </div>
   <div class='ocr_carea' id='block_1_107' title="bbox 1871 5001 3439 5074">
    <p class='ocr_par' dir='ltr' id='par_1_107' title="bbox 1871 5001 3439 5074">
     <span class='ocr_line' id='line_1_107' title="bbox 1871 5001 3439 5074; baseline 0 -18"><span class='ocrx_word' id='word_1_807' title='bbox 1871 5003 2046 5074; x_wconf 87' lang='grc' dir='ltr'><strong>λάθρα</strong></span> <span class='ocrx_word' id='word_1_808' title='bbox 2079 5003 2476 5072; x_wconf 87' lang='grc' dir='ltr'><strong>μετερχόμενος</strong></span> <span class='ocrx_word' id='word_1_809' title='bbox 2494 5003 2594 5072; x_wconf 74' lang='grc' dir='ltr'><strong>τὴν</strong></span> <span class='ocrx_word' id='word_1_810' title='bbox 2614 5001 2879 5071; x_wconf 80' lang='grc' dir='ltr'><strong>βδελυρὰν</strong></span> <span class='ocrx_word' id='word_1_811' title='bbox 2903 5003 3000 5054; x_wconf 76' lang='grc' dir='ltr'><strong>καὶ</strong></span> <span class='ocrx_word' id='word_1_812' title='bbox 3024 5001 3272 5072; x_wconf 85' lang='grc' dir='ltr'><strong>ὀλεθρίαν</strong></span> <span class='ocrx_word' id='word_1_813' title='bbox 3296 5004 3410 5072; x_wconf 70' lang='grc' dir='ltr'><strong>πρά</strong></span> <span class='ocrx_word' id='word_1_814' title='bbox 3427 5032 3439 5042; x_wconf 73' lang='grc' dir='ltr'><strong><em>ο</em></strong></span> 
     </span>
    </p>
   </div>
   <div class='ocr_carea' id='block_1_108' title="bbox 1872 5093 3432 5166">
    <p class='ocr_par' dir='ltr' id='par_1_108' title="bbox 1872 5093 3432 5166">
     <span class='ocr_line' id='line_1_108' title="bbox 1872 5093 3432 5166; baseline -0.001 -17"><span class='ocrx_word' id='word_1_815' title='bbox 1872 5096 1952 5161; x_wconf 87' lang='grc' dir='ltr'><strong>ξιν</strong></span> <span class='ocrx_word' id='word_1_816' title='bbox 1981 5094 2078 5148; x_wconf 75' lang='grc' dir='ltr'><strong>καὶ</strong></span> <span class='ocrx_word' id='word_1_817' title='bbox 2108 5093 2414 5165; x_wconf 78' lang='grc' dir='ltr'><strong>φενακίζων</strong></span> <span class='ocrx_word' id='word_1_818' title='bbox 2464 5094 2557 5145; x_wconf 74' lang='grc' dir='ltr'><strong>καὶ</strong></span> <span class='ocrx_word' id='word_1_819' title='bbox 2599 5093 2910 5160; x_wconf 80' lang='grc' dir='ltr'><strong>ἐξαπατῶν,</strong></span> <span class='ocrx_word' id='word_1_820' title='bbox 2946 5094 3022 5154; x_wconf 83' lang='grc' dir='ltr'><strong>ὡς</strong></span> <span class='ocrx_word' id='word_1_821' title='bbox 3055 5093 3294 5166; x_wconf 77' lang='grc' dir='ltr'><strong>εἴρηται,</strong></span> <span class='ocrx_word' id='word_1_822' title='bbox 3333 5096 3432 5148; x_wconf 74' lang='grc' dir='ltr'><strong>καὶ</strong></span> 
     </span>
    </p>
   </div>
   <div class='ocr_carea' id='block_1_109' title="bbox 1872 5170 3433 5258">
    <p class='ocr_par' dir='ltr' id='par_1_109' title="bbox 1872 5170 3433 5258">
     <span class='ocr_line' id='line_1_109' title="bbox 1872 5170 3433 5258; baseline -0.003 -14"><span class='ocrx_word' id='word_1_823' title='bbox 1872 5170 2099 5253; x_wconf 74' lang='grc' dir='ltr'><strong>πολλοῦς</strong></span> <span class='ocrx_word' id='word_1_824' title='bbox 2123 5190 2202 5249; x_wconf 90' lang='grc' dir='ltr'><strong>είς</strong></span> <span class='ocrx_word' id='word_1_825' title='bbox 2235 5187 2507 5258; x_wconf 86' lang='grc' dir='ltr'><strong>βάραθρον</strong></span> <span class='ocrx_word' id='word_1_826' title='bbox 2549 5186 2780 5256; x_wconf 72' lang='grc' dir='ltr'><strong>ψυχικὸν</strong></span> <span class='ocrx_word' id='word_1_827' title='bbox 2819 5189 2914 5240; x_wconf 74' lang='grc' dir='ltr'><strong>καὶ</strong></span> <span class='ocrx_word' id='word_1_828' title='bbox 2939 5187 3221 5241; x_wconf 83' lang='grc' dir='ltr'><strong>ἀπώλειαν</strong></span> <span class='ocrx_word' id='word_1_829' title='bbox 3259 5204 3433 5241; x_wconf 87' lang='grc' dir='ltr'><strong>κατα-</strong></span> 
     </span>
    </p>
   </div>
   <div class='ocr_carea' id='block_1_110' title="bbox 1870 5281 3434 5354">
    <p class='ocr_par' dir='ltr' id='par_1_110' title="bbox 1870 5281 3434 5354">
     <span class='ocr_line' id='line_1_110' title="bbox 1870 5281 3434 5354; baseline -0.004 -18"><span class='ocrx_word' id='word_1_830' title='bbox 1870 5284 2189 5354; x_wconf 72' lang='grc' dir='ltr'><strong>κρημνίζων</strong></span> <span class='ocrx_word' id='word_1_831' title='bbox 2208 5299 2223 5315; x_wconf 85' lang='grc'>⁶</span> <span class='ocrx_word' id='word_1_832' title='bbox 2255 5281 2373 5337; x_wconf 86' lang='grc' dir='ltr'><strong>ἀλλ’</strong></span> <span class='ocrx_word' id='word_1_833' title='bbox 2401 5284 2429 5335; x_wconf 87' lang='grc' dir='ltr'>ὁ</span> <span class='ocrx_word' id='word_1_834' title='bbox 2457 5282 2564 5338; x_wconf 88' lang='grc' dir='ltr'><strong>τῶν</strong></span> <span class='ocrx_word' id='word_1_835' title='bbox 2592 5283 2730 5336; x_wconf 84' lang='grc' dir='ltr'><strong>ὅλων</strong></span> <span class='ocrx_word' id='word_1_836' title='bbox 2751 5281 3028 5351; x_wconf 85' lang='grc' dir='ltr'><strong>Δεσπότης</strong></span> <span class='ocrx_word' id='word_1_837' title='bbox 3049 5283 3144 5336; x_wconf 77' lang='grc' dir='ltr'><strong>καὶ</strong></span> <span class='ocrx_word' id='word_1_838' title='bbox 3172 5283 3434 5354; x_wconf 74' lang='grc' dir='ltr'><strong>δημιουρ.</strong></span> 
     </span>
    </p>
   </div>
   <div class='ocr_carea' id='block_1_111' title="bbox 1871 5374 3431 5446">
    <p class='ocr_par' dir='ltr' id='par_1_111' title="bbox 1871 5374 3431 5446">
     <span class='ocr_line' id='line_1_111' title="bbox 1871 5374 3431 5446; baseline -0.001 -19"><span class='ocrx_word' id='word_1_839' title='bbox 1871 5376 1966 5445; x_wconf 81' lang='grc' dir='ltr'><strong>γδς</strong></span> <span class='ocrx_word' id='word_1_840' title='bbox 1995 5376 2220 5446; x_wconf 82' lang='grc' dir='ltr'><strong>Κύριος,</strong></span> <span class='ocrx_word' id='word_1_841' title='bbox 2243 5375 2334 5428; x_wconf 90' lang='grc' dir='ltr'><strong>τοῦ</strong></span> <span class='ocrx_word' id='word_1_842' title='bbox 2365 5375 2568 5430; x_wconf 82' lang='grc' dir='ltr'><strong>οἰκείου</strong></span> <span class='ocrx_word' id='word_1_843' title='bbox 2598 5377 2706 5430; x_wconf 91' lang='grc' dir='ltr'><strong>τῶν</strong></span> <span class='ocrx_word' id='word_1_844' title='bbox 2737 5374 3084 5445; x_wconf 80' lang='grc' dir='ltr'><strong>Χριστιανῶν</strong></span> <span class='ocrx_word' id='word_1_845' title='bbox 3114 5375 3431 5444; x_wconf 87' lang='grc' dir='ltr'><strong>πλάσματος</strong></span> 
     </span>
    </p>
   </div>
   <div class='ocr_carea' id='block_1_112' title="bbox 1871 5465 3432 5538">
    <p class='ocr_par' dir='ltr' id='par_1_112' title="bbox 1871 5465 3432 5538">
     <span class='ocr_line' id='line_1_112' title="bbox 1871 5465 3432 5538; baseline 0.001 -20"><span class='ocrx_word' id='word_1_846' title='bbox 1871 5468 2186 5538; x_wconf 76' lang='grc' dir='ltr'><strong>κηδόμενος,</strong></span> <span class='ocrx_word' id='word_1_847' title='bbox 2249 5467 2349 5521; x_wconf 81' lang='grc' dir='ltr'><strong>οὐκ</strong></span> <span class='ocrx_word' id='word_1_848' title='bbox 2403 5469 2686 5538; x_wconf 75' lang='grc' dir='ltr'><strong>ἠνέσχετο,</strong></span> <span class='ocrx_word' id='word_1_849' title='bbox 2727 5467 2848 5521; x_wconf 73' lang='grc' dir='ltr'><strong>οὐδέ</strong></span> <span class='ocrx_word' id='word_1_850' title='bbox 2899 5467 3294 5537; x_wconf 85' lang='grc' dir='ltr'><strong>παρεχώρησεν</strong></span> <span class='ocrx_word' id='word_1_851' title='bbox 3337 5465 3432 5523; x_wconf 74' lang='grc' dir='ltr'><strong>ἐπὶ</strong></span> 
     </span>
    </p>
   </div>
   <div class='ocr_carea' id='block_1_113' title="bbox 1870 5557 3435 5630">
    <p class='ocr_par' dir='ltr' id='par_1_113' title="bbox 1870 5557 3435 5630">
     <span class='ocr_line' id='line_1_113' title="bbox 1870 5557 3435 5630; baseline 0.003 -18"><span class='ocrx_word' id='word_1_852' title='bbox 1870 5561 2032 5613; x_wconf 89' lang='grc' dir='ltr'><strong>πλέον</strong></span> <span class='ocrx_word' id='word_1_853' title='bbox 2063 5561 2156 5613; x_wconf 84' lang='grc' dir='ltr'><strong>τὸν</strong></span> <span class='ocrx_word' id='word_1_854' title='bbox 2191 5559 2570 5630; x_wconf 85' lang='grc' dir='ltr'><strong>Καππαδόκην</strong></span> <span class='ocrx_word' id='word_1_855' title='bbox 2625 5558 3079 5630; x_wconf 86' lang='grc' dir='ltr'><strong>συγκρύπτεσθαι</strong></span> <span class='ocrx_word' id='word_1_856' title='bbox 3115 5559 3210 5612; x_wconf 76' lang='grc' dir='ltr'><strong>καὶ</strong></span> <span class='ocrx_word' id='word_1_857' title='bbox 3231 5557 3435 5616; x_wconf 82' lang='grc' dir='ltr'><strong>λανθά-</strong></span> 
     </span>
    </p>
   </div>
   <div class='ocr_carea' id='block_1_114' title="bbox 1869 5651 3432 5724">
    <p class='ocr_par' dir='ltr' id='par_1_114' title="bbox 1869 5651 3432 5724">
     <span class='ocr_line' id='line_1_114' title="bbox 1869 5651 3432 5724; baseline -0.001 -19"><span class='ocrx_word' id='word_1_858' title='bbox 1869 5669 2005 5713; x_wconf 86' lang='grc' dir='ltr'><strong>νειν,</strong></span> <span class='ocrx_word' id='word_1_859' title='bbox 2037 5651 2172 5706; x_wconf 86' lang='grc' dir='ltr'><strong>ἀλλά</strong></span> <span class='ocrx_word' id='word_1_860' title='bbox 2202 5654 2300 5715; x_wconf 79' lang='grc' dir='ltr'><strong>τάς</strong></span> <span class='ocrx_word' id='word_1_861' title='bbox 2327 5651 2421 5706; x_wconf 84' lang='grc' dir='ltr'><strong>τοῦ</strong></span> <span class='ocrx_word' id='word_1_862' title='bbox 2472 5651 2711 5724; x_wconf 85' lang='grc' dir='ltr'><strong>πονηροῦ</strong></span> <span class='ocrx_word' id='word_1_863' title='bbox 2746 5651 2970 5706; x_wconf 76' lang='grc' dir='ltr'><strong>καὶτῶν</strong></span> <span class='ocrx_word' id='word_1_864' title='bbox 3005 5651 3266 5717; x_wconf 73' lang='grc' dir='ltr'><strong>ζιζανίων</strong></span> <span class='ocrx_word' id='word_1_865' title='bbox 3296 5668 3432 5704; x_wconf 82' lang='grc' dir='ltr'><strong>σπο-</strong></span> 
     </span>
    </p>
   </div>
   <div class='ocr_carea' id='block_1_115' title="bbox 1873 5742 3437 5812">
    <p class='ocr_par' dir='ltr' id='par_1_115' title="bbox 1873 5742 3437 5812">
     <span class='ocr_line' id='line_1_115' title="bbox 1873 5742 3437 5812; baseline 0.001 -18"><span class='ocrx_word' id='word_1_866' title='bbox 1873 5745 2011 5810; x_wconf 77' lang='grc' dir='ltr'><strong>ρέως</strong></span> <span class='ocrx_word' id='word_1_867' title='bbox 2039 5742 2318 5811; x_wconf 83' lang='grc' dir='ltr'><strong>ἐκτέμνων</strong></span> <span class='ocrx_word' id='word_1_868' title='bbox 2340 5742 2703 5812; x_wconf 70' lang='grc' dir='ltr'><strong>παραφυάδας</strong></span> <span class='ocrx_word' id='word_1_869' title='bbox 2755 5744 2850 5795; x_wconf 76' lang='grc' dir='ltr'><strong>καὶ</strong></span> <span class='ocrx_word' id='word_1_870' title='bbox 2878 5743 3027 5795; x_wconf 80' lang='grc' dir='ltr'><strong>τόνδε</strong></span> <span class='ocrx_word' id='word_1_871' title='bbox 3058 5742 3150 5795; x_wconf 82' lang='grc' dir='ltr'><strong>τὸν</strong></span> <span class='ocrx_word' id='word_1_872' title='bbox 3203 5743 3437 5795; x_wconf 84' lang='grc' dir='ltr'><strong>Καππα-</strong></span> 
     </span>
    </p>
   </div>
   <div class='ocr_carea' id='block_1_116' title="bbox 1870 5831 3433 5907">
    <p class='ocr_par' dir='ltr' id='par_1_116' title="bbox 1870 5831 3433 5907">
     <span class='ocr_line' id='line_1_116' title="bbox 1870 5831 3433 5907; baseline 0 -21"><span class='ocrx_word' id='word_1_873' title='bbox 1870 5834 2030 5903; x_wconf 79' lang='grc' dir='ltr'><strong>δόκην</strong></span> <span class='ocrx_word' id='word_1_874' title='bbox 2063 5831 2200 5903; x_wconf 73' lang='grc' dir='ltr'><strong>μετὰ</strong></span> <span class='ocrx_word' id='word_1_875' title='bbox 2234 5832 2342 5887; x_wconf 89' lang='grc' dir='ltr'><strong>τῶν</strong></span> <span class='ocrx_word' id='word_1_876' title='bbox 2373 5832 2624 5903; x_wconf 77' lang='grc' dir='ltr'><strong>μαγικῶν</strong></span> <span class='ocrx_word' id='word_1_877' title='bbox 2681 5832 2844 5886; x_wconf 68' lang='grc' dir='ltr'><strong>αὐτοῦ</strong></span> <span class='ocrx_word' id='word_1_878' title='bbox 2871 5832 3068 5906; x_wconf 78' lang='grc' dir='ltr'><strong>βίϐλων</strong></span> <span class='ocrx_word' id='word_1_879' title='bbox 3093 5832 3433 5907; x_wconf 76' lang='grc' dir='ltr'><strong>διῳκονομή-</strong></span> 
     </span>
    </p>
   </div>
  </div>
