3964 6542
213 366 342 434 1361

1275 376 1669 438 SYNODICA!
1706 376 2385 441 CONS'FITUTIONES.

3302 366 3459 429 136;}?

210 488 453 554 ἀντάξιος
496 487 588 541 καὶ
618 488 705 541 διὰ
749 489 841 542 τοῦ
875 491 1152 561 προφήτου
1185 493 1213 547 ὅ
1258 494 1467 562 ἐξάγων
1518 496 1666 562 ἀξιον
1714 495 1773 561 ἐξ
1808 502 1852 560 Α
1880 500 2101 569 ποιήτου
2133 500 2233 552 κάν
2263 498 2338 566 τῷ
2368 495 2493 566 ὲξῆς
2517 493 2602 548 ἀεὶ
2629 496 2804 563 χρόνῳ
2830 491 2927 561 τῆς
2959 487 3226 558 ἐνωμότου
3262 490 3441 556 ἀσφα-

211 578 452 645 ἀναξίου,
486 581 562 644 ώς
600 580 773 648 στόμα
804 599 905 652 μου
939 584 1079 649 ἐστι,
1114 585 1376 655 μέλλειδέ
1406 588 1513 640 ἀπὸ
1534 588 1631 657 τῆς
1660 605 1771 641 τοι·

212 668 377 738 αύτης
417 670 813 740 ἀρχιερατικῆς
860 672 1186 736 ἐπιστασίας
1234 674 1328 727 καὶ
1382 674 1710 743 ποιμανσίας
1744 677 1771 728 ὁ

210 764 264 814 ἐν
307 764 377 832 τῇ
429 762 693 834 εἰρημένῃ
742 764 883 833 ἀρχῇ
918 764 1012 817 καὶ
1063 766 1389 838 ἐπικρατείᾳ
1443 769 1623 837 πάσης
1672 767 1771 835 τῆς

211 852 502 922 εἰρημένης
541 854 987 924 Οὐγγροόλαχίας
1030 857 1417 927 εὑρισκόμενος
1454 858 1773 926 Χριστώνυ-

212 959 308 1013 μος
336 943 431 996 τοῦ
466 943 670 1013 Κυρίου
699 945 826 1009 λαὸς
846 947 1160 1016 όδηγεῖσθαι
1189 951 1270 1012 είς
1294 950 1642 1021 ἐκπλήρωσιν
1666 952 1773 1004 τῶν

210 1037 492 1106 σωτηρίων
536 1036 633 1091 τοῦ
664 1039 901 1105 Χριστοῦ
939 1043 1170 1096 ἐντολῶν
1215 1044 1400 1113 μέλλει
1449 1046 1773 1114 εἰσηγουμέ-

208 1143 294 1180 νου
339 1128 438 1181 τοῦ
488 1128 793 1199 ἀρχιερέως
828 1133 924 1185 καὶ
976 1133 1386 1198 ἐκδιδάσκοντος
1436 1136 1635 1199 αὐτοὺς
1676 1136 1775 1207 τὴν

207 1219 295 1271 τοῦ
326 1220 661 1288 Εὐαγγελίου
695 1223 813 1276 όδὸν
846 1226 940 1277 καὶ
972 1226 1307 1293 ἀφιστῶντος
1344 1231 1437 1283 καὶ
1476 1228 1775 1290 κωλύοντος

208 1310 311 1363 ἀπὸ
354 1310 468 1363 τῶν
514 1312 978 1382 ἀπηγορευμένων
1019 1318 1197 1387 ἔργων
1230 1319 1327 1388 τῆς
1362 1320 1633 1390 ἁμαρτίας
1684 1319 1777 1373 καὶ

210 1406 410 1467 παντὸς
438 1405 675 1474 ἐκφύλου
702 1408 795 1460 καὶ
821 1407 1101 1479 ἀλλοτρίου
1122 1410 1390 1478 δόγματος
1416 1412 1513 1481 τῆς
1552 1413 1777 1481 Ἐκκλη-

213 1498 333 1558 σῐας
367 1496 634 1564 Χριστοῦ,
664 1498 741 1551 ἔτι
768 1498 823 1551 δὲ
859 1500 955 1553 καὶ
985 1500 1083 1570 τῆς
1112 1502 1269 1571 ὴμῶν
1306 1503 1656 1573 μετριότητος
1691 1504 1777 1556 διὰ

208 1586 448 1655 σπουδῆς
494 1587 656 1640 τοῦτο
694 1589 999 1659 μελλούσης
1043 1592 1130 1645 ἀεὶ
1178 1594 1354 1645 ποιεῖν
1402 1596 1497 1646 καὶ
1543 1594 1777 1663 γράφειν

207 1677 297 1730 καὶ
350 1677 626 1733 νουθετεῖν
679 1680 875 1744 αὐτοὺς
927 1683 1005 1745 είς
1061 1682 1293 1752 τήρησιν
1350 1684 1449 1753 τῆς
1503 1684 1777 1753 ἀσφαλοῦς

208 1768 362 1839 ὴμῶν
418 1771 678 1833 πίστεως,
728 1772 864 1842 ὅπερ
915 1772 1095 1844 ἀφορᾷ
1149 1776 1229 1838 είς
1288 1775 1490 1846 πολλὴν
1543 1776 1778 1847 ψυχικὴν

206 1861 473 1929 ὠφέλειαν
531 1862 733 1927 αὐτῶν,
788 1864 932 1934 ὑπὲρ
979 1858 1039 1918 οὗ
1098 1866 1242 1919 θείου
1303 1868 1628 1939 πράγματος
1681 1870 1779 1938 οὐχ
1814 1853 1853 1911 Β

210 1954 389 2017 ἱκανὸς
438 1955 611 2018 ὄλοςό
654 1956 879 2025 κόσμος,
931 1957 1007 2020 ὡς
1056 1959 1456 2014 ἀποδέδεικταιο
1510 1961 1601 2014 διά
1651 1961 1783 2030 γοῦν

207 2049 377 2101 ταῦτα
413 2049 447 2118 ἠ
483 2049 777 2119 μετριότης
810 2051 990 2119 ὴμῶν,
1016 2051 1528 2124 συνδιασκεψαμένη
1555 2054 1621 2106 τὰ
1655 2054 1785 2125 περὶ

209 2140 398 2194 τούτου
430 2143 497 2211 τῇ
531 2140 657 2209 περὶ
687 2141 856 2211 αὐτὴν
888 2142 1006 2214 θείᾳ
1034 2144 1307 2217 όμηγύρει
1338 2147 1446 2200 τῶν
1476 2147 1784 2219 ίερωτάτων

210 2232 537 2304 ἀρχιερέων,
561 2234 640 2304 τῷ
675 2232 1018 2303 Ἡρακλείας.
1098 2278 1113 2293 .
1196 2278 1208 2293 .
1287 2279 1304 2297 .
1384 2281 1397 2296 .
1478 2281 1493 2297 .
1574 2278 1591 2297 .
1670 2283 1686 2299 .
1766 2282 1781 2298 .

210 2416 326 2471 ἐπεὶ⁵
348 2418 706 2487 ἀμεταθέτως
734 2421 982 2492 ἐξέχεται
1010 2426 1091 2484 είς
1126 2424 1188 2479 τὸ
1238 2426 1606 2498 μετατεθῆναι
1635 2424 1786 2482 τόνδε

210 2508 295 2561 τὸν
321 2512 735 2583 μητροπολίτην
764 2513 1014 2587 Βιτζίνης
1052 2517 1080 2571 ό
1104 2516 1347 2585 τοιοῦτος
1388 2519 1562 2591 μέγας
1606 2519 1786 2591 βοῖὸόο

209 2599 303 2663 δας
341 2604 425 2667 εἰς
459 2603 551 2659 τὸν
582 2603 773 2675 θρόνον
812 2608 995 2680 πάσης
1044 2610 1499 2684 Οὐγγροσλαχίας
1532 2613 1625 2667 καὶ
1666 2614 1787 2668 ἐπι-

212 2692 479 2759 κρατείας
520 2695 615 2747 καὶ
644 2696 821 2767 ἀρχῆς
849 2696 1038 2763 αὐτοῦ,
1068 2701 1164 2755 καὶ
1210 2701 1353 2757 κατὰ
1388 2702 1451 2756 τὸ
1486 2702 1660 2773 παρδν
1687 2703 1787 2758 οὐκ

214 2782 291 2846 εις
331 2783 523 2856 ἐτερόν
572 2803 719 2850 τινα,
766 2788 881 2843 ἀλλ’
915 2792 995 2854 είς
1038 2791 1201 2846 αὐτὸν
1244 2792 1347 2864 τὴν
1394 2794 1786 2868 ἀρχιερατικὴν

214 2876 415 2947 ταύτην
442 2881 780 2950 προστασίαν
805 2883 945 2953 μετά
966 2883 1166 2955 πολλῆς
1192 2886 1348 2957 ζητεῖ
1366 2888 1783 2960 παρακλήσεως.

213 2966 645 3040 ὑπισχνούμενος
670 2972 854 3028 δοῦναι
883 2973 1153 3045 ἐνώμοτον
1180 2976 1276 3031 καὶ
1306 2977 1582 3049 ἔγγραφον
1613 2979 1789 3051 ἀσφά-

214 3059 385 3119 λειαν,
411 3062 508 3116 ἵνα
536 3063 664 3134 τελῇ
693 3065 754 3119 τὺ
785 3064 892 3119 ἀπὸ
916 3066 1070 3121 τοῦδε
1102 3069 1196 3123 καὶ
1222 3072 1301 3134 είς
1326 3070 1385 3123 τὸ
1413 3072 1562 3142 ἑξῆς,
1593 3073 1786 3143 μέχρις

215 3151 277 3205 ἂν
313 3156 636 3210 συνίσταται
669 3161 700 3227 ὴ
731 3158 989 3214 αὐθεντία
1023 3162 1119 3216 καὶ
1164 3163 1306 3235 ἀρχὴ
1337 3165 1525 3232 αὐτοῦ,
1556 3166 1590 3235 ὴ
1634 3168 1787 3236 εἰρη-

217 3247 351 3318 μένη
384 3250 536 3301 πᾶσα
568 3216 1007 3322 Οὐγγροδλαχία,
1035 3254 1138 3308 ὑπὸ
1172 3216 1269 3325 τὲτβ
1616 3216 1786 3327 ἀγὶιύ-
1812 3216 1857 3274 c

215 3342 382 3412 τάτην
436 3343 532 3396 τοῦ
592 3343 726 3397 Θεοῦ
771 3346 1035 3417 Μεγάλην
1105 3350 1434 3420 Ἐκκλησίαν
1500 3355 1639 3405 κατὰ
1694 3353 1785 3407 τὸν

217 3436 715 3507 ἀναγεγραμμένον
761 3440 985 3510 τρόπον·
1026 3442 1293 3515 μετέθηκε
1344 3444 1530 3499 τοῦτον
1582 3446 1647 3516 δὴ
1695 3446 1788 3499 τὸν

218 3526 473 3597 Βιτζίνης
501 3528 531 3597 ὴ
577 3529 869 3599 μετριότης
899 3530 1059 3601 ἡμῶν
1090 3533 1282 3603 γνώμῃ
1317 3536 1411 3588 καλ⁸
1449 3534 1667 3606 εὐδοκία
1693 3532 1785 3587 τοῦ

219 3618 487 3686 κραταιοῦ
534 3621 631 3673 καὶ
666 3622 824 3689 ἁγίου
874 3639 976 3693 μου
1018 3624 1441 3697 αὐτοκράτορος,
1488 3625 1582 3681 τοῦ
1631 3628 1788 3683 πάντ’

218 3711 447 3779 ἀρίστου
494 3712 586 3764 καὶ
641 3713 1026 3783 ἀπαραμίλλου
1076 3718 1142 3784 τῇ
1198 3714 1291 3768 τοῦ
1343 3716 1506 3786 ἧθους
1557 3717 1789 3770 καὶτῶν

218 3802 437 3869 τρόπων
463 3803 795 3872 χρηστότητι
819 3822 875 3857 τε
907 3805 1002 3858 καὶ
1033 3806 1357 3877 γαληνότητι
1383 3809 1474 3859 καὶ
1502 3808 1562 3861 τὸ
1583 3807 1790 3861 δίκαιον

220 3895 274 3945 ἐν
312 3893 489 3955 ᾄπασι
518 3891 845 3965 βουλομένου
887 3899 1111 3966 κρατεῖν
1160 3898 1253 3951 καὶ
1292 3898 1788 3969 παρρησιάζεσθαι,

220 3987 296 4049 είς
317 3988 412 4039 τόν
442 3986 627 4057 θρόνον
655 3989 849 4061 ἡπάσης
889 3990 1356 4064 Οὐγγροσλαχίας.
1384 3993 1575 4047 Ἔσται
1616 3992 1791 4047 τοίνυν

220 4080 277 4131 τό
307 4080 416 4133 ἀπὸ
445 4078 601 4133 τοῦδε
651 4082 741 4134 καὶ
772 4084 850 4145 είς
877 4083 968 4136 τὸν
1000 4083 1125 4153 ἑξῆς
1160 4084 1376 4138 ἃπαντα
1406 4085 1599 4155 χρόνον
1628 4087 1655 4139 ό
1699 4084 1792 4157 δη-

219 4172 415 4236 λωθεὶς
452 4173 746 4243 ἱερώτατος
796 4177 1197 4246 μητροπολίτης
1231 4177 1410 4246 πάσης
1443 4176 1792 4248 Οὐγγροδλα-

221 4264 366 4334 χίας,
424 4264 747 4336 ὑπέρτιμος,
796 4267 1081 4335 ἀγαπητὸς
1127 4270 1270 4321 κατά
1318 4268 1523 4340 Κύριον
1567 4267 1793 4343 ἀδελφὸς

223 4359 378 4428 ὴμῶν
409 4360 506 4414 καὶ
537 4361 972 4432 συλλειτουργδς,
1002 4361 1193 4433 ὥσπερ
1226 4362 1319 4416 τοῦ
1355 4362 1546 4434 θρόνου
1592 4362 1794 4433 ταύτης

223 4453 315 4506 καὶ
347 4452 442 4506 τοῦ
470 4455 753 4523 ὀνόματος,
786 4454 929 4509 οῦτω
962 4456 1206 4526 μετέχων
1245 4456 1339 4510 καὶ
1371 4454 1660 4510 ἀπολαύων
1701 4455 1793 4508 κα)⁸

1875 595 2022 655 λείας
2064 593 2159 645 καὶ
2204 590 2546 659 ὑποσχέσεως
2578 586 2856 656 ἐγγράφου
2896 585 2974 646 είς
3022 584 3120 650 τὴν
3154 581 3315 650 ἁγίαν
3348 580 3441 633 τοῦ

1872 684 2114 755 Χριστοῦ
2142 682 2437 755 καθολικὴν
2466 679 2561 733 καὶ
2590 677 2953 745 ἀποστολικὴν
2988 674 3317 742 Ἐκκλησίαν
3351 672 3439 726 τοῦ

1875 776 2122 831 τοιούτου
2151 774 2539 842 εὐγενεστάτου
2574 770 2815 841 μεγάλου
2855 768 3069 840 βοῐδόδα
3103 768 3179 827 είς
3210 766 3268 818 τὸ
3303 761 3443 818 εἶναι

1875 870 1962 921 ἀεὶ
1992 868 2090 936 τὴν
2116 864 2414 934 ἐκκλησίαν
2437 864 2534 932 τῆς
2562 858 3011 931 Οὐγγροδλαχίας
3044 856 3134 911 ὑπ’
3158 856 3325 924 αὐτὴν
3350 858 3444 907 καὶ

1874 959 2126 1031 δέχεσθαι
2171 959 2263 1011 ἀπ’
2314 955 2485 1023 αὐτῆς
2538 953 2803 1025 ἀρχιερέα
2856 951 3098 1023 γνήσιονο
3139 947 3279 1002 ὥστε
3334 947 3443 1015 γὰρ

1879 1051 2266 1123 συντηρεῖσθαι
2297 1051 2377 1112 είς
2406 1051 2468 1103 τὸ
2499 1050 2625 1118 ἐξ-ἦς
2660 1046 2817 1101 τοῦτο
2861 1042 3314 1112 ἀκαινοτόμητον,
3352 1040 3447 1092 καὶ

1879 1145 2178 1217 βαρύτατον
2207 1143 2300 1195 καὶ
2328 1140 2602 1194 συνοδικὸν
2636 1135 2983 1209 (ἀφορισμὸν)
3014 1134 3277 1204 ῆπείλητο
3304 1131 3446 1184 κατά

1882 1236 2079 1298 παντὸς
2114 1234 2209 1288 τοῦ
2251 1232 2722 1303 βουληθησομένου
2756 1228 3042 1299 ἀκυρῶσαι
3074 1226 3229 1279 αὐτό·
3258 1221 3447 1289 ἐπειδὴ

1880 1327 2070 1380 τούτου
2102 1327 2290 1379 ἐνεκεν
2320 1326 2417 1379 καὶ
2458 1324 2491 1395 ὴ
2536 1322 2791 1393 παροῦσα
2830 1320 3081 1390 συνοδικὴ
3114 1314 3312 1387 πρᾶξις
3355 1332 3447 1382 γε-

1880 1424 2070 1489 γονυῖα
2115 1421 2191 1491 τῷ
2234 1419 2516 1490 εἰρημένῳ
2563 1417 2934 1488 μητροπολίτῃ
2990 1414 3171 1483 πάσης
3209 1412 3449 1477 Οὐγγρο·

1881 1514 2105 1583 ϐλαχίλς
2156 1515 2248 1567 καὶ
2305 1512 2591 1581 ὑπερτίμῳ
2644 1512 2725 1572 είς
2779 1507 3079 1577 ἀσφάλειαν
3128 1503 3447 1588 ἐπεδέδοται.

1881 1608 2218 1661 ἀπολυθεῖσα
2268 1597 2412 1658 κατά
2451 1605 2595 1674 μῆνα
2644 1602 2814 1656 Μάῖον
2856 1603 2953 1670 τῆς
2988 1597 3347 1666 ἐνισταμένης
3386 1592 3454 1663 ιβ’

1885 1696 1981 1750 ίνδ.
2019 1694 2109 1749 τοῦ
2137 1692 2317 1761 ,ςωξζ,⁹⁹
2348 1692 2524 1757 ἔτους,
2550 1694 2670 1762 ὴτις
2694 1692 2789 1744 καὶ
2817 1688 3180 1760 ὑπεσημάνθη
3208 1688 3272 1756 τῇ
3302 1684 3460 1739 αὐτοε-

1884 1789 2051 1858 χείρῳ
2081 1788 2267 1858 γραφῇ
2308 1786 2407 1854 τῆς
2435 1785 2591 1856 ἡμῶν
2626 1783 2997 1855 μετριότητος.

1957 1968 2023 2024 ll.
2066 1968 2106 2039 -ξ-
2142 1967 2514 2037 Εὐγενέστατε
2542 2006 2556 2029 ,
2640 1963 2973 2019 συνετώτατε
2998 2000 3013 2025 .
3086 1958 3457 2030 ἀνδρικώτατε

1889 2060 2029 2129 μέγα
2065 2058 2279 2129 βοῖόόδα
2315 2058 2411 2111 καὶ
2464 2054 2701 2110 αὐθέντα
2747 2056 2930 2123 πάσης
2985 2047 3455 2120 Οὐγγροδλαχίας,

1886 2146 1944 2199 ἐν
1975 2146 2117 2217 ἁγίῳ
2151 2145 2434 2215 Πνεύματι
2460 2142 2826 2213 γνησιώτατε,
2862 2142 3210 2195 ποθεινότατε
3244 2140 3327 2192 υίέ
3362 2138 3463 2208 τῆς

1887 2240 2041 2312 ἡμῶν
2102 2238 2477 2311 μετριότητος,
2539 2239 2644 2306 κῦρ
2705 2236 3043 2306 Ἀλέξανδρε,
3099 2233 3307 2301 ὑγίειαν
3365 2230 3458 2282 καὶ

1887 2332 2154 2403 εὐθυμίαν
2193 2332 2393 2403 ψυχῆς,
2426 2330 2678 2402 σώματός
2706 2346 2763 2382 τε
2800 2329 2967 2401 ρῶσιν
3004 2328 3095 2381 καὶ
3120 2324 3332 2391 εὐεξίαν
3363 2321 3460 2375 καὶ

1888 2424 1997 2478 πᾶν
2038 2425 2067 2478 ὃ
2096 2442 2144 2478 τι
2198 2424 2403 2493 ἀγαθδν
2435 2424 2532 2477 καὶ
2563 2423 2847 2492 σωτήριον,
2887 2420 3174 2489 ἐπεύχεται
3208 2420 3275 2487 τῇ
3313 2418 3461 2468 ἀντι-

1887 2514 2046 2585 λήψει
2082 2532 2177 2571 σου
2210 2516 2243 2587 ὴ
2282 2514 2574 2585 μετριότης
2624 2514 2781 2584 ἡμῶν
2810 2511 2919 2567 ἀπὸ
2961 2511 3097 2565 Θεοῦ
3144 2506 3461 2578 παντοκρά-

1887 2624 2065 2681 τορος.
2110 2607 2244 2662 ’Δπδ
2270 2607 2380 2662 τῶν
2411 2605 2758 2678 γραμμάτων
2790 2604 2890 2675 τῆς
2922 2603 3021 2671 σῆς
3052 2599 3332 2671 εὐγενείας
3360 2599 3459 2655 καὶ
3541 2614 3546 2618 ·

1887 2701 1997 2758 τῶν
2024 2701 2313 2773 προτέρων
2344 2698 2440 2753 καὶ⁸
2466 2698 2574 2753 τῶν
2609 2697 2854 2767 ὑστέρων
2885 2698 3182 2767 ἐγνώρισεν
3212 2692 3463 2764 ἀκριϐῶς

1888 2796 1923 2867 ὴ
1954 2796 2245 2867 μετριότης
2275 2794 2452 2865 ἡμῶν,
2491 2794 2589 2847 ὅσα
2633 2780 2824 2864 ἐδήλου
2872 2793 2904 2863 ὴ
2944 2789 3191 2859 εὐγένειά
3228 2805 3344 2851 σου,
3370 2787 3466 2841 καὶ

1887 2887 2185 2953 ἀπεδέξατο
2224 2888 2365 2943 κατά
2402 2887 2536 2943 πολὺ
2584 2889 2680 2943 καὶ
2723 2889 2952 2960 ἐπῄνεσε
3004 2886 3101 2957 τὴν
3147 2883 3465 2939 εὐπείθειαν

1895 2981 1991 3036 καὶ
2019 2980 2299 3053 ὑποταγὴν
2332 2982 2427 3034 καὶ
2454 2980 2689 3054 στοργήν
2717 2984 2812 3034 καὶ
2841 2981 3099 3049 ἀγάπην,
3118 2979 3185 3048 ἢν
3212 2977 3353 3046 ἔχεις
3383 2977 3465 3038 εἰς

1888 3071 1988 3142 τὴν
2023 3072 2187 3141 ἀγίαν
2210 3070 2306 3125 τοῦ
2340 3072 2581 3143 Χριστοῦ
2625 3071 2920 3143 καθολικὴν
2963 3074 3054 3124 καὶ
3094 3066 3463 3133 ἀποστολικὴν

1902 3164 2253 3238 Ἐκκλησίαν,
2282 3167 2404 3237 ἥτις
2429 3167 2576 3220 ἐστὶν
2606 3167 2639 3237 ὴ
2668 3165 2818 3235 πηγὴ
2843 3165 2934 3218 καὶ
2961 3165 2993 3235 ὴ
3030 3163 3155 3235 ῥίζα
3184 3162 3281 3232 τῆς
3307 3160 3465 3213 εὐσε-

1891 3258 2044 3323 6είας
2066 3261 2156 3313 καὶ
2186 3260 2245 3314 τὸ
2274 3261 2552 3331 στήριγμα
2585 3260 2680 3313 καὶ
2710 3262 2738 3315 ό
2787 3258 3035 3329 θεμέλιος
3071 3255 3167 3310 τοῦ
3210 3255 3467 3325 Χριστια-

1890 3348 2111 3419 νισμοῦ,
2143 3351 2234 3403 καὶ
2266 3350 2520 3419 μάλιστα,
2547 3350 2627 3402 ὅτι
2657 3348 2839 3420 ζητεῖς
2868 3346 2975 3402 ἀπὸ
3001 3346 3179 3418 ψυχῆς
3201 3344 3467 3417 ἀρχιερέα

1889 3445 1985 3498 καὶ
2016 3445 2253 3511 ποιμένα
2283 3444 2375 3496 καὶ
2407 3442 2728 3498 διδάσκαλον
2758 3442 2852 3496 τοῦ
2886 3443 3052 3495 τόπου
3082 3438 3176 3493 καὶ
3213 3440 3311 3507 τῆς
3348 3439 3467 3490 ἐπι-

1890 3534 2152 3605 κρατείας
2182 3538 2281 3605 τῆς
2310 3535 2589 3603 εὐγενείας
2634 3551 2747 3597 σου,
2777 3533 3117 3605 χειροτονίαν
3157 3531 3256 3601 τῆς
3303 3529 3465 3597 ἁγίας

1889 3624 1985 3678 τοῦ
2036 3624 2171 3677 Θεοῦ
2228 3625 2526 3694 καθολικῆς
2574 3627 2669 3678 καὶ
2700 3626 3067 3693 ἀποστολικῆς
3108 3623 3463 3693 Ἐκκλησίας,

1890 3717 1965 3781 ὡς
2000 3716 2116 3779 υἱὸς
2167 3716 2341 3780 αὐτῆς
2375 3719 2599 3787 γνήσιος
2634 3719 2730 3770 καὶ
2770 3716 3052 3788 εὐπειθὴς,
3095 3715 3277 3778 καθώς
3316 3717 3463 3768 ἐστιν

1891 3806 2241 3879 ὀφειλόμενον
2269 3808 2432 3861 παντὶ
2460 3808 2773 3880 βουλομένῳ
2804 3808 3021 3877 θερμῶς
3046 3809 3141 3861 καὶ
3170 3808 3310 3877 μετά
3336 3805 3465 3859 εἰλι-

1893 3900 2115 3969 κρινοῦς
2164 3900 2401 3964 πίστεως
2449 3900 2702 3971 δέχεσθαι
2740 3901 2839 3971 τὴν
2875 3900 3156 3954 εὐσέϐειαν
3192 3901 3287 3954 καὶ
3333 3900 3469 3952 ἀπο-

1893 3991 2191 4063 τρέπεσθαι
2214 3993 2311 4057 τάς
2339 4009 2397 4046 τε
2422 3994 2904 4065 παρασυναγωγάς
2927 3993 3021 4047 καί
3047 3991 3113 4044 τά
3138 3990 3342 4059 ἔκφυλα
3374 3992 3467 4041 καὶ

1893 4083 2150 4155 ἀλλότρια
2199 4085 2465 4155 δόγματα.
2521 4085 2674 4139 Ἐπεὶ
2725 4080 2839 4147 οὖν,
2898 4086 2974 4148 ώς
3030 4085 3269 4155 εἴρηται,
3327 4084 3468 4149 μετά

1895 4176 2097 4247 πολλῆς
2124 4177 2393 4247 ἀποδοχῆς
2427 4178 2519 4230 καὶ
2552 4176 2785 4245 ὀρέξεως
2817 4180 2971 4249 ζητεῖ
2999 4180 3030 4247 ή
3062 4179 3311 4247 εὐγένειά
3349 4195 3465 4243 σου,

1898 4269 1984 4322 ῖνα
2014 4268 2113 4341 ἔχῃ
2139 4270 2327 4322 αὐτόθι
2358 4271 2619 4341 ἀρχιερέα
2647 4269 2746 4335 τῆς
2775 4270 2905 4339 περὶ
2932 4269 3028 4341 τὴν
3059 4270 3214 4340 ἡμῶν
3250 4272 3470 4340 μετριό-

1896 4377 2032 4431 τητα
2068 4361 2219 4425 θείας
2250 4361 2343 4413 καὶ
2376 4362 2529 4432 ἱερᾶς
2560 4361 2780 4414 συνόδου
2810 4362 2906 4431 τῆς
2939 4362 3201 4431 Μεγάλης
3244 4362 3473 4433 Ἐκκλη-

1900 4454 2042 4518 σίας,
2079 4456 2171 4507 καὶ
2201 4453 2294 4505 νῦν
2330 4452 2427 4523 μὲν
2457 4452 2547 4506 τὸν
2582 4451 2871 4522 ἱερώτατον
2927 4454 3326 4524 μητροπολίτην
3385 4454 3474 4505 Βι-

223 4544 318 4606 τῆς
370 4542 467 4595 τοῦ
521 4543 669 4613 ἱεροῦ
720 4543 1014 4615 συνθρόνου
1074 4545 1531 4614 ἐγκαθιδρύσεως,
1584 4544 1677 4598 am
1730 4545 1793 4615 δὴ
1829 4543 2106 4628 υτζίνης,
2145 4544 2779 4615 ὐπέρτιμον,ἀγαπητδν
2812 4544 2954 4597 κατά
2999 4545 3203 4617 Κύριον
3245 4545 3475 4613 ἀδελφόν

224 4637 447 4706 γνήσιος
476 4636 768 4705 ἀρχιερεὺς
795 4636 883 4690 διά
912 4636 1010 4708 τῆς
1044 4639 1262 4708 χάριτος
1296 4638 1387 4690 τοῦ
1420 4638 1553 4691 Θεοῦ
1588 4640 1796 4691 ἀποκαο

226 4729 430 4789 ταστάς
482 4727 580 4795 τῆς
636 4727 974 4799 δηλωθείσης
1035 4730 1352 4799 ἁγιωτάτης
1411 4729 1799 4799 μητροπόλεως

227 4817 676 4888 Οὑγγροόλαχίας
721 4820 862 4872 κατά
903 4820 1002 4890 τὴν
1034 4819 1499 4890 ἐκκλησιαστικὴν
1536 4819 1694 4883 τάξιν
1742 4836 1798 4872 τε

228 4911 319 4961 καὶ
345 4910 718 4977 ὑποτύπωσιν,
741 4912 1096 4980 ἀναγνώστας
1116 4928 1175 4965 τε
1196 4911 1512 4982 σφραγίζων
1536 4912 1598 4963 ἐκ
1620 4910 1800 4979 πάσης

226 5002 323 5072 τῆς
369 5004 637 5073 ἐπαρχίας
671 5004 765 5057 καὶ⁹
799 5004 1015 5073 ἐνορίας
1062 5002 1226 5058 αὐτοῦ
1273 5006 1367 5057 καὶ
1416 5003 1801 5066 ὑποδιακόνους

230 5096 319 5147 καὶ
358 5096 638 5159 διακόνους
670 5097 1025 5167 προόιόάζων
1056 5097 1148 5151 καὶ¹
1182 5096 1591 5168 πρεσϐυτέρους
1624 5112 1802 5166 χειρο-

232 5188 420 5253 τονῶν,
457 5188 854 5257 ἐπιλαϐόμενός
881 5206 939 5242 τε
969 5189 1061 5242 καὶ
1090 5191 1309 5243 πάντων
1340 5188 1449 5242 τῶν
1477 5188 1799 5260 όθενδήποτε

230 5281 597 5351 διαφερόντων
628 5280 803 5353 ταύτῃ
826 5281 1072 5334 δικαίωνε
1101 5280 1224 5334 ὅθεν
1252 5282 1553 5348 ὀφείλουσιν
1580 5281 1631 5333 οἰ
1657 5295 1716 5330 τε
1743 5279 1802 5330 ἐν

232 5374 369 5445 αὐτῇ
405 5374 660 5442 κληρικοὶ
692 5374 782 5426 καὶ
814 5375 863 5426 οί
907 5372 1056 5427 ἄλλοι
1094 5374 1402 5444 ῖερωμένοι,
1447 5372 1669 5443 μοναχοὶ
1708 5372 1804 5425 καὶ

232 5465 430 5530 λαῖκοὶ,
466 5465 717 5518 ὑπείκειν
762 5465 858 5517 καὶ
904 5465 1302 5518 ὑποτάττεσθαι
1333 5464 1528 5535 τούτῳ,
1575 5464 1804 5525 ὅσσηκαὶ

233 5559 439 5627 γνησίῳ
488 5557 669 5611 αὐτῶν
720 5556 943 5625 ποιμένι
989 5556 1082 5610 καὶ
1131 5557 1297 5623 πατρὶ
1333 5558 1428 5609 καὶ
1472 5556 1801 5626 διδασκάλῳ,

234 5647 328 5700 καὶ
357 5647 606 5717 δέχεσθαι
635 5647 931 5718 προθύμως
958 5648 1055 5701 καὶ
1079 5647 1457 5717 ἀποπληροῦν,
1486 5648 1586 5701 ὅσα
1619 5646 1803 5717 μέλλει

233 5738 409 5803 λέγειν
444 5742 539 5795 καὶ
566 5745 854 5810 παραινεῖν
882 5744 977 5795 καὶ
1020 5742 1363 5797 ἐκδιδάσκειν
1405 5740 1625 5806 αὐτοὺς,
1672 5742 1805 5809 ἀφο-

237 5834 416 5902 ρῶντα
448 5837 526 5896 εἰς
555 5832 790 5904 ψυχικὴν
824 5832 1182 5902 λυσιτέλειαν,
1214 5832 1554 5905 τηρουμένης
1586 5833 1801 5902 ἀπαρα-

1900 4637 1999 4706 τῆς
2057 4637 2217 4706 ὴμῶν
2279 4636 2637 4707 μετριότητος
2707 4638 2802 4690 καὶ
2870 4637 3299 4706 συλλειτουργδν,
3372 4638 3476 4707 κῦρ

1911 4729 2221 4796 Ὑάκινθον,
2261 4730 2401 4800 μετά
2446 4729 2503 4782 δὲ
2554 4732 2881 4801 παρέλευσιν
2912 4729 3099 4794 αὑτοῦ,
3136 4730 3194 4783 δν
3223 4731 3288 4783 ἂν
3320 4732 3477 4784 ἐκλέ-

1903 4820 2059 4892 ξηται
2088 4822 2182 4874 καὶ
2221 4822 2584 4894 χειροτονήσῃ
2613 4821 2780 4891 ψήφῳ
2817 4822 3071 4891 συνοδικῇ
3108 4824 3140 4890 ὴ
3178 4823 3300 4874 καθ’
3329 4826 3479 4891 ἡμᾶς

1902 4915 2183 4982 ἀγιωτάτη
2209 4914 2301 4966 τοῦ
2328 4914 2463 4967 Θεοῦ
2490 4915 2717 4984 Μεγάλη
2750 4914 3067 4981 Ἐκκλησία,
3098 4916 3191 4967 καὶ
3219 4915 3477 4987 ἐκπέμψῃ

1904 5007 2041 5077 πρὸς
2071 5007 2170 5077 τὴν
2198 5004 2493 5073 εὐγένειάν
2517 5022 2611 5058 σου
2649 5006 2746 5058 καὶ
2772 5004 2911 5075 πρὸς
2937 5005 3035 5076 τὴν
3074 5004 3259 5057 αὐτόθι
3293 5008 3477 5058 πᾶσαν

1900 5098 2075 5169 ἀρχὴν
2106 5100 2198 5151 καὶ
2226 5098 2581 5168 ἐπικράτειαν
2615 5096 2777 5151 αὐτοῦ
2818 5098 3079 5168 ἀρχιερέα
3104 5100 3349 5167 γνήσιον,
3380 5099 3476 5149 καὶ

1902 5189 1985 5243 ὅτι
2015 5188 2429 5244 διαϐεϐαιοῦται
2458 5191 2495 5261 η
2521 5190 2773 5257 εὐγένειά
2806 5206 2901 5243 σου
2934 5190 3173 5261 ἐνόρκως
3211 5190 3307 5241 καὶ
3335 5191 3475 5258 μετά

1904 5281 2109 5351 πολλῆς
2142 5281 2467 5351 ἀσφαλείας,
2491 5283 2577 5337 ὅτι
2599 5285 2695 5338 καὶ
2724 5284 2864 5352 μετά
2887 5282 3121 5337 θάνατον
3151 5280 3315 5334 αὐτοῦ
3350 5281 3478 5351 μέλ-

1904 5372 1985 5427 λει
2013 5369 2153 5427 εἶναι
2202 5372 2361 5427 τοῦτο
2394 5374 2812 5447 ἀπαραποίητον
2864 5377 2960 5428 κει).
3012 5372 3349 5445 ἀμετάθετον
3398 5373 3480 5435 είς

1905 5466 2029 5528 τοὺς
2059 5465 2433 5537 κληρονόμους
2473 5469 2565 5521 καὶ
2594 5466 2871 5537 διαδόχους
2900 5464 3075 5536 αὐτῆς
3102 5466 3183 5528 εῖς
3219 5466 3281 5517 τὸ
3311 5463 3477 5534 μηδέ-

1906 5573 2037 5611 ποτε
2083 5558 2309 5629 θελῆσαι
2338 5559 2601 5626 δέξασθαι
2650 5558 2847 5622 αὐτοὺς
2876 5557 3138 5629 ἀρχιερέα
3183 5555 3474 5627 ἑτέρωθεν⁹

1907 5650 2013 5704 κᾶν
2040 5648 2152 5715 οῖος
2178 5651 2288 5724 ἀρα
2317 5654 2412 5705 καὶ
2440 5653 2610 5718 ἐστιν,
2643 5651 2812 5723 εί,μὴ
2856 5650 3191 5722 χειροτονίαν
3221 5651 3315 5704 καὶ
3341 5652 3479 5705 ἀπο-

1911 5744 2105 5813 στολὴν
2134 5746 2232 5815 τῆς
2258 5745 2380 5799 καθ’
2408 5747 2553 5815 ἡμᾶς
2585 5744 2899 5814 ἁγιωτάτης
2929 5742 3023 5797 τοῦ
3050 5742 3186 5797 Θεοῦ
3216 5743 3477 5813 Μεγάλης

1923 5835 2268 5907 Ἐκκλησίας.
2296 5836 2393 5889 Διά
2423 5836 2553 5905 γοῦν
2584 5837 2755 5890 ταῦτα
2788 5838 2963 5891 πάντα
2996 5836 3086 5891 καὶ
3130 5835 3361 5907 μάλιστα
3390 5836 3479 5891 διά
