3964 6558
530 369 668 438 1363

1304 384 1649 446 CALLISTI
1692 388 1789 449 ET
1834 388 2259 453 PHILOTHEI
2300 392 2412 455 CP.
2452 392 2916 458 PATRIARCII.

3620 399 3760 464 1364

524 500 585 552 τὸ
618 498 778 591 ,ἔχειν
830 500 930 572 τὴν
980 501 1261 565 εὐγένειάν
1310 522 1404 561 σου
1454 509 1703 580 καθαράν
1749 511 1964 567 εὔνοιαν
1993 515 2088 567 καὶ
2123 523 2162 580 Α
2201 529 2322 582 μον,
2358 514 2489 582 ὑγιᾶ
2535 515 2629 570 καὶ
2661 517 2943 585 ἀνωτέραν
2989 517 3187 582 παντὸς
3234 517 3460 591 ἀνιαροῦ
3492 522 3762 591 συναντήο

523 589 746 662 ἀγάπην
767 592 863 645 καὶ
889 593 968 657 είς
996 592 1089 647 τὸν
1110 595 1174 648 ἐκ
1200 595 1335 651 Θεοῦ
1368 601 1655 668 κράτιστον
1681 600 1774 655 καὶ
1800 603 1953 670 ἀγιόν
1982 622 2081 673 μου

522 684 915 758 αὐτοκράτορα,
932 689 1022 740 τὸν
1041 688 1374 760 ύψηλιῖτατον
1394 692 1616 762 βασιλέα
1638 695 1747 748 τῶν
1775 694 2083 766 Ῥωμαίων,

518 775 581 829 τδ
613 778 955 849 συμφόρημα
986 782 1202 837 πάντων
1230 784 1339 838 τῶν
1376 786 1617 855 ἀγαθῶν,
1658 790 1749 842 τδν
1790 790 2085 859 γαληνότα-

516 880 611 921 τον
651 869 748 923 καὶ
782 871 1319 943 φιλανθρωπότατον,
1354 878 1726 950 ὲπηυδόκησεν
1776 882 1876 952 μὶν
1920 884 2085 946 αὐτὸς

517 956 580 1031 δὴ
610 963 638 1015 ὁ
670 964 963 1031 κράτιστος
1010 965 1107 1021 καὶ
1138 968 1294 1037 άγιός
1330 988 1431 1040 μου
1478 974 1857 1043 αὐτοκράτωρ,
1891 976 2086 1045 ἐψηφί-

520 1068 651 1106 σατο
681 1053 776 1108 καὶ
818 1054 853 1124 ἠ
902 1058 1197 1131 μετριότης
1225 1062 1382 1132 ἡμῶν
1425 1064 1565 1133 μετά
1596 1064 1707 1118 τῶν
1735 1066 1863 1135 περὶ
1912 1068 2084 1137 αὐτὴν

518 1146 828 1213 ίερωτάτων
874 1149 1197 1222 ἀρχιερέων,
1231 1155 1323 1208 καὶ
1356 1155 1453 1226 ἤδη
1496 1156 1637 1210 κατά
1668 1157 1768 1226 τὴν
1814 1158 2084 1229 ἀποδοχὴν

516 1236 609 1288 καὶ
639 1238 737 1309 τὴν
782 1236 1010 1309 ζήτησίν
1045 1240 1137 1295 σου
1173 1242 1267 1297 καὶ
1308 1244 1368 1297 τδ
1418 1250 1699 1315 συμφέρον
1745 1248 1839 1302 τοῦ
1893 1248 2082 1302 αὐτόθι

514 1328 914 1401 Χριστωνύμου
949 1330 1080 1386 λαοῦ
1117 1334 1375 1405 μετετέθη
1411 1338 1438 1391 ὁ
1479 1337 1767 1408 ίερῶτατος
1804 1356 2079 1409 μητροποο

515 1419 669 1491 λίτης
698 1420 968 1495 Βιτζίνης,
1019 1420 1174 1489 οὗτος
1202 1427 1265 1498 δὴ
1299 1429 1326 1481 ὁ
1373 1427 1478 1497 κῦρ
1521 1428 1825 1494 Ὑάκινθος,
1858 1432 1945 1486 διὰ
1981 1431 2082 1502 τῆς

514 1515 909 1587 νενομισμένης
974 1515 1255 1590 ἐγγράφου
1325 1521 1610 1592 συνοδικῆς
1662 1524 1930 1593 πράξεως
2001 1527 2080 1588 είς

513 1604 694 1657 πᾶσαν
770 1644 787 1662 .
864 1648 879 1663 .
958 1646 973 1662 .
1054 1648 1069 1664 .
1145 1647 1161 1665 .
1239 1649 1255 1666 .
1331 1652 1345 1667 .
1421 1615 1515 1670 καὶ
1545 1591 1753 1669 έστδτδ
1792 1616 1899 1671 ἀπὸ
1928 1618 2080 1672 τοῦδε

514 1694 606 1748 καί
640 1696 716 1759 είς
747 1696 809 1751 τὸ
837 1699 966 1771 ἑξῆς
1010 1700 1235 1776 γνήσιος
1265 1707 1556 1779 ἀρχιερεὺς
1599 1709 1780 1782 πάσης
1827 1709 2079 1782 Οὐγγροο

512 1784 759 1856 ϐλαχίας,
791 1788 930 1860 ἔχων
958 1791 1162 1861 ἄδειαν,
1192 1795 1376 1860 καθὼς
1408 1800 1441 1867 ή
1489 1803 1748 1867 γεγονυῖα
1779 1800 1872 1854 ἐπὶ
1904 1802 2078 1872 τούτῳ

2190 621 2379 674 ματος.

2186 761 2431 819 XXXIV.
2461 761 3101 890 Ραιήατείιιειεαιὲονιαιίο
3118 766 3183 821 de
3202 766 3559 822 matrimoniis
3579 767 3759 838 impu-

2912 853 3081 890 erum.

2912 853 3081 890 erum.

2255 966 2296 1038 τ
2340 966 2405 1021 Ἦ
2428 964 2526 1022 τοῦ
2580 966 2789 1038 ἀγαθοῦ
2834 968 3117 1038 στέρησις,
3175 966 3451 1039 ἀγαπητοὶ
3500 969 3752 1039 ἀδελφοὶ,

2185 1060 2333 1130 καὶή
2363 1061 2642 1124 ἔκπτωσις
2666 1061 2759 1114 τοῦ
2813 1061 2982 1115 καλοῦ
3017 1060 3189 1115 πολὺν
3243 1063 3480 1133 παρέχει
3524 1060 3619 1115 τὸν
3654 1060 3754 1115 τοῦ

2182 1152 2317 1207 Θεοῦ
2351 1154 2733 1224 μακαρισμόν⁶
2764 1153 2842 1216 ὡς
2871 1155 2979 1222 γάρ
3014 1155 3047 1223 ἠ
3068 1153 3161 1206 τοῦ
3190 1155 3361 1207 κακοῦ
3391 1154 3571 1225 ἀποχὴ
3598 1156 3753 1208 αίτία

2183 1247 2391 1314 γίνεται
2417 1245 2517 1315 τῆς
2551 1246 2848 1307 ἐπιδόσεως
2905 1244 3013 1298 τῶν
3074 1241 3297 1311 ἀγαθῶν
3348 1245 3549 1314 ἔργων,
3605 1245 3755 1298 οὕτω

2182 1339 2277 1393 καὶ
2303 1340 2336 1409 ἠ
2367 1339 2533 1407 ἀργία
2590 1338 2699 1393 τῶν
2755 1337 2852 1392 τοῦ
2906 1336 3045 1391 Θεοῦ
3093 1337 3322 1391 ἐντολῶν
3384 1336 3486 1391 οὐκ
3546 1336 3756 1406 ἀγαθὸς

2184 1431 2446 1501 πρόξενος
2500 1432 2717 1500 πέφυκε
2775 1430 2911 1500 πρὸς
2965 1429 3064 1501 τὴν
3109 1430 3203 1485 τοῦ
3249 1431 3368 1501 βίου
3419 1434 3753 1502 σεμνότητα,

2185 1522 2386 1591 μᾶλλον
2427 1522 2528 1593 μὲν
2554 1521 2649 1576 οῦν
2680 1522 2777 1574 καὶ
2798 1521 2888 1574 τὸν
2942 1520 3077 1573 Θεδν
3110 1520 3191 1583 είς
3222 1521 3596 1591 ἀγανάκτησιν
3627 1521 3754 1575 καθ’

2180 1616 2329 1685 ἡμᾶς
2354 1615 2641 1684 διαγείρει.
2679 1614 2747 1667 Ἦ
2780 1614 2892 1683 γὰρ
2921 1613 3029 1667 τῶν
3049 1613 3210 1667 θείων
3237 1613 3499 1683 Πατέρων
3528 1612 3759 1682 νομοθε-

2182 1708 2273 1763 σία
2294 1706 2387 1761 τοῦ
2411 1706 2544 1761 Θεοῦ
2572 1708 2791 1770 πάντως
2816 1707 2927 1759 είσὶ
2956 1706 3138 1775 λόγια·
3194 1705 3284 1759 διά
3314 1705 3422 1775 γὰρ
3455 1703 3752 1771 τοῦυάγίου

2182 1800 2280 1854 καὶ
2338 1798 2676 1853 τελειοποιοῦ
2732 1796 3051 1868 Πνεύματος
3113 1796 3289 1851 ταῦτα
3344 1796 3755 1865 ἐνομοθέτησαν

511 1877 785 1947 ἔγγραφος
843 1883 1096 1957 συνοδικὴ
1158 1887 1356 1957 πρᾶξις
1412 1891 1556 1944 κατά
1606 1893 1772 1961 μέρος
1822 1894 2071 1961 ¹διέξεισι,
2108 1877 2150 1935 Β
2178 1892 2273 1945 καὶ
2297 1890 2560 1958 ἐδίδαξαν,
2596 1891 2691 1944 καὶ
2715 1891 2802 1944 διὰ
2843 1890 3008 1943 τοῦτο
3041 1890 3310 1957 ἐπάγουσι
3338 1891 3435 1943 καὶ
3463 1889 3568 1958 τὴν
3594 1890 3755 1940 ἀπει-

511 1974 687 2025 ποιεῑν
716 1975 774 2026 ἐν
800 1975 949 2049 πάσῃ
979 1979 1043 2048 τῇ
1074 1979 1257 2052 ἐνορίᾳ
1286 1983 1378 2034 καὶ
1408 1984 1647 2055 ἐπαρχία
1676 1984 1844 2055 αὐτῆς
1872 1987 2073 2052 πάντα,

508 2063 605 2116 ὃσα
635 2065 829 2135 ἀνήκει
856 2073 1063 2142 γνησίῳ
1082 2074 1351 2145 ἀρχιερεῖ.
1378 2076 1484 2130 Καὶ
1510 2076 1683 2132 ταῦτα
1709 2079 1808 2147 μὲν
1829 2080 2073 2149 ἐκύρωσε

508 2159 603 2213 καὶ
632 2159 960 2216 ἐϐεϐαίωσεν
992 2164 1051 2217 οῦ
1065 2184 1163 2229 τως
1198 2168 1229 2239 ἡ
1260 2169 1388 2237 ἁγία
1412 2170 1507 2223 τοῦ
1539 2172 1775 2241 Χριστοῦ
1812 2172 2071 2245 καθολικὴ

507 2250 601 2302 καὶ
644 2251 979 2327 ἀποστολικὴ
1022 2258 1317 2328 Ἐκκλησία
1372 2264 1588 2335 εὐδοκία
1638 2266 1731 2317 καὶ
1786 2264 1878 2318 τοῦ
1938 2281 2073 2334 κρα-

505 2342 686 2399 τίστου
716 2350 810 2401 καὶ
851 2349 1006 2417 ἁγίου
1045 2372 1149 2422 μου
1195 2358 1593 2429 αὐτοκράτορος
1626 2359 1719 2413 καὶ
1749 2359 1943 2431 γνώμη
1974 2360 2072 2428 τῆς

506 2434 662 2504 ἡμῶν
698 2441 1047 2513 μετριότητος
1080 2446 1173 2497 καὶ
1213 2448 1311 2517 τῆς
1346 2448 1495 2516 ἱερᾶς
1540 2450 1758 2503 συνόδου
1789 2449 1930 2504 κατά
1974 2450 2071 2519 τὴν

506 2529 606 2599 σὴν
636 2532 861 2605 ζήτητιν
888 2539 978 2589 καὶ
1012 2539 1302 2610 ἀποδοχήν·
1334 2541 1425 2594 σὸν
1449 2542 1505 2595 δέ
1530 2543 1676 2596 ἐστιν
1709 2542 1817 2596 ἀπὸ
1850 2543 1943 2595 τοῦ
1978 2541 2070 2595 νῦν

504 2625 789 2688 φροντίσαι
846 2628 939 2680 καὶ
993 2631 1387 2703 ἀποπληρῶσαι
1444 2635 1543 2704 τὴν
1594 2635 1889 2706 ύπόσχεσίν
1950 2652 2065 2699 σου,

502 2715 671 2783 ἧγιυν
701 2716 785 2770 ἵνα
820 2719 1023 2794 ποιήσῃ
1070 2724 1101 2792 ἡ
1132 2724 1381 2791 εὐγένειά
1415 2742 1508 2780 σου
1544 2728 1639 2781 καὶ
1679 2730 1727 2780 οί
1760 2729 1943 2791 παῖδες
1979 2727 2069 2783 καὶ

502 2807 831 2880 κληρονόμοι
887 2814 979 2865 καὶ
1024 2814 1255 2885 διάδοχοι
1305 2818 1476 2889 αὐτῆς
1525 2821 1762 2889 γράμμα
1816 2822 2062 2891 ἔνορκον,

501 2905 1011 2976 κατησφαλισμένον
1034 2909 1318 2977 πάντοθεν,
1337 2911 1701 2983 διαλαμϐάνον
1718 2916 1857 2968 κατὰ
1874 2917 2063 2986 μέρος,

503 2995 591 3048 ἵνα
619 2996 859 3068 δηλονότι
902 3002 1041 3071 μετά
1087 3000 1315 3057 θάνατον
1343 3006 1437 3058 τοῦ
1485 3005 1729 3059 τοιούτου
1761 3007 2065 3077 ἀρχιερέως

500 3089 653 3157 ὑμῶν
692 3091 1013 3163 εὑρίσκηται
1048 3096 1080 3167 ή
1113 3096 1261 3148 πᾶσα
1304 3096 1446 3166 ἀρχὴ
1492 3098 1586 3152 καί⁵
1614 3099 1939 3169 ἐπικράτεια
1964 3102 2064 3171 τῆς

496 3184 950 3257 Οὐγγροϐλαχίας
998 3186 1103 3241 ὐπδ
1136 3187 1231 3258 τὴν
1262 3187 1384 3244 καθ’
1416 3191 1563 3261 ἡμᾶς
1606 3192 1919 3264 ἀγιωτάτην
1966 3194 2060 3248 τοῦ

495 3276 628 3330 Θεοῦ
659 3278 918 3349 Μεγάλην
955 3280 1297 3351 Ἐκκλησίαν,
1337 3282 1431 3335 καὶ
1480 3284 1852 3355 χειροτονῆται
1896 3285 2057 3358 ψήφῳ

496 3371 744 3442 συνοδικῇ
792 3372 925 3442 παρ’
964 3373 1155 3443 αὐτῆς,
1204 3374 1279 3438 ῶς
1309 3377 1538 3431 εἴθισται
1584 3379 1679 3431 καὶ
1727 3381 2059 3449 νενόμισται,

494 3464 806 3535 ἀρχιερεὺς,
841 3465 936 3520 καὶ
978 3466 1377 3538 ἀποστέλληται
1409 3470 1591 3523 αὐτόθι
1622 3472 1701 3534 είς
1730 3474 2061 3541 ποιμανσίαν

494 3556 589 3607 καὶ
646 3555 880 3628 ψυχικὴν
935 3557 1203 3626 ὠφέλειαν
1264 3559 1356 3613 τοῦ
1418 3560 1606 3615 αὐτόθι
1665 3562 2062 3634 Χριστωνύμου

494 3646 649 3715 λαοῦ,
679 3648 773 3703 καὶ
807 3651 1100 3724 ἐκπέμψῃς
1143 3652 1206 3705 τδ
1239 3654 1447 3706 τοιοῦτο
1481 3655 1715 3725 γράμμα
1768 3658 1907 3725 μετά
1952 3655 2060 3710 τῶν

492 3742 925 3814 ἀπεσταλμένων
956 3746 1158 3799 τούτων
1190 3748 1341 3818 παρὰ
1388 3748 1485 3818 τῆς
1519 3750 1674 3820 ήμῶν
1706 3750 2058 3822 μετριότητος

491 3836 725 3889 ἐνταῦθα
771 3837 853 3901 εἰς
895 3837 993 3908 τὴν
1039 3838 1203 3906 ἁγίαν
1242 3838 1335 3893 τοῦ
1366 3840 1605 3910 Χριστοῦ
1639 3840 1933 3911 καθολικὴν
1967 3844 2061 3898 καὶ

493 3931 859 4001 ἀποστολικὴν
899 3932 1224 4002 Ἐκκλησίαν
1254 3934 1348 3988 καὶ
1380 3937 1457 3997 είς
1486 3933 1583 4003 τὴν
1613 3932 1763 3987 θείαν
1790 3936 1881 3989 καὶ
1906 3937 2058 4007 ίεράν

498 4022 732 4089 σύνοδον,
775 4024 871 4077 καὶ
918 4024 998 4077 ἔνι
1045 4025 1125 4088 είς
1160 4024 1450 4094 βεϐαίωσιν
1484 4025 1576 4079 καὶ
1609 4026 1911 4095 ἀσφάλειαν
1959 4024 2059 4095 τῆς

491 4116 841 4186 ὑποσχέσεως
868 4118 959 4172 καὶ
992 4122 1314 4188 συμφωνίας
1346 4119 1443 4190 τῆς
1476 4121 1750 4190 εὐγενείας
1780 4137 1895 4176 σου*
1937 4124 2059 4178 ἐπεὶ

491 4208 634 4263 ὥστε
659 4207 798 4265 εἶναι
830 4213 1246 4284 ἀπαραποίητον
1281 4215 1376 4267 καὶ
1409 4214 1744 4285 ἀμετάθετον
1776 4218 1874 4288 τὴν
1909 4219 2059 4289 είρη-

494 4305 665 4374 μένην
710 4306 1069 4373 κατάστασιν,
1122 4308 1212 4362 καὶ
1264 4309 1536 4374 συνοδικὸς
1588 4312 1870 4384 φρικώδης
1920 4314 2058 4381 ἀφο-

492 4395 687 4465 ρισμὸς
712 4395 1000 4467 ἠπείληται
1044 4398 1186 4453 κατά
1214 4398 1308 4452 τοῦ
1341 4402 1676 4466 κωλύσοντος
1719 4406 1815 4459 καὶ
1857 4403 2058 4475 ἀθετή-

492 4505 675 4551 σοντος
705 4489 933 4560 ταύτην.
950 4490 1182 4561 Ὀφείλει
1209 4493 1263 4546 δὲ
1292 4497 1386 4549 καὶ
1410 4496 1443 4566 ἠ
1470 4497 1718 4564 εὐγένειά
1745 4514 1861 4561 σου,
1889 4498 2057 4569 ζητή-

2173 1982 2270 2055 λὴν
2300 1984 2536 2054 φοϐερὰν
2586 1984 2719 2055 πρὸς
2756 1984 2882 2047 τοὺς
2933 1982 3177 2045 ἀπειθεῖς
3223 1981 3318 2036 καὶ
3372 1978 3747 2049 ἀγνώμονας,

2172 2077 2265 2130 τὸν
2304 2076 2411 2131 ἀπὸ
2437 2076 2530 2129 τοῦ
2559 2075 2692 2130 Θεοῦ
2722 2075 3007 2145 χωρισμὸν
3038 2073 3472 2141 ἀποφαινόμενοι
3497 2074 3622 2125 κατ’
3652 2072 3750 2124 αὐ-

2173 2173 2282 2224 τῶν
2306 2169 2597 2242 ἀριδήλως.
2659 2168 2871 2221 Οὐκοῦν
2923 2167 2977 2221 τί
3006 2164 3371 2221 ἀναϐάλλεσθε
3418 2163 3643 2235 ἡμέραν
3689 2162 3749 2228 ἐξ

2156 2264 2386 2336 ,ἡμέρας
2430 2263 2847 2333 ἀντιποιηθῆναι
2880 2262 2990 2316 τῶν
3036 2262 3259 2327 ἀγαθῶν
3292 2260 3505 2329 ιργων;
3566 2258 3633 2313 τε
3676 2259 3751 2321 ὡς

2174 2358 2410 2428 σχοινίον
2432 2357 2669 2425 μακρὸν,
2700 2355 3058 2427 προφητικῶς
3079 2357 3275 2420 εἰπεῖν,
3308 2351 3619 2406 ὲπισπᾶσθε
3646 2353 3745 2415 τὰς
3846 2422 3854 2429 _

2177 2449 2448 2519 ἁμαρτίας
2474 2448 2649 2516 ὑμῶν,
2677 2448 2772 2500 καὶ
2801 2448 2875 2510 ὡς
2905 2446 3047 2517 βαρύ
3108 2446 3333 2517 φορτίον
3385 2461 3447 2497 τε
3492 2445 3590 2497 καὶ
3620 2445 3747 2496 δυσ-

2172 2545 2478 2600 ϐάστακτον
2503 2543 2563 2597 οὐ
2595 2542 2842 2597 παιδεύει
2873 2543 3070 2612 ὑμάςὴ
3099 2541 3273 2612 πικρά
3302 2539 3438 2610 αῦτη
3467 2540 3564 2591 καὶ
3592 2536 3742 2606 δεινὴ

2169 2635 2520 2706 αίχμαλωσία
2557 2637 2591 2705 ἡ
2647 2635 2770 2688 καθ’
2802 2634 3018 2705 ἡμέραν
3051 2634 3355 2702 συνέχουσα
3403 2631 3501 2683 καὶ
3534 2628 3745 2698 συντρί-

2168 2728 2378 2794 ϐουσα;
2415 2729 2491 2781 Οὐ
2536 2728 2901 2797 συνταράσσει
2952 2727 3052 2796 τὴν
3103 2726 3381 2796 ἡμετέραν
3438 2724 3739 2776 διάνοιανό

2170 2822 2293 2877 καθ’
2324 2824 2471 2894 ἡμᾶς
2518 2825 2603 2877 ἀεὶ
2628 2821 3006 2895 έπηρτημένος
3038 2821 3279 2883 κίνδυνός
3304 2835 3364 2872 τε
3396 2818 3491 2872 καὶ
3530 2818 3736 2887 φόϐος;

2168 2910 2245 2971 Οὐ
2272 2913 2567 2970 κυκλοῦσιν
2596 2916 2748 2985 ἡμᾶς
2781 2917 2830 2967 οί
2858 2914 3114 2983 πολέμιοι
3160 2915 3235 2975 ῶς
3255 2912 3437 2982 ἄγριοι
3494 2911 3593 2963 καὶ
3629 2910 3741 2962 ἀτί-

2170 3008 2323 3061 θασοι
2356 3005 2540 3077 θῆρες,
2570 3006 2796 3077 μανικὸν
2829 3000 2945 3059 οἷον
2977 3006 3235 3067 πνέοντες
3262 3005 3356 3056 καὶ
3387 3002 3737 3071 κατάϐρωμα

2166 3098 2585 3169 προσδοκῶντες
2623 3102 2873 3168 ποιήσειν
2928 3098 3075 3168 ἡμᾶς
3105 3099 3217 3158 τοῖς
3264 3093 3479 3148 ὀδοῦσιν
3536 3093 3733 3153 αὐτῶν,

2167 3191 2421 3260 καθάπερ
2452 3191 2726 3263 πρόϐατα,
2773 3190 3014 3260 ποιμένα
3046 3189 3120 3258 μὴ
3154 3189 3346 3258 ἔχοντα
3378 3202 3394 3251 ;
3449 3186 3592 3239 Πότε
3625 3185 3733 3237 τεί-

2164 3302 2259 3339 νυν
2283 3284 2685 3355 έπιστρέψομεν
2729 3284 2794 3336 ἐκ
2824 3283 2924 3353 τῆς
2981 3281 3193 3351 πλάνης
3244 3281 3453 3349 ταύτης
3494 3280 3593 3332 καὶ
3644 3277 3735 3345 τῆς

2164 3376 2399 3441 κακίας;
2448 3375 2586 3428 Πότε
2612 3376 2952 3442 συνοίσομεν,
2994 3374 3069 3434 ὠς
3101 3372 3267 3436 εἰκὸς,
3294 3371 3362 3425 τά
3392 3372 3585 3426 δέοντα
3612 3384 3732 3422 συν-

2163 3467 2399 3536 ορῶντες
2423 3466 2517 3518 καὶ
2542 3466 3104 3537 συνδιασκεψάμενοι;
3144 3466 3279 3518 Πότε
3328 3466 3429 3527 τὰς
3461 3463 3729 3534 ἁμαρτίας

2161 3559 2321 3629 ἡμῶν
2352 3558 2757 3627 ἑξιλεωσόμεθα
2788 3559 2875 3613 διά
2915 3558 3015 3628 τῆς
3051 3559 3349 3626 καλλίστης
3397 3554 3727 3626 ἐπιστροφῆς

2165 3652 2259 3705 καὶ
2288 3651 2521 3721 γνησίας
2551 3652 2646 3705 καὶ
2667 3650 2997 3720 εἰλικρινοῦς
3043 3650 3181 3721 πρὸς
3231 3651 3321 3703 τὸν
3377 3651 3514 3702 Θεὸν
3540 3638 3720 3718 ’μετα-

2162 3745 2344 3810 νοίαςς
2388 3746 2461 3799 Οὐ
2492 3743 2603 3815 γάρ
2626 3746 2796 3810 ἐστιν,
2825 3746 2926 3798 οὐκ
2974 3745 3146 3806 ἐστιν,
3198 3743 3273 3808 ὡς
3301 3744 3518 3813 άληθῶς
3544 3744 3717 3812 χεῖρον

2160 3837 2512 3909 ἀναισθησίας
2544 3837 2638 3891 καὶ
2658 3835 3044 3905 ἀπογνώσεως⁸
3070 3837 3222 3890 άνοια
3246 3837 3352 3905 γὰρ
3376 3836 3470 3887 καὶ
3485 3835 3721 3897 ἀπόνοια,

2160 3931 2300 3982 κατὰ
2342 3928 2435 3982 τὸν
2486 3928 2646 3997 σοφὸν
2675 3927 2877 3999 Σιρᾶιχ,
2922 3927 3153 3997 πονηροὶ
3216 3928 3482 3995 γείτονες.
3548 3924 3715 3976 Βαϐαἱ

2160 4023 2257 4095 τῆς
2290 4024 2556 4095 κακίστης
2594 4022 2889 4091 ἐπιθυμίας
2916 4022 3010 4075 καὶ
3036 4020 3322 4091 φιληδόνου
3364 4019 3461 4073 καί⁵
3498 4018 3723 4087 ματαίας

2159 4116 2422 4186 ὀρέξεως]
2460 4113 2901 4169 δυσαπάλλακτον
2956 4113 3065 4183 γὰρ
3105 4114 3181 4175 ὡς
3222 4111 3443 4181 άληθῶς
3476 4111 3654 4180 χρῆμα
3678 4108 3721 4177 ἡ

2161 4210 2330 4263 κακία
2382 4208 2478 4263 καὶ
2534 4208 2678 4262 πάνυ
2706 4205 3247 4275 δυσκαταγώνιστον.
3298 4205 3490 4259 Βούλει
3532 4205 3586 4256 δὲ
3623 4220 3725 4269 μαο

2161 4300 2274 4353 θεῖν
2331 4297 2579 4368 ἀκριϐῶς
2629 4297 2833 4369 ταύτης
2882 4297 2982 4368 τὴν
3040 4297 3347 4367 θεραπείαν
3381 4297 3479 4349 καὶ
3538 4298 3717 4357 ίασινς

2172 4387 2464 4444 Ἀναλαϐοῦ
2495 4390 2586 4443 τὸν
2622 4389 2718 4443 τοῦ
2752 4389 2885 4442 Θεοῦ
2941 4388 3191 4461 φόϐοντῇ
3231 4392 3297 4459 σῇ
3348 4389 3578 4460 διανοίᾳ,
3609 4389 3721 4439 ἐπεὶ

2165 4486 2395 4557 φοϐερὸν
2420 4485 2516 4540 καὶ
2540 4487 2679 4541 πάνυ
2701 4504 2786 4540 τοι
2824 4486 3060 4557 φοϐερὸν
3101 4487 3162 4539 τὸ
3194 4488 3463 4556 ἐμπεσεῖν
3520 4487 3595 4547 εἰς
3618 4486 3723 4552 χεί-

494 4596 639 4632 σασα
687 4579 1037 4651 εὑρίσκεσθαι
1089 4584 1163 4645 ὼς
1212 4584 1327 4647 υίὸς
1372 4590 1593 4654 γνήσιος
1642 4588 1740 4656 τῆς
1769 4589 1927 4654 ἁγίας
1961 4589 2055 4643 τοῦ
2090 4588 2134 4645 ι)
2163 4595 2262 4649 ρας
2296 4578 2434 4632 Θεοῦ
2474 4576 2700 4642 ζῶντοςο
2735 4579 3077 4648 ἁναλόγισαι,
3110 4579 3227 4642 πῶς
3282 4577 3409 4632 καθ’
3436 4578 3582 4646 ῶραν
3609 4578 3721 4629 κλο-

493 4673 735 4743 Χριστοῦ
780 4672 1075 4743 καθολικῆς
1125 4678 1218 4729 καὶ
1276 4677 1644 4742 ἀπστολικῆς
1702 4681 2053 4753 Ἑκκλησίας,

491 4768 741 4837 στέργειν
770 4765 1121 4837 ἀμεταθέτως
1163 4768 1231 4822 τὰ
1267 4768 1668 4842 ὡμολογημένα
1715 4772 1809 4826 καὶ
1851 4789 2059 4845 πατρο-

497 4861 770 4931 παράδοτα
802 4860 897 4913 καὶ
926 4860 1053 4930 ὑγιῆ
1081 4859 1347 4931 δόγματα,
1372 4864 1499 4929 τοὺς
1537 4864 1717 4928 θείους
1752 4866 1846 4919 καὶ
1879 4867 2058 4938 ἱεροὺς

489 4952 718 5014 κανόνας
748 4950 843 5005 καὶ
883 4952 1013 5015 τούς
1039 4954 1381 5023 φιλευσεϐεῖς
1411 4955 1628 5025 νόμους,
1656 4956 1723 5009 δι’
1763 4952 1838 5010 ὧν
1869 4957 2059 5029 στηρί-

490 5036 640 5100 ζεται
694 5036 754 5090 τὸ
793 5037 894 5107 τῆς
934 5037 1259 5109 Ἐκκλησίας
1310 5039 1608 5108 στήριγμα,
1661 5047 1753 5092 καὶ
1789 5040 1933 5109 ἔχειν
1963 5040 2057 5094 καὶ

489 5127 627 5199 πρὸς
649 5126 741 5180 τὸν
764 5128 1054 5197 είρημένον
1081 5128 1340 5197 ἀρχιερέα
1370 5126 1659 5179 εὐλάϐειαν
1693 5125 1789 5178 καὶ
1822 5126 2057 5197 στοργὴν

433 5216 455 5223 ”
486 5218 586 5288 τὴν
608 5217 986 5289 ὀφειλομένην
1022 5217 1179 5271 τοῦτο
1207 5220 1315 5289 γὰρ
1349 5215 1578 5271 ποιοῦσα
1610 5218 1643 5287 ὴ
1676 5216 1929 5285 εὐγένειά
1961 5233 2056 5270 σου

446 5296 582 5363 ’καὶ
612 5310 785 5372 οὕτως
832 5310 1134 5363 ὑπείκουσα
1184 5312 1251 5381 τῇ
1315 5307 1615 5379 Ἐκκλησία
1669 5307 1825 5373 Θεοῦ,
1873 5308 2056 5377 τύχοις

494 5404 593 5471 μὲν
619 5403 675 5454 ἐν
714 5401 792 5471 τῷ
828 5401 1056 5473 παρόντι
1099 5401 1199 5472 βίῳ
1248 5400 1447 5462 παντὸς
1476 5399 1682 5467 ἀγαθοῦ
1730 5400 1826 5452 καὶ
1876 5398 2057 5469 πάσης

487 5492 754 5563 εὐθυμίας
783 5494 877 5546 καὶ
923 5496 1118 5564 χαράς,
1165 5492 1627 5563 κατευοδούμενος
1671 5494 1749 5556 είς
1778 5492 1954 5547 πάντα
1989 5494 2056 5546 τὰ

488 5586 591 5640 ἀνὰ
624 5589 813 5657 χεῖρας
847 5588 985 5657 ἔργα
1016 5589 1110 5640 καὶ
1154 5592 1480 5656 πράγματα,
1514 5588 1571 5640 ἐν
1598 5585 1653 5638 δέ
1698 5601 1761 5653 γε
1809 5586 1888 5656 τῷ
1925 5585 2056 5655 μέλ-

488 5676 633 5727 λοντι
665 5679 765 5743 τῆς
795 5680 1016 5733 αἰωνίου
1049 5680 1266 5748 ἐκείνης
1299 5684 1393 5733 καὶ
1433 5678 1776 5733 ἀκαταλύτου
1803 5680 1859 5732 ἐν
1888 5680 2056 5747 οὐρα-

488 5770 596 5827 νοῖς
647 5769 918 5836 βασιλείας
957 5770 1142 5841 εὐχαῖς
1174 5773 1396 5824 πάντων
1426 5769 1533 5823 τῶν
1563 5770 1755 5838 ἁγίων.
1788 5769 1995 5840 Κύριος
2026 5774 2055 5825 ὁ

486 5857 616 5922 Θεὸς
658 5865 743 5933 εἰη
773 5862 1045 5933 διατηρῶν
1087 5865 1182 5935 τὴν
1213 5864 1490 5932 εὐγένειάν
1526 5879 1618 5916 σου
1650 5864 1863 5930 ἄνοσον,
1894 5860 2053 5915 εὐθυ-

2163 4672 2245 4723 νεί
2273 4666 2371 4737 τὴν
2402 4670 2527 4739 γῆν,
2556 4672 2633 4734 είς
2667 4670 3024 4741 συναίσθησιν
3054 4673 3266 4739 ἔνάγων
3325 4673 3474 4742 ἡμᾶς
3504 4670 3595 4724 τοῦ
3623 4688 3718 4723 κα-

2160 4760 2275 4826 λοῦ,
2308 4759 2426 4824 πῶς
2457 4762 2737 4815 κατασείει
2780 4761 2847 4816 τὰ
2875 4756 3074 4828 πάντα,
3132 4763 3250 4827 πῶς
3273 4763 3335 4816 τὸ
3398 4763 3541 4834 βαρὺ
3574 4761 3718 4815 τοῦτο

2159 4854 2380 4925 φορτίον
2402 4853 2500 4925 τῆς
2526 4854 2746 4924 γῆςκαὶ
2798 4854 3209 4909 δυσϐάστακτον
3263 4855 3492 4925 τρέμειν
3548 4870 3716 4923 παρα-

2161 4946 2440 5012 σκευάζει,
2474 4944 2592 5009 πῶς
2622 4945 2683 4999 οὐ
2723 4929 2907 5010 στέγει
2947 4946 3087 5018 αὕτη
3111 4946 3214 5018 τὴν
3242 4947 3340 5000 τοῦ
3378 4948 3606 5000 Κτίστου
3630 4961 3718 5014 φος

2159 5037 2328 5107 ϐεράν
2359 5035 2610 5106 ἀπειλὴν,
2652 5036 2771 5100 πῶς
2821 5043 3188 5109 καταστρέφει
3242 5039 3344 5102 τὰς
3392 5036 3597 5103 πόλεις,
3641 5037 3713 5107 μὴ

2157 5128 2425 5200 δυναμένη
2455 5128 2643 5199 φέρειν
2669 5128 2807 5193 ὅλως
2826 5131 2920 5183 τοῦ
2938 5131 3147 5184 δικαίου
3171 5132 3361 5201 κριτοῦ
3386 5132 3487 5202 τὴν
3514 5132 3669 5202 ὀργήν
3696 5146 3709 5157 ·

2158 5220 2362 5292 ταύτην
2392 5219 2501 5291 γὰρ
2526 5220 2745 5283 πάντως
2773 5221 3021 5290 μαστίζει
3042 5222 3130 5275 διά
3157 5223 3255 5286 τάς
3289 5225 3522 5294 ἀνομίας
3545 5223 3711 5294 ημῶν,

2159 5312 2249 5367 ἵνα
2284 5316 2448 5384 ⁴ἡμεῖς
2492 5314 2585 5368 τὸν
2635 5314 2734 5370 τοῦ
2773 5314 2910 5368 Θεοῦ
2958 5315 3122 5383 φόϐον
3165 5317 3564 5388 ἀναλαϐόμενοι
3603 5318 3715 5368 ἑπι-

2162 5404 2493 5473 στραφῶμεν
2551 5406 2645 5459 καὶ
2683 5407 2925 5476 γνησίως
2974 5408 3426 5477 μετανοήσωμεν.
3479 5409 3585 5462 Καὶ
3607 5406 3712 5476 γὰρ

2158 5495 2298 5568 αὕτη
2323 5498 2513 5567 ἄλογος
2540 5491 2676 5555 οὖσα
2695 5501 2790 5554 καὶ
2816 5501 3172 5555 παντάπασιν
3230 5502 3587 5572 άνενέργητος
3629 5500 3709 5561 εἰς

2156 5589 2339 5642 πᾶσαν
2361 5590 2582 5657 κακίαν,
2616 5592 2892 5662 ἁμαρτίαν
2955 5592 3181 5663 ποιῆσαι
3234 5592 3294 5645 οὐ
3328 5593 3575 5647 δύναται.
3606 5591 3709 5645 Καὶ

2155 5681 2333 5733 τοίνυν
2356 5681 2661 5747 παύσασθε,
2695 5684 3018 5753 παρακαλῶ,
3052 5687 3152 5755 τῆς
3178 5686 3398 5751 κακίας,
3420 5687 3515 5737 καὶ
3544 5683 3707 5754 τηρή-

2157 5787 2309 5836 σατε,
2350 5772 2425 5835 ὡς
2458 5773 2628 5838 εἰκὸς,
2663 5775 2721 5826 ὲν
2767 5776 3044 5847 ἀσφαλείᾳ
3090 5776 3152 5829 οὐ
3203 5779 3366 5846 μόνον
3419 5779 3581 5841 αὐτάς
3612 5776 3707 5839 τὰς

2154 5861 2248 5916 τοῦ
2282 5862 2418 5917 Θεοῦ
2446 5864 2688 5935 ἐντολάς,
2716 5865 2853 5923 ἀλλὰ
2881 5869 2974 5923 καὶ
3003 5868 3102 5935 τὰς
3138 5871 3412 5937 διατάξεις
3433 5872 3526 5927 καὶ
3551 5885 3701 5941 νομο-
