3964 6564
505 371 641 436 1367

1295 359 1637 444 GALLIs'TI
1678 385 1774 446 ET
1799 377 2252 447 'PHILOTIIEI
2295 385 2404 446 CP.
2447 383 2914 448 PATRIARCH.

3626 382 3749 448 1368

502 493 852 565 ἡτοίμασται·
913 495 1074 564 νόμος
1131 497 1242 567 γὰρ
1273 495 1429 560 οὗτος
1483 498 1715 564 παλαιὸς
1770 500 1864 554 καὶ
1901 499 2084 562 καλῶς
2111 505 2159 565 Α
2188 499 2581 565 ἀποκαταστάς
2604 501 2702 564 τῆς
2744 499 3003 572 meum;
3029 498 3342 568 ἁγιωτάτης
3378 501 3750 568 μητροπόλεως

468 589 738 660 ,ἔχωντῇ
789 588 885 642 τοῦ
942 589 1080 641 Θεοῦ
1130 589 1432 660 Ἐκκλησία
1468 592 1847 662 ἐπεκράτησεν
1874 591 1954 652 είς
1981 591 2082 663 τὴν

465 673 472 746 ί
502 683 707 752 ταύτης
735 681 1024 752 οίκοδομὴν
1047 681 1192 735 ὥστε
1220 683 1317 734 καὶ
1351 682 1448 743 τὰς
1502 682 1612 735 τῶν
1665 683 1976 753 ἐκκλησιῶν
2020 698 2080 734 τε

497 774 594 829 καὶ
620 774 830 828 πόλεων
853 777 1174 846 περιφανεῖς
1205 776 1303 829 καὶ
1322 775 1600 844 ποιμένων
1632 775 1908 845 εύμοιρεῖν
1936 773 2083 838 ἀξιο-

499 869 676 935 λόγων
707 868 804 921 καὶ
830 868 1054 941 τούτους
1101 867 1299 930 αὐτοὺς
1332 867 1497 920 πάλιν
1523 867 1686 921 οἱονεί
1742 883 1889 928 τινος
1942 867 2082 933 ἐφα-

504 960 694 1030 μίλλου
735 958 963 1030 γνώμης
1011 962 1077 1031 τῇ
1133 961 1374 1032 σφετέρᾳ
1431 960 1592 1029 φύσει
1657 958 2083 1030 μεμετρημένης

498 1050 752 1106 ἐντεῦθεν
777 1051 914 1121 πρὸς
946 1051 1122 1120 λόγων
1149 1052 1294 1123 ἔχειν
1325 1051 1671 1121 ἐφάπτεσθαι
1725 1052 1821 1104 καὶ
1859 1051 1966 1121 ’τὴν
1998 1052 2082 1103 οῖ-

502 1145 657 1198 κείαν
686 1145 744 1206 ἐν
761 1146 872 1207 τοῖς
901 1143 1210 1207 καλλίστοις
1243 1143 1659 1198 ἐπιδείκνυσθαι
1685 1143 1937 1213 δύναμιν·
1972 1143 2085 1212 ἀμ-

503 1233 817 1304 φοτέρωθεν
844 1233 952 1304 γάρ
985 1234 1053 1288 ἂν
1088 1228 1245 1298 οὗτος
1295 1236 1324 1288 δ
1379 1235 1474 1288 τοῦ
1499 1234 1706 1288 δικαίου
1763 1233 2083 1298 διασώζοιτο

504 1321 687 1391 λόγος,
719 1325 816 1376 καὶ
859 1324 921 1376 τὸ
947 1324 1048 1393 τῆς
1083 1323 1411 1395 Ἐκκλησίας
1459 1325 1735 1396 πλήρωμα
1792 1325 1898 1378 ὐπὸ
1964 1323 2084 1395 Θεῷ

505 1415 784 1484 συμμάχῳ
815 1415 956 1468 κατὰ
989 1417 1050 1470 τὸ
1093 1417 1481 1488 προσαρμόξον
1529 1418 1717 1487 σχῆμα
1751 1415 2082 1484 διατηροῖτο.

504 1505 676 1561 Ταῦτ’
701 1509 808 1579 ἀρα
860 1510 1016 1581 καὶὴ
1061 1511 1355 1580 μετριότης
1409 1510 1568 1580 ἡμῶν
1616 1509 1718 1581 τὴν
1771 1507 2085 1576 ἀγιωτάτην

515 1599 852 1668 μητρόπολιν
878 1601 1214 1657 Ναυπάκτου
1275 1603 1358 1665 είς
1411 1601 1665 1654 πλεῖστον
1719 1601 1844 1654 ὅσον
1894 1601 2085 1672 χρόνον

507 1690 680 1742 εἰδυῖα
711 1693 1082 1762 στερουμένην
1118 1695 1423 1764 ἀρχιερέως
1468 1693 1694 1763 γνησίου
1726 1694 1824 1747 καὶ
1870 1694 1962 1747 τὸν
1993 1691 2086 1746 ὐπ’

506 1780 678 1850 αὐτὴν
703 1783 747 1834 Χ
756 1781 1098 1854 ριστώνυμον
1123 1783 1216 1838 τοῦ
1250 1786 1458 1855 Κυρίου
1483 1785 1614 1838 λαὸν
1635 1787 1700 1856 τῇ
1731 1785 1924 1838 τούτου
1951 1785 2080 1854 ἐρη-

513 1873 614 1944 μίᾳ
644 1874 1152 1947 περιπλανώμενο),
1182 1877 1256 1939 ὡς
1298 1879 1400 1932 οὐκ
1429 1878 1561 1942 εδει,
1589 1879 1683 1930 καὶ
1709 1878 1833 1930 ὅσον
1891 1874 1952 1928 τὸ
1990 1878 2084 1929 ἐν·
2115 1873 2158 1930 Β

502 1967 698 2022 τεῦθεν
724 1970 892 2024 κακὸν
927 1973 1250 2042 ἐννοήσασα,
1285 1973 1344 2024 οὐ
1377 1971 1477 2041 μὲν
1513 2009 1528 2025 .
1559 2011 1571 2025 .
1608 2012 1621 2025 .
1662 1971 1876 2025 δίκαιον
1925 1969 2081 2040 ᾠήθη

505 2059 736 2131 ἀμελείᾳ
772 2064 864 2116 καὶ
895 2065 976 2125 είς
1001 2065 1061 2116 τὸ
1091 2064 1217 2132 ἑξῆς
1235 2066 1483 2118 ὁπωσοῦν
1509 2065 1845 2135 χρήσασθαι,
1872 2066 1951 2127 είς
1982 2062 2082 2134 τὴν

503 2152 708 2224 ταύτης
732 2156 1023 2225 ἐπίσκεψιν
1058 2159 1153 2213 καὶ
1182 2141 1554 2229 προμήθειαν,
1591 2159 1956 2229 χηρεύουσαν,
2010 2157 2085 2221 ὼς

504 2247 835 2319 διείληπται,
864 2252 1257 2324 ἀρχιερατικῆς
1303 2254 1631 2317 ἐπιστασίας
1661 2254 1754 2306 ἐπὶ
1803 2251 2082 2316 τοσοῦτον,

505 2342 796 2395 καὶταῦτα
829 2343 1092 2414 πλείστης
1126 2345 1392 2416 δεομένην
1414 2347 1744 2417 ’συνάρσεως
1777 2345 1872 2398 καὶ
1922 2345 2086 2413 κηδεσ

508 2433 720 2502 μονίας,
753 2433 868 2503 ἅμα
897 2434 997 2506 μὲν
1021 2435 1112 2490 διὰ
1155 2435 1216 2490 τὸ
1269 2436 1717 2507 συναριθμεῖσθαι
1748 2438 1868 2498 ταῖς
1895 2433 2089 2504 ἐκκρί-

505 2542 620 2588 τοις
647 2526 756 2579 τῶν
790 2528 1186 2598 μητροπόλεων
1235 2530 1330 2583 καὶ
1387 2530 1450 2581 τὸ
1494 2531 1920 2600 συγκεχωρηκὸς
1938 2527 2085 2597 ἔχειν

504 2618 616 2672 άπό
632 2636 691 2672 τε
714 2619 903 2690 θρόνου
921 2623 1013 2676 καὶ
1032 2620 1228 2691 χρόνου
1243 2621 1334 2675 καὶ
1358 2621 1418 2674 τὸ
1441 2619 1770 2690 πρεσϐεύειν
1809 2620 2083 2687 ἐντεῦθεν,

509 2709 623 2778 ἅμα
654 2709 710 2762 δέ
745 2711 840 2764 καὶ
871 2710 962 2764 διά
986 2712 1047 2763 τὸ
1075 2713 1471 2783 παραχωρήσει
1499 2712 1637 2765 Θεοῦ
1668 2711 1865 2782 πλήθει
1904 2713 2085 2783 ἀμαρ-

507 2800 640 2856 τιῶν
671 2802 780 2871 πρό
810 2820 972 2856 τινων
997 2803 1098 2874 ἤδη
1128 2805 1336 2874 χρόνων
1358 2803 1609 2859 ἐπελθεῖν
1635 2805 1815 2857 ἐκεῖσε
1854 2803 1954 2874 τὴν
1973 2804 2086 2860 τῶν
2189 2809 2196 2816 ’

512 2895 858 2964 πραγμάτων
887 2894 1207 2967 ἀνωμαλίαν
1259 2897 1356 2950 καὶ
1416 2896 1686 2969 σύγχυσιν
1741 2897 1836 2952 καὶ
1880 2896 2087 2967 ταύτης

514 2986 677 3055 ἔργον
706 2987 967 3054 γενέσθαι
1025 2987 1120 3041 καὶ
1171 2988 1342 3058 αὐτὴν
1396 2989 1824 3060 δυστυχέστατα.
1887 2989 1998 3043 Καὶ
2023 2990 2088 3060 δὴ

512 3077 837 3148 σπούδασμα
869 3079 1012 3134 κατά
1063 3081 1124 3134 τὸ
1152 3082 1298 3146 είκὸς
1347 3085 1442 3136 καὶ
1473 3082 1733 3153 φροντίδα
1763 3082 1824 3135 οὐ
1884 3081 2090 3151 μικρὰν

519 3175 872 3245 ποιησαμένη
909 3174 1204 3239 συνοδικῶς
1256 3176 1388 3246 περὶ¹
1409 3176 1637 3242 ταύτης,
1693 3176 1816 3228 ἐπεὶ
1847 3168 1976 3244 εὗρε
1998 3175 2088 3226 τὸν

512 3269 928 3330 θεοφιλέστατον
983 3271 1282 3323 ἐπίσκοπον
1330 3269 1756 3342 Κεφαλληνίας,
1794 3268 1943 3340 ζήλῳ
1974 3267 2092 3322 θεο-

512 3365 660 3430 φιλεῖ
702 3366 795 3418 καὶ
831 3365 1026 3436 πρώην
1055 3364 1260 3435 ταύτης
1287 3365 1588 3436 κηδόμενον
1648 3366 1744 3419 καὶ
1773 3364 1846 3417 τά
1895 3363 2092 3432 ἐκκλη-

514 3459 772 3512 σιαστικὰ
804 3459 987 3513 δίκαια
1025 3459 1124 3530 τῆς
1146 3458 1448 3530 εἰρημένης
1503 3460 1815 3529 ἁγιωτάτης
1883 3473 2091 3529 μητρο-

515 3549 724 3614 πόλεως
754 3550 1094 3606 Ναυπάκτου
1118 3551 1546 3622 ἀναδεδεγμένον
1603 3551 1757 3620 παρὰ
1785 3550 1881 3621 τῆς
1932 3549 2093 3619 ἡμῶν

519 3637 871 3715 μετριότητος
928 3645 1020 3699 καὶ
1081 3643 1284 3714 πολλὴν
1340 3644 1577 3713 σπουδὴν
1636 3643 2094 3711 είσενεγκάμενον

517 3739 658 3809 ὐπέρ
682 3737 954 3809 ὠφελείας
983 3739 1079 3792 τοῦ
1124 3739 1303 3790 ἐκεῖσε
1365 3735 1764 3808 Χριστωνύμου
1801 3735 1932 3790 λαοῦ
1998 3735 2094 3788 καὶ

517 3834 698 3888 πάντα
727 3834 990 3904 πράττειν
1021 3830 1116 3884 καὶ
1143 3832 1322 3885 ποιεῖν
1364 3828 1844 3901 προθυμούμενον,
1904 3828 2005 3882 ὅσα
2033 3845 2094 3880 τε

517 3933 595 3994 είς
621 3931 882 3984 σύστασιν
915 3929 1183 3983 συντείνει
1211 3928 1318 3980 τῶν
1346 3924 1588 3980 εὐσεϐῶν
1613 3923 1895 3993 κτητόρων
1924 3923 2098 3992 αὐτῆς

517 4029 611 4081 καὶ
648 4028 728 4090 εἰς
755 4025 1118 4096 εὐαρέστησιν
1149 4020 1244 4076 τοῦ
1297 4019 1456 4074 Θεοῦ·
1496 4019 1530 4089 ἠ
1600 4015 1891 4089 μετριότης
1939 4014 2099 4088 ὴμῶν

518 4124 674 4192 κοινῇ
716 4119 884 4193 ψήφῳ
911 4118 1005 4174 καὶ
1037 4116 1323 4186 διασκέψει
1371 4114 1472 4183 τῆς
1517 4113 1648 4184 περὶ
1707 4111 1880 4184 αὐτὴν
1943 4109 2098 4174 θείας

515 4212 846 4285 δμηγύρεως
874 4211 987 4266 τῶν
1016 4210 1327 4282 ίερωτάτων
1369 4205 1700 4278 ἀρχιερέων,
1751 4204 1849 4258 τοῦ
1882 4205 2095 4258 Καισα-

521 4311 697 4377 ρείας,
722 4305 819 4361 τοῦ
860 4304 1126 4369 Κυζίκου,
1154 4302 1249 4358 τοῦ
1277 4302 1540 4364 Νικαίας,
1583 4297 1679 4354 τοῦ
1728 4296 2096 4367 Χαλκηδόνος,

520 4402 614 4456 τοῦ
688 4398 1201 4471 Ποντοηρακλείας,
1268 4393 1362 4449 τοῦ
1427 4391 1941 4462 Τραϊανουπόλεως.
2003 4388 2100 4443 τοῦ

527 4493 806 4566 Βρύσεως,
849 4492 943 4545 τοῦ
971 4489 1360 4560 ’Δμάστριδος,
1399 4483 1492 4539 τοῦ
1545 4483 1852 4552 Σηλυϐρίας
1885 4481 2101 4536 καὶτὸν

2191 589 2554 656 Ναυπάκτου,
2608 593 2702 645 καὶ
2747 591 2892 644 κατὰ
2940 590 3038 660 τὴν
3095 591 3563 662 ἐκκλησιαστικὴν
3616 593 3754 659 τάξιν

2192 683 2288 737 καὶ
2318 684 2674 739 ὑποτύπωσιν
2707 685 2804 754 τῆς
2835 687 3150 755 ἀνηκούσης
3185 687 3353 757 τιμῆς
3409 686 3468 739 εν
3519 704 3578 740 τε
3609 688 3754 741 καθέ-

2187 777 2366 850 δραις,
2396 780 2621 833 στάσεσί
2653 797 2712 832 τε
2763 781 2860 833 καὶ
2907 781 3304 843 συνελεύσεσιν,
3334 780 3682 849 ἀναγνώστας
3704 801 3754 836 τε

2191 869 2510 940 σφραγίζων
2531 874 2594 926 ἐκ
2618 873 2726 926 τῶν
2751 873 2810 926 ἐν
2841 875 2979 942 αὐτῇ
3008 873 3098 926 καὶ
3133 873 3528 936 ὑποδιακόνους
3548 876 3635 926 καῖ
3662 876 3756 928 δια-

2190 963 2384 1027 κόνους
2420 964 2776 1034 προσιὸάζων
2833 967 2928 1019 καὶ
2985 967 3396 1036 πρεσόυτέρους
3449 968 3750 1038 χειροτονῶν

2187 1057 2284 1109 καὶ
2319 1055 2656 1118 ἐπισκόπους
2685 1058 2766 1117 είς
2792 1057 2890 1117 τὰς
2945 1055 3041 1108 ὐπ’
3071 1057 3233 1110 αὐτὸν
3263 1056 3566 1124 ἐκκλησίας
3594 1059 3748 1125 ἐγκα-

2187 1146 2420 1210 θιστῶν,
2453 1148 2758 1218 ἐφειμένων
2789 1149 2882 1202 καὶ
2902 1149 3076 1219 τούτῳ
3129 1148 3584 1218 διαπράττεσθαι,
3642 1151 3749 1202 ἐπι-

2188 1239 2492 1308 λαϐόμενός
2529 1259 2588 1294 τε
2616 1243 2708 1295 καὶ
2754 1241 2980 1296 πάντων
3032 1242 3143 1295 τῶν
3196 1241 3532 1312 ὁθενδήποτε
3589 1241 3753 1308 διαφε-

2193 1334 2402 1403 ρόντων
2435 1335 2607 1406 ταύτῃ
2650 1320 2900 1388 δικαίων·
2963 1334 3090 1390 ὅθεν
3142 1336 3456 1405 ὀφείλουσιν
3510 1335 3567 1388 οῖ
3610 1351 3664 1386 τε
3706 1337 3756 1386 ἐν

2191 1426 2330 1496 αὐτῇ
2369 1427 2628 1496 κληρικοὶ
2660 1429 2758 1481 καὶ
2795 1428 3088 1499 ίερωμένοι
3151 1431 3380 1499 μοναχοὶ
3438 1427 3539 1481 καὶ
3595 1427 3756 1480 λαῖκοῖ

2190 1517 2510 1572 ὑποκεῖσθαι
2547 1519 2640 1573 καῖ
2669 1520 2988 1591 πειθαρχεῖν
3009 1521 3220 1592 εούτῳ,
3276 1523 3378 1574 ὅσα
3439 1519 3536 1573 καὶ
3592 1519 3756 1588 οίκείῳ

2198 1611 2294 1663 καὶ
2325 1611 2536 1681 γνησίῳ
2559 1611 2742 1664 αὐτῶν
2770 1613 2992 1682 ποιμένι
3023 1615 3118 1667 καὶ
3149 1614 3319 1686 πατρὶ
3343 1614 3438 1666 καὶ
3469 1611 3758 1680 διδασκάλῳ

2189 1704 2283 1756 καὶ
2314 1703 2508 1775 μεσίτῃ
2532 1707 2628 1760 καὶ
2654 1704 2942 1777 διαλλακτῇ
2969 1707 3037 1759 τά
3060 1707 3197 1778 πρὸς
3227 1707 3317 1759 τὸν
3343 1706 3478 1759 Θεὸν
3512 1703 3607 1758 καὶ
3629 1705 3758 1774 δέχε-

2189 1794 2314 1848 σθαι
2363 1797 2659 1865 προθύμως
2693 1801 2788 1851 καὶ
2838 1799 3214 1870 ἀποπληροῦν,
3246 1800 3346 1852 ὅσα
3381 1799 3566 1868 μέλλει
3595 1797 3756 1865 λέγειν

2189 1887 2281 1938 καὶ
2309 1888 2641 1957 εἰσηγεῖσθαι
2685 1892 2867 1953 αὐτοῖς
2889 1890 3184 1962 ψυχωφελῆ
3221 1893 3312 1944 καὶ
3348 1889 3758 1958 σωτήρια.Αὐτὴ

2191 1977 2255 2057 δῇ
2286 1979 2474 2032 τούτου
2512 1980 2700 2032 ἕνεκεν
2753 1982 2906 2051 καὶὴ
2945 1980 3195 2050 παροῦσα
3233 1981 3481 2050 ἡμετέρα
3528 1979 3758 2050 συνοδικὴ

2190 2073 2392 2140 πρᾶξις
2417 2076 2673 2142 γεγονυῖα
2718 2074 2797 2144 τῷ
2837 2073 3185 2144 διαληφθέντι
3233 2075 3512 2144 ίερωτάτῳ
3576 2089 3759 2144 μητρο-

2189 2165 2381 2236 πολίτη
2401 2165 2730 2221 Ναυπάκτου
2771 2167 2864 2220 καὶ
2885 2169 3174 2238 ύπερτίμῳ
3217 2170 3297 2230 εἰς
3334 2169 3635 2234 ἀσφάλειαν
3653 2168 3758 2220 ἐπι-

2187 2257 2417 2326 δέδοται,
2467 2253 2798 2315 ἀπολυθεῖσα
2848 2262 2992 2314 κατά
3041 2261 3186 2330 μῆνα
3243 2259 3618 2329 ἓπτέμὸριον
3675 2259 3758 2327 τῆς

2188 2351 2546 2422 ἐνισταμένης
2610 2351 2832 2422 πρώτης
2898 2353 2997 2407 ίνδ.
3050 2351 3143 2406 τοῦ
3197 2358 3374 2425 ,ςωοαθ
3429 2351 3604 2413 ἔτους,
3657 2351 3756 2420 ἥτις

2189 2447 2285 2500 καὶ
2327 2447 2688 2517 ὐπεσημάνθη
2711 2450 2778 2518 τῇ
2816 2446 3119 2518 αὐτοχείρῳ
3167 2445 3461 2520 ὑπογραφῇ
3500 2445 3600 2515 τῆς
3627 2443 3759 2515 ἡμῶν

2194 2540 2572 2610 μετριότητος.

2264 2655 2539 2712 XXXVII.
2574 2656 2821 2729 Synodus
2847 2676 3017 2783 ηιοὸτεῖ
3041 2674 3243 2782 ‘pravos
3269 2658 3325 2712 in
3356 2653 3701 2711 matrimoniis

2884 2749 2916 2783 α
2952 2747 2981 2783 ο
3008 2747 3035 2783 e
3068 2768 3082 2782 .

2884 2741 3082 2786 αοοιει.

2264 2820 2308 2892 -ι-
2331 2822 2504 2891 Ὀσην
2535 2820 2636 2892 μιν
2664 2821 2926 2874 σύστασιν
2956 2823 3050 2876 καὶ
3076 2820 3376 2889 ἀσφάλειαν
3405 2818 3469 2872 τὸ
3496 2818 3603 2888 τῆς
3631 2814 3758 2886 είρή·

2193 2931 2289 2984 νης
2317 2914 2410 2968 καλ⁹
2433 2914 2688 2984 ὁμονοίας
2715 2913 2905 2984 χρῆμα
2933 2913 3187 2985 προξενεῖ
3210 2917 3277 2984 τῇ
3312 2913 3616 2983 Ἐκκλησία
3642 2908 3757 2963 Θεοῦ

2195 3007 2292 3060 καὶ
2313 3007 2472 3071 ὅπως
2506 3007 2793 3077 ἐπικρατεῖ
2824 3006 2913 3060 διὰ
2945 3007 3138 3059 τούτου
3173 3004 3395 3069 εὐταξία
3429 3006 3528 3058 καὶ
3560 3003 3760 3072 κοσμιόο

2197 3113 2296 3166 της
2322 3099 2380 3150 ἐν
2403 3097 2581 3152 ἀπασι
2608 3099 2722 3162 τοῖς
2751 3098 3228 3168 ἐκκλησιαστικοῖς
3253 3098 3604 3164 πράγμασιν,
3631 3095 3755 3146 ίσασι

2196 3189 2398 3252 πάντες
2424 3191 2472 3242 οἱ
2499 3188 2674 3259 ταύτῃ
2697 3189 2832 3251 ὅλως
2861 3188 3252 3260 προσκείμενοι
3291 3187 3386 3240 καὶ
3411 3186 3488 3250 ὡς
3520 3185 3651 3257 μέλη
3673 3187 3755 3253 τῆς

2212 3280 2541 3350 Ἐκκλησίας
2575 3280 2694 3350 μεθ’
2717 3281 2986 3350 ἁρμονίας
3019 3282 3401 3350 πνευματικῆς
3432 3280 3514 3342 είς
3547 3280 3604 3332 ἓν
3631 3295 3755 3331 omne

2177 3375 2448 3445 ’δούμενοι
2495 3375 2652 3446 σῶμα
2699 3377 2793 3428 καὶ
2841 3374 3084 3446 κεφαλὴν
3136 3375 3259 3444 μὲν,
3311 3375 3455 3428 κατά
3500 3375 3593 3427 τὸν
3635 3374 3753 3425 θεῖον

2213 3468 2554 3535 ’Λπόστολον,
2587 3468 2804 3538 ἔχοντες
2829 3470 2918 3523 τὸν
2945 3470 3202 3540 Χριστὸν,
3234 3470 3327 3537 ὐφ’
3348 3469 3430 3522 ἐνὶ
3459 3470 3514 3521 δὲ
3545 3468 3756 3536 καθηγε-

2205 3561 2360 3632 μόνι,
2408 3561 2486 3630 τῷ
2537 3563 2820 3635 προστάτῃ
2867 3563 2968 3631 τῆς
3005 3562 3364 3629 Ἐκκλησίας,
3415 3562 3752 3630 ταττόμενοι·

2201 3656 2334 3725 ὅσην
2377 3656 2441 3725 δὴ
2491 3656 2654 3709 πάλιν
2697 3655 2947 3726 ταραχὴν
2990 3654 3113 3709 κατ’
3143 3653 3316 3723 αὐτῆς
3361 3655 3633 3724 ἐπεγείρει
3676 3652 3755 3704 καὶ

2204 3747 2372 3819 ζάλην
2400 3751 2433 3819 ἠ
2461 3751 2698 3818 κακίστη
2728 3749 3013 3809 διάστασις
3041 3747 3135 3800 καὶ
3166 3746 3468 3816 φιλονεικία
3501 3747 3592 3798 καὶ
3617 3745 3677 3798 τὰ
3703 3745 3755 3795 ἐκ

2203 3843 2407 3906 ταύτης
2448 3844 2792 3913 ἐπιφυόμενα
2834 3843 3137 3907 σκάνδαλα,
3176 3843 3268 3896 καὶ
3307 3842 3439 3911 ὅσην
3474 3838 3756 3909 ἀπεργάζε-

2204 3953 2294 3990 ται
2327 3936 2602 4002 ἀκοσμίαν
2631 3936 2726 3989 καὶ
2755 3934 3038 4005 σύγχυσιν,
3070 3935 3349 4005 γνώριμον
3379 3934 3473 3987 καὶ
3499 3931 3646 3985 τοῦτο
3674 3947 3756 3984 κα-

2207 4027 2458 4082 θίσταται
2490 4030 2602 4092 τοῖς
2635 4029 2892 4099 ἐχέφροσι
2923 4028 3019 4082 καὶ
3047 4025 3142 4082 τοῦ
3175 4027 3386 4081 δικαίου
3419 4026 3755 4096 ἐξεχομένοις,

2211 4122 2554 4192 μαρτυρήσει
2593 4121 2638 4176 δ’
2661 4123 2762 4192 οὐχ
2802 4116 2965 4193 ἦττον
3008 4122 3103 4174 καὶ
3139 4122 3210 4174 τά
3251 4120 3346 4174 νῦν
3385 4120 3756 4190 λεχθησόμενα.

2205 4213 2472 4268 Φθάνουσι
2515 4212 2845 4283 πρδκόλίγου
2890 4213 3209 4283 ἐγκύψαντα
3253 4213 3527 4267 σκάνδαλα
3565 4216 3639 4275 είς
3673 4211 3757 4280 τὴν

2221 4305 2548 4373 Ἐκκλησίαν
2577 4305 2737 4374 Θεοῦ,
2769 4306 2899 4378 παρ’
2921 4300 2996 4362 ὧν
3023 4307 3132 4376 ἀρα
3162 4307 3256 4360 καὶ
3285 4308 3576 4376 ἐνέκυψαν,
3605 4305 3754 4376 μεγά-

2209 4398 2309 4469 λην
2352 4398 2598 4469 ταραχὴν
2639 4400 3006 4470 ἐπεγείραντα
3048 4402 3118 4470 τῇ
3165 4402 3514 4468 πνευματικῇ
3559 4399 3755 4467 ὁμονοῐα

2209 4491 2306 4545 τοῦ
2341 4492 2544 4562 ταύτης
2584 4491 2871 4561 σώματος,
2905 4493 2981 4558 ὡς
3022 4493 3098 4565 μὴ
3139 4491 3348 4564 ὤφελεν
3373 4508 3388 4524 ·
3426 4493 3521 4547 τοῦ
3556 4489 3676 4553 γοῦν
3705 4490 3757 4539 ἐκ

524 4588 691 4640 τόπον
746 4584 1038 4653 ἐπέχοντος
1096 4580 1408 4643 Κοτολείουν
1465 4577 1561 4630 τοῦ
1622 4575 1944 4644 Σουγδαίας.
2003 4575 2100 4629 τοῧ
2136 4587 2180 4642 D
2207 4585 2345 4638 Θεοῦ
2379 4585 2672 4653 κρατίστου
2706 4585 2802 4638 καὶ
2835 4587 2993 4655 ἁγίου
3027 4587 3182 4656 ἡμῶν
3213 4585 3476 4639 αὐθέντου
3507 4585 3598 4638 καὶ
3626 4583 3756 4652 βασι-

524 4676 1069 4753 Χριστιανουπόλεως
1121 4673 1214 4727 καὶ
1297 4670 1393 4725 τοῦ
1449 4670 1699 4738 Ῥωσίου,
1759 4668 1963 4722 εἰδήσει
2007 4671 2104 4723 καὶ

527 4776 747 4846 εὐδοκία
772 4773 867 4826 τοῦ
895 4771 1193 4843 κρατίστου
1213 4768 1307 4820 καὶ
1341 4765 1502 4832 ἁγίου
1536 4780 1638 4834 μου
1667 4761 2100 4831 αὐτοκράτορος,

526 4871 621 4925 τοῦ
649 4867 986 4939 κοσμοῦντος
1022 4865 1117 4919 καὶ
1148 4859 1468 4932 ἐδράξαντος
1517 4858 1578 4911 τὸ
1607 4857 1708 4927 τῆς
1776 4856 2104 4926 Ἐκκλησίας

530 4964 826 5033 στερέωμα
879 4959 987 5014 ἀπὸ
1022 4958 1124 5029 τῆς
1162 4955 1545 5025 δεδωρημένης
1579 4953 1658 5022 τῷ
1701 4949 1872 5020 ἐνθέῳ
1908 4948 2102 5020 κράτει

528 5059 694 5114 αὐτοῦ
733 5053 1047 5127 ὑπερφυοῦς
1077 5050 1432 5121 μεγαλονοίας
1463 5049 1561 5102 καὶ
1599 5048 1699 5116 τῆς
1725 5045 2103 5116 πανταρίστης

530 5157 623 5209 καὶ
655 5145 1022 5220 κηδεμονικῆς
1061 5143 1224 5196 αὐτοῦ
1301 5140 1530 5213 γνώμης
1573 5142 1667 5194 καὶ
1691 5140 1908 5206 φύσεως
1942 5139 2105 5207 μετέ-

530 5251 664 5317 θηκε
711 5242 902 5298 τοῦτον
959 5242 1037 5303 είς
1100 5237 1199 5308 τὴν
1250 5237 1350 5306 τῆς
1402 5235 1734 5290 Ναυπάκτου
1786 5237 2105 5306 άγιωτάτην

531 5339 739 5408 ταύτην
776 5332 1129 5407 μητρόπολιν,
1163 5329 1224 5394 ὃς
1253 5329 1318 5400 δὴ
1345 5327 1640 5399 ἱερώτατος
1701 5329 2106 5400 μητροπολίτης

533 5432 897 5494 Ναυπάκτου,
925 5427 1226 5498 ύπέρτιμος
1257 5425 1312 5476 ἐν
1343 5423 1485 5492 ἁγίῳ
1515 5421 1795 5489 Πνεύματι
1819 5422 2107 5491 ἀγαπητὸς

536 5525 766 5592 ἀδελφὸς
800 5525 832 5592 ἡ
844 5520 960 5592 μῶν
986 5522 1079 5574 καὶ
1105 5513 1546 5586 συλλειτουργὸς,
1609 5513 1798 5582 ὥσπερ
1825 5516 1922 5580 τῆς
1955 5515 2104 5567 ὲπω-

534 5620 734 5687 νυμίας
761 5617 855 5672 τοῦ
883 5616 1075 5686 θρόνου
1115 5610 1320 5679 ταύτης
1355 5608 1570 5662 καὶτοῦ
1601 5607 1889 5676 ὀνόματος,
1929 5607 2106 5673 οὕτως

538 5709 687 5764 ἔσται
714 5713 815 5762 κάν
843 5708 921 5778 τῷ
946 5709 1074 5777 ἐξῆς
1104 5706 1188 5760 ἀεὶ
1218 5703 1396 5774 χρόνῳ
1430 5700 1674 5772 μετέχων
1703 5704 1799 5757 καὶ
1819 5702 2110 5756 ἀπολαύων

540 5802 634 5853 καὶ
669 5802 766 5868 τῆς
801 5799 894 5852 τοῦ
947 5801 1094 5868 ίεροῦ
1158 5797 1452 5866 συνθρόνου
1506 5792 1969 5864 ἐγκαθιδρύσεως,
2010 5795 2109 5848 ἆτε

537 5897 758 5966 γνήσιος
791 5894 894 5965 ἢδη
936 5894 1226 5964 ἀρχιερεὺς
1279 5890 1367 5945 διὰ
1401 5891 1498 5960 τῆς
1547 5887 1642 5943 τοῦ
1695 5890 1830 5941 Θεοῦ
1881 5887 2108 5962 χάριτος

2206 4679 2341 4742 λέως
2377 4677 2483 4732 ὐπὸ
2514 4679 2614 4749 τῆς
2647 4679 2878 4750 ἐνούσης
2911 4677 3058 4751 αὐτῷ
3096 4679 3475 4751 μεγαλοφυῖας
3507 4681 3596 4733 καί
3626 4677 3756 4744 ἀγχι-

2207 4770 2353 4834 νοίας
2390 4771 2484 4823 καὶ
2521 4773 2650 4841 περὶ
2682 4772 2752 4824 τὰ
2793 4772 2935 4826 καλά
2972 4772 3209 4843 σπουδῆς
3243 4789 3304 4824 τε
3345 4773 3442 4824 καὶ
3481 4769 3756 4841 συνδρομῆς

2209 4864 2274 4916 τὰ
2297 4863 2528 4918 τοιαῦτα
2554 4864 2828 4920 σκάνδαλα
2853 4865 3231 4928 διαλελυκότος
3260 4865 3352 4918 καὶ
3381 4863 3623 4916 ἐκποδὼν
3644 4863 3756 4914 ἁπε-

2208 4957 2506 5028 ληλακότος
2535 4958 2631 5010 καὶ
2655 4957 2755 5028 τὴν
2782 4959 3009 5030 εἰρήνην
3035 4959 3134 5030 τῆς
3160 4957 3256 5012 τοῦ
3285 4957 3422 5013 Θεοῦ
3458 4954 3755 5026 Ἐκκλησίας

2209 5051 2473 5122 φιλοθέως
2512 5053 2645 5121 ἡμῖν
2681 5052 3093 5123 χορηγήσαντος
3128 5053 3223 5106 καὶ
3254 5053 3380 5114 τοὺς
3415 5049 3756 5120 διισταμένους

2207 5145 2317 5197 τῶν
2356 5144 2667 5216 ίερωτάτων
2701 5146 3006 5217 ἀρχιερέων
3044 5146 3379 5216 συνάψαντος
3411 5144 3491 5215 τῷ
3525 5161 3582 5197 τε
3618 5157 3758 5194 Iuva-

2209 5240 2460 5308 γιωτάτῳ
2485 5237 2642 5308 ημῶν
2666 5237 2719 5290 δε
2731 5241 2926 5310 σπότῃ,
2953 5239 3032 5308 τῷ
3054 5238 3422 5308 οίκουμενικῷ
3453 5237 3756 5307 πατριάρχῃι

2211 5333 2305 5386 καὶ
2340 5333 2405 5400 τῇ
2458 5331 2588 5401 περὶ
2621 5332 2783 5385 αὐτὸν
2820 5332 2942 5402 θείᾳ
2977 5334 3070 5385 καὶ
3109 5332 3232 5402 ἱερᾷ
3268 5331 3510 5401 συνόδῳ,
3545 5325 3756 5392 ἀπελύθη

2209 5422 2512 5491 τηνικαῦτα
2565 5424 2658 5476 καὶ
2713 5423 2858 5476 θεῖον
2909 5426 3003 5476 καὶ
3061 5423 3260 5476 σεπτὸν
3312 5422 3637 5494 πρόσταγμα
3680 5415 3758 5483 τῆς

2213 5519 2373 5584 ἁγίας
2427 5515 2708 5587 βασιλείας
2761 5516 2964 5582 αὐτοῦ,
3016 5516 3388 5585 διοριζόμενον
3438 5510 3757 5578 ἐξετασθῆναι

2214 5609 2516 5669 κανονικῶς
2549 5607 2618 5661 τά
2657 5607 3058 5678 προτεινόμενα
3102 5608 3235 5677 παρ’
3262 5605 3444 5661 αὐτῶν
3482 5605 3756 5675 κεφάλαια,

2213 5703 2374 5772 εἴπερ
2418 5702 2525 5770 ἄρα
2559 5700 2735 5754 ταῦτα
2781 5700 3096 5772 προέϐησαν
3136 5701 3387 5772 μηδόλως
3423 5701 3580 5753 τινῶν
3613 5697 3756 5751 καθα·

2212 5797 2436 5866 ψάμενα
2455 5831 2470 5857 ,
2496 5794 2631 5846 ἀλλά
2659 5793 2797 5862 μετά
2823 5795 3050 5864 εἰρήνης
3075 5795 3168 5848 καὶ
3195 5796 3515 5864 συμφωνίας
3543 5807 3754 5858 πνευμα·

2215 5887 2372 5958 τικῆς
2392 5927 2406 5956 ι
2439 5885 2788 5958 τηρουμένης
2820 5887 2917 5958 τῆς
2951 5887 3028 5952 είς
3063 5886 3154 5940 τὸν
3190 5885 3598 5956 παναγιώτατον
3627 5880 3750 5952 ἡμῶν
