3964 6550
279 375 416 443 136⁸)

1332 395 1736 460 SYNODIC/‘E
1776 401 2459 469 CONSTITUTIONES.

3392 412 3490 478 137
3516 416 3552 478 0

272 497 573 603 δεσπξιτηνι
608 499 702 603 Eb”
736 503 1117 603 ?E¥0UPfVlX_5V
1149 510 1528 582 πατριάρχην,
1565 515 1853 587 ὀφειλομέ-
1886 527 1930 580 Α
1961 521 2118 590 θῆναι
2145 523 2398 578 ἐντεῦθεν
2422 524 2517 579 καὶ
2540 524 2607 579 τά
2635 525 2979 598 ἐπιφυόμενα
3009 529 3305 596 σκάνδαλα,
3331 532 3554 603 άπῃτήε-

274 607 370 659 νης
401 590 707 662 ὑποταγῆς.
731 594 1209 669 ἐξετασθησόμενα
1239 604 1334 656 καὶ
1361 604 1644 676 ληψόμενα
1673 611 1857 664 ἐντεῦ-

276 680 368 738 θεν
395 682 680 751 ἀναλόγως
708 687 808 756 τὴν
837 688 1158 757 θεραπείαν.
1199 694 1352 749 Ἐπεὶ
1380 697 1514 765 γοῦν
1541 700 1646 771 πρὸ
1675 701 1860 770 ὀλίγου

277 775 305 829 ὃ
334 793 395 830 τε
433 776 730 846 ἱερώτατος
765 783 1171 856 μητροπολίτης
1205 787 1559 860 Χαλκηδόνος
1594 795 1689 847 καὶ
1722 796 1751 848 6
1781 811 1863 848 τι-

281 866 554 938 μιώτατος
581 871 890 942 ύποψήφιος
917 875 1338 952 Θεσσαλονίκης,
1367 884 1727 956 ἱερομόναχος
1753 887 1861 960 κῦρ

276 961 474 1027 Νεῖλος
514 965 542 1017 ό
583 964 935 1032 Καδάσιλας,
973 969 1381 1041 ἐγχειρίσαντες
1422 977 1753 1049 κατάστιχον
1785 982 1866 1053 τῷ

278 1057 683 1128 παναγιωτάτφ
723 1060 883 1130 ἡμῶν
915 1061 1152 1137 δεσπότῃ
1176 1107 1191 1132 ,
1225 1067 1304 1137 τῷ
1343 1070 1714 1142 οἱκουμενικῷ
1758 1089 1866 1128 πα-

276 1149 545 1222 τριάρχῃ,
571 1153 964 1220 κεφαλαιωδῶς
993 1156 1408 1229 περιλαμϐάνον
1439 1163 1536 1223 τὰς
1565 1163 1862 1233 διαφόρως,

277 1241 372 1295 νῦν
402 1260 466 1296 τε
501 1245 594 1297 καλ⁸
628 1246 897 1318 πρότερον
928 1251 1227 1321 γενομένας
1261 1255 1412 1326 παρὰ
1443 1257 1626 1310 πᾶσαν
1660 1260 1867 1330 εἴδησιν

277 1335 376 1404 τῆς
414 1336 749 1408 Ἐκκλησίας
789 1339 927 1393 Θεοῦ
970 1346 1304 1413 τριγαμίας,
1349 1350 1729 1418 τετραγαμίας
1770 1351 1868 1404 καὶ

279 1424 766 1497 ἀθεμιτογαμίας,,
787 1430 868 1485 ἐτι
899 1449 958 1484 τε
989 1436 1084 1486 καὶ
1115 1435 1252 1488 ἄλλα
1281 1436 1404 1490 τινὰ
1423 1479 1437 1502 ,
1469 1438 1544 1502 ὡς
1575 1438 1736 1508 δῆθεν
1766 1440 1864 1510 ζη-

279 1517 500 1588 τήματα
541 1525 802 1576 κανονικέι
825 1564 841 1589 ,
877 1526 973 1601 καὶ
1012 1525 1219 1581 ἐδέοντο
1260 1531 1360 1600 τῆς
1398 1531 1606 1586 τούτων
1643 1532 1869 1603 διορθώ-

283 1623 442 1671 σεως.
490 1608 547 1666 ΖΟ
587 1607 680 1665 οὖν
722 1616 1144 1684 παναγιώτατος
1185 1619 1343 1690 ήμῶν
1382 1621 1682 1692 δεσπότης,
1723 1624 1753 1676 6
1792 1625 1869 1676 οἰ-

282 1704 614 1772 κουμενικὸς
658 1707 1041 1780 πατριάρχης,
1085 1711 1184 1765 καὶ
1227 1712 1397 1768 πάλαι
1441 1713 1730 1785 διόρθωσιν
1770 1717 1869 1788 τὴν

281 1795 522 1866 δυνατὴν
548 1801 917 1871 ποιησάμενος
945 1803 1002 1855 ἐν
1029 1805 1142 1866 τοῖς
1169 1805 1432 1868 τοιούτοις
1462 1809 1557 1861 καὶ
1587 1809 1870 1879 ἐκδίκησιν

245 1922 248 1924 -
279 1890 381 1962 τὴν
413 1894 839 1966 προσήκουσαν,
875 1897 1113 1966 Χριστοῦ
1145 1900 1365 1971 χάριτι,
1397 1903 1494 1955 καὶ
1525 1903 1866 1973 διατηρήσας
1901 1885 1940 1940 Β

281 1984 373 2036 τὸν
399 1985 604 2056 τρόπον
631 1989 729 2057 τῆς
781 1988 984 2044 τούτων
1010 1993 1105 2045 καὶ
1138 1991 1216 2045 ἐτι
1250 1996 1690 2062 μετακινήσεως,
1718 1996 1868 2065 ὅμως

281 2079 370 2130 διὰ
399 2078 465 2132 τὸ
499 2080 599 2149 τῆς
629 2081 855 2153 είρήνης
877 2121 892 2146 ,
921 2083 994 2148 ώς
1028 2084 1245 2155 εἴρηται
1267 2128 1282 2153 ,
1313 2087 1604 2141 κάλλιστον
1633 2090 1869 2159 πρᾶγμα

286 2175 380 2226 καὶ
417 2175 510 2228 διὰ.
545 2176 642 2244 τὴν
676 2175 956 2249 ἔγγραφον
989 2179 1306 2250 προσταγὴν
1341 2181 1434 2234 τοῦ
1471 2182 1735 2252 κραταιοῦ
1775 2183 1870 2235 καὶ

197 2258 204 2262 ’
284 2268 444 2335 ἁγίου
488 2267 648 2339 ἡμῶν
682 2269 944 2324 αὐθέντου
987 2274 1080 2325 καὶ
1121 2273 1385 2344 βασιλέως
1424 2277 1871 2346 προσκαλεσάμε-

285 2379 371 2423 νος
405 2362 501 2422 τόν
533 2378 592 2416 τε
631 2363 938 2432 ἁγιώτατον
969 2366 1238 2437 δεσπότην
1271 2369 1364 2421 καὶ
1403 2369 1748 2440 πατριάρχην
1783 2367 1872 2422 Ίεο

288 2455 612 2525 ροσολύμων
653 2459 749 2511 καὶ
794 2459 1005 2523 πάντας
1043 2461 1171 2524 τοὺς
1219 2461 1549 2531 ίερωτάτους
1591 2463 1871 2534 ἀρχιερεῖς

284 2548 410 2610 τοὺς
450 2549 862 2620 ἐπιδημοῦντας
898 2554 957 2606 ἐν
985 2555 1054 2625 τῇ
1094 2553 1458 2627 βασιλευούσῃ
1490 2553 1600 2607 τῶν
1633 2555 1868 2619 πόλεων,

285 2645 842 2713 παρεκελεύσατο.είς
873 2647 1112 2716 ἐπήκοον
1142 2647 1362 2702 πάντων
1392 2650 1598 2703 τούτων
1627 2649 1870 2717 άναγνω·

288 2737 491 2807 σθῆναι
523 2739 585 2792 τὸ
619 2741 912 2810 εἰρημένον
949 2741 1327 2813 κατάστιχογ,.
1347 2743 1484 2814 ὅπερ
1519 2744 1615 2798 καὶ
1647 2743 1871 2814 διελάμ-

204 2900 209 2904 .
286 2830 453 2885 σανεν
476 2872 492 2898 ,
522 2833 627 2886 ὅσα
657 2833 794 2903 δῆτα
826 2833 921 2888 καὶ
951 2833 1335 2905 διελάμσανεν.
1375 2835 1749 2906 Ἀναγνωσθέν
1777 2833 1871 2892 οὖν

289 2924 446 2993 παρὰ
469 2925 564 2979 τοῦ
587 2927 922 2996 τιμιωτάτου
953 2928 1190 2998 μεγάλου
1221 2929 1578 3000 amanapr
1610 2929 1702 2984 καὶ
1729 2930 1873 2985 διδα-

287 3018 492 3073 σκάλου
521 3019 629 3078 τῶν
655 3020 991 3076 διδασκάλων
1017 3023 1077 3076 οῦ
1108 3024 1268 3093 μόνον
1296 3023 1465 3088 ἅπαξ,
1496 3023 1634 3078 ἀλλὰ
1665 3025 1760 3079 καὶ
1789 3024 1872 3088 δὶς

287 3115 384 3167 καὶ
427 3114 584 3185 τρῖς,
631 3113 1092 3186 συνεδριαζόντων
1135 3116 1215 3186 τῷ
1259 3119 1663 3189 παναγιωτάτῳ
1707 3119 1871 3188 ἡμῶν

287 3203 558 3275 δεσπΰτῃ,
589 3203 666 3276 τῷ
701 3205 1070 3276 οἱκουμενικῷ
1100 3209 1416 3278 πατριάρχῃ
1435 3248 1449 3273 ,
1481 3209 1576 3262 τοῦ
1607 3227 1668 3263 τε
1700 3210 1872 3278 άγιω-
1897 3235 1940 3293 c

285 3297 453 3349 τάτου
499 3296 762 3351 δεσπότου
808 3299 906 3351 καὶ
948 3299 1292 3370 πατριάρχου
1337 3299 1733 3371 Ἰεροσολύμων
1777 3303 1872 3354 καὶ

287 3389 398 3441 τῶν
438 3391 746 3458 ἱερωτάτων
781 3391 1086 3461 ἀρχιερέων
1125 3393 1376 3456 πάντων,
1413 3392 1554 3464 πλὴν
1587 3393 1681 3446 τοῦ
1727 3394 1873 3448 Χαλ-

290 3483 550 3552 κηδόνος,
585 3483 775 3554 ἐκρίθη
813 3484 1076 3554 περισσὸν
1109 3486 1205 3538 καὶ
1242 3484 1507 3556 σύγχυσιν
1541 3488 1702 3555 μόνον
1736 3488 1874 3541 ἐπά-

288 3593 385 3643 γον
420 3577 480 3629 τὸ
520 3579 888 3649 προκομισθέν
920 3577 1080 3630 τοῦτο
1120 3579 1472 3648 κατάστιχον,
1509 3581 1631 3632 ἐπεὶ
1665 3580 1734 3633 τά
1776 3581 1874 3650 μὲν

287 3674 397 3726 τῶν
434 3675 826 3744 ἐμφερομένων
861 3671 1012 3745 αῦτῷ
1047 3675 1364 3745 κεφαλαίων
1399 3676 1644 3744 ἔφθασαν
1679 3677 1876 3730 διεκδι-

291 3769 530 3840 κηθῆναι
578 3768 778 3832 ἱκανῶς
823 3771 918 3822 καὶ
963 3768 1102 3834 μετὰ
1143 3769 1235 3822 τὸν
1279 3768 1631 3839 ἐγχωροῦντα
1675 3769 1876 3838 τρόπον

291 3866 358 3934 τῇ
401 3878 462 3914 τε
497 3861 790 3932 Ἐκκλησία
836 3862 972 3916 Θεοῦ
1018 3864 1112 3916 καὶ
1154 3861 1233 3932 τῷ
1277 3863 1676 3931 παναγιωτάτῳ
1717 3863 1875 3930 ἡμῶν

292 3955 550 4025 δεσπῧτῃ.
581 3953 657 4024 τῷ
687 3955 1055 4024 οἱκουμενικῷ
1087 3955 1422 4026 πατριάρχῃ,
1455 3953 1752 4023 ἐγγράφως
1782 3952 1876 4005 καὶ

291 4049 560 4120 ἀγράφως
593 4048 1105 4118 προμηθευσαμένῳ
1140 4049 1236 4102 καὶ
1269 4049 1638 4102 οπουδάσαντι
1669 4046 1749 4110 είς
1779 4048 1877 4115 τὴν

290 4141 505 4195 τούτων
539 4141 825 4210 διόρθωσιν
846 4183 860 4205 ,
894 4141 940 4193 εἱ
978 4141 1071 4195 καί
1099 4158 1248 4202 τινες
1279 4142 1330 4194 οἱ
1358 4140 1730 4210 τολμήσαντες
1763 4139 1879 4193 δια-

294 4234 608 4304 πράξασθαι
642 4234 743 4298 τὰς
774 4235 1030 4297 τοιαύτας
1067 4234 1446 4304 παρανομίας,
1481 4234 1879 4304 ἀμεταμέλητα

293 4328 377 4380 ἐτι
411 4326 726 4392 νοσοῦντες,
756 4327 1033 4397 ἐξέχονται
1065 4327 1274 4381 τούτων
1306 4329 1402 4381 καὶ
1437 4329 1578 4399 μετὰ
1608 4327 1708 4399 τὴν
1740 4327 1878 4381 ἐνδι-

293 4438 391 4476 κον
424 4420 770 4490 ἐπιτίμησιν.
800 4419 881 4474 Τά
910 4420 965 4472 δὲ
1000 4420 1160 4491 ἔσχον
1192 4421 1386 4491 ἑτέραν
1417 4419 1704 4493 συνοδικὴν
1735 4419 1880 4489 διόρο

293 4516 464 4569 θωσιν
493 4517 586 4568 καὶ
615 4515 1070 4569 ἀποκατάστασιν
1090 4553 1106 4577 ,
1136 4513 1309 4584 ἤγουν
1336 4515 1405 4568 τά
1438 4515 1568 4586 περὶ
1597 4514 1694 4568 τοῦ
1731 4515 1883 4568 ’Λλα-

294 4613 436 4677 νίας,
465 4609 558 4662 τοῦ
591 4610 960 4679 Περιθεωρίου
991 4595 1084 4663 καὶ
1109 4609 1278 4680 ἐτερά
1303 4626 1425 4662 τινα
1449 4609 1845 4681 τοιουτότροπα
1866 4624 1882 4642 ⁸

294 4704 465 4774 ἔτερα
505 4705 561 4757 δὲ
597 4704 706 4757 τῶν
743 4704 1002 4759 τοιούτων
1037 4704 1318 4774 ἀθεμίτων
1354 4704 1585 4772 γάμων,
1623 4703 1885 4771 γεγονότα

297 4799 450 4868 παρὰ
495 4798 675 4850 πᾶσαν
718 4796 943 4869 γνώμην
982 4798 1079 4850 καὶ
1120 4795 1379 4868 βούλησιν
1417 4795 1516 4866 τῆς
1556 4793 1887 4863 Ἐκκλησίας

296 4891 459 4955 Θεοῦ,
501 4891 913 4962 ἐπετιμήθησαν
960 4890 1059 4961 μὲν
1099 4889 1174 4954 ὡς
1216 4889 1531 4959 παράνομα,
1574 4888 1785 4941 δέονται
1830 4887 1887 4940 δὲ

298 4989 378 5051 εἱς
404 4987 464 5038 τὸ
493 4985 900 5055 διασπασθῆναι
931 4983 1026 5037 καὶ
1053 4983 1151 5053 τῆς
1181 4982 1332 5052 παρὰ
1357 4980 1453 5034 τοῦ
1487 4979 1756 5051 κραταιοῦ
1793 4979 1887 5032 καὶ

297 5077 456 5145 ἁγίου
504 5077 662 5148 ἡμῶν
713 5076 974 5129 αὑθέντου
1020 5075 1116 5129 καὶ
1161 5073 1427 5146 βασιλέως
1469 5073 1884 5142 διεκδικήσεως.

300 5172 422 5224 Τῶν
459 5171 646 5240 μέντοι
688 5169 782 5222 δύο
814 5169 1022 5223 τούτων
1059 5168 1370 5237 ἱερωτάτων
1406 5164 1713 5235 ἀρχιερέων
1737 5207 1751 5229 ,
1790 5162 1885 5216 τοῦ

298 5285 357 5320 τε
389 5266 739 5336 Χαλκηδόνος
768 5271 862 5316 και
888 5263 984 5316 τοῦ
1017 5260 1340 5330 Σουγδαίας,
1370 5259 1450 5312 ἐτι
1479 5258 1536 5312 δὲ
1567 5260 1662 5310 καὶ
1689 5256 1782 5309 τοῦ
1810 5273 1888 5309 τι-

305 5362 582 5432 μιωτάτου
628 5358 967 5429 ὑποψηφίου,
1014 5352 1395 5409 ἀπαιτούντων
1438 5353 1532 5405 καὶ
1577 5350 1886 5430 ζητούντων

302 5456 525 5509 πλείονα
554 5454 652 5526 τὴν
681 5451 970 5522 διόρθωσιν
997 5450 1092 5504 καὶ
1122 5449 1432 5521 βαρυτέραν
1461 5447 1561 5518 τὴν
1593 5442 1886 5509 ἐπεξέλευ-

305 5566 388 5600 σιν
420 5549 516 5602 καὶ
551 5549 625 5616 μὴ
659 5547 1020 5617 στοιχούντων
1050 5543 1304 5597 ἐντεῦθεν
1333 5544 1400 5612 τῇ
1435 5539 1704 5610 εἰρημένῃ
1736 5552 1889 5589 συνο-

304 5646 426 5714 δικῇ
471 5640 764 5712 διαγνώσει
808 5641 901 5694 καὶ
945 5641 1099 5709 κοινῇ
1144 5637 1311 5706 ψήφῳ
1353 5636 1450 5688 καὶ
1491 5631 1746 5703 ὁμονοία,
1792 5629 1886 5683 καὶ

305 5735 587 5804 ζητήσεως
642 5729 930 5798 συνοδικῆς
972 5727 1274 5796 γενομένης
1316 5726 1448 5795 περὶ
1492 5721 1604 5789 τοῦ,
1650 5721 1764 5786 πῶς
1807 5720 1889 5775 δεῖ

305 5825 752 5895 ἀποκαταστῆναι
801 5824 871 5876 τά
918 5819 1272 5890 ἐμφερόμενα
1316 5818 1395 5888 τῷ
1440 5815 1667 5884 τοιούτῳ
1715 5831 1884 5867 κατα-

308 5925 475 5996 στὶχῳ
506 5921 600 5976 καὶ
631 5918 816 5974 λαϐεῖν
843 5915 1056 5972 τελείαν
1081 5914 1179 5986 τὴν
1202 5912 1550 5970 διευλύτωσιν
1581 5913 1672 5968 καὶ
1701 5909 1885 5964 διαλυ-

1963 615 2137 684 θησαν
2164 617 2260 669 καὶ
2285 617 2503 688 γνῶμαι
2529 618 2729 684 κοινῶς
2757 623 2851 674 ἐπὶ
2877 623 2942 690 τῇ
2973 623 3200 695 τοιαύτῃ
3232 623 3549 678 συνελεύσει

1961 709 2072 762 τῶν
2105 711 2382 781 ῥηθέντων
2416 714 2729 780 ἱερωτάτων
2759 715 3066 786 ἀρχιερέων
3095 716 3183 771 διὰ
3214 719 3312 787 τὴν
3343 718 3548 788 ἐφεξῆς

1963 801 2265 870 ἀσφάλειαν
2289 819 2304 833 ·
2338 801 2432 856 καὶ
2463 803 2526 873 δὴ
2565 803 2777 874 πρῶτος
2809 807 2837 858 6
2875 806 3206 877 Ἡρακλείας
3238 805 3394 862 εἶπεν
3415 849 3430 873 ,
3464 810 3548 862 ὅτι

1965 893 2040 944 Οὐ
2084 892 2164 946 δεῖ
2205 893 2332 963 περὶ
2373 895 2483 947 τῶν
2533 895 2841 965 τριγαμιῶν
2882 897 2978 950 καὶ
3020 898 3410 968 τετραγαμιῶν
3454 898 3551 952 καὶ

1965 981 2420 1054 άθεμιτογαμιῶν
2459 986 2728 1040 κινεῖσθαι
2770 989 3058 1060 παρρησίᾳ
3082 1031 3096 1055 ,
3133 991 3257 1044 ἐπεὶ
3297 991 3553 1060 οὐδαμῶς

1969 1074 2110 1143 μετά
2141 1075 2238 1144 τῆς
2271 1075 2543 1146 τυχούσης
2585 1077 2814 1150 γνώμης
2853 1079 2945 1133 καὶ
2984 1081 3245 1145 ἐνδόσεως
3279 1084 3378 1150 τῆς
3419 1081 3554 1135 Ἐκ-

1967 1165 2200 1236 κλησίας
2231 1168 2553 1236 γεγόνασιν,
2586 1170 2702 1224 ἀλλ’
2733 1171 2819 1224 ἵνα
2851 1173 3257 1228 ἐπεκδικῶνται
3292 1174 3554 1245 ἀλλαχόθι

1962 1258 2070 1326 ’μὲν
2116 1257 2268 1328 παρὰ
2310 1260 2406 1312 τοῦ
2452 1261 2596 1314 κατά
2644 1261 2829 1333 χώραν
2873 1264 3174 1318 ἐπισκόπου
3227 1266 3549 1329 κανονικῶς,

1967 1346 2201 1400 ἐνταῦθα
2239 1348 2294 1402 δέ
2337 1348 2444 1420 ἱδίᾳ.
2488 1350 2638 1421 παρὰ
2674 1351 2767 1405 τοῦ
2811 1355 3231 1421 παναγιωτάτου
3272 1355 3431 1424 ἡμῶν
3467 1355 3554 1408 δε-

1969 1441 2191 1507 σπότου,
2212 1441 2309 1494 τοῦ
2330 1443 2715 1512 οἰκουμενικοῦ
2739 1448 3101 1518 πατριάρχου,
3126 1431 3256 1518 παρ’
3271 1439 3446 1500 οῦκαὶ
3465 1450 3556 1501 ἐκ·-

1967 1531 2209 1612 δικήσεις
2243 1535 2336 1586 ἐπὶ
2369 1535 2582 1600 τούτοις
2615 1538 2964 1607 ἐγεγόνεισαν
2997 1540 3270 1611 διαφόρως
3293 1557 3307 1573 ·
3342 1543 3555 1612 στέργω

1924 1652 1942 1660 -
1967 1599 2045 1675 δὲ’
2067 1599 2163 1676 καὶ
2196 1623 2297 1694 τὴν
2334 1625 2618 1696 προϐᾶσαν
2654 1599 3010 1700 συγχώρησιν
3051 1599 3188 1699 ὑπὲρ
3223 1599 3318 1683 τοῦ
3361 1599 3555 1702 ἱεριέῶς

1967 1711 2062 1766 τοῦ
2092 1715 2432 1785 Μαχητρίου.
2460 1717 2521 1771 '0
2554 1719 2795 1783 Κυζίκου
2825 1717 3004 1783 εἶπεν,
3042 1721 3126 1775 ὅτι
3161 1723 3255 1775 Δεῖ
3284 1723 3452 1776 ταῦτα
3480 1723 3555 1788 ὠς

1945 1805 2146 1862 ,ἄτοπα
2199 1808 2522 1880 διαλυθῆναι
2579 1812 2710 1876 καὶ,
2761 1810 2835 1875 ὡς
2889 1813 3149 1875 δυνατὸν,
3203 1815 3547 1879 κωλύεσθαι,

1969 1895 2158 1968 ῶσπερ
2200 1899 2264 1972 δὴ
2305 1901 2398 1954 καὶ
2441 1901 2881 1972 άναχαιτίζονται
2925 1905 3017 1957 καὶ
3060 1905 3375 1958 κωλύονται
3407 1907 3554 1960 κατὰ

1969 1992 2030 2046 τὸ
2055 1993 2334 2065 ἐγχωροῦν
2359 1995 2436 2066 τῷ
2467 1997 2867 2068 παναγιωτάτφ
2892 2001 2924 2070 ἡ
2935 1999 3050 2068 μῶν
3077 1999 3313 2071 δεσπότῃ
3331 2042 3345 2063 ,
3371 2000 3449 2071 τῷ
3475 2004 3554 2054 οἱ-

1971 2085 2281 2154 κουμενικῷ
2309 2088 2648 2160 πατριάρχῃ.
2678 2089 2753 2159 μὴ
2783 2090 2971 2157 μέντοι
3000 2091 3354 2160 προστρίϐειν
3380 2091 3554 2146 ταῦτα

1970 2179 2037 2248 τῇ
2074 2179 2393 2251 Ἐκκλησία,
2426 2180 2539 2232 ἀλλ’
2563 2181 2876 2237 ἀνατιθέναι
2907 2183 3004 2254 τὴν
3034 2185 3238 2238 τούτων
3271 2186 3552 2256 ἐκδίκησιν

1970 2269 2051 2340 τῷ
2077 2273 2359 2345 προστάτῃ
2391 2275 2490 2343 τῆς
2524 2273 2878 2344 Ἐκκλησίας,
2911 2277 3054 2346 πλὴν
3089 2277 3227 2347 μετά
3259 2276 3551 2347 βασιλικῆς

1975 2363 2198 2435 ἰσχύοςο
2247 2367 2459 2438 στέργω
2497 2367 2553 2420 δέ
2597 2368 2693 2420 καὶ
2733 2368 2834 2439 τὴν
2879 2369 3163 2440 προόᾶσαν
3203 2372 3552 2440 συγχώρησιν

1974 2456 2260 2527 συνοδικὴν
2290 2457 2430 2527 ὑπὲρ
2460 2458 2552 2511 τοῦ
2589 2460 2780 2531 ἱερέως
2813 2460 2906 2514 τοῦ
2940 2462 3284 2532 Μαχητρίου.
3329 2462 3385 2516 Ὀ
3420 2465 3553 2517 Πον-

1971 2550 2332 2619 τοηρακλείας
2361 2548 2541 2617 εἶπεν,
2571 2553 2652 2606 ὅτι
2680 2554 2888 2624 Στοιχῶ
2917 2555 3058 2608 κατὰ
3090 2558 3266 2610 πάντα
3295 2556 3389 2609 ἐπὶ
3418 2556 3554 2608 πᾶσι

1971 2641 2182 2704 τούτοις
2210 2645 2276 2712 τῇ
2309 2643 2508 2716 γνώμῃ
2538 2643 2632 2697 τοῦ
2661 2645 2926 2699 δεσπότου
2959 2645 3054 2699 τοῦ
3093 2646 3438 2718 Ἡρακλείας.
3472 2647 3554 2700 ὅτι

1972 2738 2032 2792 οὐ
2065 2739 2149 2808 δεῖ
2181 2739 2354 2793 ταῦτα
2387 2741 2868 2813 παρρησιάζεσθαι
2903 2743 2936 2814 ἢ
2973 2743 3403 2814 προστρίϐεσθαι
3441 2743 3559 2812 μῶ-

1977 2847 2078 2902 μον
2105 2832 2171 2902 cf}
2205 2833 2413 2904 συνόδῳ
2440 2833 2529 2888 διὰ
2557 2833 2731 2889 ταῦτα
2755 2851 2768 2866 ⁸
2800 2835 3014 2908 στέργω
3042 2837 3138 2890 καὶ
3164 2838 3264 2906 τὴν
3291 2836 3433 2906 ὑπὲρ
3459 2835 3552 2889 τοῦ

1976 2926 2168 2997 ἱερέως
2201 2926 2296 2980 τοῦ
2331 2913 2657 2998 Μαχητρίου
2694 2929 2982 2998 συνοδικὴν
3018 2928 3332 2996 διάγνωσιν.
3373 2929 3430 2982 '0
3469 2929 3560 2980 Bt.-

1974 3020 2108 3092 ζόης
2143 3014 2335 3083 εἶπεν,
2367 3020 2450 3074 ὅτι
2477 3021 2623 3074 Ὅσα
2659 3019 2901 3087 γίνονται
2942 3023 3094 3091 παρὰ
3120 3021 3217 3088 τὸν
3251 3019 3416 3089 τόμον
3449 3018 3553 3086 τῆς

1973 3111 2220 3178 ἐνώσεως
2255 3111 2346 3166 ἐπὶ
2376 3113 2488 3175 τοῐς
2520 3109 2788 3176 τοιούτοις
2822 3111 3101 3182 ἀθεμίτοις
3138 3112 3375 3179 γάμοις,
3409 3109 3560 3178 ὀφεί-

1973 3210 2082 3274 λει,
2110 3207 2200 3261 ἵνα
2225 3183 2623 3260 ἐπεκδικῶνται
2651 3204 2801 3275 παρὰ
2827 3204 2920 3257 τοῦ
2951 3202 3368 3270 παναγιωτσὶτου
3397 3201 3556 3273 ἡμῶν

1975 3301 2258 3366 δεσπότου,
2305 3301 2398 3353 τοῦ
2448 3297 2830 3369 οἰκουμενικοῦ
2885 3300 3251 3368 πατριάρχου,
3302 3297 3440 3350 κατά
3490 3298 3552 3350 τδ

1941 3396 1943 3398 ’
1974 3395 2198 3448 δυνατὸν
2227 3393 2375 3466 αὐτῷ
2395 3433 2409 3458 ,
2441 3392 2631 3462 ῶσπερ
2660 3392 2798 3462 δῆτα
2828 3391 2924 3444 καὶ
2954 3390 3166 3460 γίνεται
3197 3389 3328 3461 παρ’
3351 3386 3519 3442 αὐτοῦ
3543 3429 3559 3456 ,

1976 3491 2069 3542 καὶ
2101 3490 2162 3542 ού
2196 3488 2302 3559 χρὴ
2338 3484 2815 3559 παρρησιάζεσθαι
2845 3481 3022 3538 ταῦτα
3050 3483 3147 3536 καλ⁸
3181 3482 3453 3536 κινεῖσθαι
3491 3482 3560 3535 δι’

1975 3580 2097 3633 ὅλου
2130 3582 2186 3632 ἐν
2212 3581 2275 3649 τῇ
2309 3579 2428 3651 θείᾳ
2455 3581 2549 3633 καὶ
2580 3578 2702 3648 ἱερᾷ
2734 3578 2935 3648 συνόδῳ
2961 3594 2974 3607 ο
3011 3577 3060 3628 εί
3091 3575 3136 3627 δ’
3161 3575 3293 3637 ῖσως
3323 3573 3452 3646 ἐλθῃ
3482 3575 3563 3636 εἰς

1975 3671 2280 3742 ἀδυναμίαν
2320 3671 2414 3723 τοῦ
2461 3669 2634 3723 ταῦτα
2681 3668 2942 3722 δύνασθαι
2986 3666 3220 3721 κωλύειν
3261 3668 3342 3730 εἰς
3383 3666 3558 3731 τέλος,

1980 3768 2068 3820 ἵνα
2110 3765 2338 3836 γένηται
2373 3765 2432 3818 τὸ
2473 3764 2720 3818 ἐλλεῖπον
2757 3763 2856 3830 τῆς
2899 3762 3234 3830 ἐκδικήσεως
3281 3759 3431 3828 παρὰ
3465 3757 3566 3826 τῆς

1982 3859 2268 3931 βασιλικῆς
2300 3859 2589 3926 δυνάμεως
2613 3872 2626 3886 ο
2662 3853 2879 3924 στέργω
2908 3855 2964 3907 δὲ
2997 3859 3094 3907 καὶ
3122 3855 3222 3922 τὴν
3256 3849 3443 3914 ἁπλῶς
3473 3867 3568 3919 γε-

1982 3953 2215 4021 νομένην
2250 3951 2537 4018 συνοδικὴν
2570 3947 3093 4020 συγχώρησιν-ὑπὲρ
3124 3947 3218 3999 τοῦ
3247 3944 3439 4017 ἱερέως
3472 3942 3568 3996 τοῦ

1981 4043 2327 4112 Μαχητρίου.
2365 4041 2426 4094 '0
2458 4040 2712 4110 Βρύσεως
2743 4035 2918 4103 εἶπεν,
2951 4039 3034 4091 ὅτι
3066 4035 3224 4090 Κατά
3253 4035 3363 4089 τῶν
3392 4033 3571 4088 τοιού-

1979 4150 2088 4202 των
2115 4130 2560 4200 ἀθεμιτογαμιῶν
2591 4123 2686 4184 καὶ
2713 4127 3068 4197 πολυγαμιῶν
3086 4128 3342 4197 ἐποίησεν
3371 4127 3398 4179 6
3429 4141 3571 4180 πανρ

1981 4222 2285 4292 αγιώτατος
2333 4223 2364 4290 ἡ
2374 4222 2492 4291 μῶν
2539 4221 2829 4289 δεσπότης,
2851 4221 2879 4272 6
2901 4218 3280 4289 οίκουμενικὸς
3302 4217 3572 4288 πατριάρ-

1982 4333 2084 4387 χης
2106 4358 2120 4378 ,
2155 4316 2280 4370 ὅσον
2315 4314 2423 4367 ἔδει
2458 4313 2761 4376 κανονικῶς
2784 4351 2799 4374 ,
2842 4311 2980 4382 μετά
3017 4311 3111 4364 καὶ
3143 4309 3244 4380 τῆς
3281 4308 3432 4372 θείας
3475 4307 3571 4359 καὶ

1985 4410 2135 4480 ἱερᾶς
2179 4408 2402 4461 συνόδου
2426 4448 2440 4472 ,
2477 4405 2573 4460 καὶ
2611 4401 3090 4473 ἐπεξῆλθεταῦτα
3133 4399 3451 4472 ἐγγράφως’
3475 4397 3572 4453 καὶ

1985 4503 2251 4571 ἀγράφως
2277 4515 2292 4530 ο
2327 4499 2592 4571 περισσὸν
2624 4494 2718 4555 οὖν
2749 4498 2900 4551 δοκεῖ
2932 4497 3027 4550 καὶ
3060 4495 3159 4549 ούκ
3192 4494 3412 4560 εῦλογον
3433 4532 3448 4558 ,
3483 4493 3572 4546 ἵνα

1922 4616 1960 4669 ο
1987 4595 2247 4650 κινῶνται
2279 4591 2453 4646 ταῦτα
2488 4593 2569 4653 είς
2604 4591 2702 4662 τὴν
2739 4590 2989 4653 σύνοδον,
3031 4589 3106 4652 ώς
3144 4584 3571 4658 προστρίδεσθαι

1990 4686 2238 4741 ἐντεῦθεν
2270 4685 2430 4756 ῦδριν
2461 4685 2556 4740 καὶ⁵
2589 4685 2926 4754 κατηγορίαν
2959 4685 3024 4754 τῇ
3062 4680 3362 4751 Ἐκκλησία
3399 4676 3534 4730 Θεοῦ
3556 4719 3571 4742 ,

1988 4781 2126 4849 ὅπερ
2157 4779 2275 4832 ἐστὶ
2305 4776 2675 4832 ἀτοπώτατον.
2705 4777 2856 4844 Ἐχω
2886 4774 2943 4827 δὲ
2977 4775 3044 4827 τά
3075 4772 3304 4824 τοιαῦτα
3337 4769 3574 4837 ἀθέμιτα

1990 4869 2306 4945 συνοικέσια
2344 4868 2442 4922 καὶ
2476 4867 2608 4935 ἐγὼ,
2645 4866 2826 4929 καθὼς
2863 4863 2986 4917 κατ’
3011 4862 3192 4916 αὐτῶν
3223 4861 3272 4914 οί
3309 4861 3441 4913 θεῖοι
3476 4860 3574 4912 καὶ

1991 4963 2128 5035 ἱεροὶ
2153 4961 2385 5024 κανόνες
2407 4957 2786 5028 διαγορεύουσι
2815 4957 2908 5009 καί
2934 4960 2961 5009 6
2983 4956 3080 5024 τῆς
3109 4955 3359 5014 ἐνώσεως
3383 4953 3573 5020 τόμος,

1989 5055 2084 5109 καὶ⁵
2112 5056 2212 5108 οὐκ
2235 5052 2413 5111 ἄλλως
2433 5067 2449 5081 ·
2479 5049 2694 5119 στέργω
2718 5048 2773 5102 δέ
2800 5049 2894 5102 καὶ
2917 5047 2977 5101 τὸ
3003 5045 3212 5117 προδᾶν
3236 5044 3334 5114 τῆς
3363 5059 3576 5113 συγχωο

1992 5147 2202 5216 ρήσεως
2246 5143 2486 5215 γράμμα
2533 5141 2828 5204 συνοδικῶς
2875 5140 2985 5193 άπὸ
3033 5135 3382 5208 συμπαθείας
3428 5135 3573 5204 ὑπὲρ

1987 5243 2081 5296 τοῦ
2114 5241 2304 5310 ἱερέως
2332 5240 2429 5294 τοῦ
2459 5231 2804 5310 Μαχητρίου,
2837 5235 2977 5304 πλὴν
3009 5234 3095 5287 ἵνα
3123 5231 3273 5285 οὐδὲν
3307 5230 3569 5299 ἱερουργῇ

1988 5337 2022 5408 ἢ
2056 5335 2353 5407 ἐργάζηταὶ
2378 5353 2430 5388 τι
2459 5333 2736 5404 ἱερατικὸν
2759 5331 2897 5392 ὅλως
2925 5331 2982 5380 ἐν
3006 5325 3082 5395 τῷ
3114 5321 3431 5394 περιονύμῳ
3457 5320 3572 5388 ναῷ

1989 5432 2084 5501 τῆς
2111 5430 2206 5482 τοῦ
2235 5429 2370 5482 Θεοῦ
2399 5428 2576 5496 Λόγου
2607 5425 2829 5493 Σοφίας,
2858 5420 2887 5474 δ
2913 5421 2978 5490 δὴ
3007 5419 3212 5481 πάντες
3239 5417 3288 5468 οἱ
3313 5412 3572 5484 ἀνωτέρω

1991 5519 2478 5593 γνωματεύσαντες
2502 5517 2781 5588 ἀρχιερεῖς
2807 5509 3090 5581 ἔστερξαν.
3126 5509 3187 5562 '0
3211 5509 3572 5579 Χριστιανου-

1991 5617 2199 5680 πόλεως
2239 5611 2433 5668 εϊπενο
2475 5613 2559 5665 Τά
2600 5608 2733 5679 περὶ
2773 5605 2884 5661 τῶν
2925 5605 3183 5659 τοιούτων
3230 5601 3570 5674 ἀθεμιτογα-

1993 5714 2152 5784 μιῶν,
2181 5709 2290 5780 ἐχω
2313 5706 2488 5762 ταῦτα
2518 5705 2611 5759 καὶ
2637 5701 2800 5764 αὐτὸς
2825 5699 3030 5772 αἱσχρά
3055 5700 3149 5752 καὶ
3178 5697 3346 5764 κακὰ,
3375 5693 3568 5765 ῶσπερ

1991 5809 2082 5863 καὶ
2121 5809 2170 5860 οἱ
2209 5805 2342 5858 θεῖοι
2378 5803 2470 5857 καὶ
2509 5803 2642 5872 ἱεροὶ
2682 5798 2903 5858 κανόνες
2937 5785 3038 5865 τὴν
3067 5793 3254 5864 ψῆφον
3286 5792 3416 5863 περὶ
3448 5790 3574 5844 τού-

1992 5922 2098 5958 των
2125 5899 2492 5971 προφέρουσιν
2509 5937 2523 5965 ,
2553 5895 2685 5949 ἀλλὰ
2710 5893 2774 5963 δὴ
2799 5891 2892 5946 καί
2916 5891 2944 5944 6
2969 5893 3065 5964 τῆς
3091 5887 3336 5951 ἐνώσεως
3359 5886 3523 5956 τόμος
3547 5901 3560 5914 ·
