3918 6572
411 359 545 424 1371

1199 372 1545 436 CAL'LISTI
1581 333 1696 436 E'l“
1723 377 2160 441 PHILOTHEI
2200 380 2312 443 ει».
2349 380 2813 446 PATRIABCH.
2925 387 2928 389 λ

3542 375 3682 441 1372

403 478 485 530 ὃτι
519 477 576 529 δὲ
609 475 803 532 ἔλαϐον
832 480 932 551 τὴν
964 481 1196 557 δυνατὴν
1217 486 1504 560 διόρθωσιν
1543 492 1693 564 παρά
1727 492 1821 548 τοῦ
1849 510 1993 550 πανο
2017 503 2066 559 Δ
2096 495 2286 552 τοῦτον
2322 498 2510 568 βαλεῖν
2542 500 2638 556 καὶ
2680 498 2910 569 ποιῆσαι
2949 496 3243 568 μετάνοιαν
3275 497 3361 561 είς
3392 494 3498 568 τὴν
3531 496 3681 551 θείαν

403 571 710 636 αγιωτάτου
789 572 949 640 ἡμῶν
991 573 1275 646 δεσπότου,
1316 581 1412 636 τοῦ
1457 584 1839 654 οίκουμενικοῦ
1885 603 1990 639 πα·-

402 651 700 730 τριάρχου,
734 663 833 715 καὶ
868 663 966 734 τῆς
1008 665 1161 730 θείας
1206 669 1302 723 καὶ
1345 671 1495 742 ἱερᾶς
1541 651 1800 742 συνόδου,
1836 673 1989 728 οὐδέν

406 765 498 816 μοι
523 750 673 804 δοκεῖ
698 755 1178 826 παρρησιάζεσθαι
1207 761 1404 827 ταῦτα,
1432 764 1528 818 καὶ
1557 767 1988 836 προστρίϐεσθαι

403 838 654 896 ἐντεῦθεν
685 843 896 916 μέμψιν
925 851 988 919 τῇ
1023 849 1249 925 συνόδῳ,
1283 853 1359 918 ώς
1389 855 1451 909 ού
1483 857 1704 922 τελείως
1735 857 1990 931 διελύθη-

405 951 530 1002 σαν,
557 935 695 991 ἀλλὰ
723 940 1036 1008 φροντίζειν
1065 943 1227 1014 μόνον
1255 946 1348 1002 τὸν
1376 949 1801 1018 παναγιώτατον
1830 951 1990 1022 ἡμῶν

401 1025 703 1098 δεσπότην,
735 1029 828 1084 τὸν
857 1033 1244 1105 οἱκουμενικδν
1273 1039 1659 1112 πατριάρχην,
1689 1041 1792 1113 τῆς
1820 1059 1992 1113 προσ-

404 1119 653 1192 ηκούσης
685 1121 1060 1194 διορθώσεως,
1098 1129 1288 1202 ῶσπερ
1323 1131 1466 1200 δῆτα
1499 1134 1593 1188 καὶ
1627 1136 1856 1207 ἐποίησε
1894 1135 1992 1190 καὶ

407 1214 572 1278 ποιεῖ,
601 1214 838 1286 Χριστοῦ
871 1219 1056 1288 χάριτι
1081 1237 1094 1250 ⁸
1133 1224 1350 1294 στέργω
1379 1223 1437 1279 δὲ
1469 1227 1562 1280 καὶ
1590 1227 1690 1297 τὴν
1723 1228 1865 1298 ὑπὲρ
1891 1227 1990 1281 τοῦ

409 1301 597 1374 ἱερέως
631 1306 726 1360 τοῦ
761 1308 1084 1382 Μαχητρίου
1121 1318 1421 1387 γενομένην
1459 1319 1746 1389 συνοδικὴν
1780 1319 1996 1390 συγχώ-

409 1410 600 1463 ρησιν,
637 1397 778 1470 πλὴν
815 1401 997 1466 καθὼς
1030 1403 1059 1455 ό
1094 1402 1361 1476 δεσπότης
1395 1409 1422 1461 ό
1457 1408 1711 1478 Βρύσεως
1745 1411 1997 1481 ὲγνωμά-

407 1503 625 1544 τευσεν.
669 1490 727 1544 ’0
777 1491 1095 1565 Κελτζηνῆς
1146 1491 1336 1562 εἶπεν,
1386 1499 1471 1552 ὅτι
1519 1500 1804 1570 Συμφωνῶ
1851 1503 1998 1557 κατὰ

409 1579 591 1634 πάντα
618 1581 696 1654 τῷ
724 1583 964 1659 δεσπότῃ
995 1587 1068 1658 τῷ
1101 1588 1356 1659 Βρύσεως
1375 1629 1390 1655 ,
1421 1594 1516 1645 καὶ
1547 1593 1760 1665 στέργω
1787 1595 1858 1650 τὰ
1886 1595 1994 1649 ύπῧ

407 1669 603 1724 τούτου
653 1676 1110 1744 γνωματευθέντα
1159 1681 1302 1736 κατὰ
1352 1683 1462 1736 τῶν
1511 1683 1991 1754 ἀθεμιτογαμιῶν,

411 1763 548 1820 ἀλλά
568 1767 631 1837 δὴ
656 1770 750 1823 καὶ
773 1770 913 1842 ὑπὲρ
933 1771 1028 1826 τοῦ
1055 1773 1246 1844 ἱερέως
1265 1774 1359 1829 τοῦ
1381 1777 1726 1850 Μαχητρίου.
1745 1779 1805 1835 Ὀ
1826 1781 1999 1850 Σουγ-

2098 594 2195 648 καὶ
2233 592 2389 664 ἱερὰν
2419 594 2630 649 τούτων
2664 594 2882 649 σύνοδον
2911 593 3011 649 καὶ
3048 592 3386 664 συγγνώμην
3417 594 3517 645 καὶ
3555 607 3683 660 συγ-

2095 684 2341 756 χώρησιν
2371 686 2464 740 καὶ
2497 687 2846 755 συμπάθειαν
2872 685 3226 757 αἱτήσασθαι,
3257 686 3395 756 ὅπερ
3421 684 3564 754 δῆτα
3592 684 3683 737 καὶ

2096 775 2354 844 ἱποίησεν
2376 813 2394 842 ,
2427 775 2716 841 εὐϐουλίας
2758 778 2854 831 καὶ
2895 777 3301 847 συγχωρήσεως
3342 775 3479 844 παρ’
3506 773 3682 828 αὐτῶν

2097 864 2391 933 ἀξιωθεὶς,
2427 867 2558 923 ἄνευ
2594 869 2778 940 μέντοι
2809 867 2904 922 τοῦ
2940 868 3240 939 ἱερωτάτου
3278 865 3680 938 μητροπολίτου

2100 959 2418 1025 Σουγδαίας.
2446 959 2508 1015 Ὀ
2531 961 2588 1015 δὲ
2614 961 3031 1030 παναγιώτατος
3055 961 3216 1033 ἡμῶν
3239 960 3533 1031 δεσπότης,
3557 961 3588 1013 ὁ
3608 959 3682 1013 οἱ·

2099 1051 2428 1121 κουμενικδς
2451 1053 2824 1124 πατριάρχης,
2839 1053 2877 1110 ἃ.
2897 1054 2994 1109 καὶ
3012 1055 3281 1125 πρότερον
3300 1052 3571 1116 πολλάκις
3590 1055 3684 1106 καὶ

2100 1139 2375 1212 διαφόρως
2404 1142 2586 1208 ἐξεῖπε
2616 1144 2714 1198 καὶ
2748 1145 3044 1211 συνοδικῶς
3100 1146 3432 1217 διηγήσατο,
3469 1145 3683 1208 τούτοις

2104 1235 2403 1305 στοιχήσας
2431 1235 2530 1290 καὶ
2557 1235 2890 1292 ὲπιϐεϐαεῶν
2923 1237 2992 1292 τὰ
3020 1236 3272 1304 τοιαῦτα,
3310 1238 3522 1291 οὕτωσὶ
3558 1240 3688 1291 ἀπεο

2103 1323 2314 1397 φήνατο
2342 1327 2486 1381 κατά
2511 1327 2691 1382 πάντα
2742 1329 2845 1400 τῆς
2886 1330 3164 1401 προτέρας
3220 1329 3528 1401 ἐξεχόμενα
3579 1329 3691 1382 au.

2103 1417 2276 1482 νοίας.
2324 1418 2385 1470 Ἠ
2409 1419 2704 1489 μετριότης
2737 1419 2921 1492 ημῶν,
2966 1420 3202 1492 κρίμασι
3261 1420 3562 1490 θειοτέροις
3612 1422 3691 1484 εἰς

2103 1509 2199 1563 τὸν
2231 1511 2638 1584 πατριαρχικὸν
2667 1512 3012 1588 ἀναχθεῐσα,
3031 1513 3228 1584 θρόνον
3261 1513 3364 1568 καὶ
3407 1513 3471 1566 τὸ
3517 1529 3692 1567 κατα-

2101 1600 2400 1656 πιστευθὶν
2453 1603 2597 1674 αὐτῇ
2671 1605 2930 1674 ποίμνιον
2997 1605 3304 1670 κανονικῶς
3374 1605 3694 1673 ποιμαίνειν

2105 1692 2476 1766 προελομένη,
2508 1696 2569 1749 τό
2595 1710 2661 1765 γε
2711 1696 2793 1761 είς
2841 1695 3017 1768 αὐτὴν
3056 1692 3218 1767 ἧκον,
3258 1697 3394 1768 περὶ
3444 1697 3696 1750 πλείστου

2107 1785 2432 1855 ἐποιήσατο,
2480 1786 2776 1857 διόρθωσιν
2841 1789 3068 1860 πρῶτον
3125 1792 3232 1860 μὲν
3271 1788 3532 1858 γενέσθαι
3598 1787 3695 1858 τῆς

411 1857 567 1922 δαίας
599 1852 754 1916 εἶπεν
773 1903 792 1928 ,
820 1862 903 1917 ὅτι
933 1863 1160 1936 Στέργω
1189 1867 1317 1933 τοὺς
1348 1864 1530 1934 θείους
1559 1871 1656 1926 καὶ
1688 1874 1870 1947 ἱεροὺς
1901 1893 2002 1930 κα·
2031 1867 2074 1923 Β
2104 1852 2384 1946 πολιτείας
2414 1881 2513 1936 καὶ
2533 1852 2901 1954 ἀναστροφῆς
2924 1882 3036 1936 τῶν
3052 1852 3154 1946 τάξ
3181 1852 3516 1954 ἐξαγορείας
3563 1852 3694 1935 ἀντί’

412 1948 592 2018 νόνας,
610 1951 868 2022 λέγοντας
889 1959 1030 2011 κατὰ
1049 1959 1274 2026 τούτων,
1294 1962 1391 2015 καὶ
1412 1963 1580 2018 πλέον
1597 1964 1772 2023 οὐδέν.
1793 1967 1851 2022 '0
1866 1967 2001 2022 Ῥω·

414 2042 528 2096 σίου
557 2037 680 2098 εἷπε
697 2061 709 2076 ο
739 2045 964 2118 Στέργω
988 2051 1130 2103 κατὰ
1151 2052 1328 2106 πάντα
1354 2055 1434 2118 είς
1454 2055 1554 2109 ὃσα
1577 2058 2001 2127 ἑγνωμάτευσαν

411 2135 672 2207 ἀνωτέρω
695 2139 744 2192 οἱ
773 2139 993 2210 ἀδελφοί
1019 2159 1148 2213 μου,
1171 2145 1221 2198 οἱ
1245 2147 1548 2218 ἀρχιερεῖς,
1577 2150 1721 2204 κατά
1743 2152 1854 2204 τῶν
1877 2154 2004 2208 ἀθε-

415 2231 781 2299 μιτογαμιῶν,
809 2233 945 2288 ἀλλά
969 2234 1032 2305 δὴ
1060 2237 1155 2291 καὶ
1181 2239 1320 2311 ὑπὲρ
1343 2241 1440 2295 τοῦ
1471 2243 1664 2314 ἱερέως
1687 2245 1781 2301 τοῦ
1809 2249 2004 2321 Μαχη·

413 2320 585 2392 τρίου.
609 2319 678 2377 '0
701 2325 946 2394 Μηδείας
972 2321 1127 2383 εἶπεν
1143 2372 1158 2398 ,
1187 2331 1270 2385 ὅτι
1294 2333 1481 2389 Ταῦτα
1503 2337 1570 2390 τὰ
1597 2337 1835 2410 ἀθέμιτα
1863 2319 2003 2413 ἔργα

415 2415 687 2484 ἐγένοντο,
721 2422 856 2493 παρ’
877 2416 952 2476 ὧν
981 2422 1089 2491 ἄρα
1119 2425 1216 2480 καὶ
1245 2427 1517 2499 ἐγένοντο,
1554 2436 1707 2504 παρὰ
1735 2434 1797 2488 τὸ
1828 2437 2000 2502 είκδς,

415 2505 610 2563 ἔλαϐον
643 2508 699 2563 δὲ
732 2511 831 2583 τὴν
867 2513 1104 2586 δυνατὴν
1146 2521 1242 2574 καὶ
1287 2523 1681 2594 προσήκουσαν
1715 2526 2004 2599 διόρθωσιν

417 2601 570 2670 παρά
601 2601 696 2657 τοῦ
729 2611 1156 2677 παναγιωτάτου
1185 2614 1345 2684 ἡμῶν
1373 2617 1662 2685 δεσπότου,
1693 2623 1790 2677 τοῦ
1819 2624 2003 2680 οίκου-

421 2692 648 2760 μενικοῦ
679 2701 1049 2772 πατριάρχου,
1079 2705 1175 2758 καὶ
1197 2705 1428 2776 ὀφείλει,
1457 2709 1543 2764 ἱνα
1565 2713 2004 2770 ἀναστέλλωνται

416 2784 594 2840 ταῦτα
626 2789 720 2842 καὶ
751 2791 830 2856 είς
859 2792 919 2846 τὸ
949 2793 1094 2864 ἑξῆς,
1125 2796 1201 2861 ὡς
1231 2799 1547 2872 παράνομα,
1578 2804 1722 2860 κατά
1765 2806 1858 2862 τὸν
1913 2808 2006 2862 δυ·

419 2877 578 2931 νατδν
607 2881 808 2953 τρόπον
833 2886 898 2957 τῇ
930 2887 1026 2940 τοῦ
1058 2888 1191 2943 Θεοῦ
1226 2891 1524 2968 Ἐκκλησία
1546 2913 1562 2930 ο
1584 2899 1798 2970 στέργω
1824 2900 1880 2956 δὲ
1910 2904 2004 2956 καὶ

419 2970 523 3066 την
551 2973 696 3047 ὑπὲρ
725 2975 821 3030 τοῦ
851 2980 1041 3051 ἱερέως
1069 2983 1164 3037 τοῦ
1194 2985 1522 3059 Μαχητρίου
1559 2993 1847 3066 συνοδικὴν
1877 3012 2007 3066 συγ-

419 3061 686 3136 χώρησιν,
718 3067 902 3134 καθὼς
931 3072 1024 3124 καὶ
1051 3073 1103 3125 οἱ
1131 3073 1308 3148 ἕτεροι
1341 3079 1640 3152 ἀρχιερεῖς.
1679 3083 1739 3138 '0
1772 3061 2003 3158 Ἐξαμίν

421 3154 530 3209 λων
575 3159 924 3232 συνεφώνησε
968 3165 1082 3229 τοῖς
1123 3166 1383 3242 ἀνωτέρω
1427 3175 1563 3228 πᾶσι
1607 3174 1753 3232 κατά
1799 3154 2000 3236 πάντα.
2031 3210 2075 3268 c

431 3243 493 3268 οη
526 3245 702 3268 .‹..--.λ
736 3266 768 3268 η
821 3251 903 3268 ,η
1048 3254 1064 3268 .
1147 3256 1158 3268 .
1322 3253 1348 3268 .
1518 3264 1540 3268 μ
1631 3267 1691 3268 κγ

431 3243 493 3296 Ὀ
525 3245 835 3319 ὑποψήφιος
863 3251 1265 3328 Θεσσαλονίκης
1294 3253 1482 3329 εἶπεν,
1513 3264 1596 3318 ὅτι
1626 3267 1706 3319 Ta
1737 3270 1866 3336 περὶ
1896 3271 2004 3324 τῶν

421 3339 808 3408 τετραγαμιῶν
840 3345 936 3397 καὶ
963 3345 1071 3398 τῶν
1102 3349 1308 3404 λοιπῶν
1339 3352 1792 3428 ἀθεμιτογαμιῶν
1817 3362 2006 3429 ἐπεξε-

421 3428 759 3522 δικὴθησαν,
792 3435 868 3499 ὡς
897 3436 1117 3509 λέγετε,
1149 3441 1396 3514 ψυχικῶς
1428 3447 1544 3518 ἅμα
1575 3453 1668 3504 καὶ
1699 3428 2006 3522 πνευματι-

425 3517 537 3582 κῶς
569 3521 626 3573 ὲν
662 3521 962 3598 Ἐκκλησία
995 3527 1130 3584 Θεοῦ
1153 3570 1168 3596 ,
1206 3532 1452 3590 λείπεται
1472 3517 1542 3592 δὲ
1577 3517 2006 3612 έπεκδικηῡθῆναι

423 3609 596 3665 ταῦτα
633 3614 726 3668 καὶ
762 3622 1093 3690 σωματικῶς
1125 3622 1214 3678 διὰ
1246 3626 1468 3683 πλείονα
1500 3630 1592 3685 τδν
1626 3609 2008 3703 σωφρονισμὸν

423 3703 515 3754 καὶ
557 3703 657 3774 τὴν
697 3708 904 3765 τούτων
943 3712 1208 3786 έκκοπήν.
1252 3718 1471 3774 Τούτων
1510 3720 1566 3782 δὲ
1611 3724 1830 3780 πάντων
1867 3727 2010 3782 οὕτω

423 3800 968 3868 γνωματευσάντων,
1016 3808 1044 3860 ὁ
1095 3806 1399 3877 ἀγιώτατος
1445 3811 1713 3886 δεσπότης
1763 3819 1858 3872 καὶ
1907 3837 2011 3874 πα·-

425 3888 694 3960 τριάρχης
727 3891 1124 3968 Ἰεροσολύμων
1155 3896 1337 3968 εἶπεν,
1367 3903 1450 3958 ὅτι
1487 3905 1660 3974 Ἐπεὶ,
1690 3907 1766 3973 ώς
1799 3911 2011 3984 ἀνέμα-

427 3977 520 4030 θον
551 3980 794 4050 ἀκριϐῶς
814 4026 829 4050 ,
860 3989 927 4041 τὰ
958 3990 1409 4063 ὲπεισφρήσαντα
1439 3995 1616 4052 ταῦτα
1645 3999 1882 4071 ἀθέμιτα
1902 3977 2011 4058 ⁷καὶ

428 4072 723 4146 παράνομα
778 4081 1096 4137 συνοικέσια
1151 4087 1320 4156 παρὰ-
1363 4090 1545 4144 πᾶσαν
1599 4091 1859 4164 βούλησιν
1915 4097 2012 4149 καὶ

429 4166 656 4238 γνώμην
699 4175 800 4241 τῆς
838 4173 1165 4248 Ἐκκλησίας
1185 4170 1346 4234 ’Θεοῦ
1390 4181 1815 4257 διεκδικηθησαν
1859 4191 2011 4260 παρά

427 4259 524 4312 τοῦ
569 4268 988 4335 παναγιωτάτου
1031 4273 1293 4329 δεσπότου
1340 4279 1433 4331 καὶ
1474 4280 1704 4350 ἀδελφοῦ
1749 4300 1876 4352 μου,
1915 4285 2011 4339 τοῦ

429 4353 815 4424 οἰκουμενικοῦ
869 4365 1254 4438 πατριάρχου,
1309 4373 1614 4436 κανονικῶς
1660 4374 1751 4429 διά
1792 4392 1854 4428 τε
1900 4375 2011 4432 τῶν

433 4448 758 4517 προϐάντων
794 4457 1097 4512 συνοδικῶν
1132 4463 1266 4531 παρ’
1293 4464 1459 4518 αὑτοῦ
1495 4466 1679 4536 τόμων
1713 4468 1807 4522 καὶ
1849 4468 2011 4524 ἁλλο-

2101 1974 2452 2053 δεδεγμένων
2483 1978 2882 2047 πνευματικῶν
2913 1977 3150 2048 ἀνδρῶν,
3180 1975 3326 2032 ὥστε
3373 1972 3521 2030 εἶναι
3578 1973 3696 2028 τού-

2111 2083 2239 2130 τους
2264 2067 2669 2138 ἀνεπιλήπτους
2693 2069 2864 2123 παντὶ
2890 2069 3082 2141 τρόπῳ
3112 2069 3208 2123 καὶ
3232 2069 3571 2141 προκεῖσθαι
3619 2069 3699 2129 είς

2107 2160 2275 2214 καλὸν
2305 2161 2538 2232 μίμημα
2563 2163 2660 2215 καὶ
2689 2160 2960 2231 ὠφέλειαν
2984 2162 3081 2216 τοῦ
3140 2161 3300 2227 λαοῦ,
3358 2163 3555 2215 ἔπειτα
3598 2161 3698 2231 τῆς

2106 2250 2217 2305 τῶν
2251 2251 2448 2323 ἱερέων
2483 2252 2740 2318 εὐταξίας
2774 2255 2870 2307 καὶ
2897 2255 3283 2326 κοσμιότητος,
3336 2256 3418 2317 ὡς
3470 2255 3540 2309 ἂν
3587 2255 3698 2309 διάο

2104 2360 2255 2412 γοιεν
2311 2339 2461 2400 οὗτοι
2510 2347 2655 2400 κατά
2711 2345 2805 2401 τὸν
2861 2347 3137 2418 ἀνήκοντα
3189 2347 3408 2413 τούτοις
3470 2350 3536 2400 ἐκ
3591 2347 3701 2401 τῶν

2107 2435 2275 2507 ἱερῶν
2309 2439 2404 2490 καὶ
2437 2437 2600 2492 θείων
2624 2438 2870 2493 κανόνων
2890 2440 3094 2510 τρόπον
3125 2440 3398 2510 θεοφιλῶς
3448 2441 3567 2510 ἅμα
3606 2442 3703 2493 καὶ

2105 2529 2375 2598 εὐλαϐῶς,
2400 2531 2708 2602 ἀπέχεσθαί
2741 2550 2803 2586 τε
2841 2534 2942 2588 καὶ
2989 2533 3312 2604 καπηλείων
3354 2533 3452 2587 καὶ
3522 2533 3702 2620 πάσης

2105 2623 2271 2694 ἄλλης
2305 2623 2520 2694 φαύλης
2550 2624 2852 2694 διαγωγῆς,
2891 2626 3130 2696 μάλιστα
3189 2626 3249 2680 δὲ
3298 2628 3489 2696 τηρεῖν
3546 2628 3705 2696 ἀκρι-

2107 2715 2236 2780 ϐῶς,
2267 2716 2344 2788 μὴ
2373 2716 2624 2785 γίνεσθαι
2646 2717 2876 2772 τοιαῦτα
2901 2719 3141 2788 ἀθέμιτα
3189 2721 3526 2783 συνοικέσια,
3557 2719 3702 2787 ἅπερ

2105 2807 2295 2876 κακῶς
2351 2812 2770 2884 έπεισέφρησαν
2828 2815 2898 2884 τῇ
2957 2814 3134 2884 σεμνῇ
3176 2811 3288 2865 τῶν
3350 2811 3706 2880 Χριστιανῶν

2109 2904 2362 2973 πολιτείᾳ
2391 2905 2459 2958 ὲκ
2483 2905 2578 2958 τοῦ
2605 2909 2682 2977 μη
2709 2905 3103 2978 μετάὲριύνης
3128 2905 3226 2959 καὶ
3273 2904 3578 2971 ἐξετάσεως
3606 2905 3707 2956 καὶ

2106 2995 2430 3068 ιμϐριθείας
2479 2997 2577 3050 καὶ
2631 2994 3058 3050 ἀναστέλλεσθαι
3114 2995 3209 3048 καὶ
3251 2991 3706 3063 ἀναχαιτίζεσθαι

2107 3088 2258 3153 παρὰ
2284 3087 2394 3141 τῶν
2425 3088 2527 3158 τὴν
2558 3087 2899 3160 διεξαγωγὴν
2926 3087 3134 3141 τούτων
3183 3086 3706 3156 ἐπιτετραμμένον),

2107 3177 2168 3232 οῦ
2201 3180 2366 3250 χάριν
2397 3178 2493 3233 καὶ
2531 3177 2756 3241 τούτους
2793 3178 2893 3249 μὲν
2953 3179 3249 3240 συνοδικῶς
3304 3175 3705 3247 ἐπεξήλθομεν,

2109 3273 2187 3333 εἱς
2212 3269 2456 3342 ἐκκοπὴν
2486 3270 2549 3348 δὲ,
2573 3272 2670 3324 καὶ
2704 3272 3044 3342 συντήρησιν
3071 3270 3181 3324 τῶν
3241 3270 3502 3322 τοιούτων
3536 3267 3705 3338 ἐξάρ-

2109 3379 2243 3432 χους
2290 3364 2788 3435 έγκατεστήσαμεν
2845 3365 2956 3420 ἀπὸ
3013 3363 3123 3418 τῶν
3175 3363 3420 3417 εύλαϐῶν
3483 3361 3704 3431 ἱερέων,

2109 3457 2224 3510 ὅσοι
2279 3456 2358 3528 τῷ
2415 3457 2538 3511 τότε
2585 3456 2889 3528 ἐκρίθησαν
2935 3458 3046 3511 τῶν
3101 3457 3279 3511 ἄλλων
3347 3454 3708 3526 προέχοντες,

2110 3549 2294 3614 καθὼς
2359 3549 2784 3622 πλατυκώτερον
2838 3540 2913 3604 ’έν
2988 3552 3104 3612 τοῖς
3176 3550 3342 3620 ἱεροῖς
3419 3546 3711 3609 κωδικίοις

2112 3642 2572 3714 κατεστρώθησαν
2623 3643 2820 3712 ταῦτα,
2870 3645 2919 3697 εί
2978 3642 3072 3697 καί
3126 3659 3296 3706 τινες,
3349 3643 3465 3704 τοῖς
3510 3643 3711 3702 κακοῖς

2114 3733 2537 3806 συνηγοροῦντες
2563 3735 2659 3789 καὶ
2683 3735 3086 3806 ἑπιχαίροντες,
3141 3734 3212 3786 τά
3265 3732 3434 3786 πλείω
3494 3731 3712 3784 τούτων

2112 3825 2511 3898 παρυφείλοντο
2549 3825 2644 3880 καὶ
2705 3827 2952 3896 μαχαίρᾳ
2982 3827 3259 3895 ἀπέτεμον
3304 3823 3536 3885 ἀναιδῶς
3586 3823 3713 3890 ἅμα

2113 3920 2206 3973 καὶ
2234 3918 2524 3988 τολμηρῶς
2551 3919 2657 3973 ἀπὸ
2695 3918 2792 3972 τοῦ
2823 3919 3070 3972 τοιούτου
3128 3916 3386 3972 κωδικίου
3417 3931 3434 3946 ⁶
3472 3916 3712 3986 προσέτι

2112 4027 2177 4079 γε
2203 4011 2312 4082 μὴν
2341 4012 2766 4082 ὲπετιμήσαμεν
2791 4009 3321 4081 καὶεὶσηγησάμεθα
3349 4009 3471 4078 μετ’
3495 4008 3715 4078 αὖα-τη-

2115 4103 2238 4174 ρίας
2267 4104 2654 4175 πνευματικῆς
2679 4105 2750 4160 δι’
2784 4103 2976 4174 ἑτέρου
3023 4106 3354 4174 γράμματος
3404 4099 3502 4154 τοῦ
3559 4101 3715 4169 πρὸς

2112 4196 2239 4258 τοὺς
2267 4196 2468 4261 αὐτοὺς
2487 4197 2749 4268 ἐξάρχους
2798 4198 2911 4261 τοῖς
2971 4197 3228 4266 ἀθέμιτον
3280 4195 3465 4265 έχουσι
3519 4194 3719 4262 γάμον

2114 4288 2312 4355 τελέως
2337 4291 2678 4364 ἀποσχέσθαι
2711 4291 2898 4356 αὑτοῦ,
2919 4292 3407 4362 ὲπανατεινάμενοι
3441 4291 3537 4369 καὶ
3562 4289 3719 4343 κατά

2111 4383 2223 4436 τῶν
2252 4383 2576 4454 τολμώντων
2604 4383 2783 4439 ταῦτα
2815 4383 3137 4454 ἱερωμένων
3195 4382 3522 4454 καθαίρεσιν
3561 4380 3723 4434 ἐνει-

2115 4491 2232 4541 κον,
2261 4475 2518 4530 ἀλλὰκαὶ
2563 4475 2661 4548 τὴν
2714 4478 3149 4547 είσκωμάσασαν
3189 4476 3446 4544 γοητείαν
3499 4475 3606 4526 καὶ
3648 4472 3720 4525 τὰ

429 4542 680 4608 τρόπως,
711 4547 771 4600 ού
803 4548 1011 4605 δίκαιόν
1041 4553 1458 4635 ἑστι-κινεῖσθαι
1490 4562 1587 4614 καὶ
1616 4560 2011 4632 πολυπραγμο·
2041 4570 2088 4628 ι)
2114 4565 2321 4637 ταύτης
2377 4568 2578 4639 αἱσχρᾶι
2617 4542 2772 4639 τέργα
2833 4542 3288 4630 σπουδάσαντες(
3315 4566 3391 4629 ώς
3449 4561 3567 4620 οἷόν
3630 4581 3719 4631 τε,

431 4633 683 4690 νεύεσθαι
723 4639 895 4693 ταῦτα
933 4645 1027 4697 ἐπὶ
1067 4633 1172 4698 τοῦ
1209 4645 1378 4718 μέσου
1422 4653 1515 4705 καὶ
1557 4653 1886 4724 ὲπιφύεσθαι
1925 4655 2014 4712 διὰ

431 4725 594 4781 τοῦτο
638 4732 912 4789 σκάνδαλα
952 4738 1048 4792 καὶ
1086 4739 1358 4813 ὀχλήσεις,
1395 4743 1586 4816 ῶσπερ
1624 4747 1693 4800 ἂν
1725 4748 1775 4801 εἱ
1813 4747 2016 4820 ἐπράτ-

433 4835 558 4873 τετο
588 4819 765 4878 ταῦτα
800 4829 946 4882 κατά
983 4831 1215 4904 γνώμην
1246 4836 1344 4906 τῆς
1383 4837 1746 4910 Ἐκκλησίας,
1782 4819 1901 4896 ἀλλ⁴
1927 4842 2015 4898 ἱνα

435 4915 868 4982 ἀναστέλλωνται
921 4929 1019 4982 καὶ
1067 4931 1530 5002 ἁναχαιτίζωνται
1577 4936 1673 4989 καὶ
1715 4933 1874 5000 αὖθις
1920 4937 2018 4990 καὶ

435 5011 800 5082 ἐπιτιμῶνται
842 5019 996 5090 παρά
1029 5020 1124 5075 τοῦ
1161 5024 1328 5078 αὐτοῦ
1369 5027 1791 5094 παναγιωτάτου
1824 5029 2018 5084 δεσπό-

433 5119 550 5170 του,
577 5105 668 5159 τοῦ
695 5110 1078 5181 οίκουμενικοῦ
1107 5119 1468 5190 πατριάρχου,
1494 5123 1841 5192 τηρουμένης
1863 5123 1924 5176 ὲν
1945 5123 2014 5192 τῇ

447 5193 749 5272 Ἐκκλησία
792 5201 928 5256 Θεοῦ
973 5206 1069 5259 καὶ
1114 5209 1385 5281 μενούσης
1427 5211 1610 5280 πάσης
1652 5211 1879 5284 είρήνης
1921 5213 2020 5267 καὶ

437 5289 692 5358 ἑμονοίας
717 5307 732 5322 ο
768 5295 898 5366 περὶ
927 5297 984 5351 δέ
1013 5298 1104 5353 τοῦ
1137 5302 1326 5371 ἱερέως
1354 5301 1446 5355 τοῦ
1479 5303 1799 5373 Μαχητρίου
1830 5299 2015 5372 εἶπεν,

435 5377 518 5436 ὃτι
566 5381 640 5436 Ού
686 5382 896 5441 δίκαιόν
939 5390 1118 5458 ἐστιν,
1164 5393 1298 5462 ὅπερ
1341 5391 1565 5463 ἔστερξε
1609 5393 1714 5464 πρὸ
1756 5394 1940 5463 ὀλίγου
1981 5396 2014 5466 ἡ

439 5475 657 5540 σύνοδος
701 5481 844 5548 μετὰ
876 5483 970 5537 τοῦ
1012 5487 1428 5554 παναγιωτᾶτου
1470 5486 1772 5554 δεσπότου,
1808 5489 1902 5541 τοῦ
1944 5491 2020 5542 ol-

441 5573 774 5635 κουμενικοῦ
827 5577 1208 5651 πατριάρχου,
1262 5576 1360 5632 νῦν
1421 5579 1838 5650 ἀνατραπῆναι,
1884 5581 2022 5636 ἀλλὰ

441 5661 772 5732 στέργεσθαι
799 5669 942 5721 κατά
967 5671 1147 5724 πάντα
1170 5670 1229 5724 τὺ
1257 5670 1589 5740 προγεγονὸς
1615 5671 1853 5741 γράμμα
1880 5671 2017 5741 ὑπὲρ

441 5757 537 5825 τῆς
571 5757 876 5824 ἁθωώσεως
908 5761 1098 5833 ἱερέως
1125 5763 1218 5817 τοῦ
1249 5764 1601 5835 Μαχητρίου,
1635 5763 1817 5830 καθὼς
1847 5767 1940 5819 καὶ
1969 5767 2020 5818 οἱ

441 5854 722 5926 ἀρχιερεῖς
753 5853 883 5925 περὶ
915 5853 1105 5910 τούτου
1133 5858 1485 5928 ἀπεφήναντο
1513 5876 1526 5890 ·
1561 5855 1680 5914 εἶτα
1716 5858 2016 5930 περιέτρεψε

2115 4656 2526 4727 ἀνεστείλαμεν,
2555 4659 2796 4731 Χριστοῦ
2835 4660 3044 4730 χάριτι,
3085 4657 3271 4722 καθὼς
3317 4657 3554 4728 εὕρηται
3619 4657 3724 4711 καὶ

2114 4746 2276 4802 τοῦτο
2328 4748 2786 4821 διεξοδικωτέρως
2849 4749 2909 4804 ἐν
2965 4747 3078 4814 τοῖς
3142 4747 3329 4812 αὺτοῖς
3397 4746 3722 4810 κωδικίοις.

2114 4841 2272 4896 Μετά
2307 4840 2491 4913 μέντοι
2526 4843 2586 4897 τὸ
2611 4843 2930 4898 ἐπανελθεῖν
2965 4843 3114 4913 ἡμᾶς
3142 4843 3223 4907 είς
3244 4841 3347 4913 τὴν
3378 4841 3723 4912 ἐκκλησίαν,

2115 4928 2182 5006 ἦς
2205 4933 2571 5005 ἐξηλάθημεν,
2603 4934 2679 4999 ὤς
2711 4933 2892 4988 ίσασιν
2915 4932 3178 5000 ἅπαντες,
3236 4932 3484 4995 πλείονος
3543 4949 3728 5004 φρον-

2117 5025 2365 5090 τίσαντες
2394 5026 2494 5095 τῆς
2525 5029 2606 5092 είς
2637 5026 2813 5081 ταῦτα
2850 5025 3154 5097 ἀσφαλείας
3180 5029 3278 5080 καὶ
3333 5024 3722 5097 διορθώσεως,

2119 5118 2242 5172 ἐπεὶ
2277 5119 2384 5172 ἀπό
2413 5137 2574 5173 τινων
2603 5119 2796 5190 ἱερέων
2851 5119 3006 5192 παρὰ
3059 5121 3121 5174 τὸ
3181 5118 3460 5190 προσῆκον
3515 5119 3726 5180 αὐτοῖς

2121 5211 2308 5284 σχῆμα
2339 5213 2776 5282 πολιτευομένων
2813 5214 3205 5286 συμϐαίνουσιν
3241 5211 3628 5281 Ἐπιφύεσθαι
3672 5214 3727 5264 αἱ

2119 5307 2430 5376 τριγαμίαι,
2467 5308 2521 5362 αἱ
2560 5310 2927 5378 τετραγαμίαι
2957 5307 3048 5361 καὶ
3110 5307 3179 5360 τὰ
3236 5307 3471 5376 ἀθέμιτα
3523 5308 3729 5360 πάντα

2121 5397 2456 5464 συνοικέσια,
2486 5397 2564 5469 τῷ
2622 5399 2803 5453 δοκεῖν
2861 5402 3036 5452 ταῦτα
3087 5397 3494 5458 συναπτόντων,
3567 5397 3729 5468 ἆπερ

2124 5487 2324 5560 μᾶλλον
2354 5489 2418 5562 τῇ
2450 5488 2680 5562 ἀληθείᾳ
2705 5492 2844 5545 εἱσὶν
2872 5491 3159 5545 ἀσύναπτα
3181 5490 3279 5544 καὶ
3308 5492 3732 5559 ἐπιτετιμημέ-

2121 5598 2208 5645 να,
2233 5581 2384 5653 παρά
2403 5581 2532 5645 τοὺς
2558 5582 2794 5654 θεσμοὺς
2826 5583 2926 5656 τῆς
2967 5584 3294 5653 Ἐκκλησίας
3317 5582 3732 5654 προϐαίνοντα,

2122 5672 2422 5744 ὲξεθέμεθα
2443 5677 2500 5727 ὲν
2529 5677 2642 5739 τοὶς
2676 5678 2861 5743 αὐτοῖς
2894 5677 3168 5740 κωδικίοις
3194 5678 3476 5747 ἔγγραφον
3505 5677 3732 5747 ἑτέραν

2121 5765 2422 5836 ἀσφάλειαν
2453 5769 2546 5820 ἐπὶ
2569 5768 2646 5842 τῷ
2697 5770 3002 5841 ἀπέχεσθαι
3040 5770 3245 5824 τούτων
3295 5769 3566 5824 ἁπάντων
3633 5771 3735 5823 καὶ

2129 5858 2203 5929 μὴ
2237 5859 2295 5910 ἑν
2328 5857 2647 5929 καπηλείοις
2681 5860 3050 5933 είσέρχεσθιι,
3089 5859 3538 5934 ὑπογραψάντων
3563 5875 3736 5932 τηνιε
