3964 6548
433 378 571 442 1375

1245 384 1594 445 CALLISTI
1637 384 1736 444 ET
1784 384 2207 447 PHILOTHEI
2247 386 2359 447 (ΞΡ.
2398 383 2851 477 ῙξΑἹἪΙΑΒΟΗ.

3538 374 3673 439 1378

430 502 626 569 πολλῆς
650 501 950 566 ιεετάσιως
980 502 1276 573 γενομένης
1308 503 1469 573 χάριν
1498 504 1607 558 τῶν
1661 506 1791 575 παρ’
1823 506 1997 575 ἀμφο-
2026 513 2072 568 Α
2098 507 2153 560 δέ
2177 507 2468 575 ἰερὼτατος
2499 504 2919 575 μητροπολίτης,
2944 501 3049 571 κῦρ
3092 496 3396 569 Ῥωμανδς,
3448 499 3510 552 οὐ
3579 499 3679 566 μό-

429 593 602 661 τέρων
648 594 854 647 τούτων
902 596 1011 647 τῶν
1068 596 1370 665 ἀρχιερέων
1407 596 1743 666 κινηθέντων
1805 597 1997 665 λόγων,

428 684 854 752 προηγουμένως
883 685 983 752 μέν
1009 686 1214 755 ἐτάχθη
1241 681 1381 739 εἶναι
1432 687 1522 738 καὶ
1573 682 1924 756 εὑρίσκεσθαι
1970 687 1999 739 6

432 774 727 842 ἰερώτατος
757 777 1164 847 μητροπολίτης
1194 776 1300 846 κῦρ
1342 777 1600 844 Ἀλέξιος,
1632 778 1822 847 ὥσπερ
1862 781 2002 848 ἐχει-

432 865 691 935 ροτονήθη
723 866 821 935 τὴν
869 867 1041 937 ἀρχὴν
1096 868 1309 921 Κυέϐου
1362 870 1457 922 καὶ
1520 871 1701 941 πάσης
1775 870 2003 934 Ῥωσίας

432 956 573 1008 κατά
598 956 696 1023 τὴν
746 956 948 1010 ἄνωθεν
1000 960 1451 1029 ἐπικρατήσασαν
1505 962 1834 1031 συνήθειαν·
1876 963 2003 1033 περὶ

437 1050 624 1116 μέντοι
654 1049 747 1103 τοῦ
783 1051 1075 1119 ίερωτάτου
1113 1057 1515 1126 μητροπολίτου
1543 1059 1649 1129 κῦρ
1690 1058 1999 1128 Ῥωμανοῦ,

431 1141 505 1205 ὡς
540 1147 981 1213 χειροτονηθέντα
1004 1149 1093 1201 καὶ
1132 1150 1297 1202 αὐτὸν
1356 1150 1588 1217 Λιτϐῶν,
1647 1151 1935 1221 διωρίσατο
1977 1153 2004 1203 6

431 1236 723 1304 κράτιστος
746 1239 835 1291 καὶ
864 1241 1020 1307 ἅγιός
1086 1259 1187 1309 μου
1238 1243 1596 1314 αὐτοκράτωρ
1648 1243 2004 1311 συγκαταϐά-

434 1342 573 1388 σεως
599 1327 740 1396 λόγῳ
772 1331 864 1382 καὶ
899 1332 1015 1399 ἅμα
1048 1332 1136 1385 διά
1166 1334 1264 1403 τὴν
1289 1334 1677 1404 ἀνενοχλησίαν
1726 1335 1819 1387 καὶ
1852 1334 2004 1403 εἰρή-

434 1433 529 1484 νην
547 1418 641 1471 τοῦ
671 1419 847 1473 ἐκεῖσε
881 1422 1049 1474 τόπου
1079 1424 1227 1491 ἔχειν
1255 1424 1352 1477 σὺν
1378 1427 1498 1486 ταῖς
1529 1423 1717 1487 οὔσαις
1775 1427 1840 1494 τῇ
1896 1424 2005 1478 τῶν

433 1507 646 1561 Λιτϐὦν
678 1510 919 1582 ἐπαρχίᾳ
960 1511 1111 1564 δυσὶν
1163 1516 1513 1577 ἐπισκοπαϊς,
1546 1514 1605 1567 τὺ
1659 1515 2006 1578 Πωλότζικον

435 1603 531 1654 καὶ
558 1603 617 1654 τὸ
647 1603 916 1670 Τούροϐον
948 1606 1085 1674 μετά
1144 1607 1234 1660 καὶ
1290 1608 1385 1661 τοῦ
1445 1609 2003 1678 Νοϐογραδοπουλίου,

436 1693 530 1744 τοῦ
586 1694 923 1763 καθίσματος
986 1698 1077 1750 τοῦ
1139 1700 1576 1770 μητροπολίτου,
1620 1703 1716 1755 καὶ
1770 1702 1868 1763 τάς
1908 1703 2009 1771 τῆς

439 1787 642 1855 μικρᾶς
683 1783 919 1853 Ῥωσίας
955 1791 1280 1857 ἐπισκοπάς,
1319 1793 1454 1863 ὅπερ
1484 1794 1679 1863 διέγνω
1730 1796 1821 1849 καὶ
1877 1797 2010 1849 άπε-

438 1845 702 1950 φήνατοή
735 1845 1023 1951 μετριότης
1078 1845 1280 1952 ήμῶνῗ
1311 1845 1448 1939 ἀλλά
1612 1845 1820 1957 id“;
2039 1845 2080 1899 Β

435 1966 603 2036 αὐτὴν
629 1967 746 2023 θεία
777 1972 872 2025 καὶ
904 1973 1022 2044 ἰερά
1054 1974 1289 2041 σύνοδος,
1320 1975 1465 2047 ἔχειν
1529 1979 1590 2032 τὸ
1633 1979 1860 2048 στέργον
1910 1979 2007 2033 καὶ

436 2056 655 2126 βέϐαιον
684 2064 825 2116 κατὰ
854 2066 953 2135 τὴν
984 2066 1077 2119 ἐπὶ
1110 2066 1287 2139 τούτῳ
1318 2070 1596 2141 ἐπίκρισιν
1624 2071 1719 2124 καὶ
1747 2071 2007 2141 εὐνομίαν

434 2152 529 2205 τοῦ
563 2157 857 2224 κρατίστου
887 2158 981 2211 καὶ
1013 2159 1167 2228 ἁγίου
1202 2178 1306 2230 μου
1340 2163 1761 2232 αὐτοκράτορος,
1794 2164 2010 2235 προμήο

436 2244 586 2298 θειαν
608 2250 952 2320 ποιησαμένη
983 2254 1073 2304 καὶ
1106 2253 1245 2323 αὐτὴ
1275 2253 1370 2307 τοῦ
1425 2254 1665 2309 τοιούτου
1717 2256 2008 2325 ίερωτάτου

437 2340 836 2409 μητροπολίτου
888 2345 1125 2409 Λιτϐῶν,
1186 2346 1292 2415 κῦρ
1350 2346 1656 2417 Ῥωμανοῦ,
1726 2348 2009 2418 προϐάσης

434 2434 530 2484 καὶ
587 2432 783 2503 ἑτέρας
810 2437 1096 2507 συνοδικῆς
1129 2438 1402 2506 πράξεως,
1437 2439 1511 2502 ὡς
1544 2440 1611 2493 ἀν
1641 2440 1669 2491 6
1702 2440 1802 2509 μὲν
1852 2440 2011 2510 ίερῶ-

433 2537 596 2586 τατος
625 2526 1031 2597 μητροπολίτης
1090 2527 1305 2583 Κυέϐου
1363 2530 1457 2582 καὶ
1513 2530 1693 2600 πάσης
1753 2529 2008 2595 Ῥωσίας,

437 2612 542 2682 κῦρ
584 2615 839 2683 Ἀλέξιος,
882 2618 1207 2690 ἐπιλάϐηται
1242 2622 1334 2674 καὶ
1380 2622 1627 2692 κατάσχῃ
1676 2623 1860 2676 πᾶσαν
1911 2623 2011 2693 τὴν

436 2700 530 2753 ὐπ’
571 2702 735 2756 αὐτὸν
776 2706 990 2775 ένορίαν
1038 2710 1177 2778 μετά
1204 2711 1439 2765 καὶτῶν
1491 2712 1549 2765 ἐν
1598 2714 1735 2783 αὐτῇ
1792 2716 2016 2768 ἐπισκο-

440 2792 561 2846 πῶν
644 2796 1015 2867 ἀνενοχλήτως
1076 2801 1423 2856 παντάπασιν
1482 2804 1576 2858 καὶ
1634 2804 2011 2875 ἀδιασείστως,

439 2889 535 2941 καὶ
557 2889 709 2943 οὐδὲν
742 2893 975 2965 εὑρίσκῃ
1001 2894 1154 2965 παρά
1180 2896 1275 2948 τοῦ
1336 2897 1633 2966 ίερωτάτου
1682 2902 2016 2971 μητροπολί-

436 2996 532 3032 του
584 2980 820 3047 Λιτϐῶν,
868 2983 974 3054 κῦρ
1041 2984 1346 3057 Ῥωμανοῦ,
1398 2989 1490 3041 ἐπὶ
1535 2991 1601 3059 τῇ
1660 2994 1864 3063 κατοχῇ
1921 2994 2017 3047 καὶ

354 3064 361 3073 ’
438 3072 744 3143 διεξαγωγῇ
780 3077 875 3128 καὶ
903 3078 1168 3146 διοικήσει
1195 3082 1296 3146 τῆς
1330 3080 1632 3152 εἰρημένης
1676 3082 1889 3153 ἐνορίας
1916 3084 2015 3152 τῆς

444 3169 833 3237 μητροπόλεως
866 3170 1079 3224 Κυέϐου
1114 3175 1255 3241 μετὰ
1308 3174 1499 3228 πασῶν
1540 3176 1647 3228 τῶν
1698 3176 2012 3231 ἐπισκοπῶν

442 3258 608 3311 αὐτοῦ
666 3259 767 3331 τήν
820 3261 1092 3333 τυχοῦσαν
1152 3265 1676 3339 καταδυναστείανή
1727 3271 2013 3341 ἐπήρειαν,

440 3350 783 3420 ἀρκουμένου
822 3353 917 3406 τοῦ
959 3355 1206 3410 τοιούτου
1269 3358 1562 3428 ίερωτάτου
1617 3362 2014 3431 μητροπολίτου

444 3443 676 3509 Διτϐῶν,
706 3444 812 3515 κύρ
856 3446 1164 3517 Ῥωμανοῦ,
1190 3450 1271 3513 εἰς
1299 3452 1438 3523 ὅπερ
1466 3452 1612 3523 αύτῷ
1648 3453 1803 3525 ἐδόθη
1859 3470 2015 3508 συνο-

442 3539 566 3609 δικῇ
628 3542 925 3610 διαγνώσει
988 3544 1225 3600 ἐνώπιον
1284 3547 1386 3616 τῆς
1434 3549 1594 3619 ήμῶν
1662 3550 2017 3620 μετριότητος

455 3632 702 3704 ὕστερον,
737 3636 813 3701 ὡς
844 3638 1165 3707 δεδήλωται,
1192 3640 1604 3713 ἐμπεδωθείσης
1630 3643 1730 3713 τῆς
1757 3644 2018 3713 τοιαύτης

451 3722 701 3793 πράξεως
726 3728 791 3796 τῇ
820 3728 881 3779 ἐκ
914 3728 1023 3780 τῶν
1055 3727 1214 3783 θείων
1244 3731 1338 3783 καὶ
1365 3730 1525 3800 ίερῶν
1559 3733 1801 3785 κανόνων
1844 3734 2018 3802 ἐπηρ-

446 3818 657 3888 τημένῃ
686 3818 953 3891 καταδίκῃ
1010 3822 1123 3883 τοῖς
1156 3822 1523 3891 ἀνατρέπουσι
1548 3822 1792 3887 τούτους,
1822 3823 1899 3887 ὡς
1953 3825 2019 3878 ἂν

447 3908 594 3971 ὅστις
623 3910 681 3974 ἐξ
708 3912 1031 3984 ἀμφοτέρων
1066 3914 1140 3983 μὴ
1182 3912 1527 3987 ἐφησυχάζῃ,
1576 3916 1917 3987 ἀρκούμενος
1941 3916 2019 3987 τῷ

446 4002 631 4071 οἰκείῳ
660 4002 874 4073 δικαίῳ,
909 4008 1004 4059 καὶ
1054 4008 1280 4078 εἰρήνην
1330 4009 1429 4080 ἔχῃ
1489 4009 1570 4071 εἰς
1608 4009 1818 4073 ἑαυτὸν,
1870 4011 1947 4075 ὡς
1992 4014 2020 4064 6

448 4092 541 4146 τοῦ
565 4095 771 4163 Κυρίου
806 4096 1058 4166 βούλεται
1086 4099 1250 4165 νόμος
1282 4102 1377 4153 καὶ
1419 4102 1481 4155 τὸ
1534 4103 1882 4175 ἐπάγγελμα,
1925 4106 2021 4158 καὶ

450 4186 631 4248 καθώς
662 4188 778 4241 ἐστι
813 4188 1051 4258 μάλιστα
1103 4189 1459 4261 ὀφειλόμενον
1490 4194 1602 4256 τοῖς
1647 4197 2022 4265 πνευματικὴν

449 4280 789 4350 προστασίαν
822 4281 1068 4351 λαχοῦσι,
1101 4290 1240 4353 μετά
1268 4284 1369 4354 τὴν
1415 4284 1675 4356 τοιαύτην
1738 4286 2021 4355 συνοδικήν

449 4374 743 4440 διάγνωσιν
792 4376 991 4447 πρᾶξίν
1020 4394 1079 4429 τε
1111 4394 1206 4431 και
1236 4379 1595 4447 κατάστασιν,
1621 4380 1756 4437 ἀλλά
1796 4382 2022 4455 χωρήσῃ

449 4470 531 4532 εἰς
557 4470 813 4538 ἀθέτησιν
843 4470 1093 4524 ὁπωσοῦν
1116 4471 1343 4542 ταύτης,
1369 4475 1463 4527 καὶ
1490 4474 1733 4545 τολμήσῃ
1752 4475 1903 4543 παρά
1924 4475 2021 4545 τὴν

2104 614 2194 652 νον
2226 596 2579 667 ἐξερχόμενος
2615 597 2721 649 τῶν
2743 595 2976 649 ἐνταῦθα
3004 593 3232 664 ἠθέλησε
3260 592 3447 644 λαϐεῖν
3498 590 3681 659 γράμ-

2107 708 2253 760 ματα
2277 689 2375 759 τῆς
2404 692 2436 758 ή
2447 689 2564 758 μῶν
2590 693 2943 759 μετριότητος
2969 687 3049 747 εἰς
3074 685 3338 738 πίστωσιν
3382 681 3481 735 καὶ
3510 681 3679 749 ἀσφάι

2103 784 2251 838 λειαν
2283 784 2390 837 τῶν
2417 783 2591 846 οὔτως
2629 781 3067 851 ἀποφανθέντων.
3098 776 3222 832 οὐτε
3269 775 3367 846 τὴν
3392 773 3679 843 ὀφειλομέ-

2106 892 2203 943 νην
2234 875 2514 943 ὑποταγὴν
2540 871 2874 938 ἐνδείξασθαι
2902 872 2982 935 εἰς
3009 870 3107 940 τὴν
3128 867 3288 938 ἡμῶν
3321 865 3674 936 μετριότητα,

2104 966 2220 1021 ἀλλ’
2259 967 2436 1019 ἀπιὼν
2463 965 2635 1036 ᾦχετο
2660 966 2739 1026 εἰς
2772 966 2868 1033 τὴν
2897 962 3170 1033 λαχοῦσαν
3214 961 3402 1022 αὐτὸν,
3454 959 3679 1011 κάκεῖσε

2106 1058 2575 1128 παραγενόμενος,
2607 1059 2683 1121 ὡς
2716 1054 2981 1126 ἀνηνέχθη
3040 1056 3109 1124 τῇ
3145 1051 3307 1123 ήμῶν
3342 1052 3679 1121 μετριότητι,

2108 1150 2279 1202 πολλά
2309 1146 2417 1200 τῶν
2451 1148 2823 1201 ἀκανονίστων
2853 1145 3153 1216 εἰργάσατο
3182 1158 3197 1173 ⁸
3259 1139 3519 1194 ἀπελθὼν
3574 1139 3680 1208 γὰρ

2107 1246 2186 1307 είς
2221 1242 2281 1295 τδ
2309 1241 2521 1296 Κύεϐον
2555 1241 2839 1310 ἁμετόχως
2870 1237 3229 1309 ἰερούργησεν
3281 1237 3340 1288 ἐν
3385 1232 3537 1303 αὐτῷ
3591 1232 3683 1283 καὶ

2108 1336 2439 1405 χειροτονίας
2497 1332 2848 1397 διεπράξατο,
2906 1331 2999 1384 καὶ
3060 1328 3253 1393 ἐαυτὸν
3320 1327 3542 1381 Κυέϐου
3591 1324 3683 1377 καὶ

2109 1426 2289 1495 πάσης
2316 1424 2540 1487 Ῥωσίας
2569 1423 2857 1477 καθολικὸν
2902 1420 3308 1491 μητροπολίτην
3340 1419 3514 1481 ἀδεῶς
3569 1417 3684 1469 ὀνο-

2113 1518 2293 1587 μάζει,
2316 1517 2453 1586 ὅπερ
2491 1516 2817 1584 προεξένησε
2863 1516 3126 1584 σύγχυσιν
3181 1515 3275 1566 καὶ
3325 1510 3574 1581 ταραχὴν
3622 1512 3683 1577 τῇ

2110 1609 2347 1680 ἐπαρχίᾳ
2400 1609 2493 1662 τοῦ
2540 1607 2839 1678 ἰερωτάτου
2887 1605 3284 1677 μητροπολίτου
3321 1604 3540 1658 Κυέϐου
3595 1600 3686 1655 καὶ

2111 1698 2292 1765 πάσης
2328 1696 2580 1761 Ῥωσίας,
2616 1699 2709 1749 καὶ
2738 1696 3076 1765 παρεκίνησε
3109 1696 3205 1749 καὶ
3264 1693 3357 1746 τὸν
3419 1691 3685 1758 αὐθέντην

2111 1790 2323 1843 Λιτϐῶν
2351 1790 2492 1843 κατά
2517 1790 2627 1840 τῶν
2687 1788 3032 1857 Χριστιανῶν
3084 1785 3554 1853 κατεξαναστῆναι
3594 1786 3685 1835 καὶ

2107 1884 2206 1936 οὐκ
2230 1883 2418 1951 ὀλίγην
2452 1881 2658 1953 φθοράν
2687 1882 2781 1933 καὶ
2807 1864 2992 1951 χύὲεις
3020 1880 3265 1949 αίμάτων
3322 1876 3686 1947 ἐργάσασθαι,

2111 1975 2257 2043 άπερ
2290 1974 2499 2039 ἔδειξαν
2524 1974 2915 2043 ἀκριϐέστερον
2947 1976 2994 2025 οί
3034 1972 3128 2025 τοῦ
3159 1971 3453 2041 ίερωτάτου
3488 1985 3692 2038 μητρο-

2111 2067 2330 2121 πολίτου
2361 2066 2571 2120 Κυέϐου
2606 2068 2697 2120 καὶ
2728 2067 2905 2137 πάσης
2939 2065 3193 2131 Ῥωσίας,
3248 2064 3354 2133 κῦρ
3425 2060 3689 2126 ’Δλεξίου,

2110 2162 2545 2235 ἀποκρισιάριρι.
2580 2158 2979 2222 καταλαϐόντες
3038 2159 3269 2212 ἐνταῦθα
3296 2158 3395 2211 καὶ
3425 2158 3487 2220 ἐξ
3517 2156 3692 2209 ἀλλων

2114 2252 2214 2321 μέν
2274 2251 2511 2316 πολλῶν,
2563 2251 2801 2319 μάλιστα
2862 2250 2919 2302 δὲ
2976 2250 3068 2303 καὶ
3120 2248 3213 2317 ἀφ’
3256 2242 3333 2301 ῶν
3373 2248 3695 2321 διεκόμισαν

2110 2344 2458 2414 γραμμάτων
2491 2344 2584 2396 τοῦ
2614 2346 2911 2414 ίερωτάτου
2958 2342 3375 2415 μητροπολίτου,
3409 2341 3518 2412 κῦρ
3562 2342 3694 2393 Ῥω-

2116 2434 2310 2506 μανοῦ,
2345 2436 2487 2506 ύπερ
2537 2428 2613 2490 ὧν
2675 2438 2772 2490 καὶ
2811 2434 3001 2508 ῶσπερ
3050 2435 3550 2505 ἐγκαυχῶμενοιλοί
3600 2432 3693 2485 τοῦ

2115 2528 2411 2599 ἰερωτάτου
2452 2527 2853 2599 μητροπολίτου
2910 2528 3124 2583 Διτϐῶν
3152 2526 3455 2597 ἄνθρωποι,
3489 2524 3692 2595 αιιιρότε⁸

2118 2639 2210 2692 ρον
2241 2622 2647 2686 καταλαϐόντες
2698 2619 2955 2686 ἐνταῦθα,
2987 2620 3363 2691 διεκήρυττον,
3400 2619 3479 2683 ὡς
3509 2617 3695 2672 τοσοῦ-

2113 2730 2205 2767 τον
2237 2715 2265 2767 6
2299 2712 2598 2784 ἱερώτατος
2633 2712 3044 2785 μητροπολίτης
3075 2712 3180 2782 κῦρ
3230 2712 3513 2783 Ῥωμανός
3546 2712 3692 2764 ἐστιν

2118 2805 2341 2876 ἰσχυρὸς
2368 2806 2462 2859 καὶ
2489 2806 2715 2859 δύναται
2737 2806 2835 2877 τήν
2861 2806 3130 2877 ἐπαρχίαν
3189 2804 3407 2860 ἅπασαν
3429 2802 3532 2873 τῆς
3587 2820 3691 2873 μη-

2114 2897 2422 2967 τροπόλεως
2448 2898 2596 2968 ἔχειν
2637 2897 2891 2962 Ῥωσίας,
2948 2899 3031 2952 ὅτι
3082 2898 3176 2952 καὶ
3226 2897 3305 2960 είς
3361 2895 3423 2949 τδ
3482 2893 3693 2947 Κύεϐον

2114 2990 2331 3061 ἀπῆλθε
2388 2992 2483 3044 καὶ
2528 2989 2939 3061 ἐλειτούργησε,
2991 2989 3086 3043 καλ⁵
3144 2987 3451 3049 ἐπισκοπάς
3492 2984 3696 3046 πολλὰς

2118 3082 2504 3154 προσελάϐετο,
2537 3084 2633 3137 καὶ
2679 3082 2769 3136 τὸν
2816 3082 3083 3152 αὐθέντην
3138 3079 3351 3133 Λιτϐῶν
3397 3078 3542 3132 κατά
3600 3076 3694 3130 τοῦ

2120 3172 2225 3243 κῦρ
2270 3173 2507 3239 Ἀλεξίου
2550 3172 2814 3243 διήγειρε,
2864 3172 2957 3225 καὶ
3014 3171 3189 3226 πάντα
3240 3169 3451 3237 ἔξεστιν
3500 3166 3695 3235 ἐκείνῳ

2120 3270 2295 3321 ποιεῖν
2322 3267 2512 3331 ἀδεῶς,
2546 3266 2777 3335 δύναμιν
2802 3266 2860 3320 οὐ
2887 3264 3093 3336 μικρὰν
3142 3263 3341 3335 ἔχοντι,
3401 3263 3483 3324 εἰς
3537 3259 3692 3313 τοῦτο

2121 3358 2533 3428 παρακινοῦσαν
2560 3358 2650 3412 τὸν
2679 3358 2946 3429 αὐθέντην
2980 3357 3194 3413 Λιτϐῶν
3222 3373 3235 3388 ·
3286 3355 3373 3410 διὰ
3425 3356 3559 3424 γοῦν
3599 3355 3694 3425 τὴν

2117 3450 2376 3521 τοιαύτην
2399 3450 2782 3521 (κατάστασιν)
2822 3450 3100 3520 ἐπισφαλῆ
3144 3449 3496 3503 παντάπασιν
3533 3443 3695 3502 οὖσαν

2118 3545 2215 3599 καὶ
2247 3544 2350 3608 ἔξω
2376 3544 2472 3614 τῆς
2497 3544 2606 3597 τῶν
2641 3544 2804 3598 θείων
2835 3546 2930 3598 καὶ
2962 3543 3125 3614 ἰερῶν
3154 3542 3398 3596 κανόνων
3429 3542 3692 3611 διαταγῆς

2119 3636 2215 3689 καὶ
2243 3636 2353 3705 ἀμα
2379 3635 2467 3689 διὰ
2497 3636 2558 3689 τὸ
2585 3636 2661 3707 μὴ
2693 3634 3010 3708 προϐαίνειν
3054 3634 3197 3689 κατὰ
3231 3633 3325 3687 τοῦ
3370 3634 3691 3702 Χριστιανι-

2118 3728 2215 3782 κοῦ
2237 3727 2334 3796 τῆς
2378 3726 2607 3793 Ῥωσίας
2637 3729 2830 3797 γένους
2859 3729 3054 3798 φόνους
3116 3729 3209 3780 καὶ
3257 3726 3555 3796 συγχύσεις
3605 3727 3693 3777 καὶ

2124 3820 2303 3890 μάχας
2331 3821 2424 3874 καὶ
2472 3821 2738 3893 ταραχάς.
2793 3821 2871 3884 ὡς
2920 3821 3161 3890 λέγεται,
3222 3820 3364 3890 άπερ
3416 3818 3691 3879 tax-1.103;

2120 3911 2329 3965 ἔθνεσιν
2356 3911 2461 3965 ίδια
2484 3912 2598 3972 τοῖς
2653 3910 2731 3979 μὴ
2786 3910 2949 3979 φόϐον
2996 3913 3055 3964 ἐν
3097 3910 3309 3973 ἑαυτοῖς
3367 3908 3555 3980 έχουσι
3602 3906 3691 3961 τοῦ

2120 4006 2279 4070 Θεοῦ,
2307 4004 2398 4058 καὶ
2417 4004 2479 4058 οὐ
2504 4005 2616 4067 τοῖς
2639 4001 2978 4074 ἀρχιερεῦσι,
3012 4002 3106 4056 καὶ
3134 4000 3349 4070 πρῶτον
3378 4000 3476 4071 μὲν
3499 4000 3692 4067 ἐγγρά-

2122 4117 2237 4169 φως
2264 4097 2702 4169 παρεκελεύσατο
2726 4097 2861 4165 πρὸς
2884 4098 3047 4149 αὐτὸν
3076 4096 3141 4165 δὴ
3171 4095 3263 4148 τδν
3309 4094 3417 4164 κῦρ
3479 4093 3691 4162 Ῥωμα-

2121 4192 2268 4263 νδνή
2301 4189 2595 4260 μετριότης
2624 4189 2807 4259 ήμῶν,
2864 4188 3235 4258 εἰσηγουμένη
3276 4186 3477 4255 τούτῳ,
3502 4186 3577 4248 ὡς
3631 4184 3692 4236 ἂν

2124 4285 2339 4354 ἀποστῇ
2388 4281 2501 4336 τῶν
2550 4279 2811 4334 τοιούτων
2859 4280 3228 4334 ἀκανονίστων
3284 4277 3561 4350 πράξεων,
3618 4277 3686 4336 ὡς

2122 4374 2466 4446 ἐγράψαμεν,
2502 4372 2753 4443 στέργειν
2770 4371 3143 4442 ἀπαραϐἀτως
3188 4372 3255 4425 τά
3320 4368 3687 4439 διεγνωσμένα

2124 4464 2419 4528 συνοδικῶς
2470 4462 2564 4517 καὶ
2612 4461 2687 4532 μὴ
2749 4460 3067 4532 περαιτέρω
3118 4459 3323 4513 τούτων
3381 4457 3689 4529 προϐαίνειν

450 4563 666 4631 ἐμορίαν
727 4563 890 4617 αὐτοῦ
957 4565 1363 4632 διαπράξασθαί
1422 4583 1476 4619 τι
1540 4566 1926 4637 ἀρχιερατικὸν
1984 4566 2017 4634 ἢ
2051 4566 2095 4622 ι)
2130 4558 2219 4609 καὶ
2253 4554 2393 4609 κατά
2426 4552 2521 4607 τοῦ
2574 4551 2679 4620 κῦρ
2745 4551 2987 4615 ’Δλεξίου
3040 4548 3560 4616 κατεξκνίστασθαι,
3609 4550 3691 4601 καὶ

456 4656 727 4722 ἰερατικον
760 4657 792 4725 ἢ
831 4657 1278 4725 ἐκκλησιαστικὸν
1304 4658 1443 4721 ὅλως
1492 4660 1585 4713 ἐπὶ
1617 4661 1892 4729 ἀνατροπῇ
1927 4660 2025 4728 τῆς

452 4747 915 4818 ἐκκλησιαστικῆς
951 4750 1358 4813 καταστάσεως,
1416 4752 1490 4812 ὡς
1524 4749 1771 4804 ἐντεῦθεν
1800 4766 2029 4821 παρεισ-

448 4840 684 4909 αχθῆναι
736 4840 897 4894 πάλιν
934 4840 1207 4895 σκάνδαλα
1239 4844 1334 4897 καὶ
1401 4843 1672 4914 ὀχλήσεις,
1702 4846 1732 4897 6
1789 4843 2027 4908 τοιοῦτος

454 4934 611 4999 ἀξίαν
644 4936 649 4937 ⁷
680 4936 1047 5004 ύποστήσεται
1097 4935 1194 5007 τὴν
1260 4938 1555 5007 κανονικὴν
1608 4937 1879 5008 τιμωρίαν
1932 4943 2025 4990 καὶ

453 5026 800 5092 ἐπεξέλευσιν
830 5028 980 5095 παρὰ
1018 5030 1117 5095 τῆς
1172 5029 1327 5098 ἡμῶν
1381 5031 1734 5099 μετριότητος
1786 5030 1878 5082 καὶ⁵
1928 5030 2026 5098 τῆς

457 5118 587 5187 περὶ
616 5116 786 5186 αὐτὴν
830 5117 977 5179 θείας
1023 5118 1116 5171 καὶ
1171 5120 1323 5188 ἱερᾶς
1368 5120 1609 5183 συνόδου,
1653 5118 1729 5181 ὡς
1762 5119 2030 5188 ἀθετητὴς

454 5212 546 5264 καὶ
570 5211 787 5265 ἐναντία
821 5210 1034 5280 φρονῶν
1063 5214 1127 5279 τῇ
1165 5212 1295 5283 άγίᾳ
1326 5212 1423 5264 τοῦ
1471 5211 1714 5281 Χριστοῦ
1764 5211 2026 5281 καθολικῇ

458 5302 553 5354 καὶ
584 5298 919 5371 ἀποστολικῇ
959 5299 1277 5371 Ἐκκλησία,
1306 5302 1401 5371 καί
1430 5301 1754 5371 βουλόμενος
1780 5302 2030 5355 ἐντεῦθεν

457 5393 725 5461 σύγχυσιν
770 5392 866 5444 καὶ
892 5368 1172 5463 *ταραχήν
1218 5368 1314 5446 καὶ
1371 5368 1910 5464 φθοράννπροξενεῖν
1951 5393 2029 5462 τῷ

454 5483 566 5536 τῶν
634 5482 855 5536 Ῥὡσων
910 5484 1286 5555 Χριστιανικῷ
1341 5486 1512 5553 γένει.
1587 5484 1750 5538 ’Λλλά
1828 5484 2031 5539 τούτων

456 5571 599 5626 οὕτω
632 5574 940 5644 γενομένων
968 5576 1064 5628 καὶ
1119 5577 1642 5641 ἀποκαταστάντων,
1697 5576 1756 5629 δν
1814 5578 2029 5649 εἴρηται

457 5664 680 5734 τρόπον,
714 5667 742 5717 6
774 5665 875 5735 μὲν
908 5665 1199 5737 ίερώτατος
1232 5667 1642 5739 μητροπολίτης
1676 5670 1889 5723 Κυέϐου
1935 5672 2031 5725 καὶ

228 5798 231 5799 ν
341 5833 345 5838 _
460 5757 641 5824 πάσης
676 5756 984 5822 Ῥωσίας,ό
1029 5758 1135 5828 κῦρ
1196 5759 1453 5827 ’Δλέξιος,
1515 5761 1830 5831 εὑρίσκεται
1890 5763 2028 5816 κατὰ

460 5848 638 5903 πάντα
688 5849 1010 5920 πειθόμενος
1050 5854 1159 5916 τοῖς
1211 5852 1590 5922 διαγνωσθεῖσι
1642 5853 1953 5921 συνοδικῶς,
2002 5856 2028 5906 ό

2128 4648 2227 4717 τὴν
2260 4647 2481 4720 μείζονα
2526 4649 2834 4718 ἐπισκοπὴν
2873 4647 2969 4714 τῆς
3003 4646 3257 4707 Ῥωσίας,
3289 4643 3383 4696 τοῦ
3431 4643 3693 4713 Μπριανίο

2130 4758 2289 4806 σκου,
2334 4740 2724 4810 ίδιοποιήσατο,
2770 4739 3082 4810 ἀνήκουσαν
3134 4735 3212 4805 τῷ
3271 4736 3548 4805 ἰερωτάτῳ
3596 4751 3692 4802 μη-

2129 4833 2425 4905 τροπολίτῃ
2457 4832 2673 4885 Κυέϐου
2724 4832 2819 4885 καὶ
2884 4832 3069 4900 πάσης
3143 4829 3397 4891 Ῥωσίας.
3470 4827 3549 4897 τῷ
3596 4827 3692 4894 κῦρ

2142 4928 2385 4997 ’Δλεξίῳ,
2417 4925 2509 4995 ἀφ’
2530 4920 2591 4978 οὗ
2617 4924 2861 4995 δηλονότι
2885 4923 3195 4992 ὑφορῶνται
3243 4922 3337 4973 καὶ
3365 4920 3447 4972 ἐτι
3481 4922 3694 4990 μείζονα

2129 5022 2198 5075 τὰ
2231 5021 2375 5074 κακά
2407 5019 2787 5091 προχωρήσειν
2815 5015 3196 5083 καὶκαθολική
3248 5030 3334 5076 τις
3374 5013 3552 5082 φθορά
3609 5013 3693 5065 καὶ

2131 5114 2449 5184 καινοτομία
2477 5114 2586 5166 τῶν
2617 5109 3088 5181 ἐκκλησιαστικῶν
3139 5107 3484 5179 πραγμάτων
3534 5108 3591 5158 ἐν
3635 5108 3691 5173 τῇ

2130 5208 2229 5281 ὅλῃ
2260 5206 2503 5279 ἐπαρχίᾳ
2531 5206 2631 5274 τῆς
2670 5205 2902 5265 Ῥωσίας
2936 5218 2953 5238 ο
2990 5204 3024 5272 ή
3084 5202 3372 5271 μετριότης
3421 5200 3601 5270 ήμῶν,
3642 5198 3695 5250 ὃν

2131 5301 2347 5370 εἴρηται
2376 5298 2603 5370 τρόπον,
2635 5295 2910 5365 κηδομένη
2936 5294 3030 5346 καὶ
3055 5292 3440 5363 φροντίζουσα,
3470 5285 3692 5361 Χριστοῦ

2130 5391 2333 5462 χάριτι,
2362 5390 2462 5461 τῆς
2490 5388 2715 5459 εἰρήνης
2737 5389 2829 5440 καὶ
2865 5385 3119 5453 ὁμονοίας
3170 5384 3262 5438 τοῦ
3317 5383 3416 5452 τῆς
3474 5380 3691 5451 Ἐκκλη-

2133 5486 2254 5547 σίας
2276 5482 2396 5535 ὅλου
2422 5480 2812 5552 πληρώματος,
2858 5478 3166 5547 ὀφείλοντος
3222 5476 3279 5529 ἓν
3328 5476 3490 5545 σῶμα
3542 5470 3692 5536 εἶναι,

2132 5576 2226 5629 καὶ
2254 5572 2563 5628 συνδεῖσθαι
2596 5571 2675 5642 τῷ
2712 5571 2813 5639 τῆς
2846 5571 3073 5641 ἀγάπης
3104 5570 3371 5640 άρῤήκτῳ
3400 5565 3584 5636 δεσμῷ
3609 5566 3694 5618 καὶ

2131 5665 2278 5737 ἔχειν
2349 5664 2604 5717 ἐντεῦθεν
2658 5663 2750 5716 τὸν
2818 5662 3214 5733 ἁκρογωνιαῖον
3268 5660 3416 5714 λίθον
3472 5658 3694 5729 Χριστδν

2131 5758 2397 5828 κεφαλήν,
2428 5758 2545 5826 ἃμα
2595 5757 2651 5810 δὲ
2708 5756 3062 5825 ἀναχαιτίσαι
3117 5756 3437 5825 πειρωμένη
3501 5754 3589 5806 καὶ
3632 5752 3695 5803 τά

2135 5851 2589 5922 μεσολαϐῄσαντα
2621 5848 2891 5905 σκάνδαλα
2916 5846 3116 5919 μεταξὺ
3137 5848 3245 5902 τῶν
3268 5849 3358 5902 δύο
3383 5847 3717 5919 ἀρχιερέων,’
