3918 6550
263 404 399 472 13η

1336 393 1722 457 8ΥΝΟΒῘΟ.Ἐ
1752 389 2428 459 CONSTITUTIONES.

3352 398 3489 462 1378

250 513 753 586 συνδιασκεψαμένη
786 513 854 569 τὰ
901 512 1028 585 περὶ
1060 510 1252 565 τούτου
1307 513 1420 574 τοῖς
1478 512 1606 581 περὶ
1650 510 1818 581 αὐτὴν
1848 523 1894 581 Α
1932 527 2036 581 ριοι
2068 511 2210 565 κατὰ
2228 512 2326 583 τὴν
2351 510 2574 567 ἐνοῦσαν
2596 511 2775 578 αὐτοῖς
2801 512 3097 586 ἐμπειρίαν
3151 518 3243 569 καὶ
3292 516 3498 587 είδησιν

251 611 561 684 ἱερωτάτοις
593 606 907 680 ἀρχιερεῦσι
937 607 1030 659 καὶ
1053 606 1397 676 ὐπερτίμοις,
1439 604 1582 658 κατὰ
1618 602 1823 673 Κύριον

251 704 557 772 ἀγαπητοῖς
588 700 835 768 ἀδελφοῖς
858 697 955 767 τῆς
987 697 1147 768 ήμῶν
1180 696 1533 767 μετριότητος
1562 698 1656 748 καὶ
1695 696 1823 747 συλ-

245 797 608 864 λειτουργοίς,
643 792 720 862 τῷ
752 791 1015 854 Κυζίκου,
1044 790 1121 858 τῷ
1147 787 1515 858 Χαλκηδόνος,
1546 787 1623 858 τῷ
1686 788 1823 841 Πον-

245 884 631 955 τοηρακλείας,
660 882 735 952 τῷ
792 882 1014 949 Βιζύης,
1070 879 1149 949 τῷ
1202 880 1299 933 καὶ
1360 879 1450 932 τὸν
1497 878 1660 932 τόπον
1726 877 1821 931 τοῦ

245 974 671 1045 Σταυροπόλεως
696 972 967 1041 ἐπέχοντι,
998 969 1076 1041 τῷ
1122 970 1398 1040 Βρύσεως,
1447 967 1525 1037 τῷ
1581 966 1825 1037 Κελτζη-

245 1070 366 1135 νῆς,
400 1067 480 1133 τῷ
504 1065 1065 1136 Χριστιανουπόλεως,
1091 1063 1168 1132 τῷ
1225 1060 1544 1129 Σουγδαίας,
1574 1060 1651 1129 τῷ
1692 1061 1825 1113 Ῥω-

246 1160 386 1221 σίου.
424 1159 500 1229 τῷ
536 1160 790 1229 Μάκρης,
847 1157 927 1225 τῷ
981 1155 1153 1208 Γάνου
1219 1154 1314 1207 καὶ
1372 1153 1449 1223 τῷ
1508 1151 1824 1221 τιμιωτάτῳ

246 1250 545 1321 ὐποψηφίῳ
598 1250 697 1317 τῆς
752 1248 1059 1317 ἁγιωτάτης
1111 1244 1494 1315 μητροπόλεως
1550 1242 1822 1294 Θεσσαλοί

248 1342 433 1411 νίκης,
463 1342 926 1410 ὲπευδοκήσαντος
985 1341 1065 1400 είς
1087 1336 1248 1390 τοῦτο
1277 1336 1370 1388 τοῦ
1396 1337 1459 1389 ἐκ
1506 1333 1642 1388 Θεοῦ
1689 1351 1823 1403 κρα-

247 1436 433 1488 τίστου
464 1436 557 1488 καὶ
588 1434 744 1501 ἁγίου
769 1450 868 1500 μου
899 1429 1325 1501 αὐτοκράτορος,
1359 1428 1432 1491 ὡς
1488 1427 1822 1497 ἀποδεχομέ-

243 1547 339 1581 νου
365 1531 431 1597 τῇ
469 1527 695 1596 ὲμφύτιρ
726 1525 891 1578 αὐτοῦ
918 1525 1045 1593 περὶ
1094 1524 1162 1576 τὰ
1191 1523 1332 1576 καλὰ
1385 1522 1717 1592 χρηστότητι
1766 1520 1825 1573 τὸ

242 1621 347 1691 τῆς
374 1620 596 1691 είρήνης
636 1620 729 1672 καὶ
754 1618 1006 1687 ὁμονοίας
1023 1616 1189 1671 καλὸν
1218 1616 1311 1667 καὶ
1337 1615 1626 1667 διεκδικεῖν
1658 1613 1825 1667 σπεύ-

242 1709 427 1771 δοντος
457 1710 634 1762 πάντα
659 1709 729 1761 τὰ
758 1706 1188 1777 ἐκκλησιαστικὰ
1216 1707 1401 1760 δίκαια
1432 1706 1525 1759 καὶ
1552 1705 1823 1773 προνόμια

239 1802 341 1852 καὶ
378 1801 566 1865 ἐκλεξα
577 1800 739 1869 μένου
762 1802 852 1853 τόν
877 1797 1204 1868 τιμιώτατον
1235 1796 1517 1849 σικελλίου
1573 1796 1671 1865 τῆς
1702 1794 1825 1849 καθ’

242 1895 397 1963 ημᾶς
420 1892 734 1962 ἁγιωτάτης
766 1890 859 1944 τοῦ
892 1889 1027 1946 Θεοῦ
1073 1890 1314 1960 μεγάλης
1352 1889 1680 1958 Ἐκκλησίας
1735 1891 1828 1943 καὶ
1859 1912 1902 1968 Β

244 1983 665 2052 συλλειτουργὸν
698 1983 792 2035 κα)⁸
846 1981 937 2034 τὸν
990 1983 1319 2051 τιμιώτατον
1381 1980 1661 2034 σακελλίου
1722 1981 1821 2049 τῆς

242 2073 371 2125 καθ’
403 2073 551 2143 ημᾶς
596 2071 904 2142 ἁγιωτάτης
932 2068 1027 2124 τοῦ
1076 2070 1213 2123 Θεοῦ
1266 2069 1523 2139 Μεγάλης
1592 2069 1821 2139 Ἐκκλη-

244 2166 371 2228 σίας
402 2167 491 2217 καὶ
524 2162 937 2231 δικαιοφύλακα,
960 2164 1017 2215 ὲν
1049 2163 1188 2229 ἁγίῳ
1237 2162 1514 2232 [Ινεύματι
1573 2161 1817 2229 γνησιώ-

239 2273 406 2309 τατον
437 2255 552 2307 υίδν
606 2254 705 2324 τῆς
740 2254 896 2324 ήμῶν
957 2256 1332 2324 μετριότητος,
1392 2254 1494 2322 κῦρ
1548 2254 1820 2324 Γεώργιον

239 2348 495 2403 διάκονον
514 2348 605 2400 τὸν
640 2347 933 2415 Περδίκην,
966 2347 1059 2399 καὶ
1090 2346 1165 2409 ὡς
1198 2346 1449 2410 εὐλαϐεῖς
1497 2346 1593 2399 καὶ
1630 2347 1822 2417 χρησί-

245 2457 386 2509 μους
412 2441 508 2493 καὶ
541 2438 873 2507 ἀναγκαίους
928 2437 1250 2510 ἀνθρώπους
1290 2439 1408 2492 -καὶ
1466 2438 1673 2508 εἴδησιν
1721 2440 1822 2492 οὐκ

238 2532 436 2603 ὀλίγην
461 2534 837 2601 κεκτημένους
873 2532 982 2585 τῶν
1017 2531 1179 2585 θείων
1214 2532 1308 2585 καὶ
1357 2532 1516 2601 ίερῶν
1558 2531 1821 2595 κανόνων,

240 2626 471 2695 ἔχοντας
499 2624 555 2677 δὲ
584 2626 680 2679 καὶ
726 2625 904 2688 άλλως
932 2624 1068 2678 πολὺ
1096 2624 1157 2676 τὸ
1192 2624 1505 2688 ἀξιόπιστον
1560 2625 1670 2677 ἀπὸ
1727 2624 1818 2677 τοῦ

239 2719 452 2788 τρόπου
525 2720 621 2772 καὶ
681 2722 780 2790 τῆς
836 2720 1106 2780 συνέσεως
1164 2718 1381 2783 αὐτῶν,
1441 2715 1820 2782 ἐξαπέστειλεν

240 2813 743 2883 ἀποκρισιαρίους,
807 2810 947 2864 ὥστε
1020 2808 1352 2878 ποιήσασθαι
1411 2810 1511 2877 τὴν
1562 2806 1821 2879 τοιαύτην

242 2903 516 2969 ἐξέτασιν,
553 2905 746 2965 οἵτινες
780 2903 872 2956 καὶ
919 2901 1226 2970 ὀφείλουσιν
1279 2902 1533 2954 ἀπελθεῖν
1594 2904 1673 2965 εἰς
1724 2903 1822 2971 τὴν

260 2998 495 3052 Ῥωσίαν
530 3000 623 3050 καὶ
653 2996 1133 3068 προσκαλέσασθαι
1170 2993 1296 3057 τοὺς
1344 2995 1522 3047 ἐκεῖσε
1582 2993 1820 3064 θεοφιλε-

242 3093 479 3154 στάτους
510 3091 867 3153 ἐπισκόπους,
894 3089 1054 3151 ὅσους
1107 3086 1168 3140 οὐ
1200 3087 1399 3140 κωλύει
1434 3086 1494 3139 τὸ
1544 3086 1677 3140 πολὺ
1722 3086 1822 3155 τῆς

238 3184 367 3238 ὀδοῦ
396 3185 571 3256 μῆκος
599 3184 678 3246 είς
708 3181 873 3235 ταυτδ
908 3182 1208 3247 συνελθεῖν,
1234 3180 1370 3236 ἀλλὰ
1421 3179 1487 3251 δὴ
1540 3179 1636 3233 καὶ
1697 3164 1829 3242 τούς

1923 604 2033 657 τῶν
2065 605 2225 659 θείων
2255 608 2347 659 καὶ
2388 608 2549 680 ἱερῶν
2588 608 2849 676 κανόνων,
2898 608 3084 674 καθὼς
3137 610 3495 680 ἀνετέθησαν,

1926 696 2257 765 ποιήσασθαι
2286 698 2581 761 ἀκωλύτως
2616 698 2715 770 τὴν
2744 700 3006 771 τοιαύτην
3059 701 3306 767 ἐξέτασιν
3365 703 3500 756 ὲνὼ-

1925 806 2051 841 πιον
2088 789 2199 841 τῶν
2240 789 2668 857 θεοφιλεστάτων
2692 792 3012 846 ἐπισκόπων
3039 794 3135 847 καὶ
3176 793 3286 851 τῶν
3343 795 3501 863 εὐγε-

1924 882 2200 932 νεστάτων
2257 878 2467 948 ρηγῶν,
2524 880 2601 943 ὡς
2647 880 2715 934 ἂν
2766 880 2861 934 καὶ
2919 882 3095 946 οὕτως
3160 884 3252 937 τὸν
3297 884 3503 954 τρόπον

1924 968 2112 1021 τοῦτον
2139 970 2347 1039 ὲκκοπῇ
2390 972 2541 1025 πᾶσα
2578 974 2848 1041 πρόφασις
2891 975 2988 1026 καὶ
3040 973 3252 1045 αίτίαή
3306 975 3502 1045 προξε-

1926 1058 2091 1109 νοῦσα
2118 1058 2308 1120 κακῶς
2334 1061 2427 1111 καὶ
2453 1060 2818 1123 ἁκανονίστως
2847 1064 2913 1117 τὰ
2945 1062 3174 1117 τοιαῦτα
3205 1065 3499 1121 σκάνδαλα.

1926 1148 2021 1209 Είς
2048 1149 2156 1217 γὰρ
2183 1148 2280 1217 τὴν
2315 1151 2445 1216 περὶ
2473 1151 2666 1203 τούτου
2708 1154 3013 1223 ἀσφάλειαν
3048 1155 3375 1209 ἀπολέλυται
3406 1157 3501 1209 καὶ

1927 1241 1960 1307 ή
1988 1239 2241 1308 παροῦσα
2273 1240 2525 1310 συνοδικὴ
2574 1244 2792 1312 πρᾶξις,
2824 1247 3274 1316 καταστρωθεῖσα
3300 1251 3359 1300 ἐν
3424 1250 3500 1318 τῷ

1929 1330 2061 1401 ἱερῷ
2095 1330 2334 1399 κωδικίῳ
2365 1332 2502 1383 κατὰ
2539 1334 2683 1403 μῆνα
2724 1335 2945 1388 Ἰούλιον
2994 1336 3088 1389 τοῦ
3115 1336 3296 1408 ⁴ςωξθ¹
3328 1337 3499 1401 ἔτους.

1995 1422 2035 1493 ἰ-
2075 1420 2216 1490 Εἷχε
2279 1424 2379 1476 καὶ
2436 1423 2535 1478 διὰ
2582 1427 2779 1494 τιμίας
2833 1429 3264 1498 πατριαρχικῆς
3303 1432 3503 1500 χειρὸς

1926 1516 1994 1569 τό
2021 1532 2036 1546 '
2067 1515 2228 1584 Μηνὶ
2270 1515 2512 1583 Ἰουλίῳ
2561 1510 2678 1573 ινδς
2712 1518 2805 1573 ιδ’.

1925 1674 2173 1752 XXXIX.
2201 1676 2534 1752 Parium/aa:
2573 1677 2760 1752 littera:
2789 1680 3292 1752 aq'imperatorem,
3334 1687 3503 1739 comi-

1923 1776 1945 1797 .
1998 1746 2130 1800 lium
2190 1751 2238 1802 ei
2274 1750 2453 1804 dantis
2509 1751 2564 1802 in
2626 1751 2779 1806 rebus
2821 1746 3177 1806 Januéusium
3229 1746 3288 1808 ει.
3339 1755 3503 1809 Vene-

1999 1826 2196 1874 torum.

2075 1931 2368 1986 Πιττάκιον
2396 1935 2792 2008 πατριαρχικὺν
2826 1936 2962 2009 πρὸς
2990 1935 3082 1990 τὸν
3116 1936 3361 2020 βασιλέα.

1994 2064 2034 2138 ἰ-
2072 2068 2372 2138 Κράτιστε,
2402 2070 2684 2139 θεόσεπτε,
2733 2072 3068 2141 θεοδόξαστε,
3116 2074 3498 2149 θεοπρόδλητε,

1924 2157 2345 2231 θεοκυὸέρνητε,
2371 2161 2794 2233 θεομεγάλυντε,
2818 2165 2941 2234 ἃγιέ
2977 2184 3079 2237 μου
3108 2168 3342 2222 δέσποτα
3403 2167 3501 2239 βα-

1926 2248 2098 2313 σιλεῦ,
2130 2251 2319 2320 ὑγείαν
2348 2254 2443 2307 καὶ
2489 2254 2759 2327 εὐθυμίαν
2802 2256 3006 2328 ψυχῆς,
3057 2256 3151 2311 τοῦ
3208 2258 3355 2311 θείου
3404 2277 3497 2312 σου

1924 2343 2019 2395 κα)⁹
2044 2341 2323 2411 βασιλικοῦ
2352 2343 2603 2415 σώματος
2633 2347 2802 2417 ρὦιν
2830 2350 2925 2403 καὶ
2961 2349 3195 2416 εὐεξίαν,
3254 2351 3364 2405 τῶν
3393 2354 3497 2406 ἀνὰ

1921 2437 2113 2506 χεῖρας
2174 2439 2553 2509 προκειμένων
2614 2442 2959 2511 κοινωφελῶν
3016 2443 3196 2514 ἔργων
3249 2445 3497 2516 εὐόδησιν

1921 2530 2014 2581 καὶ
2042 2530 2151 2583 πᾶν
2185 2531 2364 2596 ἄλλον,
2391 2532 2420 2585 ὅ
2447 2549 2498 2585 τι
2521 2533 2728 2601 ἀγαθὸν
2754 2534 2847 2587 καὶ
2882 2536 3170 2606 σωτήριον,
3194 2538 3491 2607 ἐπεύχεται

1920 2623 1985 2691 τῇ
2016 2623 2147 2693 ἁγία
2180 2623 2425 2693 βασιλεία
2454 2626 2485 2694 ή
2519 2627 2814 2696 μετριότης
2852 2629 3007 2697 ήμῶν
3037 2630 3147 2682 ἀπὸ
3179 2628 3313 2682 Θεοῦ
3351 2646 3494 2683 παν-

1920 2718 2270 2787 τοκράτορος.
2304 2716 2518 2771 Εἰδέναι
2541 2717 2844 2789 βουλόμεθα
2871 2719 2974 2791 τὴν
3031 2723 3095 2773 ἐκ
3142 2720 3277 2775 Θεοῦ
3325 2721 3487 2790 ἁγίαν

1923 2806 2201 2879 βασιλείαν
2233 2827 2347 2875 σου,
2380 2810 2462 2863 ὅτι
2492 2810 2633 2867 κατὰ
2660 2810 2753 2866 τὸν
2805 2810 2948 2865 θεῖον
2998 2813 3097 2867 καὶ
3138 2814 3332 2868 σεπτὸν
3382 2816 3498 2886 ὁρι-

1926 2895 2064 2964 σμὸν
2096 2895 2555 2969 διαμηνυθεῖσαη
2606 2902 2898 2970 μετριότης
2942 2901 3104 2972 ήμῶν
3159 2906 3497 2974 παρεγένετο

1924 2988 2004 3051 είς
2031 2989 2130 3059 τὴν
2172 2990 2477 3062 κρατίστην
2504 2992 2597 3046 καὶ
2624 2993 2784 3062 ἁγίαν
2821 3012 2921 3064 μου
2968 2995 3279 3050 δέσποιναν.
3325 2997 3498 3049 Συναο

1924 3081 2282 3150 θροισθὲντων
2311 3078 2407 3137 οῦν
2440 3085 2533 3138 καὶ
2567 3085 2678 3139 τῶν
2718 3087 2819 3155 τῆς
2859 3089 3165 3159 συγκλήτου
3196 3090 3495 3161 ἀρχόντων,

1925 3172 2224 3245 ἐλέχθησαν
2250 3175 2317 3227 τὰ
2348 3176 2477 3245 περὶ
2536 3174 2635 3247 τῆς
2693 3178 3016 3247 συμφωνίας
3086 3179 3183 3234 καὶ
3229 3184 3501 3235 καταστά-

242 3253 673 3347 εὐγενεστάτους
698 3274 973 3343 μεγάλους
998 3274 1206 3344 ῥῆγας,
1265 3272 1573 3341 ὀφείλοντος
1618 3271 1820 3340 ὁμοίως
1850 3253 1892 3310 C
1927 3274 2066 3324 σεως
2124 3261 2233 3313 τῶν
2275 3277 2333 3315 τε
2398 3263 2721 3319 Γεννουῑτῶν
2770 3264 2866 3320 καὶ
2913 3266 3174 3335 Βενετῶν,
3227 3268 3375 3334 ὅπως
3439 3287 3499 3324 τε

241 3370 586 3439 ἐπιδημῆσαι
618 3366 688 3421 δι’
725 3368 918 3421 ἑαυτοῦ
980 3369 1060 3430 είς
1107 3367 1207 3436 τὴν
1264 3364 1522 3435 τοιαύτην
1568 3362 1822 3430 σύνταξιν

242 3464 346 3517 καὶ
384 3461 481 3514 τοῦ
515 3461 814 3531 ίερωτάτου
870 3458 1267 3530 μητροπολίτου
1316 3457 1420 3527 κῦρ
1465 3456 1745 3526 Ῥωμανοῦ
1789 3456 1821 3526 ἦ

238 3554 627 3624 ἐξαποστεῖλαι
678 3553 909 3615 οίκείους
963 3553 1282 3623 ἀνθρώπους
1347 3548 1465 3604 ἀντ’
1496 3550 1684 3613 αὐτοῦ,
1732 3549 1820 3601 ἵνα

241 3649 546 3715 ἐξετάσεως
576 3645 874 3715 γενομένης
902 3643 1053 3715 παρά
1089 3642 1187 3697 τοῦ
1219 3643 1459 3698 τοιούτου
1493 3644 1824 3711 ἀποκρισιαν

247 3744 371 3813 ρίου
407 3738 797 3810 ἀπροσπαθὼς,
838 3737 912 3800 ὼς
944 3736 1037 3789 τοῦ
1067 3732 1202 3789 Θεοῦ
1240 3734 1448 3789 ἄνωθεν
1497 3733 1822 3802 ἐφορῶντος,

244 3838 517 3905 παρόντος
543 3838 636 3889 καὶ
672 3832 764 3886 τοῦ
798 3833 1000 3904 μέρους
1051 3830 1144 3884 τοῦ
1190 3829 1297 3898 κῦρ
1354 3827 1637 3897 Ῥωμανοῦ
1692 3828 1823 3881 ὲνώ.

244 3949 375 3985 πιον
406 3932 513 3985 τῶν
544 3929 851 4000 μελλόντων
883 3926 1153 3979 συνελθεῖν
1210 3923 1645 3993 θεοφιλεστάτων
1695 3925 1817 3977 ἐπι-

248 4026 476 4077 σκόπων
509 4025 599 4075 καὶ
632 4020 1040 4088 εὐγενεστάτων
1065 4018 1253 4088 ρηγῶν
1288 4017 1475 4070 ἕνεκεν
1505 4019 1601 4087 τῆς
1641 4014 1825 4068 τοιαύ-

242 4134 351 4187 της
382 4115 713 4179 ὑποθέσεως,
763 4113 991 4181 γένηται
1021 4109 1300 4179 ἔγγραφος
1333 4106 1824 4177 κατησφαλισμένη

247 4206 533 4277 μαρτυρία
568 4206 659 4256 καὶ
696 4202 1150 4272 παρασημείωσις
1181 4199 1395 4251 πάντων
1427 4198 1535 4251 τῶν
1586 4197 1825 4266 λαληθη-

249 4296 499 4365 σομένων
530 4295 624 4347 καὶ
668 4291 1183 4359 ἐξετασθησομένων
1238 4288 1396 4358 χάριν
1425 4288 1532 4340 τῶν
1571 4288 1825 4340 τοιούτων

246 4390 615 4457 αἱτιαμάτων,
685 4382 1136 4453 πιστωθησομένη
1196 4381 1292 4433 καὶ
1347 4380 1691 4450 ὐπογραφαῖς
1754 4381 1831 4431 oi-

247 4483 574 4553 κειοχείροις
628 4480 734 4532 τῶν
768 4495 827 4530 τε
887 4476 1317 4545 θεοφιλεστάτων
1365 4474 1678 4525 ἐπισκόπων
1734 4472 1827 4524 καὶ

246 4579 364 4630 τῶν
397 4576 799 4640 εὐγενεστάτων
851 4571 1035 4642 ρηγών
1076 4569 1167 4623 καὶ
1222 4569 1422 4636 ἑτέρων
1469 4566 1825 4631 ἀξιοπίστων,

1926 3354 2567 3426 προσήκειπροχωρῆσαι
2594 3356 2766 3425 αὐτὴν
2798 3357 2891 3412 καὶ
2920 3358 3063 3412 κατὰ
3101 3362 3251 3412 ποῖον
3278 3361 3344 3430 δὴ
3374 3361 3502 3431 τρόο

1925 3461 2027 3499 πον
2083 3447 2551 3518 ἀποκαταστῆναι,
2609 3449 2692 3517 ἐφ’
2736 3446 2780 3518 ᾧ
2825 3450 3079 3522 οὐδεμίαν
3126 3452 3349 3523 δχλησιν
3407 3456 3502 3508 καὶ

1924 3538 2131 3610 ζημίαν
2165 3540 2419 3607 γενέσθαι
2438 3544 2551 3605 τοῖς
2590 3541 2904 3614 Ῥωμαίοις.
2940 3544 3161 3599 Τούτων
3208 3547 3301 3600 οὐν
3358 3547 3502 3602 οὕτω

1924 3633 2225 3703 λεχθέντων
2252 3633 2547 3704 διωρίσατο
2577 3636 2673 3689 καὶ
2722 3636 3106 3709 ἀπελογήσατο
3137 3642 3231 3693 καὶ.
3282 3640 3316 3708 ή
3368 3640 3503 3708 ἁγία

1928 3744 2030 3797 μου
2051 3726 2326 3796 δέσποινα,
2360 3729 2455 3782 ἅτε
2499 3728 2563 3802 δὴ
2608 3730 2845 3794 διανοίας
2893 3730 3158 3800 ὀξυτάτης
3220 3731 3353 3784 οὐσα
3408 3732 3502 3784 και

1928 3820 2201 3890 συνδρομῇ
2238 3821 2427 3875 πασῶν
2461 3823 2567 3875 τῶν
2615 3826 2852 3890 χαρίτων
2902 3826 2994 3877 καὶ
3048 3826 3355 3895 φρονήσεως
3416 3824 3503 3876 ἐπ’

1924 3910 2093 3982 ἀκρὸν
2115 3908 2347 3983 ἥκουσα,
2379 3917 2445 3986 τῇ
2473 3913 2569 3967 τοῦ
2598 3914 2735 3968 Θεοῦ
2784 3917 2990 3986 χάριτι,
3047 3919 3255 3988 ὅσαπερ
3310 3919 3503 3988 ἔμελλε

1926 4008 2023 4060 καὶ
2057 4008 2089 4076 ή
2122 4008 2251 4075 ἁγία
2275 4006 2522 4078 βασιλεία
2554 4025 2647 4061 σου
2683 4009 2934 4077 παροῦσα
2967 4010 3204 4064 ἐνταῦθα
3256 4010 3499 4080 διορίσα-

1928 4099 2075 4162 σθαι,
2109 4098 2308 4168 ἃδῆτα
2359 4100 2453 4153 καὶ
2480 4100 2740 4170 ἔστερξαν
2785 4105 2878 4154 καὶ
2932 4103 2979 4154 οί
3040 4105 3138 4172 τῆς
3199 4104 3503 4174 συγκλήτου

1927 4190 2208 4260 ἄρχοντες.
2272 4192 2413 4261 Πρὸς
2462 4192 2587 4255 τούς
2640 4189 2734 4246 οὖν
2793 4194 2917 4256 τοὺς
2965 4197 3236 4259 τοιούτους
3290 4197 3502 4265 λόγους.

1929 4278 2076 4351 άπερ
2099 4282 2486 4351 ἀπελογήσατο
2514 4286 2547 4351 ἡ
2588 4284 2879 4353 μετριότης
2923 4285 3100 4355 ήμῶν,
3160 4289 3503 4343 συντείνοντα

1930 4374 2009 4435 είς
2043 4373 2299 4427 σύστασιν
2332 4376 2424 4427 καὶ
2454 4374 2744 4443 ὠφέλειαν,
2779 4380 2873 4430 σὺν
2900 4378 3038 4445 Θεῷ,
3080 4378 3177 4449 τῆς
3228 4379 3504 4448 βασιλείας

1931 4465 2026 4518 καὶ
2058 4465 2166 4531 τῶν
2209 4467 2515 4535 Ῥωμαίων,
2550 4467 2720 4520 ταῦτά
2762 4471 2878 4521 ἐστι
2910 4484 2925 4499 ο
2960 4470 3176 4538 πρῶτον
3234 4472 3352 4540 μὲν,
3388 4471 3506 4525 δια-

1937 4560 2119 4627 μένειν
2151 4558 2247 4628 τὴν
2274 4560 2367 4611 τοῦ
2392 4559 2528 4611 Θεοῦ
2572 4560 2897 4630 Ἐκκλησίαν
2929 4564 3202 4634 ἀτάραχον
3257 4567 3351 4617 καὶ
3403 4567 3506 4631 ἔξω

250 4672 331 4732 ὼς
354 4670 416 4720 ἂν
449 4666 651 4735 ταύτης
682 4662 1125 4731 διακομισθείσης
1158 4660 1294 4729 πρός
1326 4675 1383 4711 τε
1414 4658 1505 4711 τὸν
1536 4661 1828 4727 κράτιστον
1860 4651 1903 4669 ν
1937 4651 2115 4721 πάσης
2136 4652 2450 4721 ἡστινοσοῦν
2476 4654 2737 4723 ἐπηρείας
2767 4656 2862 4726 τῆς
2892 4657 2998 4709 ἀπὸ
3054 4660 3163 4711 τῶν
3202 4662 3506 4713 Λατινεκὼν

252 4766 352 4817 καὶ
405 4762 559 4829 ἅγιόν
615 4775 715 4827 μου
774 4756 1151 4824 αὐτοκράτορα
1199 4754 1291 4805 καὶ
1340 4753 1475 4820 πρὸς
1534 4752 1635 4819 τὴν
1674 4751 1829 4818 ἡμῶν

256 4856 588 4926 μετριότητα
616 4853 710 4904 καὶ
740 4851 837 4919 τὴν
865 4848 993 4917 περὶ
1019 4845 1185 4914 αὐτὴν
1216 4845 1363 4897 θείαν
1402 4844 1494 4895 καὶ
1519 4844 1670 4911 ίεραν
1705 4843 1830 4892 σύν-

251 4952 376 5003 οδον
429 4948 581 5017 παρὰ
629 4945 734 4997 τῶν
785 4944 1043 4995 τοιούτων
1105 4938 1560 5006 ἀποκρισιαρίων,
1612 4933 1829 4987 ἀκινδύ-

255 5061 364 5104 νως
397 5041 492 5093 σὺν
517 5037 738 5109 βοηθείᾳ
766 5033 899 5086 Θεοῦ
934 5034 1483 5101 ἐπαναστραφέντων,
1519 5028 1744 5097 γένηται
1772 5029 1831 5077 τὸ

253 5134 413 5196 δόξαν
443 5133 521 5201 τῇ,
540 5130 660 5199 θεία
689 5128 784 5181 καὶ
811 5126 930 5195 ἱερᾷ
965 5124 1166 5193 συνόδῳ
1196 5126 1337 5177 κατὰ
1366 5125 1465 5181 τὴν
1514 5121 1621 5174 τῶν
1675 5121 1833 5173 θείων

253 5226 356 5277 καὶ
385 5224 543 5290 ἱερῶν
569 5221 807 5273 κανόνων
830 5217 1114 5286 διαταγὴν,
1143 5216 1238 5268 καὶ
1264 5213 1536 5284 ἀφαιρεθῇ
1578 5211 1830 5266 ἐντεῦθεν

256 5322 295 5389 ἡ
329 5318 672 5389 ὲπερχομένη
704 5313 927 5384 ὄχλησις
958 5311 1098 5363 κατὰ
1130 5309 1223 5363 τοῦ
1289 5306 1675 5375 Χριστιανικοῦ
1735 5306 1832 5373 τῆς

272 5410 505 5470 Ῥωσίας
526 5408 737 5475 γένους.
776 5404 943 5471 Εἴπερ
973 5398 1068 5454 οὖν
1112 5400 1216 5452 οὐκ
1257 5399 1505 5467 ἐθελήσει
1534 5400 1562 5450 ὁ
1610 5396 1833 5467 ἱερώτα-

255 5520 349 5562 τος
387 5498 789 5569 μητροπολίτης
844 5495 949 5563 κῦρ
990 5492 1274 5562 Ῥωμανὸς
1306 5491 1370 5543 δι’
1402 5489 1595 5542 ἑαυτοῦ
1650 5506 1829 5557 παρα-

257 5592 513 5659 γενέσθαι
546 5591 625 5653 εξς
652 5590 750 5657 τὴν
781 5585 1155 5655 γενησομένην
1186 5582 1457 5647 ἐξέτασιν,
1518 5580 1669 5649 παρά
1720 5579 1830 5632 τῶν

258 5683 519 5734 τοιούτων
549 5680 982 5749 ἀποκρισιαρίων
1011 5675 1344 5745 μηνυμάτων
1373 5675 1681 5740 γενομένων
1735 5690 1830 5724 xa-

246 5773 489 5833 νονικῶς
530 5773 665 5841 πρὸς
700 5771 883 5835 αὐτὸν,
917 5772 949 5837 ἣ
1007 5770 1241 5831 οίκείους
1289 5766 1573 5834 ἐκπέμψαι
1625 5765 1830 5833 ἀνθρώ-

260 5883 400 5926 πους
427 5864 539 5918 ἀντ’
569 5864 759 5928 αὐτοῦ,
807 5863 1113 5931 ὀφείλουσιν
1144 5854 1286 5913 οὗτοι
1314 5858 1377 5928 δὴ
1408 5858 1454 5909 οί
1501 5858 1826 5925 ἀποκρισιά-

1935 4747 2256 4811 κινουμένης
2294 4744 2578 4812 δογμάτων
2608 4762 2621 4776 °
2672 4746 2827 4799 τοῦτο
2861 4748 2916 4799 δὲ
2970 4749 3193 4819 εἴρηκεν
3226 4754 3257 4821 ἡ
3294 4754 3510 4823 μετριό-

1934 4850 2032 4901 της
2077 4835 2232 4901 ήμών
2273 4837 2368 4904 οὐχ
2402 4839 2481 4887 ὅτι
2524 4838 2698 4900 άλλως
2735 4841 2944 4907 ήγεῖται
2997 4844 3092 4911 τὴν
3143 4844 3303 4910 ἁγίαν
3355 4847 3479 4913 βασι

1933 4923 2081 4977 λείαν
2117 4942 2209 4976 σου
2242 4928 2367 4995 περὶ
2396 4927 2598 4979 τούτων
2619 4928 2783 4999 ἔχειν,
2814 4931 2980 4983 πάλαι
3011 4937 3120 5003 γάρ
3162 4930 3271 4989 οῐδε
3297 4940 3505 5006 ταύτην

1934 5009 2289 5087 ἐμμένουσαν
2311 5021 2409 5088 μὲν
2440 5023 2548 5084 τοῖς
2581 5023 2853 5094 πατρῴοις
2910 5027 3147 5095 δόγμασι
3182 5030 3275 5082 καὶ
3341 5032 3505 5102 ἑστη-

1936 5111 2202 5193 ριγίμένην
2242 5114 2298 5163 ἐν
2328 5112 2536 5177 τούτοις
2563 5117 2807 5182 παγίως,
2835 5120 3243 5176 ἀποδιώκουσαν
3289 5124 3345 5178 δὲ
3399 5127 3505 5178 πᾶν

1931 5202 2213 5271 ἀλλότριον
2236 5201 2410 5272 δόγμα
2449 5205 2544 5256 καὶ
2595 5205 2746 5258 νόθον
2804 5208 2901 5278 τῆς
2947 5209 3041 5262 τοῦ
3092 5210 3225 5263 Θεοῦ
3283 5212 3508 5283 Ἐκκλη-

1935 5296 2077 5357 σὶας,
2110 5292 2244 5347 ἁλλὰ
2273 5296 2359 5349 διά
2376 5298 2472 5360 τὰς
2494 5296 2787 5370 ὑπολήψεις
2805 5317 2862 5352 τε
2879 5303 2971 5354 καὶ
2989 5301 3247 5371 ὑποψίας,
3268 5303 3333 5366 ἀς
3350 5304 3507 5373 έχου-

1933 5406 2018 5441 σιν
2046 5391 2093 5442 οί
2136 5390 2339 5443 πολλοί.
2373 5393 2654 5464 Δεύτερον,
2690 5396 2785 5445 ἐπὶ
2816 5396 3025 5455 τούτοις
3054 5396 3218 5465 μηδὲν
3241 5397 3349 5449 τῶν
3377 5398 3506 5449 ὐπο-

1934 5483 2204 5552 κειμένων
2234 5488 2299 5554 τῇ
2321 5483 2567 5555 βασιλείᾳ
2601 5488 2695 5539 καὶ
2718 5486 3141 5557 τοίςΨωμαίοις
3167 5490 3505 5558 πραγμάτων

1933 5574 2036 5626 ὐπὸ
2088 5575 2333 5640 ἐξουσίαν
2366 5577 2566 5646 ἑτέρων
2595 5578 2837 5646 ποιησαι,
2872 5577 3089 5645 Τρίτον,
3128 5578 3293 5647 μηδὲν
3318 5579 3501 5650 ἕτερον

1932 5667 2247 5737 προσθεῖναι
2304 5672 2600 5737 κεφάλαιον
2653 5668 2858 5738 μεῖζον,
2894 5668 3190 5738 ἐπειδήπερ
3247 5673 3303 5723 ἐν
3336 5674 3502 5742 πολλῇ

1933 5763 2025 5813 καὶ
2071 5764 2285 5835 μεγάλῃ
2318 5763 2495 5834 ἐνδείᾳ
2532 5764 2627 5816 καὶ
2656 5762 3002 5833 ταλαιπωρία
3052 5764 3145 5815 καὶ⁴
3177 5768 3507 5839 στενοχωρίᾳ

1935 5857 2000 5906 τα
2034 5854 2142 5906 τῶν
2183 5856 2471 5924 Ῥωμαίων
2506 5856 2664 5912 εἰσίν.
2704 5855 2844 5926 Πρὸς
2897 5854 3109 5919 τούτοις
3142 5855 3389 5925 γενέσθαι
3413 5861 3505 5911 καὶ
