3964 6570
245 391 363 461 1381

1288 388 1685 452 8ΥΝΟΒΙΟΑΞ
1724 352 2409 458 οοΝεΤιτυΤιοΝΕε.

3340 390 3481 456 1382

243 528 390 585 μενος
423 511 516 563 καί
564 523 687 564 τινα
740 508 903 581 ἐτερα
933 509 1207 579 ἀνήκοντα
1249 502 1467 575 γνησίῳ
1514 503 1786 575 ἀρχιερεῖ,
1819 515 1865 567 Α
1890 502 1968 570 ώς
1995 504 2171 571 οὕτως
2209 507 2418 579 ἐτάχθη
2450 506 2545 567 καὶ
2573 506 2825 581 διεκρίθη
2853 507 3171 576 συνοδικῶς,
3211 510 3309 565 καὶ
3335 508 3481 563 οὕτω

241 606 326 662 καὶ
354 604 413 658 οὐ
446 604 607 675 μόνον
630 605 832 670 ἐκεῖσε,
856 603 994 658 ἀλλά
1022 605 1118 658 καὶ
1147 601 1209 656 τὸ
1237 600 1653 669 Μπριάνισκον,
1675 599 1797 649 ἐπι-

242 697 437 767 σκοπὴν
486 690 651 748 οὖσαν
709 697 806 750 τοῦ
833 694 1001 750 αὐτοῦ
1037 692 1144 766 κῦρ
1174 691 1444 760 Ἀλεξίου,
1470 691 1565 745 καὶ
1611 687 1798 752 ἁπλῶς

245 790 427 852 εἰπεῖν,
455 788 523 841 δι’
547 787 709 858 ὄχλου
757 786 847 841 ἀεὶ
893 788 1022 859 γίνῃ
1050 782 1225 855 αὐτῷ,
1289 782 1664 851 ἐπιτιθέμενος
1705 780 1800 834 ἐπὶ

244 882 366 934 πᾶσι
394 879 506 942 τοῖς
540 877 1020 949 ἐκκλησιαστικαῖς
1058 875 1229 929 αὐτοῦ
1272 870 1525 936 δικαίοις,
1561 871 1799 943 πρᾶγμα

245 971 399 1025 ποιῶν
420 969 521 1034 ἔξω
542 972 642 1041 τῆς
664 969 953 1040 ἀκρισείας
988 967 1098 1021 τῶν
1132 966 1295 1021 θείων
1330 965 1426 1019 καὶ
1452 962 1613 1033 ἰερῶν
1637 959 1802 1016 κανό-

242 1080 357 1128 νων,
384 1062 476 1124 οὒς
514 1060 807 1132 ἐνεγράψω
840 1059 1140 1131 φυλάσσειν
1170 1055 1496 1119 ἀνοθεύτους
1525 1055 1620 1109 καὶ
1657 1054 1802 1107 άπα-

243 1154 636 1226 ρεγχειρήτους,
661 1152 729 1207 δι’
756 1152 824 1225 ἢν
852 1149 1036 1206 αἰτίαν
1061 1151 1157 1205 καὶ
1182 1151 1425 1218 ἔγραφεν
1448 1149 1482 1218 ή
1507 1146 1802 1217 μετριότης

241 1248 385 1318 ήμῶν
418 1247 555 1315 πρὸς
602 1245 705 1320 τὴν
736 1244 991 1316 ίερότητά
1030 1261 1127 1298 σου
1160 1242 1266 1314 πρό
1297 1259 1443 1306 τινος
1475 1241 1574 1314 ήδη
1606 1238 1801 1309 καιροῦ

242 1340 327 1393 καὶ
358 1337 505 1403 ἀπαξ
557 1340 655 1393 καὶ
713 1338 817 1403 δὶς,
850 1336 925 1401 ὼς
952 1336 1042 1403 ἂν,
1088 1335 1249 1405 εῐπερ
1294 1333 1604 1404 τολμῶνται
1630 1330 1806 1385 ταῦτα

243 1432 383 1504 παρὰ
412 1430 526 1498 σοῦ,
554 1431 798 1502 ἀποστῇς
821 1430 916 1485 τοῦ
948 1429 1147 1499 μηκέτι
1176 1428 1405 1484 τοιαῦτα
1447 1427 1644 1491 ποιεῖν,
1670 1441 1809 1497 προ-

242 1525 484 1589 ξενοῦντά
539 1540 623 1578 σοι
676 1524 776 1579 καὶ
818 1522 1060 1595 ψυχικήν
1091 1523 1297 1595 βλάϐην
1344 1519 1441 1575 καὶ
1488 1518 1682 1588 ὐφεσιν
1708 1518 1807 1588 τῆς

238 1620 395 1690 τιμῆς
441 1635 559 1674 σου.
607 1616 837 1688 Ἀρτίως
878 1617 935 1670 δέ
973 1615 1138 1672 πάλιν
1171 1614 1247 1678 ώς
1277 1612 1578 1684 ἐγνώρισεν
1617 1612 1653 1684 ή
1712 1627 1809 1683 με·

239 1711 446 1781 τριότης
478 1708 640 1782 ἡμῶν
689 1708 801 1764 ἀπὸ
847 1708 959 1762 τῶν
1003 1707 1193 1762 αὐτόθι
1243 1706 1582 1778 ἐρχομένων,
1641 1703 1717 1766 ὡς
1743 1701 1807 1756 οὐ

243 1804 392 1875 μόνον
420 1802 635 1875 ἐργάζῃ
669 1802 739 1856 τὰ
791 1800 1062 1874 εἰρημένα
1117 1801 1476 1861 ἀκανόνιστα,
1510 1798 1605 1851 ἐπὶ
1632 1794 1808 1869 βλάὸῃ

239 1898 426 1966 οἰκεία,
484 1895 621 1950 ἀλλὰ
679 1896 777 1950 καὶ
825 1894 918 1949 τὸν
956 1896 1225 1965 αὐθέντην
1273 1891 1491 1948 Λιτδῶν
1546 1890 1806 1960 ἐκίνησας

241 1988 704 2058 κατεξαναστῆναι
752 1988 897 2042 κατά
931 1987 1023 2041 τοῦ
1072 1985 1216 2042 οῦτω
1251 2003 1370 2049 πως
1396 1983 1808 2056 ὀνομαζομένου

241 2082 473 2150 κάστρου
494 2078 768 2146 Ἀλεξίνου
800 2079 898 2133 καὶ⁸
929 2078 1153 2149 φθεῐραι
1177 2077 1305 2137 τοὺς
1336 2076 1514 2130 ἐκεῖσε
1543 2076 1811 2144 Χριστια-

239 2174 377 2239 νοὺς,
425 2176 665 2246 πρᾶγμα
700 2172 934 2241 ποιήσας
984 2167 1358 2233 ἀτοπώτατον,
1393 2167 1553 2237 εἴπερ
1580 2165 1814 2235 γέγονεν

239 2268 425 2333 οὕτως,
457 2267 535 2332 ὡς
568 2264 862 2339 ἀνηνέχθη.
896 2264 1037 2333 Ἤδη
1071 2264 1103 2335 ή
1132 2261 1422 2333 μετριότης
1455 2258 1614 2331 ήμῶν
1645 2259 1741 2312 καὶ
1776 2256 1808 2328 ή

239 2366 360 2436 περὶ
379 2363 558 2435 αὐτὴν
589 2360 711 2415 θεία
758 2360 857 2415 καὶ
887 2357 1009 2429 ἰερά
1060 2356 1299 2421 σύνοδος,
1345 2354 1483 2425 ὁμοῦ
1518 2354 1618 2425 μέν
1641 2368 1811 2423 φρονο

238 2458 455 2523 τίζουσα
508 2455 602 2525 τῆς
641 2450 891 2523 φυλακῆς
922 2449 1017 2504 καὶ
1060 2448 1449 2518 συντηρήσεως
1483 2443 1592 2499 τῶν
1648 2443 1812 2496 θείων

239 2552 323 2605 καί
346 2549 513 2621 ἱερῶν
548 2547 788 2602 κανόνων
811 2544 907 2597 καὶ
938 2541 1246 2597 σπεύδουσα
1284 2541 1418 2594 πᾶσι
1443 2538 1669 2609 τρόποις
1691 2535 1825 2590 τούο.

237 2660 355 2706 τους
382 2638 703 2703 διεκδικδίν,
734 2634 869 2704 ὁμοῦ
897 2634 955 2687 δέ
989 2633 1384 2703 καθαρώτερον
1412 2631 1479 2684 τὰ
1507 2629 1601 2684 τοῦ
1626 2630 1809 2699 πράγ-

240 2753 399 2804 ματος
420 2732 695 2803 γνωρίσαι
728 2728 1026 2801 βουλομένη
1061 2727 1157 2780 καὶ
1196 2724 1424 2795 εἰρήνην
1453 2724 1812 2794 οἰκονομῆσαι

237 2832 325 2883 καὶ
378 2824 793 2896 διαπράξασθαι
850 2821 1158 2884 κανονικῶς
1216 2821 1379 2890 μέσον
1411 2819 1567 2892 ὑμῶν
1601 2822 1694 2873 καὶ
1716 2816 1813 2872 τοῦ

237 2924 329 2991 τῆς
368 2919 605 2982 Ῥωσίας
631 2919 813 2989 πάσης
847 2913 1243 2989 Χριστιανικοῦ
1273 2914 1489 2983 γένους,
1510 2912 1815 2983 ἐπευδοκή-

240 3033 424 3079 σαντος
456 3016 537 3079 εἰς
592 3013 750 3066 τοῦτο
791 3010 884 3065 τοῦ
918 3013 982 3063 ἐκ
1013 3010 1148 3064 Θεοῦ
1180 3009 1479 3080 κρατίστου
1528 3008 1623 3061 καὶ
1654 3006 1813 3075 ἁγίου

241 3128 336 3180 μου
387 3092 800 3175 αὐτοκράτορος
866 3102 947 3173 τῷ
976 3102 1234 3173 προσόντι
1286 3100 1436 3170 αὐτῷ
1468 3098 1637 3167 ἐνθέῳ
1671 3098 1843 3169 ζήλῳ,

1899 594 2238 669 ἀνετέθησαν
2264 600 2314 653 οἱ
2342 600 2578 655 τοιοῦτοι
2603 601 3042 673 ἀποκρισιάριοι,
3096 604 3195 667 ὡς,
3226 601 3388 673 εἰπερ
3417 601 3481 655 οὐ

1899 690 2138 762 ποιήσῃς
2166 690 2225 744 ἐν
2258 693 2321 746 ἐκ
2343 693 2453 749 τῶν
2478 693 2596 760 δύο,
2621 693 2698 757 ὡς
2723 694 2849 748 οὐτε
2882 694 2973 750 διά
3004 694 3206 749 σαυτοῦ
3243 694 3489 749 καταλά-

1900 782 2025 855 6ης,
2081 783 2207 840 οὐτε
2268 785 2593 857 ἀνθρώπους
2643 803 2740 840 σου
2793 785 3110 860 ἐκπέμψῃς,
3144 785 3487 857 ποιήσασθαι

1901 874 2101 939 αὐτοὺς
2131 874 2198 946 δὴ
2217 875 2345 940 τοὺς
2368 876 2833 948 ἀποκρισιαρίους
2861 876 3097 931 ἐνώπιον
3121 874 3232 929 τῶν
3260 876 3485 947 μελλόν-

1902 984 2011 1047 Vw
2042 968 2319 1023 συνελθεῖν
2354 969 2792 1039 θεοφιλεστάτων
2848 968 3165 1023 ἐπισκόπων
3222 970 3319 1023 καὶ
3375 970 3486 1024 τῶν

1909 1059 2320 1126 εὐγενεστάτων
2375 1061 2563 1132 ρηγῶν
2609 1060 2710 1132 τὴν
2758 1061 3022 1130 τοιαύτην
3084 1062 3365 1129 ἐξέτασιν,
3390 1063 3489 1115 καὶ

1904 1149 2030 1204 ὅσον
2049 1150 2117 1205 ἂν
2149 1150 2377 1221 εὕρωσι,
2421 1152 2579 1207 τοῦτο
2611 1154 2882 1224 ποιήσωσι
2922 1155 3246 1225 ἐγγράφως,
3280 1174 3491 1211 πιστω-

1906 1242 1996 1296 θέν
2057 1243 2441 1314 οἰκειοχείροις
2490 1244 2842 1314 ὑπογραφαίς
2884 1245 2997 1299 τῶν
3048 1245 3495 1316 θεοφιλεστάτων

1888 1336 2223 1403 ,ἐπισκόπων
2253 1336 2482 1390 καὶτῶν
2521 1336 2931 1406 εὐγενεστάτων
2991 1340 3201 1409 ρηγῶν,
3232 1342 3332 1394 καὶ
3369 1341 3489 1394 δια·
3598 1342 3601 1345 ’

1907 1428 2181 1500 κομίσωσι
2204 1426 2366 1481 τοῦτο
2410 1428 2548 1499 πρός
2588 1446 2651 1482 τε
2676 1428 2768 1483 τὸν
2789 1430 2856 1481 ἐκ
2886 1428 3025 1499 Θεοῦ
3067 1429 3367 1502 κράτιστον
3395 1431 3494 1483 καὶ

1908 1521 2066 1592 ἅγιόν
2093 1538 2199 1590 μου
2223 1521 2629 1593 αὐτοκράτορα,
2656 1522 2802 1603 πρὸς
2830 1523 2932 1595 τὴν
2966 1522 3123 1593 ήμῶν
3151 1523 3493 1594 μετριότητα

1913 1615 2009 1672 καὶ
2049 1615 2149 1686 τὴν
2200 1615 2331 1686 περὶ
2382 1614 2554 1686 αὐτὴν
2594 1614 2749 1669 θείαν
2782 1616 2878 1670 καὶ
2924 1616 3080 1688 ἱερὰν
3140 1616 3386 1682 σύνοδον,
3424 1616 3493 1671 ἵν’

1911 1705 2163 1762 ἐντεῦθεν
2212 1705 2482 1777 ἐπενεχθῇ
2523 1705 2705 1760 τελεία
2758 1706 3060 1777 ἀπόφασις,
3089 1708 3188 1762 καὶ
3215 1708 3491 1779 ἀφαιρεθῇ

1911 1800 2061 1854 πᾶσα
2090 1799 2365 1870 πρόφασις
2394 1797 2789 1869 ήπροξενοῦσα
2824 1837 2840 1854 .
2877 1838 2893 1854 .
2931 1834 2947 1852 .
2987 1838 3003 1854 .
3030 1838 3045 1855 .
3080 1798 3146 1853 τὰ
3177 1799 3454 1853 σκάνδαλα
3475 1815 3494 1830 θ

1910 1889 2004 1944 ἐπὶ
2040 1888 2152 1959 γὰρ
2202 1888 2303 1959 τῆς
2341 1887 2436 1942 τοῦ
2471 1888 2607 1942 Θεοῦ
2638 1888 2973 1959 Ἐκκλησίας
3008 1888 3179 1945 πύλαι
3233 1890 3361 1962 ᾅδου
3389 1890 3494 1943 οὐκ

1912 1983 2320 2053 ἀντισχύσουσι,
2373 1981 2518 2035 κατά
2546 1982 2640 2035 τὸν
2691 1982 2961 2054 σωτήριον
2986 1981 3172 2052 λόγον,
3216 1984 3491 2053 προσήκει

1910 2075 2058 2148 ἔχειν
2087 2077 2180 2131 καί
2207 2076 2307 2147 τήν
2343 2076 2604 2147 ἰερότητά
2649 2093 2745 2130 σου
2774 2078 2876 2148 τήν
2908 2078 3303 2148 προσήκουσαν
3331 2093 3497 2137 στορ-

1911 2170 2015 2240 γὴν
2042 2172 2134 2224 καὶ
2165 2171 2444 2241 ὑποταγὴν
2477 2172 2616 2243 πρὸς
2645 2172 2820 2243 αὐτὴν
2847 2171 2940 2225 καὶ
2982 2171 3057 2243 μὴ
3089 2171 3495 2238 κατεξανιστα-

1914 2264 2038 2319 σθαι
2071 2265 2190 2319 κατ’
2224 2264 2421 2335 αὐτῆς,
2456 2266 2595 2335 μηδέ
2622 2265 2872 2320 ἀπειλεῖν
2898 2265 2992 2319 καὶ
3019 2265 3369 2320 ἀντιπίπτειν
3399 2266 3495 2317 καὶ

1913 2355 2292 2412 ἐναντιοῦσθαι
2358 2359 2472 2421 τοῖς
2525 2357 2877 2429 δεδογμένοις
2929 2357 3116 2429 αὐτῇ,
3176 2358 3317 2429 ὅπερ
3375 2357 3496 2409 ἐστὶ

1916 2452 2109 2523 πόρρω
2134 2452 2227 2506 τοῦ
2256 2451 2651 2523 ἀρχιερατικοῦ
2709 2450 3073 2522 σεμνώματος
3102 2452 3197 2507 καλ⁸
3224 2450 3495 2522 τῆςΧρι-

1916 2545 2200 2613 στιανικῆς
2227 2543 2504 2607 πολιτείας
2527 2560 2541 2577 ·
2570 2544 2888 2613 γινωσκέτω
2912 2546 3018 2615 γὰρ
3044 2545 3078 2615 ἡ
3132 2544 3349 2616 ίερότης
3377 2560 3498 2606 σου,

1912 2632 1987 2698 ὠς
2021 2633 2183 2706 εἴπερ
2221 2635 2282 2687 οὐ
2307 2635 2560 2697 ποιήσεις
2592 2633 2735 2687 κατά
2769 2636 2873 2704 τὴν
2905 2634 3340 2705 ἐξενηνεγμένην
3375 2650 3499 2688 συν-

1914 2727 2105 2798 οδικὴν
2154 2728 2448 2799 διάγνωσιν
2488 2728 2583 2783 καί
2617 2727 2918 2797 ἀπόφασιν,
2959 2727 3027 2799 ἢν
3058 2727 3501 2799 ἐπιφέρονταιοί

1914 2820 2148 2877 τοιοῦτοι
2178 2822 2618 2892 ἀποκρισιαριοι,
2654 2821 3088 2891 ἐπενεχθήσεται
3138 2818 3323 2872 τελεία
3359 2821 3502 2871 κατὰ

1918 2913 2014 2971 σοῦ
2051 2912 2349 2985 καταδίκης
2380 2914 2675 2983 ἀπόφασις.
2704 2912 2802 2967 "lv'
2833 2913 2927 2965 οῦν
2956 2912 3031 2983 μή
3057 2911 3221 2965 τοῦτο
3251 2911 3500 2980 γένηται,

1918 3009 2167 3077 ποίησον,
2216 3008 2340 3063 ὅσον
2371 3004 2817 3075 παρακελεύεται
2863 3006 3002 3073 πρὸς
3038 3006 3098 3058 σὲ
3132 3006 3431 3067 συνοδικῶς
3467 3006 3505 3074 ή

1921 3106 2218 3173 μετριότης
2269 3100 2449 3172 ήμῶν.
2501 3100 2565 3154 Ἦ
2606 3101 2765 3171 χάρις
2791 3100 2884 3153 τοῦ
2935 3100 3074 3153 Θεοῦ
3121 3100 3209 3169 εῐη
3240 3100 3378 3172 μετά
3404 3099 3505 3169 τῆς
3596 3084 3605 3097 ⁸

240 3202 373 3271 ὑπὲρ
407 3199 520 3252 τῶν
568 3194 1046 3264 ἐκκλησιαστικῶν
1093 3194 1435 3263 πραγμάτων
1496 3191 1593 3244 καὶ
1617 3191 1818 3260 διοική-
1847 3222 1895 3281 C
1927 3196 2025 3267 σῆς
2057 3196 2355 3265 ίερότητος.

242 3309 398 3357 σεων,
428 3291 739 3362 ἐξέπεμψεν
767 3287 1107 3359 ἐκλεξαμένη
1142 3284 1606 3357 ἀποκρισιαρίους
1630 3285 1723 3338 τόν
1756 3301 1817 3337 τε

244 3385 542 3456 ἱερώτατον
595 3381 1006 3457 μητροπολίτην
1059 3378 1416 3450 Κελτζηνῆς,
1478 3378 1815 3449 ύπέρτιμον,

239 3479 529 3549 ἀγαπητὸν
569 3475 714 3532 κατά
742 3475 950 3546 Κύριον
997 3472 1228 3542 ἀδελφὸν
1265 3472 1366 3541 τῆς
1404 3472 1564 3543 ήμῶν
1598 3471 1821 3542 μετριό-

239 3594 397 3648 τητος
456 3576 551 3628 καὶ
609 3570 1047 3642 συλλειτουργδν,
1096 3568 1317 3623 καὶτὸν
1363 3568 1696 3638 τιμιώτατον
1722 3583 1818 3620 σα-

240 3671 456 3724 κελλίου
487 3671 587 3738 τῆς
611 3665 733 3721 καθ’
758 3665 905 3735 ἡμᾶς
937 3663 1250 3732 ἁγιωτάτης
1271 3660 1363 3714 τοῦ
1385 3660 1523 3713 Θεοῦ
1553 3661 1819 3729 Μεγάλης

251 3762 582 3833 Ἐκκλησίας
638 3761 735 3814 καὶ⁴
794 3754 1216 3826 δικαιοφύλακα,
1266 3756 1325 3805 ἐν
1364 3752 1508 3824 ἁγίῳ
1537 3751 1818 3821 Πνεύματι

240 3853 529 3926 ἀγαπητὸν
555 3851 669 3906 υἱὸν
699 3850 798 3923 τῆς
822 3848 981 3922 ήμῶν
1020 3847 1392 3918 μετριότητος,
1413 3844 1518 3915 κῦρ
1543 3844 1819 3913 Γεώργιον

237 3950 487 4003 διάκονον
518 3943 611 3998 τὸν
646 3940 941 4014 Περδίκην,
969 3937 1112 3993 ὥστε
1146 3934 1483 4007 ποιήσασθαι
1507 3936 1604 4006 τὴν
1630 3932 1817 3999 ἐξέτα-

240 4060 321 4096 σιν
357 4041 582 4097 πάντων
614 4035 723 4090 τῶν
784 4032 1129 4104 λαληθέντων
1188 4031 1283 4084 καὶ
1339 4026 1820 4099 προσκαλέσασθαι

237 4130 358 4195 τούς
400 4146 461 4183 τε
491 4124 943 4196 θεοφιλεστάτους
998 4121 1330 4183 ἐπισκόπους
1365 4121 1463 4173 καὶ
1506 4118 1632 4181 τοὺς
1656 4118 1819 4185 εὐγε-

238 4221 529 4280 νεστάτους
554 4218 750 4288 ρῆγας,
772 4206 915 4284 ἐφἰἷ)
942 4209 1355 4283 παραγενέσθαι
1380 4208 1475 4263 ἐπὶ
1500 4209 1567 4280 τῇ
1588 4207 1819 4278 τοιαύτῃ

238 4313 487 4381 ἐξετάσει
511 4307 819 4379 ἀσφαλείας
852 4306 1063 4360 ἕνεκεν.
1114 4303 1350 4373 Ὀφείλει
1392 4298 1487 4356 οὖν
1515 4300 1821 4374 παραγενέ·

1995 3286 2033 3358 ’ἰ-
2060 3283 2204 3357 Εἷχε
2232 3286 2306 3340 δι’
2348 3284 2710 3355 ὑπογραφῆς
2749 3282 3191 3354 πατριαρχικῆς
3240 3283 3343 3337 καί
3395 3285 3503 3340 τό·

1924 3380 2084 3450 Μηνὶ
2126 3382 2353 3445 Ἰουλίῳ
2377 3382 2493 3436 ινδ.
2521 3378 2613 3434 ιδ’.

1925 3496 2091 3551 XLII.
2129 3496 2451 3551 Exhortatio
2499 3495 2711 3550 Callisti
2747 3496 3063 3564 patriarcha:
3110 3494 3180 3548 ad
3212 3493 3413 3549 clerum
3452 3497 3507 3549 in

1998 3568 2221 3693 Τνὶιᾶουο
2256 3569 2317 3622 de
2354 3570 2665 3635 patriarcha
2711 3567 2920 3620 Trinovi
2976 3575 3023 3620 et
3061 3566 3128 3620 de
3180 3570 3284 3620 ritu
3332 3567 3509 3637 bapti-

1998 3655 2098 3693 zan
2141 3658 2177 3693 ι.

1996 3655 2177 3694 ααηαι.

1996 3753 2036 3823 -ξί
2068 3755 2415 3824 Παραίνεσις,
2450 3751 2773 3808 διδασκαλία
2800 3751 2897 3805 καὶ
2919 3750 3186 3819 ἀπολογία
3216 3751 3315 3804 τοῦ
3340 3754 3513 3821 ἀγιω.

1925 3849 2090 3899 τάτου
2116 3848 2211 3899 καὶ
2234 3844 2618 3915 οἶκουμενικοῦ
2646 3844 3017 3915 πατριάρχου,
3041 3844 3146 3915 κῦρ
3172 3832 3508 3912 καλλίστου,

1927 3938 2024 3990 κοιλ⁸
2053 3937 2152 4007 τῆς
2186 3938 2314 4006 περὶ
2337 3937 2500 3992 αὐτὸν
2525 3937 2676 4001 θείας
2707 3941 2801 3992 καὶ
2836 3939 2989 4009 ἱερᾶς
3016 3938 3237 3992 συνόδου
3266 3938 3513 4008 περὶτοῦ

1929 4030 2084 4098 ἁγίου
2114 4029 2804 4103 βαπτίσματος,γενομένη
2835 4032 2975 4103 πρὸς
3000 4032 3129 4095 τοὺς
3156 4034 3213 4085 ἐν
3247 4032 3326 4103 τῷ
3358 4034 3516 4102 τόπῳ

1927 4122 2023 4176 τοῦ
2076 4123 2339 4191 Τρινόϐου
2372 4123 2797 4194 εὑρισκομένους
2824 4124 3193 4195 τιμιωτάτους
3235 4128 3513 4197 μοναχούς

1929 4217 2024 4271 καὶ
2054 4216 2279 4278 λοιποὺς
2318 4216 2506 4288 ίερεῐς.

2000 4304 2040 4375 -ι-
2072 4305 2385 4375 Τιμιώτατε
2416 4307 2473 4358 ἐν
2504 4306 2900 4378 ίερομονάχοις,
2938 4307 3084 4381 κῦρ.
3121 4348 3135 4363 .
3180 4350 3195 4364 .
3238 4349 3252 4365 .
3288 4311 3387 4365 καὶ
3418 4315 3508 4375 σύ,

240 4408 363 4461 σθαι
401 4409 497 4458 καὶ
537 4404 636 4474 τὴν
692 4401 797 4473 σήν
854 4399 1111 4470 ίερότητα
1163 4394 1582 4469 ἀπαραιτήτως,
1633 4391 1823 4463 ἐπειδὴ
1930 4398 2230 4468 τιμιώτατε
2263 4401 2321 4451 ἐν
2357 4401 2638 4468 μοναχοῖς,
2665 4399 2772 4470 κῦρ
2801 4439 2815 4453 .
2850 4437 2866 4454 .
2906 4439 2922 4456 .
2962 4440 2977 4454 .
3011 4440 3029 4456 .
3059 4403 3118 4454 ἐν
3150 4402 3290 4472 ἀγίῳ
3341 4402 3511 4456 Πνεύ-

236 4502 415 4566 οὕτως
474 4496 811 4569 ἀνετέθησαν
866 4496 916 4548 οἰ
948 4491 1183 4547 τοιοῦτοι
1237 4488 1675 4561 άποκρισιάριοι,
1733 4487 1823 4542 ἵνα
1933 4510 2063 4564 ματι
2093 4492 2374 4563 ἀγαπητοὶ
2403 4492 2514 4546 υίοὶ
2545 4493 2647 4562 τῆς
2691 4494 2847 4564 ήμῶν
2894 4493 3273 4565 μετριότητος,
3329 4495 3519 4568 χάριν,

238 4593 686 4665 διαμηνύσωνται
719 4589 857 4659 πρὸς
883 4587 942 4639 σὲ
969 4585 1162 4640 τούτου
1196 4584 1393 4655 χάριν*
1434 4582 1523 4635 διὰ
1553 4581 1709 4635 τοῦτο
1734 4583 1827 4634 καί
1856 4589 1905 4649 ι)
1933 4587 2179 4658 εἰρήνην,
2214 4585 2366 4640 ἔλεον
2392 4586 2486 4639 καὶ
2515 4588 2624 4640 πᾶν
2649 4585 2801 4653 ἄλλο,
2824 4587 2878 4642 εί
2904 4604 2953 4640 τι
2978 4588 3183 4656 ἀγαθὸν
3213 4592 3308 4642 καὶ
3341 4592 3519 4660 cum}-

242 4683 552 4757 παραδηλοῖ
586 4684 651 4753 τῇ
686 4677 925 4750 ἰεροτητί
984 4692 1078 4727 σου
1119 4675 1151 4745 ή
1198 4674 1491 4743 μετριότης
1539 4673 1719 4742 ἡμῶν,
1749 4671 1825 4736 ὼς

244 4782 334 4841 ἂν,
370 4780 556 4832 πᾶσαν
598 4777 694 4827 καὶ
742 4770 1002 4823 παντοίαν
1059 4767 1496 4836 ἀποσεισάμενος
1532 4766 1828 4834 πρόφασιν,

246 4873 548 4947 παραγένῃ
569 4869 660 4921 διὰ
692 4862 889 4918 σαυτοῦ
922 4863 1059 4932 πρὸς
1083 4860 1179 4930 τὴν
1202 4860 1579 4928 γενησομένην
1610 4858 1831 4925 σύναξιν

243 4964 401 5035 παρὰ
447 4961 554 5014 τῶν
612 4957 871 5011 τοιούτων
922 4953 1389 5023 ἀποκρισιαρίων,
1452 4951 1544 5005 καὶ
1601 4951 1829 5021 γένηται

242 5059 495 5112 ἐντεῦθεν
549 5052 945 5124 ἀπροσπαθῶς,
1003 5050 1078 5112 ὡς
1125 5048 1431 5119 ἐφορῶντος
1475 5048 1685 5102 ἀνωθεν
1732 5047 1827 5101 τοῦ

239 5151 405 5216 Θεοῦ,
442 5151 477 5220 ή
505 5147 616 5200 τῶν
668 5145 1013 5214 λαληθέντων
1063 5139 1356 5204 συνοδικῶς
1397 5140 1666 5208 ἐξέτασις,
1692 5140 1829 5212 ὅπερ

241 5246 365 5299 ἐστὶ⁵
394 5245 491 5297 καὶ
521 5241 816 5310 ἐγκάνονον
869 5235 1096 5307 ποιῆσαί
1130 5251 1212 5290 σε.
1266 5235 1440 5307 Εἴπερ
1460 5234 1515 5287 δὲ
1545 5236 1826 5307 ἐπισυμὸᾔ

242 5340 332 5393 διά
363 5355 487 5390 τινα
523 5332 864 5408 ἐμποδισμδν
905 5329 1226 5399 σωματικῆς
1269 5327 1574 5394 ἀσθενείας,
1606 5330 1702 5383 καὶ
1727 5331 1829 5383 οὐκ

243 5432 395 5503 ἔχεις
429 5429 654 5483 εὐκολον
712 5428 803 5479 διά
858 5421 1062 5478 σαυτοῦ
1095 5421 1523 5495 παραγενέσθαι,
1579 5437 1827 5494 παρακε-

241 5524 542 5595 λευόμεθα,
586 5522 674 5575 ἵνα
703 5522 874 5591 χωρὶς
925 5520 1024 5588 τῆς
1056 5515 1339 5587 τυχούσης
1360 5516 1688 5586 προφάσεως
1739 5515 1827 5568 ἐκ·

244 5617 474 5690 πέμψῃς
507 5615 629 5669 ἀντὶ
664 5613 866 5667 σαυτοῦ
895 5610 1132 5673 οἰκείους
1169 5626 1264 5662 συυ
1307 5606 1655 5679 ἀνθρώπους,
1684 5605 1824 5660 ὥστε

243 5710 503 5781 γενέσθαι
549 5707 785 5760 ἐνώπιον
834 5704 1018 5757 αὐτῶν
1069 5704 1220 5757 πᾶσα
1256 5702 1287 5771 ἠ
1318 5699 1428 5754 τῶν
1480 5699 1825 5771 λαληθέντων

244 5803 516 5871 ἐξέτασις,
572 5799 760 5868 ὥσπερ
802 5798 994 5869 ἔμελλε
1044 5794 1375 5866 γενήσεσθαι
1446 5794 1540 5845 καὶ
1590 5792 1824 5845 ἐνώπιον

240 5898 345 5967 τῆς
384 5896 478 5965 σῆς
511 5896 805 5964 ἰερότητος.
868 5890 1189 5945 Γινωςκέτω
1231 5889 1341 5957 γὰρ
1376 5889 1408 5958 ή
1449 5886 1665 5955 ἱερότης
1701 5903 1820 5953 σου,

1936 4699 2075 4755 ριον,
2109 4681 2405 4751 ἐπεύχεται
2461 4682 2593 4750 ὑμῖν
2634 4683 2667 4752 ή
2707 4682 3000 4752 μετριότης
3054 4681 3213 4753 ήμῶν
3240 4683 3349 4736 ἀπὸ
3378 4681 3516 4737 Θεοῦ

1934 4776 2404 4844 παντοκράτορος.
2448 4771 2509 4825 Ἦ
2548 4773 2796 4844 ὑμετέρα
2822 4774 3104 4845 ἔγγραφος
3123 4777 3381 4847 ἀναφορά
3410 4778 3521 4830 διε-

1932 4867 2169 4938 κομίσθη
2198 4868 2301 4921 καὶ
2344 4866 2747 4937 ὐπανεγνώσθη
2798 4867 3094 4930 συνοδικῶς
3121 4870 3187 4938 τῇ
3216 4868 3380 4938 ήμῶν
3416 4886 3513 4939 με-

1930 4959 2215 5032 τριόιητι,
2279 4959 2566 5029 παρόντων
2633 4957 2854 5010 πάντων
2916 4958 3027 5011 τῶν
3093 4958 3523 5028 ἐπιδημούντων

1932 5056 2246 5126 ἰερωτάτων
2275 5054 2581 5124 ἀρχιερέων
2615 5055 2680 5125 τῇ
2731 5052 3100 5124 βασιλευούσῃ
3130 5050 3239 5105 τῶν
3280 5052 3522 5119 πόλεων,

1931 5150 2027 5204 καὶ
2056 5146 2356 5219 ἐγνώρισεν
2388 5149 2421 5217 ή
2455 5146 2750 5217 μετριότης
2788 5146 2946 5217 ἡμῶν
2979 5146 3038 5213 ἐξ
3064 5146 3258 5216 αὐτῆς,
3287 5146 3388 5198 ὅσα
3420 5151 3520 5203 καὶ

1930 5243 2061 5314 περὶ
2109 5234 2186 5295 ὧν
2241 5239 2517 5305 ἐδηλοῦτε,
2571 5240 2829 5311 καὶπερὶ
2888 5239 2990 5310 μέν
3024 5237 3138 5320 ιτοῦ
3170 5240 3518 5309 πατριάρχου

1931 5332 2214 5406 Τρινόὸου,
2247 5332 2397 5396 ὅπως
2426 5332 2486 5385 οὐ
2519 5333 2802 5404 μέμνηται
2834 5334 2893 5386 ἐν
2918 5332 3037 5395 ταῖς
3070 5332 3247 5403 ἱεραῖς
3269 5331 3517 5393 τελεταῖς

1929 5427 2025 5483 καὶ
2058 5428 2299 5480 ποιεῖται
2327 5425 2617 5494 ἀναφορὰν
2649 5425 2740 5478 τοῦ
2774 5425 3044 5493 ὀνόματος
3095 5423 3194 5492 τῆς
3222 5421 3383 5493 ήμῶν
3416 5440 3522 5493 με-

1931 5520 2213 5590 τρ.ότητος
2247 5520 2339 5571 καὶ
2369 5518 2474 5572 τῶν
2520 5517 2728 5587 ἐτέρων
2758 5518 3089 5584 ἁγιωτάτων
3122 5515 3457 5585 πατριαρχῶ
3471 5533 3515 5584 ι,

1930 5613 2025 5665 καὶ
2051 5612 2174 5668 οὐδὲ
2208 5614 2241 5681 ή
2290 5614 2584 5680 μετριότης
2613 5610 2776 5679 ήμῶν
2809 5609 3087 5678 μέμνηται
3120 5608 3214 5662 τοῦ
3244 5609 3521 5679 ὀνόματος

1927 5705 2117 5758 τούτου
2177 5709 2320 5757 κατά
2351 5705 2443 5759 τὸν
2468 5704 2658 5772 ὅμοιον
2688 5702 2913 5772 τρόπον,
2967 5701 3170 5754 εἰδέναι
3199 5700 3515 5771 βουλόμεθα

1928 5801 2026 5867 τὴν
2066 5799 2338 5867 ὑμετέραν
2372 5798 2681 5861 εὐλάὸειαν,
2713 5798 2796 5849 ὃτι
2829 5796 2891 5848 τὸ
2927 5797 3075 5867 παρά
3103 5797 3199 5865 μὲν
3232 5796 3331 5865 τῆς
3359 5798 3518 5865 ήμῶν

1932 5891 2289 5961 μετριότητος
2325 5892 2612 5959 γινόμενον
2673 5890 2752 5951 εἰς
2800 5888 2988 5941 τοῦτον
3042 5888 3153 5957 ἔχει
3198 5887 3291 5940 τὸν
3345 5905 3512 5955 προσ‹
