3964 6556
402 399 542 464 1383
1227 395 1574 457 CALLISTI
1611 395 1708 456 ET
1748 390 2176 456 PHILOTHEI
2220 390 2328 454 (ΣΡ.
2371 385 2832 450 PATRIARCH.
3538 367 3673 436 138$

399 512 605 582 ήκοντα
631 511 726 566 καὶ
759 499 967 564 δίκαιον
1019 508 1205 578 λόγον,
1267 509 1330 562 16
1371 507 1428 561 δὲ
1479 507 1812 579 τελούμενον
1850 505 1983 576 παρ’
2015 512 2054 568 Α
2089 505 2234 575 ἔχειν
2265 505 2565 574 ἀναφέρειν
2601 503 2690 556 ἀεὶ
2723 503 2826 571 τήν
2879 515 2940 552 τε
2967 495 3127 568 ἡμῶν
3185 492 3521 564 μετριότητα
3579 494 3672 547 καὶ

400 602 591 669 αὑτοῦ,
625 603 797 674 ἤγουν
824 603 886 656 16
917 603 992 673 μὴ
1023 601 1340 672 μεμνῆσθαι
1369 601 1466 670 τῆς
1495 601 1657 672 ἡμῶν
1691 599 1984 670 μετριότης
2090 600 2215 662 τοὺς
2239 599 2433 662 ἀλλους
2456 598 2803 667 πατριάρχας
2835 595 2894 648 έν
2919 595 3035 656 τοῖς
3069 591 3238 662 ἱεροῖς
3263 587 3549 656 διπτύχοις
3579 588 3677 641 καὶ

402 709 492 756 τος
521 693 580 745 έν
609 695 730 753 ταῖς
755 692 952 762 ἱεραῖς.
986 691 1064 756 ώς
1093 692 1338 762 εἴρηται,
1371 693 1618 754 τελεταῖς
1669 693 1788 742 ἐστι
1841 691 1989 756 πάμ-
2090 692 2265 753 οὕτως
2293 689 2603 755 ἀποσώζειν
2656 689 2752 742 καὶ
2783 686 2947 740 αὑτὸν
2983 687 3041 738 ὲν
3075 685 3144 754 τῇ
3203 679 3475 750 ἐκκλησίᾳ
3504 677 3674 732 αὑτοῦ

405 799 514 839 παν
549 782 1008 856 παραλογώτατόν
1049 801 1108 837 τε
1143 785 1240 838 καὶ
1295 782 1633 837 ἀδικώτατον
1681 780 1752 836 δι’
1809 782 1991 835 αἰτίαν
2092 787 2184 838 16v
2210 782 2381 836 τύπον
2431 781 2532 851 τῆς
2565 777 3030 851 ὲκκλησιαστικῆς
3087 773 3502 834 καταστάσεως.
3540 770 3680 823 κάν-

406 874 698 946 τοιαὺτηνι
741 878 770 928 6
825 875 1180 947 πατριάρχης
1237 875 1503 947 Τρινόϐου
1536 870 1605 946 ἦν
1658 874 1871 928 ἀνωθεν
1900 872 1994 926 καὶ
2094 872 2288 928 τεῦθεν
2327 871 2624 942 φαίνεσθαι
2674 871 2954 942 ἡνωμένος
2979 868 3075 922 καὶ
3121 863 3482 935 συναρίθμιος
3510 863 3679 932 ἡμῖν’

408 968 469 1034 ἐξ
488 968 661 1039 ἀρχῆς
685 969 989 1022 ὲπισκόπου
1018 967 1189 1038 ὄνομα
1215 969 1420 1039 φέρων,
1453 968 1903 1036 ὑποτασσόμενος
1925 968 2005 1037 τῇ
2095 958 2250 1030 οὗτος
2277 966 2333 1018 δὲ
2360 964 2575 1019 ἀθετῶν
2618 966 2680 1018 οὑ
2735 963 2919 1024 καλῶς
2957 963 3049 1016 τὸν
3101 957 3349 1012 τοιοῦτον
3385 955 3684 1022 ἐκκλησια-

407 1060 542 1132 άγίᾳ
570 1061 665 1115 τοῦ
699 1061 838 1115 Θεοῦ
863 1061 1093 1133 Μεγάλῃ
1128 1060 1461 1131 Ἐκκλησία,
1483 1054 1587 1113 εἶθ’
1625 1059 1856 1129 ὕστερον
1890 1076 1996 1112 πα-

412 1152 735 1223 ρακλήσεως
790 1154 1082 1222 γεγονυίας
1123 1153 1327 1221 πολλῆς
1357 1154 1454 1205 καὶ
1503 1152 1742 1221 δεήσεως
1784 1153 1864 1215 είς
1898 1152 1997 1220 τὴν

413 1246 538 1300 καθ’
570 1247 717 1315 ἡμᾶς
751 1248 960 1317 ταύτην
991 1247 1240 1316 μεγάλην
1275 1246 1369 1300 καὶ
1397 1246 1548 1314 ίεράν
1591 1245 1811 1299 σύνοδον
1845 1243 1999 1312 παρά

411 1341 507 1394 τοῦ
540 1342 662 1394 τότε
685 1342 755 1394 τὰ
782 1345 881 1413 τῆς
917 1342 1196 1412 βασιλείας
1225 1343 1334 1396 τῶν
1364 1343 1694 1412 Βουλγάρων
1723 1340 1989 1394 διιθύνον-

411 1450 504 1494 τος
542 1437 817 1504 σκῆπτρα,
860 1436 950 1488 διὸ.
1000 1435 1170 1506 τιμὴν
1227 1435 1443 1488 ἐκείνου
1476 1439 1572 1489 καὶ
1624 1434 1720 1486 τοῦ
1745 1433 1993 1486 τοιούτου

414 1527 623 1591 ἔθνους,
647 1527 1096 1598 ὑποτεταγμένου
1131 1530 1394 1596 φανέντος
1424 1531 1488 1600 τῇ
1515 1527 1800 1597 καθ’ήμᾶς
1835 1527 2020 1599 ἀγιωτ

413 1620 552 1690 τάτῃ
578 1620 672 1673 τοῦ
697 1620 836 1673 Θεοῦ
863 1622 1094 1692 Μεγάλῃ
1125 1610 1450 1692 Ἐκκλησία,
1499 1621 1754 1690 ἐδωρήθη
1786 1636 1996 1687 συγκα-

413 1713 699 1772 ταϐάσεως
745 1713 890 1785 λόγῳ
933 1715 1072 1782 πρὸς
1115 1713 1206 1768 16v
1239 1715 1510 1784 Τρινόϐου
1537 1713 1600 1770 16
1633 1711 2003 1782 ὀνομάζεσθαι

415 1806 766 1874 πατριάρχην
827 1805 1194 1876 Βουλγαρίας,
1248 1795 1309 1859 οὑ
1345 1806 1535 1874 μέντοι
1582 1801 1725 1857 εἷναι
1755 1802 1847 1855 καὶ
1879 1818 2003 1855 συν-

415 1897 673 1966 αρίθμιον
702 1900 813 1960 τοῖς
843 1899 1054 1959 λοιποῖς
1099 1898 1433 1964 ἁγιωτάτοις
1470 1896 1866 1966 πατριάρχαις,
1907 1894 2000 1946 καὶ

415 1988 505 2042 διὰ
525 1988 684 2042 τοῦτο
719 1990 855 2061 μηδὲ
916 1989 1357 2059 μνημονεύεσθαι
1380 1991 1434 2041 ὲν
1463 1992 1575 2050 τοῖς
1616 1989 1782 2058 ίεροῖς
1809 1985 2001 2039 διπτύ-

417 2098 534 2150 χοις
566 2083 708 2136 κατὰ
741 2083 834 2134 τὸν
858 2081 1000 2134 θεῖον
1024 2085 1119 2137 καὶ
1149 2081 1296 2150 ίερδν
1327 2082 1532 2134 κανόνα
1552 2082 1650 2151 τῆς
1680 2079 1721 2132 δ’
1755 2079 2000 2146 συνόδου,

417 2171 650 2240 λέγοντα
705 2174 822 2226 ὲπὶ“
853 2174 1054 2239 λέξεως
1106 2172 1289 2226 οῦτωσ
1354 2192 1372 2224 ι
1408 2166 1694 2243 Πανταχοῦ
1747 2172 1862 2231 τοῖς
1891 2172 2002 2222 τῶν

419 2265 592 2334 ἁγίων
628 2266 890 2335 Πατάρων
917 2267 1066 2336 ὅροις
1093 2266 1354 2335 ἑπόμενοι
1389 2267 1485 2320 καὶ
1517 2265 1608 2317 τὸν
1639 2263 1841 2334 ἀρτίως
1873 2263 2003 2316 ἀνα-

419 2356 737 2430 γνωσθέντα
784 2359 987 2410 κανόνα
1036 2356 1150 2410 τῶν
1183 2364 1259 2428 ρν¹
1311 2356 1748 2427 θεοφιλεστάτων
1782 2355 2006 2408 ἐπισκό-

2099 1058 2286 1111 στικδν
2329 1056 2533 1127 θεσμὸν
2589 1059 2683 1110 καὶ
2735 1053 3088 1125 ἀποσκιρτῶν
3124 1053 3224 1122 τῆς
3269 1045 3556 1115 ὑποταγῆς
3581 1043 3688 1111 τῆς
3760 1102 3763 1103 ν

2099 1149 2259 1222 ἡμῶν
2311 1151 2670 1222 μετριότητος
2734 1146 2966 1216 καὶτῆς
3016 1142 3317 1213 καθολικῆς
3347 1136 3685 1208 Ἐκκλησίας

2101 1242 2261 1309 Θεοῦ,
2301 1244 2362 1308 ἐξ
2408 1237 2497 1314 ἧς,
2554 1244 2630 1306 ὡς
2662 1241 3001 1307 διείληπται,
3049 1239 3109 1290 τὸ
3139 1232 3284 1290 εἶναι
3334 1233 3688 1303 πατριάρχης

2100 1338 2242 1388 κατὰ
2273 1333 2684 1402 συγκατάϐασιν
2713 1332 2847 1402 ἔχει,
2883 1327 3144 1402 οὐδεμίαν
3177 1329 3416 1381 ποιεῖται
3459 1322 3689 1394 μνήμην

2100 1427 2202 1498 τῆς
2229 1427 2387 1498 ἡμῶν
2413 1425 2794 1501 μετριότητος,
2848 1425 3086 1492 πρᾶγμα
3127 1419 3300 1474 ποιῶν
3330 1415 3689 1472 ἀτοπώτατον

2103 1522 2198 1575 καὶ
2227 1519 2334 1584 ἔξω
2372 1517 2481 1572 τῶν
2509 1518 2565 1584 ἐξ
2599 1518 2774 1588 ἀρχῆς
2823 1515 3159 1587 συμφωνιῶν
3213 1512 3323 1567 τῶν
3353 1506 3692 1577 ἁποταχθει-

2105 1614 2217 1667 σῶν
2259 1613 2346 1666 διὰ
2375 1612 2469 1665 τοῦ
2504 1611 2673 1680 τόμου
2695 1611 2790 1664 τοῦ
2824 1610 3132 1678 ἀγιωτάτου
3177 1605 3525 1675 πατριάρχου
3576 1597 3688 1666 κῦρ

2105 1705 2390 1779 Γερμανοῦ
2414 1721 2430 1736 ι
2485 1705 2621 1774 φησι
2676 1704 2785 1774 γάρ
2817 1705 2846 1756 6
2885 1703 3050 1764 αὑτὸς
3105 1697 3457 1769 πατριάρχης
3488 1692 3547 1746 έν
3577 1708 3692 1744 τινι

2105 1800 2216 1854 τῶν
2278 1796 2474 1850 ἑαυτοῦ
2536 1795 2996 1865 συγγραμμάτων
3051 1790 3504 1858 ἀπολογούμενος
3551 1785 3692 1851 περὶ

2101 1891 2307 1946 τούτων
2327 1907 2342 1923 ο
2386 1910 2404 1943 ι
2445 1888 2519 1944 T6
2549 1890 2603 1944 δὲ
2630 1889 2904 1960 ἡμέτερον
2936 1889 3036 1957 οὐχ
3081 1885 3255 1947 οὕτως
3283 1881 3421 1952 ἔχει,
3449 1880 3550 1948 οὑχ
3582 1876 3678 1929 οῦ-

2099 2001 2232 2050 τως,
2262 1983 2397 2037 ἀλλὰ
2418 1983 2692 2054 κοσμικὴν
2721 1982 2818 2053 τὴν
2853 1979 3241 2050 κοινωφέλειαν
3281 1971 3693 2043 ἐπαγγελλόμεο

2103 2094 2194 2131 νον
2223 2076 2305 2148 τῷ
2353 2075 2708 2146 τετιμημένῳ
2773 2073 2865 2126 τοῦ
2925 2072 3035 2126 τῶν
3093 2068 3425 2137 Βουλγάρων
3493 2064 3692 2123 ἔθνους

2104 2171 2376 2242 ἀρχιερεῖ,
2428 2169 2492 2224 16
2522 2168 2895 2238 αὑτοκέφαλον
2942 2162 3086 2219 εἶναι
3111 2162 3413 2232 ὁλόκληρον
3441 2159 3544 2212 οὐκ
3574 2160 3690 2209 ἑτο-

2109 2263 2492 2334 μογράφησεν,
2527 2262 2663 2316 ἀλλὰ
2709 2262 3118 2332 δασμοφορήσει
3164 2258 3348 2320 πάλιν,
3375 2251 3521 2308 τοῦτ’
3546 2251 3689 2310 ἐστι.

2107 2355 2271 2408 δώσει
2293 2356 2422 2425 τέλη
2451 2354 2548 2408 καὶ
2576 2354 2776 2424 φόρους
2810 2353 2886 2423 τῷ
2926 2351 3226 2423 τιμήσαντι
3251 2346 3576 2430 πατριάρχῃ
3600 2343 3699 2396 καὶ

423 2461 543 2498 πων
587 2446 942 2516 γνωρίζοντες
975 2447 1045 2499 τὰ
1095 2447 1236 2499 αὑτά
1268 2447 1363 2499 καὶ
1391 2447 1551 2515 ἡμεῖς
1623 2445 1884 2516 ὁρίζομεν
1913 2447 2008 2498 καὶ
2107 2449 2207 2518 τὴν
2236 2447 2330 2500 τοῦ
2373 2447 2638 2516 ὀνόματος
2679 2444 2847 2500 αὑτοῦ
2899 2445 2989 2496 ἐπ’
3018 2443 3325 2506 ἐκκλησίας
3378 2438 3694 2507 άνατροράνι

423 2539 778 2611 ψηφιζόμεθα
829 2543 958 2608 περὶ
1014 2541 1127 2592 τῶν
1185 2540 1497 2611 πρεσϐείων
1555 2540 1656 2609 τῆς
1690 2539 2009 2608 ἁγιωτάτης
2109 2539 2186 2604 ώς
2217 2537 2580 2607 συνεισφορὰν
2601 2577 2616 2602 ,
2644 2537 2718 2600 ὡς
2747 2530 2826 2597 εἷς
2858 2535 2968 2587 τῶν
3000 2533 3106 2587 ὑπὸ
3125 2533 3224 2603 τὴν
3248 2528 3700 2586 Κωνσταντινού-

438 2632 771 2702 Ἐκκλησίας
829 2633 1462 2695 Κωνσταντινουπόλεως
1526 2631 1674 2694 Νέας
1747 2630 1967 2700 Ῥώμης
1991 2645 2006 2660 ⁸
2111 2632 2270 2686 πολιν
2302 2628 2746 2701 μητροπολιτῶν,
2776 2629 2874 2683 καὶ
2901 2629 2980 2691 είς
3003 2624 3376 2696 λογιστεύσεις
3405 2624 3505 2678 καὶ
3538 2621 3705 2676 160:3-

428 2726 522 2778 καὶ
546 2727 656 2792 γὰρ
677 2722 756 2794 τῷ
787 2723 962 2794 θρόνῳ
1000 2725 1100 2792 τῆς
1134 2722 1522 2794 πρεσϐυτέρας
1561 2724 1802 2794 Ῥώμης,
1836 2724 1924 2776 διὰ
1949 2721 2012 2775 16
2109 2740 2232 2789 νας,
2264 2722 2408 2776 τοῦτ’
2461 2722 2599 2784 ἐστι,
2632 2722 2845 2792 κρίσεις
2896 2722 3218 2792 ἀχθήσεται,
3247 2719 3387 2772 ἐπάν
3418 2717 3550 2770 ποτὲ
3618 2731 3706 2778 τις

313 2892 326 2906 .
429 2813 739 2884 βασιλεύειν
791 2816 890 2886 τὴν
942 2815 1103 2868 πόλιν
1157 2816 1402 2886 ἐκείνην,
1435 2816 1484 2868 οἱ
1515 2814 1758 2885 Πατέρες
1783 2815 2012 2878 είκότως
2113 2816 2498 2886 παρατραπεὶς
2514 2815 2608 2885 τῆς
2627 2813 2997 2883 δασμοφορίας
3021 2810 3335 2884 ἐξελεγχθῇ.
3365 2830 3384 2864 ι
3417 2809 3578 2864 Οῦτω
3603 2809 3706 2879 μὲν

429 2908 902 2965 ἀποδεδώκασιτά
933 2907 1225 2977 πρεσϐεῖα.
1268 2909 1380 2963 Καὶ
1408 2906 1486 2978 τῷ
1513 2907 1664 2977 αὺτῷ
1703 2907 1892 2977 σκοπῷ
1923 2924 2014 2960 κιο
2114 2910 2149 2981 η
2181 2909 2478 2979 ὑπόσχεσις
2528 2911 2623 2962 καὶ
2675 2912 2709 2979 η
2761 2911 3056 2978 συμφωνία
3091 2909 3192 2979 τῆς
3216 2909 3328 2963 τῶν
3367 2909 3707 2980 Βουλγάρων

430 3005 683 3073 νούμενοι
739 3005 788 3056 οἱ
849 3001 929 3074 pv'
968 3003 1380 3072 θεοφιλέστατοι
1437 3002 1734 3055 ἐπίσκοποι
1792 3001 1861 3054 τά
1923 3001 2014 3054 ίσα
2115 2999 2410 3071 ἐκκλησίας
2442 2999 2580 3072 πρὸς
2609 3001 2712 3069 τὴν
2737 2998 3342 3056 Κωνσταντινούπολιν.
3380 3002 3494 3056 Καὶ
3531 3002 3707 3073 χωρὶς

334 3087 354 3106 ⁸
430 3095 702 3167 πρεσϐεῖα
723 3097 1032 3167 ἀπένειμαν
1057 3093 1136 3166 τῷ
1159 3098 1258 3166 τῆς
1284 3094 1432 3159 Νέας
1471 3093 1689 3164 Ῥώμης
1721 3091 2015 3165 ἁγιωτάτῳ
2111 3089 2182 3162 δὴ
2213 3090 2430 3156 τούτου,
2471 3092 2520 3144 εί
2539 3093 2568 3144 6
2597 3093 2696 3164 τῆς
2723 3093 3357 3159 Κωνσταντινουπόλεως
3387 3096 3584 3166 θρόνος
3611 3097 3708 3151 καὶ

433 3189 634 3260 θρόνῳ,
669 3189 910 3257 εὐλόγως
958 3189 1253 3259 κρίναντες
1307 3185 1406 3258 τὴν
1443 3185 1696 3257 βασιλείᾳ
1740 3187 1836 3240 καὶ
1879 3203 2014 3257 συγ.
2045 3203 2090 3263 c
2122 3188 2221 3248 τάς
2245 3186 2356 3242 τῶν
2388 3186 2568 3241 ἄλλων
2600 3185 2964 3259 πατριαρχῶν
2993 3188 3230 3261 κρίσεις,
3262 3189 3706 3262 Ἀλεξανδρείας,

435 3285 620 3355 κλήτῳ
663 3283 990 3354 τιμηθεῖσαν
1024 3281 1178 3336 πόλιν
1230 3281 1324 3336 καὶ
1371 3281 1483 3334 τῶν
1529 3282 1658 3334 ίσων
1715 3281 2020 3336 ἁπολαύου·
2137 3279 2475 3351 Ἀντιοχείας
2499 3279 2599 3334 καὶ
2638 3279 3054 3354 Ἰεροσολύμων,
3088 3281 3184 3334 καὶ
3223 3281 3589 3352 ἑπανακρίνει
3615 3284 3710 3337 καὶ

439 3396 538 3431 σαν
573 3377 878 3446 πρεσϐείων
930 3377 998 3447 τῇ
1038 3375 1388 3448 πρεσϐυτέρᾳ
1441 3375 1672 3446 βασιλίδι
1708 3376 1896 3448 Ῥώμῃ
1925 3377 2020 3430 καὶ⁸

433 3472 628 3532 ἐντοῖς
687 3469 1162 3536 ἑκκλησιαστικοῖς
1215 3468 1289 3530 ὼς
1329 3468 1546 3536 ἐκείνην
1610 3469 2016 3538 μεγαλύνεσθαι

436 3563 752 3635 πράγμασι.
814 3561 1075 3630 δευτέραν
1137 3561 1257 3630 μετ’
1306 3560 1524 3632 ἐκείνην
1572 3559 1956 3631 ὑπάρχουσαν.
1994 3580 2010 3613 ι

449 3657 686 3726 Ὁμοίως
730 3657 822 3708 καὶ
884 3656 1025 3709 κατὰ
1083 3655 1173 3707 16v
1213 3655 1312 3724 τῆς
1346 3655 1513 3723 ἕκτης
1545 3655 1765 3709 συνόδου
1821 3655 2024 3710 κανόνα

437 3749 828 3819 διαγορεύοντα
861 3748 1160 3820 διαρρήδην
1189 3747 1282 3800 ἐπὶ
1304 3747 1504 3815 λέξεως
1527 3748 1760 3803 οὑτωσίν
1783 3763 1797 3778 ⁸
1825 3749 2022 3802 «Ἀνα-

442 3847 729 3914 νεούμενοι
758 3845 825 3897 τὰ
851 3844 1003 3912 παρά
1039 3841 1146 3894 τῶν
1177 3848 1253 3912 ρν¹
1287 3842 1462 3910 ἁγίων
1509 3841 1768 3909 Πατέρων
1813 3841 1923 3894 τῶν
1965 3845 2027 3896 έν

442 3943 507 4008 τῇ
545 3937 900 4006 θεοφυλὰκτῳ
926 3935 1097 4006 ταύτῃ
1138 3936 1228 3987 καὶ
1253 3933 1492 4002 βασιλίδι
1541 3936 1696 3987 πόλει
1731 3934 2022 3988 συνελθόν-

441 4047 552 4084 των
605 4029 847 4082 καὶτῶν
883 4029 965 4098 χλ¹
1023 4027 1132 4081 τῶν
1185 4029 1244 4081 ὲν
1295 4027 1601 4098 Χαλκηδόνι
1656 4026 2026 4082 συνελθόντων

445 4120 902 4191 νομοθετηθέντα,
955 4120 1236 4189 ὁρίζομεν,
1273 4117 1417 4172 ὥστε
1445 4119 1537 4172 τὸν
1580 4119 2027 4173 Κωνσταντινου-

447 4217 655 4278 πόλεως
681 4215 871 4287 θρόνον
905 4214 1010 4269 τῶν
1053 4213 1186 4268 ῐσων
1220 4213 1520 4268 ἀπολαύειν
1573 4213 1886 4280 πρεσϐείων
1930 4213 2027 4268 τοῦ

449 4313 546 4380 τῆς
578 4311 963 4380 πρεσϐυτέρας
999 4308 1220 4377 Ῥώμης
1245 4307 1440 4376 θρόνου
1474 4308 1569 4360 καὶ
1599 4307 1657 4358 έν
1689 4309 1802 4369 τοῖς
1829 4306 2030 4376 ἐκκλη-

449 4405 749 4464 σιαστικοῖς
771 4400 844 4463 ώς
877 4403 1082 4453 ἐκεῖνον
1121 4397 1530 4468 μεγαλύνεσθαι
1556 4401 1874 4469 πράγμασι,
1907 4399 2031 4452 δεύο

450 4509 612 4562 τερον
651 4492 768 4561 μετ’
800 4493 1009 4543 ἐκεῖνον
1043 4491 1380 4560 ὑπάρχοντα,
1420 4491 1538 4560 μεθ’
1568 4491 1626 4544 δν
1655 4495 1682 4545 6
1715 4492 1814 4560 τῆς
1848 4475 2006 4556 Ἀλεξ

2122 3372 2392 3427 διευθετεῖ
2418 3375 2512 3427 καὶ
2541 3373 2937 3444 ὲπιψηφίζεται
2963 3373 3059 3428 καὶ
3090 3375 3154 3427 16
3176 3372 3344 3445 κῦρος
3369 3375 3612 3441 δίδωσιν,
3633 3376 3708 3440 ώς

2124 3467 2173 3519 οί
2197 3467 2331 3521 θεῖοι
2352 3468 2581 3530 κανόνες
2601 3467 2985 3539 διαγορεύουσι
3010 3468 3106 3521 καὶ
3128 3469 3183 3523 αί
3203 3468 3433 3537 πράξεις
3461 3470 3709 3542 ἐπεμαρο

2123 3557 2393 3628 τύρησαν,
2423 3559 2544 3623 πῶς
2570 3561 2632 3612 οὑ
2667 3559 2848 3630 πολλῷ
2887 3561 3089 3631 μᾶλλον
3116 3561 3212 3633 τῆς
3235 3562 3343 3616 τῶν
3373 3563 3707 3636 Βουλγάρων

2125 3653 2419 3722 ἐκκλησίας
2475 3654 2503 3707 6
2552 3653 2742 3725 θρόνος
2787 3653 2938 3719 οὗτος
2992 3657 3178 3728 κύριος
3235 3657 3432 3725 ἔσται,
3481 3659 3706 3732 παρόῦ

2126 3747 2312 3799 καὶτὸ
2367 3745 2736 3816 ὀνομάζεσθαι
2775 3747 3124 3819 πατριάρχης
3163 3751 3496 3822 τετίμηται;
3547 3754 3708 3807 Ἀλλά

2127 3838 2434 3906 γινώσκετε
2489 3839 2704 3906 σαφῶς,
2765 3839 2848 3893 ὅτι
2903 3843 3063 3912 είπερ
3097 3842 3198 3895 οὐκ
3246 3838 3315 3914 ἦν
3363 3847 3396 3914 ἡ
3435 3849 3574 3916 πρὸς
3618 3849 3706 3900 τὸν

2129 3929 2462 4002 ὑψηλότατον
2495 3932 2723 4001 βασιλέα
2752 3932 2860 3986 τῶν
2887 3933 3240 4005 Βουλγάρων,
3271 3937 3330 3989 ὲν
3360 3939 3504 4010 ἁγίῳ
3540 3940 3704 3993 [Ῐνεύ-

2133 4043 2264 4094 ματι
2301 4026 2679 4095 γνησιώτατον
2707 4027 2824 4080 υἱὸν
2863 4029 2962 4096 τῆς
2985 4028 3148 4100 ημῶν
3199 4033 3578 4105 μετριότητος,
3603 4037 3703 4104 κῦρ

2144 4117 2401 4188 Ἰωάννην
2441 4120 2533 4172 τὸν
2568 4121 2794 4189 Ἀσάνη,
2834 4121 3134 4195 εἰλικρινὴς
3188 4124 3374 4196 σχέσις
3403 4131 3501 4182 καὶ
3533 4129 3702 4182 διάθε-

2132 4226 2216 4272 σις
2251 4210 2422 4280 αὐτῆς
2452 4211 2549 4264 καὶ
2579 4211 2641 4264 16
2670 4215 2745 4283 μὴ
2781 4213 3093 4285 λυπηθῆναι
3135 4216 3325 4271 τοῦτον
3349 4219 3438 4274 διὰ
3472 4221 3572 4291 τὴν
3597 4239 3697 4276 τοι-

2132 4302 2305 4373 αύτην
2341 4304 2544 4364 αἰτίαν.
2581 4301 2727 4376 εῐχεν
2759 4307 2868 4360 ἀπὸ
2887 4308 3102 4364 δικαίου
3154 4313 3186 4382 η
3229 4315 3525 4384 μετριότης
3553 4317 3695 4387 ἡμῶν

2131 4398 2206 4458 ὡς
2234 4397 2618 4468 οίκουμενικδς
2666 4402 3041 4474 πατριάρχης,
3098 4405 3188 4460 διὰ
3212 4407 3310 4477 τῆς
3343 4407 3437 4460 τοῦ
3471 4410 3694 4480 Χριστοῦ

2134 4492 2380 4561 χάριτος,
2403 4494 2776 4563 ἀνακρῖναιτά
2797 4497 2918 4549 κατ’
2944 4496 3110 4551 αὑτὸν
3132 4499 3228 4552 καὶ
3261 4497 3518 4565 ἐξετάσαι
3539 4504 3694 4556 ταῦτα

453 4558 690 4654 ανδρέων
731 4558 1532 4654 μεγαλοπόλεωςήάριθμείσθω
1576 4558 1785 4652 θρόνος,
1839 4581 1959 4638 εἷτα
2005 4587 2033 4638 6
2065 4558 2109 4613 θ
2135 4558 2220 4645 είς
2249 4584 2345 4654 τὴν
2375 4583 2500 4637 καθ’
2550 4558 2701 4656 ημᾶς
2733 4588 2886 4656 ἱεράν
2937 4589 3033 4642 καὶ
3072 4558 3318 4659 μεγάλην
3365 4595 3600 4655 σύνοδον,
3631 4597 3694 4661 ὡς

452 4679 553 4744 τῆς
590 4676 921 4744 Ἀντιοχείας
945 4675 1038 4726 καὶ
1082 4673 1223 4742 μετά
1259 4673 1451 4726 τοῦτον
1481 4677 1508 4727 6
1533 4673 1631 4744 τῆς
1666 4674 2033 4747 Ἱεροσολυμιη

453 4771 562 4822 τῶν
585 4768 811 4830 πόλεως.
845 4786 864 4820 ι
917 4767 1137 4838 Ἐπειδὴ
1170 4769 1328 4820 πέντε
1355 4770 1694 4838 πατριάρχαι
1723 4771 2032 4841 ἐτάχθησαν

453 4864 514 4916 τὸ
547 4844 671 4924 κατέ
695 4860 867 4932 ἀρχὰς
890 4861 1042 4929 παρὰ
1068 4861 1165 4930 τῆς
1204 4860 1498 4931 καθολικῆς
1538 4862 1635 4915 καὶ
1664 4863 2030 4936 ἀποστολικῆς

407 4992 414 4995 -
467 4956 796 5020 Ἐκκλησίας
853 4953 1118 5024 Χριστοῦ,
1163 4955 1365 5024 μέχρις
1393 4954 1460 5008 ἂν
1487 4955 1657 5026 συνῆν
1709 4958 1841 5028 ημῖν
1872 4960 1966 5012 καὶ
1993 4961 2022 5013 ὁ

454 5052 688 5112 πάππας
754 5048 993 5119 Ῥώμης,
1043 5047 1228 5102 ἔκτοτε
1287 5048 1344 5101 δὲ
1398 5050 1562 5118 μέχρι
1617 5048 1711 5102 τοῦ
1747 5049 1844 5105 νῦν
1889 5051 2033 5104 εἰσιν

453 5145 728 5214 ἡνωμένοι
781 5143 829 5194 οἱ
870 5142 1160 5213 τέσσαρες,
1211 5140 1408 5204 οἵτινες
1471 5142 1758 5196 κοινωνίαν
1809 5143 2030 5214 ἔχοντες

455 5237 842 5295 άδιασπάστως
891 5235 1326 5305 μνημονεύονται
1362 5233 1491 5305 παρ’
1540 5234 1794 5305 ἀλλήλων
1823 5238 1880 5288 έν
1909 5240 2033 5299 ταῖς

343 5345 345 5347 ‘
460 5332 949 5400 ἐκκλησιαστικαῖς
1001 5328 1208 5390 πάσαις
1257 5327 1562 5391 συνάξεσιν.
1609 5329 1918 5398 Ἐδειγοῦν
1942 5330 2033 5383 τὸν

460 5424 725 5494 Τρινὸϐου
766 5421 1138 5492 πατριάρχην,
1161 5419 1277 5489 ἄμα
1313 5420 1410 5490 μὲν
1441 5421 1508 5472 δι’
1539 5421 1604 5492 ῆν
1637 5421 1872 5490 ὤφειλεν
1891 5423 2036 5493 ἔχειν

462 5517 744 5587 ὑποταγὴν
777 5517 859 5577 εἰς
889 5517 988 5584 τὴν
1028 5517 1150 5567 καθ’
1202 5515 1351 5584 ἡμᾶς
1411 5514 1726 5584 ἁγιωτάτην
1777 5515 1871 5568 τοῦ
1899 5515 2036 5570 Θεοῦ

461 5610 725 5678 Μεγάλην
787 5607 1140 5676 Ἐκκλησίαν,
1196 5607 1326 5675 παρ’
1359 5603 1424 5678 ἦς
1473 5608 1665 5677 εἴληφε
1693 5611 1786 5662 καὶ
1807 5612 1866 5669 16
1900 5606 2040 5664 εἶναι

462 5706 552 5754 καὶ
585 5703 645 5754 16
684 5699 1048 5769 ὀνομάζεσθαι
1083 5701 1455 5771 πατριάρχης,
1491 5701 1607 5768 ἅμα
1652 5701 1708 5754 δὲ
1740 5704 1830 5754 καὶ
1860 5703 1948 5756 διὰ
1976 5705 2037 5757 :6

467 5799 874 5868 περιποιεῖσθαι
915 5796 1097 5863 ἑαυτῴ
1120 5795 1288 5865 τιμὴν
1320 5797 1416 5848 καὶ
1436 5797 1722 5848 κοινωνίαν
1751 5796 1850 5866 τῆς
1877 5799 2039 5867 ἡμῶν

470 5890 820 5963 μετριότητος
876 5892 964 5944 καί
999 5889 1108 5942 τῶν
1145 5887 1322 5946 ἄλλων
1373 5894 1748 5964 πατριάρχών,
1785 5892 2034 5962 ἀνλγκην

2141 4676 2306 4746 μέχρι
2339 4678 2438 4730 τοῦ
2469 4678 2563 4732 νῦν
2598 4679 2673 4751 μὴ
2696 4683 3099 4751 γινωσκόμενα,
3125 4685 3217 4737 καὶ
3245 4685 3277 4755 ἢ
3310 4685 3498 4740 λαϐεῖν
3523 4689 3694 4744 τοῦτον

2135 4771 2427 4840 διόρθωσιν
2459 4773 2491 4846 ἢ
2531 4775 2834 4837 κανονικῶς
2869 4774 3115 4841 εὑθῦναι,
3167 4776 3244 4841 ὡς
3275 4779 3572 4836 άθετοῦντα
3611 4783 3695 4854 τὴν

2136 4861 2472 4934 Ἐκκλησίαν
2522 4867 2826 4937 προδήλως,
2869 4866 2928 4932 ἐξ
2958 4863 3045 4939 ἦς,
3078 4869 3153 4933 ὡς
3187 4871 3449 4937 πολλάκις
3475 4878 3692 4947 είρηται,

2135 4956 2197 5009 16
2220 4953 2359 5011 εἶναι
2418 4959 2769 5028 πατριάρχης
2797 4961 3168 5031 κεκλήρωται,
3217 4964 3250 5036 ἢ
3285 4967 3344 5020 τό
3377 4985 3440 5036 γε
3463 4969 3696 5038 δεύτερον

2139 5050 2520 5123 ἀποστερῆσαι
2549 5051 2740 5106 τοῦτον
2761 5051 2857 5105 τοῦ
2876 5054 3120 5108 τοιούτου
3152 5056 3420 5127 ὀνόματος
3438 5078 3453 5092 ⁸
3473 5063 3508 5133 ἡ
3538 5062 3591 5115 δὲ
3615 5061 3694 5116 τοῦ

2139 5143 2385 5197 τοιούτου
2447 5144 2715 5215 βασιλέως
2764 5144 2953 5218 ἀγάπη
2988 5150 3080 5203 καὶ
3129 5149 3373 5216 διάθεσις
3417 5155 3592 5209 πείθει
3616 5157 3698 5227 έᾷν

2139 5235 2688 5306 ἀπολυπραγμόνητα
2720 5237 2910 5306 ταῦτα,
2965 5242 3162 5312 μέχρις
3209 5243 3276 5297 ἂν
3300 5245 3586 5314 διόρθωσιν
3619 5248 3698 5301 λά·

2143 5329 2290 5382 ϐοιεν
2345 5331 2498 5403 παρὰ
2531 5332 2625 5385 τοῦ
2670 5327 2847 5385 ἀὑτοῦ
2891 5337 3238 5406 πατριάρχου
3275 5338 3568 5408 Τρινόϐουσ
3617 5342 3697 5394 καί

2144 5423 2320 5477 ταῦτα
2349 5425 2450 5494 μὲν
2479 5425 2606 5494 περὶ
2634 5424 2727 5478 τοῦ
2749 5425 2868 5488 ἐνὸς
2893 5427 3215 5495 κεφαλαίου.
3243 5430 3315 5483 Τὸ
3342 5415 3397 5484 δε
3433 5433 3497 5504 δὴ
3529 5431 3696 5503 βαπτί-

2145 5515 2260 5581 ζειν
2293 5521 2421 5580 τοὺς
2444 5519 2614 5587 ίερεῖς
2642 5518 2753 5572 τῶν
2783 5519 3116 5592 Βουλγάρων
3141 5525 3221 5586 είς
3259 5524 3389 5592 μίαν
3426 5529 3695 5583 κατάδυσιν

2145 5610 2241 5664 καὶ
2291 5611 2736 5682 περιρραντίζειν
2775 5612 2999 5679 αὐτοὺς,
3059 5615 3136 5678 ώς
3173 5615 3386 5686 ἔτυχεν,
3419 5618 3568 5673 ὕδατί
3597 5622 3691 5672 ἐστι

2149 5705 2388 5775 πρᾶγμα
2415 5705 2768 5759 ἀτοπώτατον
2798 5707 2895 5759 καὶ
2929 5707 3250 5772 δυσσεϐείας
3305 5711 3608 5782 ἀνάμεστον
3630 5712 3688 5779 ’ἡ

2149 5802 2256 5868 γάρ
2291 5798 2532 5864 διάταξις
2583 5800 2692 5852 τῶν
2732 5799 2905 5868 ἁγίων
2949 5800 3179 5865 ἐνδόξων
3211 5802 3304 5855 καὶ
3346 5805 3687 5875 πανευφήμων

2149 5891 2466 5947 ἀποστόλων
2499 5895 2594 5947 καὶ
2621 5895 2670 5947 οί
2698 5894 2837 5962 ἱεροὶ
2863 5893 3064 5948 τούτων
3098 5897 3322 5962 κανόνες
3357 5898 3562 5964 πάντας
3585 5897 3686 5958 τοὺς
