3964 6548
288 340 415 405 “1'3

1330 335 1721 399 SYNODICIE
1759 332 2443 397 CONSTETUTIONES.

3396 330 3534 394 1414

283 457 368 509 καὶ
397 449 656 514 παθόντα,
683 448 755 513 ὡς
784 448 983 514 ἔδειξεν
1010 449 1043 517 ἡ
1063 449 1193 519 ἡμῖν
1217 449 1357 520 ὑπὲρ
1389 450 1554 503 αὑτοῦ
1582 449 1850 521 πεμφθεῖ-
1876 449 1926 511 Α
1964 446 2198 515 Ἐφέσου
2220 486 2236 510 ,
2280 445 2376 499 τοῦ
2408 444 2675 510 Κυζίκου,
2723 444 2817 499 τοῦ
2863 445 3230 515 Χαλκηδόνος,
3272 446 3366 499 τοῦ
3391 448 3530 516 Βρύ-

286 564 346 601 sa
371 545 520 615 κοινῇ
551 541 702 611 παρὰ
732 540 840 594 τῶν
869 542 1047 593 ἐκεῖσε
1081 542 1398 611 τοπαρχῶν,
1430 541 1511 594 ἔτι
1540 541 1710 595 δὲκαὶ
1735 540 1845 596 τῶν

281 638 445 693 ἄλλων
481 636 701 688 πάντων
724 631 993 703 ἐκκρίτων
1019 648 1079 685 τε
1108 633 1203 687 κει)⁸
1227 633 1468 703 λογάδων
1496 632 1721 687 καὶτῶν
1751 630 1844 687 τοῦ

282 733 471 801 κλήρου
502 727 779 797 ἔγγραφος
812 726 1109 798 μαρτυρία,
1158 727 1219 780 οὑ
1279 726 1385 796 μὴν
1418 726 1558 781 ἀλλὰ
1607 726 1702 780 καὶ
1747 724 1848 797 τὴν

281 817 604 892 χειροτονίαν
637 817 901 887 πρότερον
933 816 1033 886 τῆς
1066 816 1379 886 ἁγιωτάτης
1405 814 1848 886 ἀρχιεπισκοπῆς

280 905 543 972 Λευκάδος
570 906 939 978 ἀνῃρημένον,
971 906 1373 975 ἀποδιωχθέντα
1401 905 1444 958 δ’
1461 906 1673 960 ἐκεῖθεν
1694 906 1847 979 παρὰ

280 1003 381 1054 τῶν
429 1001 666 1064 Ἰταλῶν,
701 999 759 1061 ὃς
790 999 854 1067 δὴ
900 1002 1052 1065 παρὰ
1097 999 1198 1066 τῆς
1257 998 1415 1068 ἡμῶν
1472 1000 1845 1069 μετριότητος,

278 1096 431 1164 ψήφῳ
462 1092 734 1159 συνοδικῇ,
772 1090 849 1155 ὡς
879 1091 1193 1160 δεδήλωται,
1217 1091 1317 1160 τῆς
1352 1092 1483 1162 περὶ
1516 1092 1685 1161 αὐτὴν
1709 1093 1847 1161 ὁμη-

280 1187 480 1255 γύρεως
510 1183 619 1237 τῶν
671 1184 979 1253 ίερωτάτων
1022 1182 1461 1253 μητροπολιτῶν,
1506 1182 1599 1237 τοῦ
1634 1184 1847 1237 Καισα·

281 1278 445 1346 ρείας,
490 1273 586 1327 τοῦ
638 1274 891 1342 Ἑφέσου,
920 1272 1014 1327 τοῦ
1063 1271 1413 1343 Ἡρακλείας,
1449 1271 1544 1326 τοῦ
1581 1271 1844 1336 Κυζίκου,

279 1367 365 1420 τοῦ
391 1365 751 1433 Χαλκηδόνος,
802 1365 895 1418 τοῦ
962 1364 1463 1434 Δδριανουπόλεως,
1484 1362 1579 1416 τοῦ
1614 1364 1847 1431 Ποντοη-

284 1456 550 1526 ρακλείας,
577 1456 670 1510 τοῦ
708 1456 979 1526 Βρύσεως,
1007 1454 1101 1510 τοῦ
1131 1456 1314 1519 Λίνου,
1346 1454 1439 1508 τοῦ
1477 1454 1699 1523 Βιζύης,
1749 1452 1844 1507 τοῦ

281 1548 574 1618 Σηλυϐρίας
603 1550 697 1601 καὶ
725 1547 817 1600 τοῦ
862 1547 1059 1610 Γάνου,
1091 1547 1276 1617 σεπτῷ
1307 1564 1365 1600 τε
1398 1546 1729 1616 κελεύσματι
1754 1546 1847 1598 καὶ

280 1642 485 1711 εὐδοκία
512 1640 608 1693 τοῦ
633 1641 926 1710 κρατίστου
960 1642 1055 1693 καὶ
1095 1640 1252 1709 ἁγίου
1283 1658 1386 1711 μου
1419 1639 1843 1709 αὐτοκράτορος,

281 1732 359 1800 ἐφ’
388 1726 430 1799 ᾧ
454 1734 522 1784 τὶ
555 1732 654 1801 τῆς
700 1731 1025 1799 Ἐκκλησίας
1055 1732 1235 1794 καλῶς
1267 1733 1480 1802 ἵδρυται
1507 1732 1601 1784 καὶ
1631 1730 1848 1801 ἐστήρι-

1952 554 2113 605 σεως,
2163 536 2257 591 τοῦ
2281 537 2501 606 Βιζύης,
2531 536 2685 599 ὄντος
2708 536 2798 590 διὰ
2842 537 3067 607 γνώμης
3095 537 3190 591 καὶ
3219 536 3312 590 τοῦ
3346 538 3531 599 Αἴνου,

1950 630 2185 700 ἐλαλήθη
2216 627 2350 698 περὶ
2373 628 2467 682 τοῦ
2500 628 3067 698 Χριστιανουπόλεως,
3095 630 3277 704 ὅτιίτε
3318 630 3407 681 τὸν
3436 648 3530 696 p.0-

1948 721 2111 791 ναχὸν
2152 721 2378 773 Ἡσαΐαν
2419 720 2513 773 τὸν
2556 721 2663 773 ἀπὸ
2687 720 2788 789 τῆς
2838 718 3008 789 μονῆς
3044 718 3138 771 τοῦ
3184 720 3369 788 τιμίου
3397 722 3533 789 Προ-

1948 811 2153 882 δρόμου
2192 812 2489 871 συνοδικῶς
2539 810 2916 879 ἐπισχεθέντα,
2975 808 3051 879 μῆ
3088 809 3531 879 προϐιϐασθῆναι

1947 905 2028 967 είς
2059 902 2356 973 ἱερωσύνην
2372 902 2459 955 διὰ
2482 901 2543 954 τὸ
2571 900 2756 956 δοῦναι
2787 902 2881 955 καὶ
2914 901 3078 956 αὑτὸν
3107 901 3186 970 τῷ
3220 902 3379 971 γόητι
3413 901 3527 953 ἐνέ⁴

1949 1010 2117 1065 χυρον
2138 995 2230 1047 ἐπὶ
2260 995 2321 1047 τὸ
2349 994 2531 1063 εὑρεῖν
2552 994 2622 1048 τά
2659 994 2981 1064 ὑπέρπυρα,
3005 994 3152 1062 άπερ
3183 994 3469 1047 ἀπώλεσεν
3495 992 3525 1043 ό

1950 1088 2192 1159 μοναχδς
2230 1086 2501 1155 Ἰλαρίων,
2546 1086 2724 1140 λαϐὼν
2755 1089 2963 1141 ἐκεῖνον
2990 1088 3098 1140 ἀπὸ
3131 1088 3233 1155 τῆς
3264 1085 3526 1155 τοιαύτης

1952 1183 2139 1251 μονῆς,
2166 1182 2261 1235 καὶ
2291 1179 2466 1233 ταῦτα
2512 1180 2611 1250 τὴν
2647 1180 2906 1233 ὑπόθεσιν
2932 1179 3088 1244 είδὼς
3116 1180 3213 1233 καὶ
3258 1180 3525 1249 διαμηνυ-

1948 1272 2065 1335 θεὶς
2110 1272 2261 1341 παρὰ
2305 1271 2403 1325 τοῦ
2452 1273 2869 1339 παναγιωτάτου
2907 1272 3063 1342 ἡμῶν
3112 1272 3394 1337 δεσπότου,
3430 1256 3529 1325 τοῦ

1946 1364 2327 1432 οίκουμενικοῦ
2348 1365 2712 1435 πατριάρχου,
2738 1363 2827 1417 διά
2855 1382 2915 1418 τε
2946 1364 3055 1417 τῶν
3087 1364 3396 1433 ἱερωτάτων
3418 1364 3521 1433 ἀρ·-

1948 1458 2197 1529 χιερέων,
2224 1456 2321 1511 τοῦ
2354 1474 2415 1510 τε
2478 1454 2703 1527 Ἐφέσου
2747 1456 2963 1512 καὶτοῦ
3009 1456 3529 1526 ’Δδριανουπόλεωε,

1952 1549 2027 1619 μὴ
2074 1548 2259 1601 λαϐεῖν
2306 1547 2468 1601 αὑτόν
2492 1563 2507 1579 ο
2560 1549 2589 1600 ό
2623 1548 2680 1600 δέ
2726 1548 2906 1600 λαϐὼν
2961 1549 3056 1601 καὶ
3088 1550 3168 1611 είς
3201 1547 3301 1617 τὴν
3332 1544 3530 1598 ἑαυτοῦ

1948 1640 2243 1710 ἐκκλησίαν
2266 1637 2518 1693 ἀπελθὼν
2540 1640 2914 1711 ἐχειροτόνησε
2941 1641 3129 1693 τοῦτον
3153 1637 3527 1702 διάκονον,καὶ

1949 1734 2032 1786 ὅτι
2059 1732 2252 1787 τούτου
2281 1733 2576 1803 γενομένου
2623 1734 2717 1787 καὶ
2747 1732 2841 1786 τοῦ
2873 1734 3131 1803 ῥηθέντος
3182 1732 3409 1786 Ἦσαῖου
3440 1733 3524 1784 ἐλ-

282 1841 417 1888 κται,
464 1824 813 1894 ἀποκατέστη
860 1827 928 1894 τῇ
982 1823 1077 1877 τοῦ
1113 1823 1351 1895 Χριστοῦ
1389 1825 1571 1894 χάριτι
1623 1823 1717 1874 ἐπὶ
1747 1819 1845 1890 τὴν
1878 1805 1917 1859 Β
1950 1822 2135 1885 θόντος
2161 1822 2398 1875 ἐνταῦθα
2450 1824 2547 1876 καὶ
2573 1822 2995 1892 καθαιρεθέντος
3048 1822 3218 1893 ψήφῳ
3248 1822 3524 1893 συνοδικῇ,

280 1915 581 1984 ἀγιωτάτην
629 1914 958 1984 μητρόπολιν
1001 1914 1357 1969 Ναυπάκτου.
1413 1914 1605 1966 Ἔνθεν
1642 1929 1724 1967 τοι
1755 1912 1848 1963 καὶ

284 2005 586 2057 ἀπολύουσα
618 2007 650 2074 ἡ
685 2009 973 2075 μετριότης
1018 2006 1175 2075 ἡμῶν
1204 2007 1304 2076 τὴν
1328 2006 1609 2075 παροῦσαν
1640 2004 1850 2057 συνοδι-

284 2097 380 2163 κὴν
406 2094 607 2166 πρᾶξιν
652 2097 790 2166 πρὸς
823 2097 973 2150 τόνδε
1000 2097 1091 2152 τὸν
1126 2097 1420 2166 ἱερώτατον
1448 2078 1859 2166 μητροπολίτην

283 2184 630 2249 Ναυπάκτου,
651 2188 847 2255 ὑπέρτι
855 2203 955 2259 μον
982 2191 1077 2242 καὶ
1100 2188 1326 2259 ἔξαρχον
1356 2189 1535 2259 πάσης
1558 2188 1848 2253 Αἰτωλίας,

282 2282 335 2331 ἐν
361 2280 497 2348 ἁγίῳ
531 2279 811 2348 Πνεύματι
840 2280 1125 2349 ἀγαπητὸν
1175 2280 1404 2349 ἀδελφὸν
1434 2281 1533 2349 τῆς
1560 2281 1718 2350 ἡμῶν
1752 2299 1850 2351 με-

284 2370 550 2441 τριότητος
586 2376 677 2425 καὶ
716 2372 1146 2441 συλλειτουργὸν,
1174 2372 1280 2442 κῦρ
1308 2372 1602 2436 Ματθαῖον,
1637 2372 1849 2426 δίδωσιν

285 2464 423 2530 αὑτῷ
468 2466 571 2535 τὴν
619 2465 923 2534 ἀνήκουσαν
952 2466 1079 2535 τῇδε
1127 2468 1194 2536 τῇ
1243 2464 1359 2519 κατ’
1392 2464 1554 2519 αὑτὸν
1584 2465 1857 2537 ἐκκλησία

285 2559 455 2617 πᾶσαν
506 2560 611 2632 τὴν
654 2562 1047 2631 ἀρχιερατικὴν
1107 2559 1464 2630 διεξαγωγὴν,
1525 2560 1599 2623 ὡς
1638 2563 1849 2630 γνησίῳ

280 2652 474 2723 ταύτης
519 2656 793 2725 ἀρχιερεῖ,
822 2654 879 2716 ὃς
914 2653 977 2723 δὴ
1011 2653 1148 2723 πρὸς
1177 2653 1254 2723 τῷ
1285 2653 1468 2722 λαχεῖν
1516 2653 1611 2722 τὴν
1642 2655 1849 2705 ἐπωνυ-

284 2745 404 2814 μίαν
432 2746 527 2816 τῆς
559 2745 817 2814 τοιαύτης
861 2746 1170 2815 ἁγιωτάτης
1212 2744 1593 2815 μητροπόλεως
1623 2746 1849 2800 Ναυπά-

283 2852 406 2888 κτου
435 2835 549 2901 ἕξει
598 2836 692 2888 καὶ
721 2835 818 2904 τὴν
856 2835 947 2886 ἐπὶ
992 2836 1087 2887 τοῦ
1130 2833 1276 2902 ίεροῦ
1325 2834 1613 2904 συνθρόνου
1648 2834 1848 2903 ταύτης

281 2926 679 2996 ἐγκαθίδρυσιν.
714 2926 830 2981 Νῦν
859 2925 1040 2996 μέντοι
1085 2942 1148 2992 γε
1179 2926 1381 2993 ὀφείλει
1408 2925 1550 2995 ἔχειν
1593 2926 1689 2995 τὴν
1719 2926 1846 2977 ἐαυ-

283 3016 370 3069 τοῦ
391 3017 663 3087 καθέδραν
694 3019 785 3070 ἐπὶ
816 3018 914 3087 τῆς
949 3015 1042 3069 ὑπ’
1070 3015 1233 3069 αὑτὸν
1285 3016 1599 3086 ἁγιωτάτης
1632 3017 1847 3067 ἐπισκο-

1951 1915 2256 1985 ἐπισχεοεὶς
2279 1917 2375 1967 καὶ
2407 1916 2435 1968 ὀ
2465 1915 3011 1985 Χριστιανουπόλεως
3035 1918 3129 1969 καὶ
3146 1915 3525 1984 διαμηνυθεὶς,

1950 2005 2128 2060 ἐλθεῖν
2157 2004 2388 2060 ἐνταῦθα
2420 2007 2893 2076 ἀπολογησόμενος
2920 2007 3235 2072 συωδικῶς,
3269 2007 3395 2061 ὅτου
3427 2009 3526 2078 χά-

1954 2117 2040 2166 ριν
2072 2099 2338 2170 πεποίηκε
2358 2098 2530 2152 ταῦτα
2552 2115 2568 2131 ⁶
2606 2102 2633 2153 ὀ
2680 2101 2739 2154 δὲ
2770 2101 2870 2153 οὑκ
2900 2096 3054 2172 ἦλθε,
3083 2101 3528 2171 προϐαλλόμενος

1951 2190 2155 2243 ἔνδειαν
2174 2190 2271 2245 καὶ
2290 2192 2348 2244 τὸ
2385 2190 2462 2261 μὴ
2484 2191 2748 2245 δύνασθαι
2793 2192 2863 2247 δι’
2887 2194 3061 2265 αὑτὴν
3089 2192 3324 2247 ἐνταῦθα
3350 2210 3526 2264 παρα-

1949 2283 2224 2351 γενέσθαι,
2280 2285 2377 2336 καὶ
2404 2286 2453 2336 εί
2483 2283 2565 2337 δεῖ
2610 2286 3039 2356 συγχωρηθῆναι
3086 2286 3249 2341 αὑτὸν
3282 2288 3528 2358 ἐνεργεῖν

1949 2376 2137 2447 τὰντῆς
2158 2377 2600 2447 ἀρχιερωσύνης,
2641 2378 2832 2449 μέχρις
2856 2378 2923 2433 ἂν
2941 2379 3177 2435 ἐνταῦθα
3207 2381 3527 2450 παραγένη-

1948 2486 2058 2523 ται.
2086 2470 2229 2537 Πρὸς
2253 2469 2427 2522 ταῦτα
2459 2472 2808 2541 ἀπεφήναντο
2840 2472 2888 2525 οί
2923 2470 3525 2542 ίερώτατοιάρχιερεῖς,

1950 2560 2447 2624 ἐπιϐεϐαιώσαντος
2473 2561 2646 2615 ταῦτα
2678 2560 2911 2633 ὕστερον
2954 2569 3050 2617 καὶ
3097 2563 3192 2617 τοῦ
3244 2580 3528 2629 παναγιω-

1947 2654 2108 2705 τάτου
2137 2653 2293 2722 ἡμῶν
2311 2654 2596 2719 δεσπότου,
2618 2653 2713 2705 τοῦ
2744 2653 3122 2724 οἰκουμενικοῦ
3164 2656 3525 2725 πατριάρχου,

1947 2746 2028 2797 ὅτι
2050 2745 2116 2798 τὰ
2146 2746 2245 2813 μὲν
2273 2745 2594 2814 ἐγκλήματα
2619 2748 2793 2798 ταῦτα
2831 2744 3154 2816 καθαίρεσιν
3183 2747 3407 2799 ἀπαιτεῖ
3430 2747 3525 2800 τοῦ

1949 2838 2533 2908 Χριστιανουπόλεως,
2581 2839 2808 2892 τοιαῦτα
2868 2840 3269 2910 πεποιηκότος’
3328 2839 3416 2893 διὰ
3467 2839 3526 2893 δὲ

1951 2930 2364 2998 συγκατάϐασιν
2398 2931 2492 2985 καὶ
2532 2933 2624 2984 ὅτι.
2669 2931 2823 2985 ἀπὼν
2864 2932 3040 2995 οὐδεὶς
3076 2932 3524 2997 καταδικάζεται,

1950 3023 2088 3076 ἔστω
2109 3022 2601 3091 συγκεχωρημένος
2634 3021 2939 3090 διενεργεῖν
2989 3024 3285 3085 ἀκωλύτως
3322 3023 3392 3076 τὰ
3428 3024 3528 3091 τῆς

285 3110 383 3179 πῆς
412 3112 508 3180 τῆς
540 3112 601 3163 ὲν
622 3112 690 3180 τῇ
729 3110 1057 3180 ’Δκαρνανία
1092 3110 1322 3181 Ἀρτης,
1352 3110 1498 3179 ἔχειν
1527 3126 1585 3160 τε
1627 3109 1720 3162 καὶ
1751 3108 1845 3170 τὰς
1873 3143 1916 3199 c
1948 3114 2383 3183 ἀρχιερωσύνης,
2414 3114 2518 3176 ἕως
2545 3113 2613 3167 ἂν
2664 3115 2895 3168 ἐνταῦθα
2941 3116 3337 3185 παραγένητςι.
3367 3116 3527 3169 Ἐτά-

283 3200 368 3251 ὑπ⁹
398 3200 559 3253 αὑτὸν
588 3200 780 3272 ἐτέρας
823 3201 1145 3265 ἐπισκοπὰς,
1200 3200 1328 3254 ἄνευ
1360 3201 1469 3253 τῶν
1500 3200 1592 3252 δύο
1620 3200 1844 3252 ἐπισκο-

284 3294 394 3346 πῶν
418 3292 604 3357 αὑτοῦ,
632 3294 727 3363 τῆς
752 3309 811 3345 τε
840 3294 1256 3364 Δρυνουπόλεως
1280 3297 1374 3345 καί
1408 3293 1506 3361 τῆς
1531 3292 1723 3359 Βελᾶς,
1753 3294 1846 3345 καὶ

284 3390 420 3441 κατὰ
447 3389 552 3461 την
572 3387 1031 3459 ἐκκλησιαστικὴν
1054 3388 1207 3453 τάξιν
1237 3390 1329 3441 καὶ
1365 3387 1715 3441 ὑποτύπωσιν
1747 3388 1844 3456 τῆς

282 3482 584 3551 ἀνηκούσης
614 3481 761 3550 αὑτῷ
790 3483 954 3552 τιμῆς
983 3481 1039 3533 ἐν
1073 3497 1133 3533 τε
1185 3481 1493 3550 καθέδραις,
1525 3480 1745 3532 στάσεσί
1785 3497 1846 3532 τε

284 3575 371 3628 καὶ
427 3573 846 3637 συνελεύσεσιν,
904 3574 1264 3641 ἀναγνωστῶν
1317 3574 1617 3643 σφραγῖδας
1650 3580 1843 3642 ποιεῖν,

283 3664 665 3728 ὑποδιακόνους
686 3680 748 3717 τε
775 3664 870 3717 καὶ
890 3656 1170 3726 διακόνους
1202 3663 1554 3731 προϐιϐάζειν
1585 3667 1679 3718 καὶ
1715 3685 1845 3737 πρε-

282 3759 569 3829 σϐυτέρους
622 3759 947 3829 χειροτονεῖν
1001 3758 1097 3810 καὶ
1134 3758 1465 3822 ἐπισκόπους
1506 3760 1585 3822 είς
1624 3760 1720 3823 τὰς
1753 3760 1845 3813 ὑπ’

280 3851 434 3903 αὑτὸν
484 3850 780 3925 ἐκκλησίας
826 3848 1175 3918 ἐγκαθιστᾷν,
1229 3850 1515 3917 ἐφειμένον
1566 3851 1659 3902 καὶ
1690 3848 1847 3902 τοῦτο

282 3941 633 4010 πράττεσθαι,
684 3939 1036 3995 ἐπιλαϐέσθαι
1088 3939 1144 3991 δὲ
1177 3942 1270 3991 κα)⁵
1303 3939 1519 3993 πάντων
1549 3939 1655 3993 τῶν
1691 3939 1847 3992 ὀθεν-

278 4031 468 4101 δήποτε
494 4033 862 4101 διαφερόντων
887 4032 1109 4085 δικαίων
1139 4033 1203 4102 τῇ
1235 4029 1353 4085 κατ’
1382 4030 1544 4084 αὑτὸν
1566 4031 1847 4104 ἁγιωτάτῃ

282 4126 631 4193 μητροπόλει,
656 4126 777 4177 ὅθεν
802 4125 1110 4194 ὀφείλουσιν
1131 4126 1183 4177 οἵ
1221 4141 1278 4176 τε
1309 4126 1366 4176 ἐν
1410 4124 1548 4194 αὑτῇ
1596 4126 1847 4195 κληρικοὶ

279 4222 366 4269 καὶ
391 4218 718 4288 ίερωμένοι,
776 4218 1100 4287 μονάζοντες
1138 4235 1199 4270 τε
1235 4220 1329 4271 καὶ
1357 4217 1559 4282 λαῖκυὶ,
1620 4219 1845 4272 ὑποκεῖ-

278 4310 395 4363 σθαι
422 4311 598 4380 τούτῳ
627 4310 721 4363 καὶ
753 4310 1101 4379 πειθαρχεῖν,
1156 4310 1255 4363 ὃσα
1283 4310 1492 4379 γνησίῳ
1541 4310 1718 4363 αὑτῶν
1748 4311 1846 4378 ἀρ·

276 4404 443 4471 χιερεῖ
496 4404 593 4455 καὶ
631 4402 876 4471 ποιμένι,
940 4404 1137 4475 μεσίτῃ
1181 4418 1242 4455 τε
1298 4406 1388 4456 καὶ
1422 4401 1717 4471 διαλλακτῇ
1776 4404 1845 4454 τὰ

1947 3204 2051 3274 χθη
2074 3205 2129 3256 δὲ
2153 3206 2247 3257 καὶ
2279 3202 2461 3265 τοῦτο,
2486 3205 2589 3269 ὅτι,
2636 3205 2686 3255 εί
2728 3204 2827 3272 μὶν
2856 3204 3009 3267 ἐντὸς
3041 3206 3134 3256 τοῦ
3167 3206 3526 3273 ἐλευσομένου

1948 3294 2119 3349 Μαΐου
2144 3295 2313 3366 μηνὸς
2341 3295 2506 3361 ἔλθοι,
2529 3296 2825 3365 γεγονότων
2848 3295 2982 3365 πρὸς
3004 3298 3210 3353 ἐκεῖνον
3234 3296 3401 3367 τριῶν
3425 3312 3527 3368 μη-

1948 3390 2228 3457 νυμάτων,
2279 3387 2498 3459 πρώτου
2550 3388 2650 3458 μὲν
2677 3390 2785 3443 ἀπὸ
2823 3388 2930 3443 τῶν
2957 3389 3190 3443 ἐνταῦθα
3219 3389 3307 3441 διὰ
3337 3391 3526 3459 τιμίας

1949 3479 2167 3548 γραφῆς
2198 3480 2294 3532 τοῦ
2349 3482 2766 3548 παναγιωτάτου
2808 3478 3073 3532 δεσπότου
3106 3478 3285 3548 ἡμῶν,
3317 3479 3412 3531 τοῦ
3445 3480 3526 3531 0i-

1950 3574 2278 3640 κουμενικοῦ
2315 3575 2679 3647 πατριάρχου,
2716 3573 2971 3643 δευτέρου
3004 3572 3060 3625 δὲ
3092 3575 3184 3624 καὶ.
3213 3572 3400 3640 τρίτου
3431 3572 3524 3631 διὰ

1948 3664 2055 3715 τῶν
2093 3663 2403 3734 ἱερωτάτων
2432 3664 2759 3734 ἀρχιερέων,
2794 3662 2889 3717 τοῦ
2922 3679 2981 3716 τε
3006 3664 3400 3733 Μονεμϐασίας
3424 3672 3524 3717 και

1948 3752 2044 3808 τοῦ
2074 3754 2521 3824 Λακεδαιμονίας,
2568 3753 2980 3825 εὑρισκομένων
3010 3752 3212 3817 ἐκεῖσε,
3243 3754 3363 3807 τότε
3392 3756 3527 3809 ἀπο-

1948 3848 2240 3918 λογήσεται
2275 3848 2589 3915 συνοδικιῖκ,
2628 3850 2721 3900 καὶ
2751 3850 3043 3917 γενήσεται
3075 3847 3137 3901 τὸ
3163 3850 3227 3917 τῇ
3281 3847 3404 3919 θείᾳ
3429 3846 3525 3901 καὶ

1951 3944 2073 4015 ἱερᾷ
2096 3943 2298 4012 συνόδῳ
2329 3942 2488 4007 δόξαν
2518 3942 2817 4003 κανονικῶς
2836 3958 2850 3972 ⁸
2888 3944 2938 3994 εί
2974 3942 3031 3994 δὲ
3047 3943 3156 3996 τῶν
3188 3944 3528 4012 μηνυμάτων

1950 4037 2272 4104 γεγονότων,
2302 4036 2377 4096 ὡς
2421 4034 2659 4104 εἴρηται,
2689 4034 2783 4088 καὶ
2814 4034 2907 4104 τῆς
2936 4036 3276 4105 τεταγμένης
3300 4036 3528 4104 διωρίας

1954 4126 2333 4197 παρελθούσης
2365 4125 2465 4179 οὑκ
2494 4126 2661 4188 ἔλθοι,
2684 4127 2803 4178 τότε
2837 4126 2925 4178 ἵνα
2956 4128 3049 4178 καὶ
3072 4125 3228 4177 ἀπὼν
3257 4126 3529 4195 καθαιρῆ-

1948 4236 2061 4272 ται.
2088 4220 2187 4271 Διά
2209 4218 2379 4270 ταῦτα
2407 4217 2779 4286 ἐγγέγραπται
2810 4217 2979 4270 ταῦτα
3012 4218 3087 4287 τῷ
3120 4221 3347 4285 παρόντι
3366 4220 3527 4272 κώδι-

1949 4311 2051 4381 κίῳ
2085 4310 2434 4380 σημειώσεως
2473 4311 2653 4379 χάριν,
2682 4311 2825 4379 μηνί
2858 4312 3160 4381 Νοεμϐρίῳ
3184 4312 3300 4367 ινδ.
3336 4311 3422 4412 cz";

276 4494 404 4563 πρὸς
431 4495 586 4557 Θεὸν,
609 4512 660 4549 κ.
686 4511 738 4551 τ.
774 4494 825 4548 λ.
872 4495 1207 4549 Ἐπιδέδοται
1240 4497 1273 4565 ἡ
1319 4493 1570 4565 παροῦσα
1597 4494 1846 4563 συνοδικὴ

1991 4520 2147 4577 LXII.
2185 4519 2534 4589 Metropolim
2587 4520 2810 4577 Con/(ia:
2859 4522 3204 4575 committitur
3250 4521 3484 4576 Ecclesia

277 4584 469 4654 πρᾶξις
494 4584 633 4655 τῷδε
765 4585 1113 4654 διαληφθέντι
1144 4586 1420 4654 ίερωτάτῳ
1469 4578 1848 4654 μητροπολίτῃ

275 4674 625 4740 Ναυπάκτου,
686 4676 970 4746 ὑπερτίμῳ
1015 4678 1107 4727 καὶ
1161 4675 1428 4743 ἀγαπητῷ
1483 4674 1698 4742 ἀδελφῷ
1750 4675 1849 4743 τῆς

275 4769 424 4836 ἡμῶν
450 4768 801 4840 μετριότητος
846 4771 939 4821 καὶ
968 4766 1385 4836 συλλειτουργῷ,
1415 4764 1483 4817 δι’
1519 4766 1846 4833 ἀσφάλειαν,

277 4862 607 4913 απολυθεῖσα
642 4861 782 4913 κατά
814 4861 960 4929 μῆνα
1022 4858 1240 4911 Ἰούλιον
1269 4858 1365 4929 τῆς
1396 4859 1758 4927 ἐνισταμένης
1808 4855 1847 4906 ε’

282 4952 377 5005 ίνδ.
407 4950 500 5003 τοῦ
538 4950 907 5015 ,ςωοε’έτους,
934 4950 1057 5020 ἥτις
1094 4950 1188 5002 καὶ
1222 4948 1581 5019 ὑπεσημάνθη
1599 4950 1665 5017 τῇ
1691 4947 1849 4999 αὑτο-

277 5044 435 5115 χείρῳ
476 5045 771 5114 ὑπογραφῇ
802 5043 899 5112 τῆς
924 5042 1079 5112 ἡμῶν
1122 5041 1493 5113 μετριότητος.

372 5180 511 5234 LXI.
546 5176 1033 5248 Christianupoleos
1073 5175 1268 5248 prazsul
1304 5178 1357 5230 iu
1377 5178 1469 5245 jus
1498 5185 1738 5233 vocatur.

338 5315 376 5385 *ι-
420 5316 573 5385 Μηνὶ
595 5312 909 5384 Νοεμϐρίῳ,
943 5313 1009 5379 θ’,
1040 5314 1223 5383 ἡμέρᾳ
1247 5312 1426 5383 τρίτῃ,
1466 5311 1565 5367 ίνδ.
1599 5311 1677 5378 ς’,
1720 5330 1850 5380 προ-

276 5408 584 5475 καθημένου
618 5405 713 5459 τοῦ
769 5407 1186 5473 παναγιωτάτου
1229 5405 1385 5474 ἡμῶν
1418 5408 1703 5469 δεσπότου,
1755 5406 1846 5458 τοῦ

271 5497 650 5567 οἰκουμενικοῦ
682 5500 1040 5568 πατριάρχου,
1079 5500 1135 5550 ἐν
1162 5500 1271 5554 τοῖς
1299 5497 1526 5559 κελλίοις
1554 5501 1650 5567 τῆς
1678 5497 1846 5566 μεγά-

271 5592 365 5659 λης
401 5593 713 5660 ἁγιωσύνης
748 5590 914 5644 αὑτοῦ
950 5593 1061 5654 τοῖς
1104 5593 1162 5643 ὲν
1198 5592 1307 5653 τοῖς
1338 5590 1533 5656 δεξιοῖς
1566 5608 1842 5660 κατηχού-

273 5686 523 5750 μενείοις,
581 5684 1035 5753 συνεδριαζόντων
1066 5684 1212 5752 αὑτῴ
1263 5686 1357 5737 καὶ
1386 5684 1494 5737 τῶν
1526 5687 1840 5754 ίερωτάτων

270 5778 566 5847 αρχιερέων
628 5781 718 5830 καί
776 5778 1118 5848 ὑπερτίμων,
1182 5776 1274 5828 τοῦ
1320 5778 1677 5847 Καισαρείας,
1745 5779 1836 5831 τοῦ

2590 4592 2889 4646 Chersonis.

1951 4725 1991 4797 -ξ-
2019 4726 2299 4798 Ἐνταλμα
2325 4727 2613 4797 ἐξαρχικὸν
2666 4728 2745 4798 τῷ
2778 4728 3023 4795 ΓοτΟίας,
3081 4732 3302 4801 γεγονὸς
3331 4732 3426 4786 ἐπὶ
3456 4735 3522 4804 τῇ

2376 4820 2471 4886 τῆς
2498 4822 2784 4889 Χερσῶνος
2812 4824 3102 4894 ἐκκλησίᾳ.

2002 4956 2042 5026 -ξ-
2068 4957 2133 5010 ’Π
2154 4959 2444 5029 μετριότης
2468 4958 2625 5028 ἡμῶν
2645 4959 2727 5011 διὰ
2750 4960 2842 5012 τοῦ
2867 4950 3131 5029 παρόντος
3159 4965 3329 5033 αὐτῆς
3345 4966 3525 5035 γράμ-

1954 5065 2122 5120 ματος
2148 5050 2431 5122 ἀνατίθησι
2455 5051 2533 5120 τῷ
2568 5053 2847 5123 ίερωτὰτῳ
2892 5053 3262 5126 μητροπολίτῃ
3295 5055 3527 5121 Γοτθίας

1954 5142 2047 5193 καὶ
2082 5140 2389 5212 ὑπερτίμῳ,
2423 5143 2481 5195 ἐν
2522 5143 2664 5212 ἁγίῳ
2709 5141 2987 5212 Πνεύματι
3010 5144 3279 5214 ἀγαπητῷ
3309 5146 3531 5217 ἀδελφῷ,

1954 5234 2049 5303 τῆς
2078 5233 2233 5302 ἡμῶν
2265 5234 2618 5306 μετριότητος
2659 5236 2753 5289 καὶ
2787 5236 3205 5307 συλλειτουργῷ,
3236 5237 3334 5307 τὴν
3361 5240 3524 5309 ἐξαρ..

1952 5326 2077 5394 χίαν
2121 5326 2212 5378 καὶ
2244 5327 2508 5397 διοίκησιν
2574 5332 2671 5398 τῆς
2742 5331 2802 5383 ἐν
2869 5331 3120 5400 Χερσῶνι
3193 5331 3356 5400 ἁγίας
3423 5331 3521 5385 τοῦ

1950 5416 2085 5468 Θεοῦ
2132 5417 2449 5487 ἐκκλησίας,
2495 5420 2644 5481 ὅστις
2699 5421 2791 5472 καὶ
2825 5420 3030 5489 ὀφείλει
3077 5423 3391 5475 ἐπιϐλέπειν
3422 5425 3517 5477 καὶ

1950 5508 2228 5576 ἐπιτηρεῖν
2262 5509 2469 5579 ταύτην
2522 5512 2614 5563 καί
2646 5512 2774 5575 τοὺς
2826 5514 2886 5566 ἐν
2914 5512 3051 5584 αὑτῇ
3093 5513 3519 5586 εὑρισκομένους

1952 5599 2285 5669 ίερωμένους
2337 5606 2431 5654 καὶ
2463 5604 2791 5672 μονάζοντας
2833 5606 3039 5659 καὶτὸν
3070 5607 3254 5662 λοιπὸν
3284 5608 3378 5661 τοῦ
3407 5611 3521 5663 Κυε

1952 5692 2066 5760 ρίου
2101 5691 2489 5760 Χριστὼνυμον
2545 5695 2671 5747 λαὸν
2702 5699 2795 5748 καὶ
2832 5701 3122 5769 παραινεῖν
3154 5700 3246 5755 καὶ
3281 5700 3525 5771 είσηγεί-

1950 5781 2096 5845 σθαι,
2132 5802 2180 5838 κ.
2214 5800 2265 5834 τ.
2290 5783 2340 5838 λ.
2375 5784 2639 5856 Ἀπελύθη
2670 5792 2734 5855 τῇ
2762 5790 2824 5843 δ’.
