3964 6562
372 329 391 392 ἰ
413 331 508 396 159

871 338 1293 403 PHILOTHEI
1337 343 1443 406 (ΣΡ.
1492 342 1994 405 ΡΑΤΒΙΑΒΟΠΑΞ

2107 343 2447 407 ίΝΟΒῐϐίΕ
2486 347 3058 409 CONSTITUTION
3073 350 3175 409 ES.

3517 348 3646 411 ἰέϐθ

368 445 461 498 καὶ
490 447 785 514 σκάνδαλα,
817 449 951 504 διότι
984 451 1040 505 αἰ
1094 452 1265 524 μάχαι
1298 454 1395 506 καὶ
1432 456 1501 509 τά
1552 454 1825 510 σκάνδαλα
1859 456 1952 510 106
1970 430 1994 516 Δγ

2111 456 2245 511 CVI.
2296 458 2750 529 Hicromonaclms
2805 462 3021 529 quidam
3081 472 3127 513 cl
3180 460 3409 525 populus
3447 461 3649 527 Phari,

366 538 617 593 διαϐόλου
653 542 789 611 ἔργα
822 544 952 597 είσί.
993 546 1150 608 Ποῖος
1208 548 1316 599 τῶν
1368 548 1558 619 ρηγῶν
1591 548 1787 621 ἐκρίθη
1826 550 1954 603 ποτε

325 635 334 647 ⁴
370 631 510 699 μετά
542 631 635 684 τοῦ
672 635 1109 704 μητροπολίτου;
1158 638 1216 691 Ὀ
1256 642 1438 711 πατήρ
1473 657 1567 694 σου
1602 641 1795 712 ἐκρίθη
1826 643 1956 694 ποτὶ

369 724 403 794 ἢ
433 726 461 777 ὁ
491 726 715 791 πάππος
743 746 837 782 σου
863 729 892 799 ἦ
929 733 1080 794 ποῖος
1096 732 1254 797 ἄλλος
1285 734 1377 787 τοῦ
1405 736 1595 804 γένους
1626 754 1753 803 σονς
1785 739 1958 806 Ἀφες

368 815 503 883 γοῦν
535 818 626 870 καὶ
659 820 722 872 06
754 820 822 875 τά
852 823 1126 877 σκάνδαλα
1156 828 1250 878 καὶ
1278 827 1377 898 τὴν
1410 828 1615 898 κρίσιν,
1658 830 1752 883 καὶ
1786 831 1958 901 πρόσ-

371 908 495 962 ελθε
540 912 634 964 καί
682 913 999 985 εἰρήνευσον
1032 919 1172 987 μετά
1211 919 1310 975 .106
1343 923 1548 991 πατρός
1573 940 1689 989 σου,
1716 922 1813 977 τοῦ
1857 941 1959 994 μη·

369 1005 715 1072 τροπολῖτου,
745 1010 840 1061 καὶ
864 1009 1103 1081 ζήτησον
1140 1014 1269 1085 παρ’
1300 1015 1466 1068 06106
1496 1021 1865 1089 συγχώρησιν,
1894 1020 1961 1073 νά

375 1113 459 1150 σοι
513 1100 868 1172 συγχωρήσῃ,
902 1105 996 1157 καὶ
1045 1106 1271 1178 ποίησον
1307 1110 1626 1177 μετάνοιαν,
1666 1112 1753 1164 ἵνα
1786 1111 1846 1164 σέ
1878 1113 1964 1165 δέ-

377 1188 535 1257 ξηται
560 1192 657 1243 καὶ
680 1192 871 1263 ἀγαπᾷ
900 1195 995 1249 καὶ
1018 1196 1117 1270 ἔχῃ
1153 1215 1212 1251 σε
1241 1198 1317 1256 ώε
1363 1200 1478 1255 υἱόν
1510 1218 1603 1254 του
1623 1219 1637 1233 ·
1671 1203 1833 1265 αὐτὸς
1862 1220 1969 1257 110-

375 1280 480 1349 τήρ
512 1297 605 1333 σου
636 1283 715 1335 ἔνι
764 1285 859 1339 καὶ
891 1285 967 1350 ὡς
1005 1289 1213 1359 πατήρ.
1264 1291 1436 1361 Εἴπερ
1491 1292 1749 1363 ἐποίησεν
1783 1294 1863 1357 εἰς
1906 1294 1965 1346 σέ

376 1373 586 1439 τίποτε,
621 1375 881 1445 ἔπρεπεν,
912 1380 1001 1433 ἵνα
1026 1381 1087 1434 τὸ
1124 1383 1443 1456 ὐπομείνῃς,
1477 1387 1573 1438 καὶ
1596 1386 1661 1437 νά
1679 1387 1769 1438 τὸν
1796 1403 1969 1456 1:900-

2140 531 2232 651 zui
2274 526 2605 586 Christianos
2637 526 2887 603 profugos
2932 533 3109 586 Turcis
3134 533 3496 598 «radideram,
3523 551 3645 587 con-

2177 609 2483 651 emmmlur.

2177 609 2483 655 enmantur.

2140 734 2179 804 ῒ
2216 736 2365 804 Μηνὶ
2408 736 2725 807 ⁹Ἀπριλλίῳ,
2754 737 2939 810 ἡμέρᾳ
2983 734 3044 799 ε’,
3082 735 3179 791 ίνδ.
3232 737 3489 804 δεκάτης.
3522 754 3650 807 προ-

2072 828 2386 897 καθημένου
2422 828 2514 882 τοῦ
2552 831 2974 897 παναγιωτάτου
3020 830 3179 900 ἡμῶν
3234 829 3521 892 δεσπότου,
3556 828 3652 881 τοῦ

2069 921 2450 989 οἱκουμενικοῦ
2500 921 2842 992 πατριάρχου
2868 964 2883 988 ,
2938 925 2997 975 ἐν
3038 925 3150 987 τοῖς
3199 924 3341 976 κατά
3371 924 3464 975 τὸν
3498 924 3653 989 ἆγιον

2071 1012 2453 1081 Θεοφύλακτον
2489 1015 2721 1079 κελλίοις
2756 1019 2856 1085 τῆς
2908 1014 3156 1085 μεγάλης
3218 1016 3529 1084 ἁγιωσύνης
3564 1017 3656 1068 06-

2071 1107 2189 1170 τοῦ,
2241 1110 2701 1178 συνεδριαζόντων
2756 1108 2907 1178 αὐτῷ
2940 1112 3034 1163 καὶ
3070 1107 3179 1162 τῶν
3213 1109 3526 1178 ίερω·άτων
3561 1110 3658 1175 ἀρ-

2075 1202 2305 1271 χιερέων
2364 1203 2457 1254 καὶ
2494 1202 2855 1272 ὑπερτίμων,
2914 1202 3009 1255 τοῦ
3046 1202 3298 1269 Ἐφέσου,
3339 1201 3434 1253 τοῦ
3490 1203 3657 1270 ’ῐίραο

2076 1294 2283 1356 κλείας,
2320 1295 2410 1347 τοῦ
2447 1295 2721 1365 Βρύσεως,
2772 1295 2867 1348 τοῦ
2922 1297 3304 1359 Σωζοπὶλεωε.
3334 1294 3431 1348 τοὖ
3477 1297 3661 1365 ἀρχιε-

2079 1388 2351 1440 πισκόπου
2385 1388 2713 1456 Μαρωνείας
2760 1391 2854 1442 καὶ
2905 1387 2999 1440 τοῦ
3032 1389 3260 1441 Τενέδου
3292 1390 3380 1442 διά
3416 1391 3662 1458 γνώμηο,

379 1464 543 1540 ἐλθῃς
578 1469 804 1539 μᾶλλον,
853 1474 945 1525 καὶ
976 1474 1041 1527 νά
1070 1476 1313 1548 ζητήσῃς
1361 1476 1493 1548 παρ’
1523 1479 1690 1531 06106
1718 1480 1970 1549 εὐλογίαν
2080 1479 2319 1551 ἐλαλήθη
2376 1483 2518 1535 κατά
2586 1480 2678 1534 τοῦ
2743 1482 2851 1535 ἀπὸ
2910 1483 3005 1535 τοῦ
3066 1482 3243 1554 Φάρου
3312 1482 3664 1551 ἰερομονάχου

382 1562 478 1614 καὶ
510 1562 887 1634 συγχώρησιν,
940 1565 1038 1635 οὐχ
1074 1566 1159 1619 ῐνα
1212 1568 1381 1639 ζητῇς
1426 1572 1630 1639 κρίσιν,
1668 1573 1787 1625 οὑδέ
1841 1573 1972 1643 ἔχῃς
2079 1572 2173 1627 τοῦ
2212 1612 2226 1627 .
2272 1612 2287 1627 .
2330 1612 2346 1627 .
2392 1610 2406 1626 .
2451 1612 2507 1635 ..
2550 1576 2630 1628 ὅτι
2665 1575 2985 1645 Χριστιανοί
3013 1591 3156 1641 τινες
3184 1575 3527 1644 αἰχμάλωτοι
3575 1574 3666 1643 τῆς

382 1652 629 1725 ὄχλησιν,
666 1656 840 1720 οὕτως
870 1659 1129 1727 ἔπρεπεν,
1168 1659 1257 1713 ἵνα
1293 1663 1527 1733 ποιήσῃς
1559 1666 1681 1716 τότε
1704 1682 1718 1696 ·
1766 1666 1887 1717 ἐπεὶ
1916 1665 1973 1717 δέ
2083 1663 2463 1733 αἰχμαλωσίας
2490 1664 2809 1735 διαδράντες
2866 1668 2959 1717 καὶ
2993 1664 3131 1735 πρὸς
3161 1666 3220 1718 τὸ
3254 1665 3547 1735 εἰρημένον
3576 1664 3666 1717 κά-

385 1751 486 1801 οὺκ
504 1749 767 1819 ἐποίησας
799 1751 959 1805 τοῦτο
987 1754 1128 1819 τότε,
1174 1755 1272 1808 νῦν
1304 1757 1529 1824 ποίησον
1568 1757 1722 1822 αὐτὸ,
1752 1760 1845 1811 καὶ
1878 1760 1974 1829 (ﬁ—
2012 1821 2046 1829 __
2087 1774 2249 1825 στρον
2283 1756 2530 1821 ἐλθόντες
2563 1758 2874 1827 κατέφυγον
2914 1760 2993 1822 εἰς
3046 1757 3139 1811 τὸν
3168 1758 3261 1812 τοῦ
3294 1759 3451 1825 ἀγίου
3504 1774 3668 1827 μεγα-

388 1860 554 1912 τησον
590 1843 721 1914 παρ’
751 1844 916 1898 06106
950 1845 1202 1915 εὐλογίαν
1231 1851 1326 1901 καὶ
1357 1821 1730 1920 συγχώρησιν,
1774 1821 1977 1905 καὶ-εί·
2012 1821 2053 1879 Β
2082 1821 2426 1919 λομάρτυρος
2464 1834 2556 1903 καὶ
2590 1821 2991 1919 τροπαιοφερου
3037 1850 3315 1917 Γεωργίου
3342 1821 3599 1925 ναὸνξένί
3627 1842 3669 1915 ᾧ

394 1955 502 2007 περ
551 1938 788 2007 ἐσφαλες
838 1940 936 1993 καὶ
989 1940 1201 2005 τίποτε,
1241 1944 1468 2012 ποίησον
1520 1944 1621 2014 τὴν
1670 1946 1979 2016 διόρθωσιν,
2080 1938 2149 2014 ἦν
2173 1935 2327 2005 οὗτος
2361 1942 2647 2012 ἰερατικῶς
2693 1942 3053 1996 ἐκδουλεύων.
3087 1942 3449 2010 Ζητουμένων
3495 1941 3556 1994 δὲ
3582 1941 3672 1994 06-

391 2029 551 2083 10610
580 2030 657 2083 ἔνι
690 2032 772 2095 εἰς
796 2032 964 2103 τιμὴν
994 2034 1088 2087 καὶ
1108 2034 1269 2100 δόξαν
1291 2035 1389 2106 σὴν
1415 2038 1614 2091 καὶτοῦ
1643 2039 1833 2105 γένους
1863 2056 1977 2105 σου,
2082 2038 2190 2088 τῶν
2218 2034 2371 2106 παρὰ
2397 2035 2491 2089 τοῦ
2516 2038 2691 2088 ἐκεῖσε
2722 2035 2853 2088 λαοῦ
2898 2038 2988 2089 ἐπὶ
3040 2035 3120 2106 τῷ
3157 2036 3294 2106 πρὸς
3326 2035 3453 2095 106;
3493 2034 3670 2102 T069-

394 2126 488 2178 καὶ
513 2128 593 2187 εἰς
628 2125 899 2196 ὠφέλειαν
931 2128 1028 2196 τῆς
1059 2127 1243 2199 ψυχῆς
1296 2147 1413 2183 σου.
1461 2131 1604 2199 Ἐγὼ
1636 2131 1853 2202 ἔγραψα
1888 2133 1984 2185 νῦν
2085 2147 2215 2193 κους
2265 2130 2427 2185 πάλιν
2462 2129 2659 2193 06106;
2700 2129 2953 2197 ἀγαγεῖν,
2998 2129 3154 2192 0610;
3194 2129 3256 2182 06
3297 2127 3676 2198 μόνον-αὑτών

396 2219 493 2271 καὶ
541 2220 679 2289 πρὸς
721 2220 815 2274 τὸν
873 2221 1284 2293 μητροπολίτην
1334 2240 1451 2290 σου,
1501 2223 1595 2277 καὶ
1625 2224 1719 2278 ἐὰν
1750 2226 1987 2295 ποιήσῃς
2088 2223 2186 2293 τὴν
2213 2223 2459 2291 πονηράν
2490 2222 2719 2292 γνώμην
2751 2222 2854 2275 οὐκ
2903 2222 3196 2287 ἐκώλυσεν,
3222 2220 3359 2274 ἀλλὰ
3394 2220 3493 2273 καὶ
3527 2221 3677 2288 κοινῇ

398 2312 714 2383 μετάνοιαν,
769 2313 958 2384 μέλλει
1012 2332 1071 2368 σε
1109 2313 1367 2383 δέξασθαι
1420 2316 1514 2368 καὶ
1545 2317 1767 2386 ἀγαπᾷν
1823 2315 1988 2369 πλέον
2094 2316 2212 2387 μετ’
2260 2316 2440 2369 αὐτῶν
2481 2317 2577 2369 καὶ
2611 2316 2847 2385 μάλιστα
2887 2317 2993 2388 πρὸ
3036 2316 3147 2369 τῶν
3178 2315 3356 2369 ἄλλων
3390 2314 3557 2377 αὐτὸς
3586 2314 3679 2366 τοῦ

400 2408 546 2478 παρὸ
579 2407 870 2477 πρότερον,
924 2407 1000 2472 ὡς
1052 2410 1171 2463 υίόν
1228 2428 1327 2463 του
1388 2411 1614 2481 γνήσιον
1636 2428 1648 2441 ·
1694 2411 1863 2481 μηδὲν
1896 2407 1990 2463 οὖν
2088 2428 2149 2464 τε
2177 2410 2319 2463 θείου
2346 2408 2474 2463 ναοῦ
2498 2408 2721 2472 τούτους
2750 2410 3032 2476 ἐξέϐαλον,
3071 2409 3166 2461 καὶ
3192 2406 3249 2460 ἐν
3277 2424 3385 2460 τινι
3416 2404 3682 2472 σανδαλίῳ

403 2500 669 2569 ποιήσητε
692 2500 887 2567 ἄλλως,
922 2502 1066 2572 παρὸ
1094 2502 1293 2573 γράφω
1326 2503 1464 2573 πρὸς
1492 2506 1621 2567 ἐσᾶς
1644 2520 1656 2534 ⁸
1683 2506 1730 2557 εἰ
1755 2504 1811 2557 δέ
1838 2504 1991 2557 οὐδὲν
2092 2506 2315 2565 τούτους
2343 2504 2663 2574 εἰσήγαγον,
2690 2503 2783 2556 καὶ
2811 2504 2921 2563 τοῖς
2944 2500 3167 2563 ναύταις
3197 2499 3525 2562 ἀπελθόντες
3549 2499 3683 2568 πρὸς

403 2593 665 2662 βούλεσθε
686 2592 1127 2665 τοῦτο,.ζητεῖτε
1150 2596 1207 2649 δέ
1230 2597 1434 2668 κρίσιν,
1462 2596 1573 2663 ἐγὼ
1601 2599 1810 2669 ταύτην
1841 2598 1994 2651 οὐδὲν
2094 2598 2221 2659 106:,
2253 2596 2530 2667 Τούρκους
2561 2596 2890 2666 παρέδωκαν
2916 2611 2931 2626 ·
2951 2595 3063 2648 τῶν
3083 2594 3139 2648 δέ
3169 2592 3540 2665 αἰχμαλώτων
3594 2592 3685 2645 καὶ

403 2688 505 2758 τὴν
536 2688 751 2752 κωλύω,
788 2689 1085 2761 προσέχετε
1109 2690 1187 2754 δέ,
1218 2692 1413 2761 μήπως
1440 2694 1583 2761 φανῇ
1612 2692 1691 2754 εἰς
1732 2692 1864 2754 ἒσᾶς
1902 2690 1996 2760 βα-

409 2775 497 2841 ρύ.
530 2778 806 2847 Ποιήσατε
855 2780 1010 2846 γοῦν,
1072 2781 1209 2851 ὅπερ
1253 2783 1453 2849 γράφω
1487 2782 1582 2835 καὶ
1615 2781 1994 2851 συμϐουλεύω,

406 2872 490 2923 ὅτι
518 2869 679 2922 τοῦτο
711 2860 983 2942 συμφέρει
1013 2872 1094 2935 εἰς
1116 2874 1269 2934 ἐσᾶς,
1314 2876 1411 2927 καὶ
1455 2875 1551 2928 ἐάν
1582 2876 1872 2945 ποιήσητε,
1901 2891 2001 2939 κα-

411 2962 517 3024 θὼς
539 2962 759 3033 γράφω,
793 2965 1079 3037 εἰρηνικὴν
1112 2967 1470 3033 κατάστασιν,
1513 2969 1635 3021 τότε
1663 2968 1883 3038 πέμψον
1906 2970 2001 3024 καὶ

410 3056 478 3108 06
512 3056 606 3108 καὶ
640 3058 667 3108 6
701 3058 1109 3129 μητροπολίτης
1140 3058 1467 3129 ἀνθρώπους
1501 3078 1626 3125 σας,
1651 3062 1732 3116 ὅτι
1765 3065 1825 3115 τὸ
1858 3059 2001 3129 γνω-

2097 2688 2271 2742 ταῦτα
2328 2690 2470 2759 μετὰ
2496 2688 2751 2759 δακρύων
2784 2687 3117 2757 ζητούντων,
3166 2686 3513 2757 ἀπολυθῆναι
3554 2683 3686 2754 παρ’

2099 2781 2297 2845 αὐτῶν,
2337 2784 2430 2835 καὶ
2455 2783 2593 2853 πρὸς
2623 2781 2749 2845 τοὺς
2782 2782 3065 2852 Τούρκους
3098 2780 3221 2851 (μὴ)
3260 2779 3425 2833 πάλιν
3455 2777 3683 2832 ἐπανελ-
3753 2772 3770 2795 ⁸

2102 2874 2215 2929 θεῖν
2248 2876 2575 2948 (ἐγίνωσκον
2599 2876 2728 2947 γὰρ,
2763 2874 2837 2939 ὡς
2872 2877 3091 2930 ἐπειδάν
3118 2875 3166 2928 οἰ
3196 2872 3431 2945 Τοῦρκοι
3462 2874 3563 2938 τὴν
3592 2873 3689 2925 06-

2102 2969 2213 3023 τῶν
2234 2970 2410 3041 φυγὴν
2445 2970 2685 3039 μάθωσι,
2728 2970 2919 3032 κακῶς
2953 2968 3151 3031 06106;
3189 2968 3577 3038 τιμωρήσουσι
3600 2965 3691 3019 καὶ

2106 3062 2450 3132 φονεύσουσι)
2477 3103 2492 3125 ,
2527 3063 2682 3116 06101
2712 3062 2813 3116 οὐκ
2849 3062 3148 3133 ἠθέλησαν,
3187 3060 3325 3114 ἀλλά
3368 3058 3691 3129 παρέδωκαν

415 3150 553 3218 ρίσω
594 3150 690 3202 καί⁵
720 3149 851 3218 ἐγὼ,
895 3152 987 3204 καὶ
1036 3151 1157 3204 τότε
1192 3152 1373 3221 μέλλω
1414 3171 1471 3207 σε
1503 3154 1729 3225 ἀγαπᾷν
1770 3156 1865 3208 καὶ
1892 3153 2004 3222 ἐγὼ
2033 3172 2076 3229 c
2109 3156 2305 3217 06106;
2334 3157 2445 3217 τοῖς
2476 3154 2765 3225 Τούρκοις.
2812 3153 3019 3207 Τούτου
3057 3152 3191 3221 γοῦν
3238 3151 3382 3206 οὕτω
3412 3150 3694 3219 γεγονότος

416 3241 513 3295 καὶ
568 3241 827 3308 εὔξασθαι
863 3243 957 3296 καὶ
1005 3244 1323 3315 εὐλογήσειν
1354 3246 1447 3299 καὶ
1486 3247 1869 3317 συγχωρήσειν
1909 3250 2003 3299 καὶ

419 3333 564 3404 ἔχειν
604 3334 680 3398 ὡς
709 3335 825 3388 υίόν
884 3354 986 3407 μου
1021 3339 1266 3409 γνήσιον.
1316 3339 1562 3393 Γνωστὸν
1616 3340 1755 3409 ἔστω
1803 3358 1883 3394 σοι
1915 3341 2009 3393 καὶ

419 3426 603 3493 10610,
640 3430 723 3482 ὅτι
758 3430 791 3499 ή
837 3431 1153 3502 παράϐασις
1182 3432 1274 3485 τοῦ
1307 3433 1611 3504 φιλήματος
1634 3433 1730 3486 τοῦ
1772 3432 2009 3505 σταυροῦ

422 3523 572 3574 ἐστιν
603 3520 831 3591 ἄρνησις
868 3522 963 3576 106
986 3524 1150 3577 Θεοῦ·
1179 3524 1321 3579 οὕτω
1358 3528 1467 3599 γάρ
1494 3527 1836 3582 διδάσκουσιν
1864 3530 2009 3599 ἡμᾶς

426 3612 584 3666 τοῦτο
617 3616 666 3667 οἱ
692 3614 837 3683 ἅγιοι
868 3618 1136 3687 Πατέρες,
1173 3620 1253 3673 ὅτι
1283 3621 1315 3690 ή
1355 3622 1615 3693 ἐπιορκία
1644 3622 2013 3693 ἅρνησίς.ἐστι

428 3705 525 3759 τοῦ
562 3706 721 3772 Θεοῦ,
761 3710 857 3762 καλ⁵
904 3712 931 3762 6
962 3711 1344 3782 ἀρνησάμενος
1386 3714 1478 3767 τὸν
1531 3714 1663 3768 Θεὸν
1698 3714 1838 3789 πρὸς
1890 3714 2015 3768 τίνα

431 3804 589 3858 ἄλλον
639 3805 761 3859 θεὸν
812 3804 994 3875 μέλλει
1046 3807 1421 3873 καταφυγείν;
1454 3804 1685 3876 ’Έτερος
1732 3808 1841 3875 γάρ
1884 3804 2016 3868 Θεὸς

431 3897 532 3949 οῦκ
573 3896 689 3949 ἔστι
720 3896 860 3968 πλὴν
895 3897 987 3949 τοῦ
1020 3894 1157 3949 Θεοῦ
1189 3897 1371 3964 ήμῶν.
1433 3896 1499 3950 Οἱ
1552 3896 1699 3965 ἅγιοι
1727 3898 2017 3963 ἀπόστολοι

434 3990 531 4043 καὶ
580 3990 843 4060 ἡμέτεροι
906 3989 1150 4059 Πατέρες
1196 3991 1289 4042 καὶ
1351 3989 1455 4060 πρὸ
1502 3989 1706 4043 τούτων
1737 3993 1763 4044 6
1817 3988 2019 4061 Κύριος

436 4082 597 4152 ήμῶν
633 4080 844 4153 Ἰησοῦς
882 4082 1117 4151 Χριστὸς
1154 4081 1498 4136 διδάσκουσιν
1538 4083 1708 4152 ἡμᾶς,
1740 4083 1822 4136 ὅτι
1863 4085 1891 4134 6
1922 4084 2023 4153 ἁρ-

436 4175 745 4246 νησάμενος
775 4176 868 4229 τὸν
922 4176 1057 4229 Θεὸν
1101 4180 1167 4246 τῇ
1218 4176 1439 4230 κολάσει
1480 4178 1941 4247 παραπέμπεται,
1997 4180 2023 4229 6

436 4271 492 4323 δὲ
526 4270 601 4339 μή
629 4271 1004 4340 ἀρνησάμενος
1026 4272 1116 4323 τὸν
1139 4271 1293 4336 Θεὸν,
1318 4272 1452 4325 ἀλλὰ
1481 4272 1664 4344 τηρῶν
1682 4276 1779 4341 τὰς
1806 4272 2026 4337 ἐντολάς

441 4362 631 4428 06106,
658 4362 768 4433 ἔχει
805 4364 947 4435 ζωὴν
978 4363 1216 4417 αἰώνιον.
1253 4367 1349 4419 Διά
1378 4365 1534 4419 τοῦτο
1561 4366 1755 4435 γράφω
1788 4366 1884 4419 καὶ
1920 4386 2027 4420 πα-

446 4454 615 4523 ραινῶ
651 4473 726 4507 σοι
755 4455 829 4519 ώς
863 4457 1047 4527 πατήρ
1077 4474 1196 4523 σου,
1232 4456 1319 4510 ἴνα
1338 4457 1613 4529 προσέχῃς
1639 4459 1732 4511 καὶ
1764 4461 1937 4531 τηρῇς
1967 4459 2027 4511 τὸ

2114 3246 2209 3299 καὶ
2241 3246 2341 3300 οὐκ
2363 3246 2559 3314 ἄλλως,
2592 3246 2667 3310 ὡς
2707 3244 3016 3318 ἐγνωρίσθη
3050 3246 3145 3297 καὶ
3192 3244 3344 3313 παρὰ
3378 3242 3474 3296 τοῦ
3499 3259 3695 3312 τιμιωο

2111 3341 2273 3393 τάτου
2306 3339 2588 3393 σακελλίου
2624 3339 2719 3409 τῆς
2771 3338 3085 3408 ἁγιωτάτης
3139 3337 3233 3390 106
3268 3335 3404 3389 Θεοῦ
3440 3334 3696 3403 Μεγάλης

2126 3434 2477 3506 Ἐκκλησίας,
2507 3434 2761 3487 διακόνου
2812 3432 2917 3502 κῦρ
2960 3431 3210 3484 Ἰωάννου
3243 3426 3339 3483 τοῦ
3371 3427 3697 3497 Τοξοτηνοῦ.

2115 3526 2444 3590 ἀπελθόντος
2484 3526 2558 3588 ὡς
2606 3524 2833 3596 ἔξαρχος
2860 3524 2975 3576 ἐκεῖ
3004 3522 3063 3586 ἐξ
3099 3521 3409 3591 ἀποστολῆς
3441 3519 3540 3573 τοῦ
3568 3537 3699 3571 1106-

2117 3620 2425 3691 αγιωτάτου
2458 3621 2613 3691 ήμῶν
2641 3620 2905 3673 δεσπότου
2934 3659 2949 3682 ,
3003 3617 3098 3669 106
3150 3612 3538 3682 οἰκουμενικοῦ
3600 3629 3699 3664 πα-

2119 3716 2405 3787 τριάρχου,
2433 3714 2527 3767 καὶ
2557 3710 2657 3784 τὴν
2684 3728 2751 3763 πε
2762 3710 2814 3779 ρὶ
2837 3710 3031 3763 τούτου
3052 3708 3425 3776 ποιησαμένου
3455 3706 3701 3777 ἔρευναν,

2119 3808 2179 3861 o6
2213 3806 2320 3878 μὴν
2346 3805 2480 3859 ἀλλά
2514 3808 2606 3859 καὶ
2641 3803 2806 3858 06106
2831 3801 3022 3855 τούτου
3056 3800 3150 3855 τοῦ
3191 3800 3547 3870 ἱερομονάχου
3578 3801 3704 3867 ὁμο·

2122 3903 2455 3974 λογήσαντος
2486 3900 2646 3953 τοῦτο
2690 3899 2789 3951 καὶ⁵
2819 3897 2886 3951 δι’
2921 3897 3171 3965 ἀνάγκην
3218 3894 3342 3947 τινά
3370 3892 3705 3959 διατεινομέ-

2124 4015 2215 4051 νου
2243 3995 2400 4051 τοῦτο
2455 3996 2817 4064 πεποιηκέναι
2847 4009 2862 4025 ο
2889 3993 3213 4060 διέγνωσται
3246 3992 3356 4051 τοῖς
3384 3987 3701 4057 ἱερωτάτοις

2126 4085 2446 4160 ἀρχιερεῦσι
2483 4087 2575 4139 καὶ
2611 4083 2959 4153 ὑπερτίμοις,
2981 4080 3460 4151 ἐπιψηφισαμένου
3492 4078 3588 4132 καὶ
3616 4077 3706 4130 τοῦ

2130 4179 2549 4249 παναγιωτάτου
2604 4177 2763 4249 ὴμῶν
2818 4174 3106 4238 δεσπότου,
3168 4172 3261 4227 τοῦ
3322 4168 3710 4240 οἰκουμενικοῦ

2132 4274 2496 4344 πατριάρχου,
2540 4272 2653 4334 τοῖς
2692 4268 2792 4338 μὲν
2843 4268 3025 4331 ἄλλοις
3081 4267 3314 4326 ἐκείνοις
3342 4266 3455 4326 τοῖς
3504 4262 3709 4322 λαῖκοῑς

2120 4364 2339 4439 ,φονέως
2393 4365 2617 4435 δοθῆναι
2653 4363 2946 4431 ἐπιτίμια,
3001 4358 3192 4413 τοῦτον
3233 4359 3289 4413 δέ
3326 4356 3710 4429 καθῃρημένον

2133 4456 2271 4515 εἶναι
2301 4460 2396 4512 καὶ
2428 4456 2859 4527 γεγυμνωμένον
2889 4456 3071 4525 πάσης
3100 4452 3397 4522 ἱερωσύνης
3419 4468 3435 4481 υ
3462 4452 3590 4502 ὅσον
3609 4450 3711 4515 γάρ

444 4546 658 4615 φίλημα
683 4547 775 4599 τοῦ
812 4548 1083 4615 σταυροῦ’
1112 4552 1359 4617 κρεῖττον
1384 4551 1493 4620 γάρ
1528 4551 1646 4603 ἐστί
1676 4568 1758 4603 σοι
1796 4552 1870 4620 μὴ
1918 4567 2027 4604 πα·
2060 4538 2108 4598 ί)
2135 4557 2198 4610 τὸ
2230 4555 2351 4609 κατ’
2382 4554 2601 4619 αὐτοὺς,
2641 4551 2800 4604 αὐτοὶ
2831 4551 3130 4615 ἐφόνευσαν
3152 4546 3396 4608 ἐκείνους
3421 4561 3436 4575 ·
3482 4543 3711 4614 1109150-

450 4641 671 4706 ραϐάντι
704 4638 764 4689 τὸ
791 4638 1003 4706 φίλημα
1050 4640 1139 4692 τοῦ
1175 4640 1409 4710 σταυροῦ
1460 4642 1753 4696 ἀποθανεῖν
1785 4659 2030 4713 σωματι-
2136 4651 2322 4713 Θέντες
2346 4648 2455 4718 γὰρ
2490 4649 2569 4709 εἰς
2608 4646 2735 4706 106;
2767 4642 3047 4712 Τούρκους
3068 4640 3199 4711 παρ’
3224 4638 3431 4704 αὐτῶν,
3463 4637 3523 4690 06
3558 4636 3713 4705 μόνον

449 4731 638 4802 κῶς,ἥ
668 4729 825 4783 τοῦτο
873 4732 1186 4802 παραϐάντι
1218 4734 1510 4789 ἀποθανεῖν
1534 4735 1780 4807 ψυχικῶς
1812 4737 1905 4790 καὶ
1928 4737 2030 4809 ζῇν
2142 4745 2342 4807 πολλὰς
2368 4740 2639 4811 τιμωρίας
2671 4736 2894 4800 ἔπάθον,
2941 4733 3079 4790 ἀλλὰ
3113 4734 3209 4787 καί
3230 4748 3376 4795 τινες
3402 4730 3465 4794 ἐξ
3497 4729 3713 4782 ἐκείνων

451 4824 799 4892 σωματικῶς.
835 4826 1072 4897 Πρῦσεχε
1108 4828 1260 4896 γοῦν,
1292 4829 1416 4883 ὅσον
1442 4829 1520 4883 ένι
1548 4830 1791 4895 δυνατὸν,
1827 4832 1920 4885 καὶ
1955 4832 2029 4902 μὴ
2140 4839 2249 4893 ὰπέ
2282 4833 2517 4909 [θανον],
2551 4836 2618 4904 τῇ
2649 4830 2910 4902 ὁμολογίᾳ
2964 4824 3495 4899 ἐγκαρτερήσαντες.
3528 4821 3713 4877 Ἔσται

452 4916 760 4984 παράῦαινε
790 4917 850 4971 τὸ
897 4919 991 4973 τοῦ
1029 4920 1265 4991 σταυροῦ
1311 4921 1545 4993 φίλημα,
1589 4923 1635 4974 εἰ
1671 4924 1766 4975 καὶ
1804 4920 2033 4985 θάνατος
2143 4930 2276 4999 γοῦν
2306 4927 2457 4990 οὗτος
2486 4926 2596 4979 ἀπὸ
2645 4922 2740 4979 τοῦ
2784 4922 2877 4975 νῦν
2924 4921 3329 4993 καθῃρημένος,
3380 4916 3477 4970 καὶ
3502 4914 3568 4967 06
3608 4912 3714 4965 δια·

456 5011 742 5080 πρόκειταί
784 5028 902 5066 σοι’
936 5012 1071 5066 ἀλλὰ
1122 5015 1426 5068 σπούδασον
1474 5016 1569 5069 καὶ
1625 5014 1993 5086 ἐπιμελήθητι
2020 5059 2033 5081 ,
2150 5020 2412 5095 πράξεται
2439 5019 2490 5072 τί
2522 5035 2651 5073 ποτε
2698 5015 2976 5088 ἰερατικὸν
3010 5014 3154 5067 κατά
3202 5013 3301 5081 τὴν
3352 5005 3715 5076 ἐξενεχθείσαν

455 5110 555 5177 ὅση
593 5126 687 5162 σου
715 5107 961 5182 δύναμις,
994 5112 1083 5166 ἴνα
1113 5116 1273 5183 ποιῇς
1301 5112 1496 5178 οὕτως,
1528 5114 1711 5177 καθώς
1745 5132 1827 5168 σοι
1865 5132 2045 5185 παρα-
2153 5114 2277 5170 κατ’
2298 5114 2466 5166 αὑτοῦ
2500 5110 2786 5181 συνοδικὴν
2808 5107 3015 5176 ταύτην
3044 5107 3360 5174 διάγνωσιν,
3384 5099 3625 5155 ἐπεῖκαὶ
3644 5096 3715 5158 εἰς

406 5252 413 5258 .
457 5203 771 5275 κελεύομαε.
2157 5208 2458 5276 ἀσφάλειαν
2496 5204 2589 5257 καὶ
2614 5203 2672 5255 τὸ
2706 5201 2881 5271 παρὸν
2920 5200 3165 5267 ἐγεγόνει
3199 5194 3518 5266 σημείωμα.

1766 5490 2549 5530 -——-——.<>-I————-
