4064 6262
491 404 554 468 n
1639 397 1644 400 ·
1746 402 2138 464 MANUEIJS
2178 367 2481 464 CALECE
3687 397 3755 461 πρ

493 529 624 571 tom.
653 511 718 580 II,
753 529 808 584 p.
841 515 941 569 174
970 515 1075 570 9.85
1135 515 1228 587 (al.
1261 529 1314 586 p.
1352 512 1610 586 l8'2-l97]
1696 524 1835 570 cum‘
1857 517 2022 572 notis.
2063 514 2216 576 Unde
2246 530 2473 571 recusus
2511 513 2721 580 Latine,
2749 513 2966 570 omissis
3001 514 3165 580 notis,
3199 523 3282 570 est
3309 515 3360 568 in
3385 522 3536 570 tomo
3562 513 3758 570 XXVI

490 604 633 660 Bibl.
681 604 907 657 Patrum
958 602 1156 672 Lugd.,
1195 618 1248 674 p.
1282 603 1406 657 545.
1438 601 1581 657 Idem
1615 599 1822 655 Caleca:
1870 604 2131 670 scriptum
2161 602 2217 656 in‘
2243 603 2380 657 duos
2412 601 2641 657 divisum
2682 602 2848 658 libros
2895 602 3086 656 Latina
3139 603 3388 656 versione
3433 603 3753 657 donaverat.

489 691 729 746 Jacobus
761 691 1061 757 Pontanus,
1098 705 1258 760 quam
1286 691 1564 750 editurum
1593 704 1652 745 se
1683 689 1928 760 promisit
1965 689 2233 755 Labbeus,
2265 699 2398 748 tom.
2440 689 2484 747 li
2522 689 2594 744 De
2639 691 2992 758 scriptosibus
3024 690 3212 745 εοεαε.
3239 727 3258 754 ,
3287 706 3412 759 pag.
3458 691 3550 744 45.
3594 689 3749 747 Idem

488 780 622 850 opus
653 778 838 833 Graece
868 779 1064 848 legisse
1093 794 1153 833 se
1185 792 1404 834 summa
1430 793 1559 832 cum
1587 778 1753 832 animi
1783 779 2143 835 delectatione
2207 786 2440 834 testatur
2465 778 2717 842 Allatius,
2744 794 2809 832 ex
2838 794 2940 832 ms.
2973 776 3266 832 Mediolani
3307 777 3360 830 in
3401 778 3750 832 monasterio

496 869 671 923 sancti
720 865 1020 930 Ambrosii,
1063 881 1196 926 ann.
1229 866 1396 928 6910.
1439 867 1532 935 qui
1563 866 1732 922 luerit
1755 866 1961 939 Christi
1989 867 2146 930 1402,
2182 866 2419 922 fortasse
2450 881 2566 920 non
2597 866 2770 920 minito
2812 874 2934 934 post
2978 865 3227 932 eiusdem
3253 865 3463 920 Caleca:
3514 873 3749 919 aetatem

488 964 794 1008 exaratum.
829 952 973 1006 Idem
1001 952 1232 1020 laudans
1276 952 1571 1016 Arcudius,
1603 967 1651 1006 c.
1683 954 1732 1017 7,
1765 953 2016 1006 Calecam
2049 954 2226 1009 virum
2255 964 2412 1009 vocat
2439 969 2566 1007 sane
2581 941 2804 1024 antiqua
2833 953 3038 1009 Gracia
3059 953 3297 1022 dignum,
3323 962 3370 1006 et
3392 950 3748 1006 catholicum.

488 1043 632 1095 Idem
683 1042 764 1094 vir
812 1057 1006 1109 magna
1045 1048 1095 1094 et
1142 1034 1401 1094 doctrina
1443 1049 1492 1095 et
1525 1040 1634 1110 ﬁde
1677 1049 1903 1097 vocatur
1933 1055 1961 1094 a
1998 1039 2290 1100 Fraucisco
2322 1043 2591 1098 'I‘urriano
2623 1042 2764 1096 libro
2799 1042 2868 1100 de
2921 1057 2978 1098 νι
3013 1050 3071 1099 et.
3097 1055 3197 1096 vui
3244 1041 3476 1109 synodo.
3513 1037 3744 1108 (Ελειι.)

489 1128 730 1183 Florent.
755 1130 806 1180 in
831 1128 960 1180 bibl.
990 1126 1277 1192 Laurent.,
1306 1128 1428 1182 cod.
1450 1129 1538 1193 15,
1568 1145 1623 1182 n.
1646 1129 1735 1193 Η,
1756 1129 1889 1197 plut.
1912 1128 1997 1192 7L,
2017 1127 2089 1184 Co

2143 1129 2368 1183 l'essianis
2393 1131 2513 1199 (τῆς
2544 1128 3006 1200 ἐξομολογήσεως)
3034 1129 3248 1191 modus,
3270 1129 3416 1181 dom.
3451 1126 3602 1180 Man.
3638 1123 3748 1180 Ca-

488 1219 618 1272 lecae
664 1217 1040 1285 interpretatio
1080 1231 1145 1270 ex
1181 1216 1402 1278 Latino,
1437 1232 1533 1271 seu
1564 1217 1736 1272 forma
1775 1217 2150 1276 confessionis
2187 1227 2241 1272 et
2286 1217 2647 1270 absolutionis
2676 1226 3023 1284 peccatorum
3069 1214 3366 1268 secundum
3409 1211 3744 1265 Latinorum

488 1308 673 1368 ritum.
720 1321 749 1359 a
802 1305 948 1358 Man.
990 1304 1182 1360 Caleca
1239 1306 1292 1357 in
1351 1305 1594 1360 Graecam
1651 1307 1888 1375 linguam
1948 1321 2093 1361 conv‘

2142 1320 2233 1369 'sa,
2325 1305 2432 1358 inc.
2479 1302 2942 1371 Ἐξομολογοῦμαι
2983 1301 3060 1370 τῷ
3089 1300 3280 1371 Κυρίῳ
3317 1315 3461 1366 μου,
3493 1300 3577 1369 τῷ
3620 1298 3747 1371 Θεῷ

490 1411 619 1463 μου,
664 1401 768 1448 etc.
817 1393 1198 1462 Subjiciuntur
1249 1394 1447 1448 deinde
1493 1395 1859 1450 confessionis
1917 1392 2782 1462 saeramentalis,prterogativae,
2837 1405 2958 1460 qua:
2989 1396 3352 1443 numerantur
3387 1388 3742 1455 quindecim,

485 1503 788 1558 earumque
821 1491 1245 1545 declarationes.
1287 1489 1352 1548 V.
1373 1489 1598 1544 Bandin.
1631 1491 1751 1545 Cat.
1785 1490 1947 1546 codd.
1976 1489 2071 1546 Gr.
2107 1489 2273 1543 Laur.
2297 1501 2437 1551 tom.
2473 1488 2561 1553 IIl,
2592 1503 2641 1558 p.
2672 1487 2794 1541 ΗΟ.
2815 1485 3112 1540 -—Monac.
3150 1483 3212 1539 in
3232 1487 3352 1540 cod.
3385 1486 3582 1539 Bavar.
3609 1484 3744 1550 127,

487 1579 620 1647 (sec.
655 1587 761 1631 cat.
791 1592 871 1647 gr.
903 1592 1036 1632 mss.
1058 1577 1264 1632 ‘Bavar.
1300 1593 1354 1646 p.
1389 1578 1480 1640 55,
1527 1579 1596 1632 ab
1626 1578 1852 1633 Hardtio
1881 1587 2204 1633 numeratur
2249 1577 2370 1630 cod.
2403 1575 2509 1630 263
2563 1575 2625 1632 de
2659 1573 2925 1628 elementis
2968 1573 3241 1650 catholica:
3275 1574 3401 1642 ﬁdei
3439 1573 3746 1627 secundum

485 1663 827 1717 traditionem
861 1675 1060 1718 sancta:
1090 1664 1384 1733 Scriptum
1417 1674 1466 1718 et
1507 1666 1890 1718 catholicorum
1920 1666 2215 1718 doctorum.
2255 1664 2480 1733 (Hasta)

554 1749 610 1802 4.
653 1750 790 1820 Περὶ
857 1751 957 1819 τῆς
991 1751 1155 1818 ἁγίας
1190 1750 1443 1821 Τριάδος,
1486 1751 1552 1805 de
1590 1759 1781 1806 sancta
1823 1749 2112 1814 Trinitate,
2144 1761 2159 1804 t

2144 1760 2436 1805 tractatuum
2464 1748 2938 1820 opulentissimum
2972 1749 3205 1804 Allatius
3236 1747 3438 1804 vidisse
3465 1763 3528 1804 se
3557 1757 3741 1805 testa-

488 1843 576 1888 tur
611 1851 663 1904 p.
695 1834 820 1899 855,
855 1837 921 1891 de
949 1851 1246 1899 consensu,
1286 1838 1467 1891 adhuc
1499 1839 1643 1906 quod
1675 1839 1844 1891 sciam
1897 1838 2093 1892 ineditu

1759 1853 1844 1891 am
1897 1838 2181 1892 ineditum.
2213 1838 2406 1906 Incipit
2446 1852 2461 1890 :
2500 1837 2623 1890 Τῶν
2661 1837 2908 1890 παλαιῶν
2949 1835 3242 1908 αἱρετικῶν
3274 1830 3364 1906 ἦν.

556 1925 611 1977 5.
653 1925 818 1990 Λόγοι
857 1924 1172 1991 Θεολογικοε
1193 1966 1208 1991 ,
1234 1925 1520 1981 Orationes
1549 1927 1856 1996 theologica:
1882 1942 1912 1980 e
1944 1941 2161 1996 quaruu

2136 1942 2176 1980 ω
2220 1935 2370 1982 sexta
2401 1923 2609 1994 profert
2638 1927 2890 1996 quaedam
2923 1925 3064 1978 idem
3089 1923 3344 1987 Allatius,
3387 1937 3438 1992 p.
3472 1922 3583 1978 4'55
3619 1938 3741 1994 seq.

486 2019 678 2064 contra
711 2009 1137 2080 Creyglitonutn.
2153 1997 2163 2005 ”

557 2099 613 2152 ϐ.
659 2097 847 2151 Oratio
873 2099 938 2152 de
964 2109 1146 2152 sancto
1187 2099 1454 2168 Stephano
1510 2111 1923 2172 protomartgre.
1958 2100 2104 2155 Citat
2129 2100 2270 2154 idem
2303 2099 2399 2154 lib.
2433 2098 2508 2153 De
2547 2099 2754 2168 synodo
2790 2097 3079 2160 Photiana,
3111 2112 3164 2166 p.
3198 2096 3323 2158 542.
3369 2096 3742 2166 meminitque

482 2186 622 2240 libro
653 2187 715 2238 de
761 2184 1117 2246 Simeouibus.
1149 2203 1201 2255 ι).
1240 2187 1360 2241 115.
1401 2189 1597 2258 Incipit
1633 2208 1647 2243 :
1689 2191 1900 2259 Ὥσπερ
1941 2191 1970 2240 ὁ
2013 2189 2078 2259 ἥλ

1760 2206 1900 2259 susp
1941 2191 1970 2240 ὁ
2013 2189 2162 2259 ἥλιος
2201 2187 2498 2256 πανταχοῦ.
2530 2184 2618 2255 [Υ.
2669 2201 2856 2255 supra,
2888 2186 2996 2240 vol.
3025 2185 3094 2250 X,
3128 2202 3179 2255 p.
3207 2183 3365 2255 527.]

556 2273 607 2326 '7.
651 2273 716 2325 In
750 2275 1204 2326 circumcisioncm
1245 2275 1474 2329 Domini.
1507 2274 1698 2345 Incipit
1732 2293 1744 2328 :
1784 2276 1874 2344 Τῷ
1903 2275 2082 2345 καιρῷ
2139 2277 2161 2328 ὲ

2139 2274 2334 2343 ἐκείνῳ
2403 2273 2756 2342 ἐπλήσθησαν
2811 2274 2870 2325 αἱ
2912 2274 3136 2343 ἡμέραι.
3171 2271 3319 2328 Idem
3358 2272 3600 2328 Allatius
3635 2274 3736 2329 lib.

483 2361 551 2415 de
578 2360 929 2414 Simeonibns
955 2377 1008 2429 p.
1051 2361 1176 2415 112.
1207 2360 1300 2431 [ν.
1327 2376 1491 2429 supra
1525 2363 1560 2416 l.
1592 2379 1639 2417 c.
1669 2378 1720 2431 p.
1755 2362 1912 2432 240.]

555 2447 608 2501 8.
649 2446 1018 2500 Grammatice
1067 2463 1168 2503 ms.
1221 2448 1280 2500 in
1327 2448 1461 2501 bibl.
1509 2448 1824 2502 Colberlina
1857 2449 1980 2502 cod.
2031 2448 2190 2502 1992.
2238 2450 2431 2517 Itaque
2461 2463 2558 2519 per
2609 2447 2915 2503 “annalem
2983 2450 3400 2517 gransmatieu-m
3433 2451 3487 2503 in
3523 2451 3737 2506 Catena

480 2535 701 2589 Macarii
738 2535 1161 2603 Cbrysocepbali
1202 2535 1255 2588 in
1288 2533 1490 2588 Lucam
1543 2535 1770 2603 intelligi
1799 2536 1944 2590 hunc
1977 2535 2281 2608 Mauuulvm
2314 2535 2591 2600 Caleeam,
2633 2536 2946 2605 suspicatur
2980 2535 3214 2591 Wolfius
3258 2547 3445 2590 noster
3489 2539 3550 2591 in
3583 2537 3730 2592 Diss.

482 2625 550 2678 de
581 2623 791 2678 catenis
824 2623 1067 2687 Patrum,
1099 2638 1152 2692 p.
1185 2619 1276 2677 32.
1319 2621 1532 2694 (Γηιι.)
1559 2622 1717 2677 Conf.
1754 2639 1920 2691 supra
1947 2627 2012 2677 ad
2045 2627 2150 2679 vel.
2184 2626 2273 2690 Ἣ,
2307 2641 2360 2694 p.
2389 2625 2514 2679 325.
2539 2655 2606 2665 —
2628 2624 2771 2678 Man.
2805 2625 3014 2680 Calecae
3046 2627 3417 2680 Grammatiea
3448 2629 3732 2695 quaedam,

482 2714 656 2772 Paris.
695 2713 747 2764 in
785 2713 906 2765 cod.
940 2710 1203 2765 Mazarin.
1235 2712 1324 2766 9|.
1366 2709 1429 2764 Υ.
1459 2710 1756 2766 Μοηιῖειιιο.
1788 2711 1928 2766 Bibl.
1965 2713 2202 2768 biblioth.
2237 2729 2387 2776 mss.,
2422 2729 2474 2782 p.
2507 2713 2653 2767 I319
2697 2712 2764 2766 Ε.
2795 2711 3018 2782 ("ut")

553 2799 786 2871 [Calecte
814 2799 880 2852 ad
915 2797 1260 2853 Joannicium
1295 2799 1558 2867 epistolas,
1595 2800 1647 2852 in
1681 2799 1808 2852 cod.
1841 2797 2130 2854 Vossiauo.
2169 2800 2233 2855 ν.
2263 2801 2383 2855 Cat.
2449 2816 2584 2854 mss.
2615 2801 2820 2870 Anglia:
2856 2810 2962 2857 etc.
2992 2801 3102 2855 vol.
3145 2801 3211 2863 I-I,
3244 2816 3302 2855 n.
3334 2800 3528 2874 2250.]

554 2885 821 2955 Hymnus,
856 2885 926 2938 Te
954 2886 1117 2939 Deum
1145 2889 1445 2948 laudamus,
1479 2885 1668 2940 Graece
1703 2888 2005 2941 translatus
2037 2904 2132 2957 per
2165 2888 2432 2951 Calecam,
2458 2890 2537 2943 uti
2562 2889 2760 2958 legitur
2794 2890 2849 2941 in
2881 2889 3126 2956 marg-ine
3155 2890 3275 2943 cod.
3303 2887 3547 2943 Florent.
3581 2890 3728 2944 Lau-

481 2987 622 3030 rent.
655 2992 732 3026 δι.
764 2975 820 3033 2,
876 2974 1013 3041 plut.
1061 2974 1116 3026 L
1168 2974 1273 3026 Alii
1328 2975 1634 3028 versionem
1690 2975 1833 3027 illam
1897 2977 2077 3045 hymni
2127 2977 2477 3030 Ambrosiani
2528 2976 2777 3030 tribuunt
2820 2975 3077 3031 Sisebuto
3131 2978 3424 3044 monach,
3459 2979 3734 3046 quivixit

482 3075 608 3118 saec.
636 3079 714 3122 XI.
750 3062 842 3113 alii
900 3061 1042 3114 aliis.
1083 3059 1148 3114 ν.
1187 3061 1414 3114 Bandin.
1444 3060 1564 3116 Cat.
1602 3061 1763 3115 codd.
1794 3059 1889 3114 Gr.
1922 3062 2087 3118 Laur.
2119 3061 2160 3127 I,
2193 3079 2246 3132 ρ.
2281 3064 2406 3118 555.
3771 3103 3775 3105 .

551 3151 758 3204 Calacte
794 3149 1048 3204 Mouodia
1118 3164 1276 3210 super
1321 3147 1610 3214 Meledonc,
1662 3148 1796 3202 ibid.
1834 3150 1892 3203 in
1938 3150 2062 3205 cod.
2100 3151 2263 3206 Laur.
2306 3153 2374 3206 15
2446 3169 2501 3206 n.
2545 3150 2632 3218 i9,
2669 3152 2807 3221 plut.
2858 3150 2946 3205 74.
2997 3152 3063 3208 Υ.
3123 3150 3352 3206 Bandin.
3417 3151 3459 3206 I.
3523 3167 3575 3206 c.
3628 3149 3719 3220 III,

482 3253 536 3308 p.
577 3235 696 3290 l06.
1315 3269 1332 3297 ,

551 3329 634 3380 Ad
681 3324 930 3380 Calecam
971 3323 1205 3393 epistola
1253 3322 1511 3378 Demetrii
1557 3324 1765 3395 Cydon.
1821 3325 1875 3382 in
1917 3325 2039 3380 cod.
2067 3325 2293 3384 Coisiin.
2330 3324 2436 3379 3l5
2470 3325 2562 3380 lin.
2597 3324 2662 3383 ν.
2716 3324 3014 3382 Montfauc.
3055 3325 3192 3382 Bibl.
3237 3326 3463 3381 Coislin.
3499 3343 3553 3382 η.
3586 3326 3716 3383 429.

479 3413 702 3486 (Usum)
1869 3431 1874 3434 -

1161 3801 1563 3974 MAN
1579 3813 2132 3976 UELIS
2251 3807 3033 3972 GALECZE
3181 3885 3185 3887 ·

954 4041 1533 4224 CONTRA
1633 4102 2459 4223 GRIECORUM
2580 4103 3230 4223 annosus

1591 4373 1915 4461 LIBRI
1996 4369 2609 4523 QUATUQR,

623 4579 793 4640 Olim
821 4574 1040 4638 Latine
1083 4572 1246 4636 versi
1288 4572 1366 4634 ab
1404 4568 1746 4632 Ambrosio
1782 4568 2253 4632 Camaldulensi
2287 4592 2304 4646 ;
2346 4578 2565 4651 postea
2611 4588 2687 4634 ex
2728 4571 3115 4636 bibliotheca
3172 4575 3466 4638 Bavarica
3497 4575 3564 4638 in

781 4702 986 4763 lucem
1021 4697 1249 4777 prolati
1295 4701 1356 4758 et
1391 4694 1559 4757 notis
1591 4691 1888 4758 illustratl
1940 4709 1975 4755 a
2006 4695 2197 4756 Petro
2240 4695 2573 4770 Stevartio,
2619 4695 2883 4769 Leodio,
2923 4697 3027 4758 SS.
3076 4697 3445 4777 Theologiae
3531 4746 3541 4758 .

872 4833 949 4892 D.
1015 4826 1399 4907 professore,
1456 4830 1517 4884 et
1577 4820 1941 4896 Academim
1981 4820 2518 4900 Iugolstadiensis
2609 4822 3135 4900 procancellario,
3197 4831 3316 4886 etc.

1887 5145 2062 5204 PRIE
2076 5145 2168 5204 FA
2179 5145 2255 5205 TI
2263 5146 2340 5205 Ο.

1325 5315 1529 5370 Damno
1558 5313 1615 5370 S.
1646 5331 1709 5368 ac
1745 5312 2048 5368 beatissimo
2078 5323 2226 5379 papa:
2259 5307 2491 5362 Μαι-εειιο
2518 5307 2848 5365 Ambrosius.

557 5473 724 5528 Parui
768 5472 1042 5540 prtereptis
1085 5475 1222 5540 tuis,
1268 5472 1457 5531 domne
1493 5468 1828 5531 beatissime,
1869 5480 2098 5533 opusque
2131 5462 2268 5517 illud
2329 5461 2468 5518 clari
2512 5474 2562 5519 et
2593 5467 2790 5521 eruditi
2827 5468 2928 5521 viri
2964 5467 3236 5524 Manuelis
3285 5469 3495 5526 Caleca'
3532 5477 3723 5524 contra.

485 5564 681 5620 (it-mea:
710 5561 934 5614 levitatis
968 5575 1194 5622 errores,
1225 5560 1363 5630 quod
1398 5557 1620 5626 insignis
1650 5554 1946 5623 Tlteologia:
1983 5552 2161 5605 cultor
2195 5552 2453 5622 Magister
2491 5555 2753 5609 Antonius
2794 5555 3098 5623 Massanus,
3129 5561 3238 5612 zelo
3264 5559 3388 5628 ﬁdei
3421 5573 3721 5613 succensus.

487 5648 948 5715 Constantinopoli
978 5663 1042 5702 ea:
1070 5650 1196 5702 urbe
1223 5650 1367 5716 regia
1398 5661 1573 5699 secum
1600 5644 1811 5696 advexit
1834 5684 1852 5706 ,
1879 5640 2150 5694 commode
2177 5643 2380 5694 utinam
2445 5653 2601 5712 atque
2625 5643 2847 5707 utiliter,
2873 5655 3111 5714 prompte
3140 5658 3280 5701 certe
3337 5658 3493 5718 atque
3520 5647 3716 5699 obtent-

485 5749 734 5810 peranter
759 5754 822 5791 ea:
851 5738 1029 5794 erco
1065 5737 1314 5791 converti.
1354 5736 1469 5801 Quo
1499 5749 1623 5788 sane
1653 5733 1709 5786 in
1743 5747 1916 5796 opere,
1951 5734 2029 5785 vir
2061 5731 2151 5786 ille
2179 5732 2409 5800 optimus
2475 5733 2551 5784 ita
2581 5733 2810 5800 suscepti
2842 5737 3071 5788 muneris
3105 5736 3337 5806 impleuit
3369 5738 3625 5806 ofﬁcium,
3660 5740 3714 5783 ut

484 5826 817 5898 diligentiam
844 5828 893 5879 in
921 5841 972 5878 se
1005 5823 1298 5888 desiderari
1337 5816 1470 5894 (meo
1501 5822 1708 5875 cuidem
1736 5820 1961 5892 judicio)
1990 5837 2176 5891 passus
2208 5835 2309 5874 non
2340 5820 2430 5874 sit.
2458 5819 2622 5875 Caute
2653 5819 2789 5874 enim
2815 5831 2867 5875 ut
2903 5821 2954 5874 iu
2997 5838 3050 5875 re
3083 5832 3234 5877 tanta
3268 5840 3552 5891 congruum
3588 5821 3706 5883 fuit,
