4144 6296
462 441 527 503 15
1564 446 1577 457 '
1722 432 2062 496 MANUELI

2162 436 2454 498 CALECE
3649 436 3715 500 16

461 565 645 609 tamen
684 549 991 605 rationibus
1026 562 1112 603 me
1160 547 1225 603 ad
1274 547 1628 603 scribendum
1693 548 2043 602 hortantibus
2073 552 2119 608 Α
2148 551 2294 608 ferre
2353 564 2517 623 atque
2558 552 2682 607 aliis
2715 550 2977 607 tradere?
3018 568 3161 619 nunc
3197 552 3419 622 quidem
3465 552 3721 606 amicitiae

464 655 629 716 alque
691 625 1141 712 impellentibus,
1206 640 1515 708 aggrediar,
1581 639 1862 703 facultate,
1931 655 2039 708 qua

461 748 678 808 potero,
730 750 851 803 quae
899 749 929 788 a
964 732 1169 788 sanctis
1203 730 1461 785 Patrihus
1494 731 1561 785 de
1597 732 1698 785 hac
1745 747 1805 785 re
1839 732 2041 801 scripta

464 841 630 893 sunt,
703 827 922 881 Christo
972 825 1136 889 duce,
1194 824 1473 878 moderate
1507 832 1671 892 atque
1701 824 2041 893 simpliciter,

465 930 683 978 servato
726 918 1070 988 compendio,
1139 916 1234 970 tibi
1308 929 1621 985 exponere:
1660 915 1907 984 p'urimis
1939 918 2045 971 sci-

465 1013 598 1067 licet
655 1011 874 1066 omissis
928 1011 1094 1081 (nam
1172 1007 1553 1075 longissimum
1610 1015 1792 1072 esset,
1861 1009 2044 1062 omnia

464 1104 771 1176 prosequi),
826 1102 1132 1174 paucisque
1187 1100 1536 1155 solummodo
1585 1100 1800 1168 positis,
1847 1100 2048 1169 quibus

465 1211 721 1254 constare
773 1199 949 1267 possit
1000 1209 1251 1266 quamam
1301 1193 1406 1247 illis
1459 1192 1525 1247 de
1592 1192 1690 1245 hac
1776 1206 1832 1245 re
1879 1191 2050 1245 fuerit

466 1290 655 1360 opinio
686 1306 699 1343 :
736 1298 797 1344 ut
822 1304 887 1344 ex
912 1290 1011 1342 hac
1042 1286 1420 1341 moderatione
1454 1292 1664 1349 nostra,
1700 1292 1752 1337 et
1785 1293 1865 1350 tu,
1898 1282 2047 1352 quod

466 1382 537 1435 ab
590 1380 772 1435 amico
820 1378 1121 1448 requisisti,
1175 1374 1577 1446 consequaris,
1628 1382 1682 1428 et
1733 1375 1867 1443 ipse,
1917 1374 2046 1428 dum

466 1474 689 1528 illorum
751 1472 1064 1544 prolixitate
1128 1484 1236 1525 non
1298 1478 1546 1531 terreor,
1612 1466 2049 1534 brevitatemque

469 1565 733 1636 temporis
760 1580 870 1619 non
904 1563 1256 1633 pertimesco,
1288 1560 1511 1617 meliore
1542 1560 1654 1630 jam
1686 1559 1871 1613 animo
1904 1559 2006 1611 sim
2032 1598 2048 1623 ,

467 1658 545 1712 illi
584 1672 671 1711 me
701 1655 955 1725 vindicta:
982 1646 1332 1709 subdendum
1379 1668 1489 1705 non
1521 1665 1667 1716 esse,
1700 1665 1822 1720 qua:
1850 1649 1927 1703 illi
1962 1648 2050 1703 in-

466 1756 733 1810 tentatur,
764 1744 858 1814 qui
894 1743 1159 1798 talentum
1190 1741 1497 1797 abscondit.

538 1835 657 1891 Non
714 1835 883 1906 igitur
931 1833 1143 1897 tacebo,
1194 1846 1317 1886 cum
1370 1830 1648 1901 prascipue
1684 1829 1762 1884 de
1814 1830 2043 1886 veritate

469 1927 596 1984 ﬁdei
627 1926 759 1981 mihi
790 1939 976 1983 sermo
1002 1922 1225 1979 futurus
1257 1923 1349 1989 sit,
1374 1938 1549 1993 neque
1584 1920 1878 1990 ambigam,
1908 1920 2042 1991 quin

468 2034 564 2090 per
598 2028 650 2073 te
688 2017 756 2072 ad
788 2016 928 2073 alios
993 2030 1214 2086 quoque
1245 2023 1545 2069 manatura:
1577 2016 1686 2068 sint
1718 2013 1914 2067 littera:
1955 2027 2056 2066 no-

470 2123 623 2176 strar,
674 2124 814 2178 quos
858 2107 1062 2176 alloqui
1117 2106 1218 2174 ipsi
1270 2120 1378 2159 non
1422 2107 1815 2173 possumusﬁct
1862 2118 2052 2157 eorum

469 2200 734 2256 obtestari
782 2197 850 2253 de
883 2198 1115 2251 veritate
1159 2195 1325 2260 ﬁdei;
1362 2194 1447 2248 his
1494 2203 1676 2248 autem
1714 2193 1899 2248 licebit
1932 2194 2056 2248 illos

396 2364 399 2367 Α
473 2292 678 2362 alloqui
708 2290 863 2360 juxta
894 2288 1136 2343 edictum
1169 2303 1184 2352 ;
1238 2297 1405 2356 atque
1450 2285 1544 2351 ita,
1572 2285 1700 2339 dum
1736 2286 2059 2355 multiplica-

475 2387 624 2441 bitur
672 2383 822 2437 verbi
874 2379 1240 2435 ministerium
1270 2418 1285 2443 ,
1336 2378 1470 2433 mihi
1526 2380 1627 2448 ipsi
1682 2378 1859 2432 lidelis
1912 2380 2056 2433 servi

476 2490 688 2532 merces
736 2472 1279 2543 excompensabitur.
1335 2470 1662 2541 Quanquam
1709 2486 1837 2526 vero
1887 2485 2059 2540 pauca

476 2571 546 2633 de
587 2565 777 2621 multis
824 2563 1180 2634 appositurus
1224 2563 1351 2628 sim,
1394 2562 1439 2617 si
1472 2562 1597 2630 quis
1634 2570 1816 2615 tamen
1876 2560 2060 2631 jurgio

477 2672 533 2718 ct
593 2657 951 2737 contentione
1009 2655 1301 2727 sepositis,
1374 2640 1570 2724 ipsam,
1620 2669 1715 2723 per
1797 2653 2059 2723 seipsam,

477 2752 762 2809 veritatem
812 2750 913 2816 rei,
966 2766 1031 2805 ex
1091 2749 1198 2813 bis,
1275 2762 1396 2819 qua:
1448 2748 1606 2801 ﬁrma
1655 2755 1709 2800 et
1758 2754 1877 2801 rata
1933 2753 2063 2801 sunt

480 2844 739 2915 indagare
774 2850 981 2913 pergat,
1008 2842 1169 2911 longe
1197 2840 1563 2904 brevioribus,
1595 2849 1756 2906 atque
1785 2838 1918 2908 ipsis
1947 2849 2065 2892 tan-

482 2947 599 2992 tum
630 2935 754 2990 ﬁdei
801 2930 1093 3005 principiis
1140 2934 1285 2986 hanc
1335 2929 1603 2986 illustrari
1639 2944 1801 3000 posse
1845 2944 2065 2998 compe-

482 3030 624 3085 riet:
676 3041 854 3096 eoque
885 3025 1142 3096 liacilius,
1190 3036 1303 3093 quo
1349 3021 1518 3076 Deum
1567 3021 1767 3075 talibus
1811 3019 2063 3075 auxiliari

483 3131 693 3177 certum
733 3127 839 3182 est,
872 3118 964 3187 qui
1000 3131 1124 3171 cum
1159 3117 1361 3189 pietate
1386 3123 1677 3182 quaerunt:
1711 3112 2062 3180 Cooperator.

484 3213 684 3282 inquit,
716 3209 857 3264 Deus
890 3220 965 3263 est
1000 3208 1148 3262 omni
1175 3207 1433 3277 qua'renti
1467 3206 1657 3259 bonum
1686 3206 1729 3258 ⁸.
1779 3203 1939 3275 Isque
1968 3206 2060 3277 qui
2093 3192 2136 3251 C

489 3304 812 3373 Scripturas
877 3302 1129 3356 hortatur
1188 3299 1422 3353 scrutari
1472 3298 1524 3361 ⁸,
1585 3313 1753 3367 seque
1812 3299 2064 3353 daturum

488 3392 787 3463 petentibus
854 3388 1341 3463 pulsantibusque'
1412 3396 1724 3458 aperturum
1793 3390 2067 3458 pollicitus

488 3499 591 3556 est,
649 3502 758 3543 non
808 3486 1090 3557 permittet
1134 3480 1447 3551 hujusmodi
1497 3480 1711 3553 longius
1763 3496 1793 3536 a
1842 3483 2067 3537 veritate

492 3584 773 3636 aberrare.

564 3667 834 3735 Quoniam
864 3664 1028 3735 igitur
1056 3663 1262 3720 dictum
1291 3672 1373 3718 est
1402 3680 1414 3717 :
1457 3662 1538 3717 Da
1570 3663 1798 3731 sapienti
1834 3666 2068 3720 occasio-

491 3778 630 3828 nem,
659 3770 707 3815 et
734 3757 1022 3828 sapientior
1043 3758 1141 3812 erit
1172 3756 1194 3789 ⁸
1218 3774 1232 3823 ;
1263 3756 1479 3825 qualem
1507 3765 1557 3810 te
1586 3770 1709 3811 esse
1735 3757 1871 3820 scio,
1902 3752 2067 3827 quem

493 3854 630 3911 nihil
681 3867 781 3924 pro
832 3851 1209 3912 contentione,
1247 3847 1382 3902 nihil
1434 3861 1532 3915 pro
1576 3848 1819 3902 vanitate
1871 3850 2069 3911 facere,

494 3945 781 4012 solamque
818 3954 999 3995 rerum
1032 3937 1317 3991 veritatem
1351 3935 1629 4003 sapienter
1689 3949 1749 3987 ac
1780 3934 2073 4002 prudenter

496 4034 777 4104 inquirere
825 4044 926 4099 pro
984 4033 1270 4095 comperto
1324 4024 1541 4077 habeo:
1599 4023 1901 4092 promptius
1936 4023 2071 4093 jam,

497 4123 645 4195 quod
689 4121 976 4190 quaeritur,
1027 4116 1302 4186 explicare
1349 4112 1655 4184 aggrediar.
1708 4112 1897 4183 Neque
1944 4128 2077 4170 sane

499 4219 727 4286 ignarus
761 4226 907 4276 sum,
951 4208 1267 4278 complures
1314 4207 1422 4277 iam
1470 4205 1739 4274 plurimos
1784 4205 1854 4261 de
1882 4208 1984 4263 hac
2015 4224 2077 4264 re

498 4306 789 4377 scripsisse
838 4303 1010 4358 libros
1039 4341 1057 4365 ,
1108 4300 1229 4370 qui,
1283 4298 1412 4354 licet
1475 4296 1678 4353 veritas
1728 4298 2077 4368 paucioribus

500 4400 775 4470 indigeret
819 4395 1028 4459 verbis,
1068 4390 1256 4447 multis
1288 4399 1470 4445 tamen
1520 4387 1657 4459 ipsis
1701 4388 2078 4460 indiguerunt,

503 4501 562 4545 nt
619 4504 741 4545 eam
784 4497 975 4543 contra
1032 4485 1156 4539 illos
1207 4492 1517 4548 tuerentur,
1574 4480 1667 4550 qui
1710 4481 2077 4538 contentionis

502 4582 687 4639 studio
722 4580 869 4634 illam
903 4578 1173 4633 lacessere
1204 4574 1504 4630 tentabant.

569 4674 861 4737 (laterum,
899 4670 1043 4726 sicut
1088 4668 1475 4737 unusquisque
1522 4664 1762 4720 ﬁdelium
1800 4663 1921 4719 ﬁdei
1948 4682 2079 4736 pro-

503 4769 609 4822 fert
657 4762 1104 4819 confessionem:
1157 4758 1327 4814 Corde
1359 4761 1496 4813 enim
1528 4758 1764 4813 creditur
1805 4759 1874 4813 ad
1914 4760 2080 4828 justi-

510 4863 682 4922 aiam:
726 4873 813 4911 ore
876 4864 1051 4909 autem
1087 4852 1346 4923 confessio
1391 4852 1450 4921 ﬁt
1494 4852 1562 4905 ad
1613 4851 1920 4907 salutem’:
1950 4853 2081 4924 quid

504 4951 757 5021 prohibet
786 4950 929 5004 hanc
959 4947 1125 5002 etiam
1171 4946 1448 5002 communi
1486 4946 1591 5000 ﬁde
1627 4944 2079 5015 comprehensam

505 5045 816 5110 veritatem,
847 5041 992 5097 sicut.
1022 5055 1051 5094 a
1078 5041 1282 5094 sanctis
1310 5038 1567 5095 Patrihus
1592 5037 1929 5107 accepimus,
1962 5052 2074 5107 pm-

610 5225 632 5257 '
660 5222 822 5279 Rom.
856 5236 971 5290 vttt,
1000 5219 1093 5275 9.8.

1209 5220 1229 5251 ⁸
1258 5218 1414 5277 Joan.
1446 5236 1501 5287 v,
1546 5219 1633 5275 39.
1715 5218 1901 5293 '.Luc.
1935 5234 2008 5285 ιι,
2044 5217 2097 5273 9.

2145 645 2422 715 implendo
2478 660 2719 712 munus;
2782 660 2928 699 nunc
2982 652 3163 698 autem
3217 645 3508 709 docendo,
3574 656 3721 696 nunc

2144 736 2407 792 studiosis
2432 737 2575 792 illitis
2601 736 2939 790 consulendo
2963 754 2978 804 ;
3011 751 3158 789 nunc
3185 735 3515 791 revinccndo
3534 736 3725 788 adver-

2146 829 2323 883 sarios
2353 847 2366 896 ;
2400 838 2565 899 atque
2611 829 2836 883 omnino
2880 839 3197 883 sanctorum
3246 828 3347 883 hac
3382 831 3447 882 de
3495 826 3727 880 veritate

2147 921 2479 987 doctrinam,
2513 923 2697 991 'quam
2752 937 2780 975 a
2840 919 3097 975 Patribus
3146 921 3356 975 nostris
3389 920 3723 987 accepimus,

2149 1028 2424 1083 quamque
2471 1011 2549 1067 illi
2601 1027 2630 1065 a
2682 1012 2985 1081 majoribus
3019 1013 3135 1067 suis
3168 1027 3262 1081 per
3316 1012 3724 1065 successionem

2148 1114 2469 1174 acceperant
2526 1105 2904 1175 proponendo,
2976 1115 3143 1173 atque
3182 1104 3367 1157 omnia
3414 1102 3627 1156 honesti
3675 1110 3729 1155 ct

2149 1197 2312 1266 aequi,
2348 1196 2607 1250 fraternae
2640 1197 2955 1251 dilectionis
2989 1210 3157 1251 causa
3206 1196 3596 1265 dispensando,
3643 1178 3728 1247 ni:

2152 1290 2341 1357 hilque
2387 1289 2618 1343 omnino
2669 1290 2975 1344 omittendo
3025 1289 3344 1359 diligentia.
3394 1285 3511 1339 Non
3545 1288 3727 1354 itaque

2150 1379 2337 1449 gloriae
2383 1380 2571 1449 cupidi
2621 1380 2934 1444 scribimus,
2982 1381 3076 1435 sed
3119 1380 3278 1434 amici
3330 1381 3468 1433 votis
3517 1392 3724 1430 morem

2149 1480 2427 1539 gerentes,
2459 1486 2653 1526 eorum
2684 1486 2805 1540 quae
2836 1470 3209 1541 praediximus,
3245 1471 3436 1540 gratia,
3486 1468 3727 1522 laborem

2152 1563 2299 1617 hunc
2330 1564 2695 1629 suscepimus.
2742 1562 2852 1618 Nec
2885 1574 3078 1619 nostra
3125 1565 3384 1627 dicimus,
3406 1562 3517 1616 'sed
3552 1576 3671 1633 quae
3700 1573 3730 1611 a

2154 1657 2360 1710 sanctis
2391 1657 2651 1712 Patrihus
2693 1657 3023 1727 illorumque
3085 1654 3498 1711 successoribus
3525 1653 3731 1721 scripta

2152 1747 2405 1817 legimus.
2460 1764 2548 1814 ea,
2611 1758 2829 1804 servato
2880 1749 3271 1819 disputationis
3329 1748 3542 1810 ordine,
3604 1744 3733 1797 hinc

2155 1842 2281 1902 inde
2329 1840 2554 1895 collecta
2587 1880 2604 1907 ,
2663 1841 2903 1896 breviter
2984 1840 3329 1909 strictimque
3388 1836 3671 1905 posuimus
3714 1851 3730 1889 :

2160 1930 2345 2001 hacin
2390 1946 2445 1984 re
2489 1932 2626 1996 sola,
2683 1932 2728 1985 si
2780 1931 2861 1987 sic
2912 1930 3019 1985 dici
3069 1929 3341 2000 oporteat,
3394 1926 3731 1997 gloriantes:

2156 2024 2303 2092 quod
2349 2034 2666 2079 sanctorum
2726 2024 2794 2078 de
2851 2038 2913 2077 ea
2963 2038 3021 2078 re
3067 2023 3416 2092 opinionem,
3468 2018 3735 2087 largiente

2159 2114 2292 2177 Deo,
2332 2128 2431 2167 nos
2465 2123 2519 2167 et
2548 2113 2710 2175 scire,
2742 2121 2797 2166 et
2832 2113 2972 2165 tueri
3026 2120 3342 2168 constanter
3372 2108 3732 2164 ostendimus.

2160 2204 2344 2274 Neque
2370 2222 2502 2259 sane
2532 2206 2847 2275 ignoramus
2879 2205 3166 2272 plurimos,
3199 2203 3250 2257 in
3281 2218 3513 2272 quorum
3540 2216 3734 2256 manus

2162 2301 2265 2351 ista
2302 2297 2441 2351 forte
2482 2295 2851 2364 pervenerint,
2909 2295 3105 2363 quibus
3148 2296 3338 2348 odiosa
3393 2305 3477 2349 est
3510 2296 3730 2357 veritas,

2162 2390 2265 2443 huc
2326 2388 2444 2458 ipsa
2506 2396 2693 2442 ucstra
2774 2387 3084 2441 constantia
3157 2395 3209 2440 et
3266 2386 3613 2447 confidentia,
3667 2388 3732 2439 ad

2159 2481 2517 2553 jaculandum
2574 2482 2629 2534 in
2682 2494 2782 2534 nos
2820 2479 3049 2534 consilia
3104 2488 3157 2533 et
3212 2462 3498 2535 maledicta
3542 2496 3736 2548 provo-

2164 2574 2404 2639 candos;
2465 2582 2767 2641 contraque
2820 2571 3035 2640 penitus
3093 2571 3359 2640 agendum
3417 2570 3575 2624 nobis
3626 2579 3734 2631 est,
3792 2608 3795 2613 .

2166 2666 2554 2734 contrariaque
2616 2663 2976 2717 incedendum
3040 2663 3166 2726 via,
3219 2677 3382 2730 quam
3425 2664 3470 2716 si
3523 2676 3737 2714 ramus-

2166 2764 2319 2815 eulos
2349 2760 2541 2814 inanes
2565 2767 2929 2826 captarcmus.
2954 2752 3087 2808 Nam
3115 2756 3159 2808 si
3187 2754 3408 2823 quidem
3441 2753 3736 2805 humanum

2166 2853 2394 2921 gratiam
2444 2859 2497 2904 ct
2536 2849 2762 2920 gloriam
2829 2862 3250 2916 aucuparentur,
3303 2859 3579 2912 nunquam
3638 2856 3739 2895 nos

2168 2945 2479 2998 auditorum
2506 2942 2649 2997 odiis
2673 2954 3075 3010 exponeremus
3102 2981 3117 3005 ,
3152 2938 3269 3003 sed,
3297 2953 3417 3007 quae
3448 2937 3555 2992 illis
3583 2948 3738 3007 grata

2168 3034 2284 3092 fore
2314 3044 2658 3106 putaremus,
2689 3050 2753 3089 ea
2789 3035 3161 3103 loqueremur.

2240 3122 2471 3179 Constat
2497 3138 2648 3192 ergo,
2679 3137 2804 3183 nos,
2830 3122 2933 3174 nisi
2963 3120 3245 3173 veritatem
3279 3117 3453 3171 rebus
3482 3116 3741 3169 omnibus

2171 3215 2621 3287 praetulissemus,
2660 3226 2938 3277 nunquam
2984 3210 3037 3263 in
3096 3212 3239 3261 hunc
3279 3208 3564 3262 verborum
3594 3222 3744 3261 cam-

2172 3324 2302 3379 pum
2338 3309 2741 3367 descensuros,
2791 3303 2844 3357 in
2895 3316 3027 3371 quo,
3076 3302 3282 3355 laboris
3333 3300 3626 3370 plurimum
3678 3314 3743 3353 ac

2169 3398 2505 3456 diﬁicultatis
2532 3438 2547 3464 ,
2581 3396 2835 3450 humanae
2870 3410 2999 3449 vero
3030 3394 3216 3463 gratia:
3254 3393 3563 3448 minimum.

2243 3491 2425 3561 ipsum
2475 3489 2657 3557 itaque
2706 3496 2959 3541 sanctum
3001 3485 3289 3554 Spiritum,
3338 3484 3404 3538 de
3452 3499 3562 3553 quo
3597 3500 3743 3539 nunc

2170 3580 2331 3633 nobis
2383 3591 2566 3632 sermo
2616 3575 2948 3639 instituitur,
3006 3573 3243 3644 primum
3296 3574 3633 3636 invocantes,
3669 3574 3742 3627 ita

2170 3670 2415 3733 demum,
2452 3681 2573 3737 quae
2621 3666 3031 3736 proposuimus,
3074 3666 3481 3733 aggrediamur.
3517 3665 3745 3719 Utemur

2172 3774 2355 3819 autem
2392 3776 2490 3831 pro
2543 3758 2890 3815 documentis
2955 3757 3089 3825 ipsis
3134 3755 3306 3812 initiis
3348 3756 3493 3819 ﬁdei,
3535 3765 3588 3811 et
3626 3771 3749 3825 qu:e

2173 3872 2237 3911 ex
2288 3856 2370 3908 eis
2420 3862 2703 3919 assumpta
2758 3866 2821 3904 ac
2866 3850 3112 3903 derivata
3172 3858 3323 3914 sunt,
3370 3858 3634 3919 quantum
3690 3851 3745 3903 in

2176 3946 2288 4000 Deo
2349 3942 2664 4010 divinisque
2708 3940 2893 4005 rebus,
2946 3941 3360 4009 probationibus
3403 3942 3478 3996 uti
3527 3941 3610 3995 fas
3637 3951 3745 4006 est,

2176 4037 2264 4091 his
2313 4034 2499 4098 etiam,
2549 4048 2671 4102 quae
2716 4046 2748 4086 a
2802 4031 3086 4085 catholicis
3162 4031 3420 4088 Ecclesiae
3470 4035 3747 4105 magistris

2176 4131 2319 4184 dicta
2355 4134 2505 4182 sunt.

2254 4223 2321 4275 Et
2370 4218 2652 4289 quoniam,
2688 4217 2893 4287 quibus
2920 4215 3158 4270 maxime
3205 4217 3509 4273 rationibus
3536 4219 3751 4277 ostendi

2180 4315 2359 4387 possit
2385 4312 2569 4381 ejusce
2603 4309 2927 4379 quaestionis
2962 4307 3185 4371 veritas,
3219 4309 3453 4375 primum
3480 4309 3745 4379 inquiris:

2181 4406 2394 4468 deinde,
2438 4418 2557 4473 quae
2595 4402 2701 4457 illis
2727 4400 3082 4469 objiciantur,
3120 4398 3340 4467 exponi.
3393 4414 3459 4453 ac
3491 4401 3747 4472 deinceps

2110 4496 2267 4581 Dvcl
2320 4493 2529 4560 objecta
2583 4488 2783 4555 refelli,
2837 4488 2924 4541 vel
2970 4502 3090 4554 qua:
3136 4486 3387 4555 ambigua
3438 4486 3746 4554 vidcantur,

2186 4582 2453 4640 declarari
2508 4580 2796 4650 postulas,
2858 4592 2983 4631 eum
3037 4584 3092 4629 et
3148 4590 3246 4628 uos
3292 4575 3346 4627 in
3397 4578 3751 4644 sequentibus

2187 4677 2435 4732 ordinem
2467 4688 2561 4743 per
2599 4672 2783 4724 omnia
2816 4668 3178 4724 servabimus.
3226 4664 3299 4718 Ex
3335 4680 3462 4734 quo,
3495 4666 3541 4720 si
3586 4670 3757 4737 proli-

2190 4770 2373 4823 xiores
2422 4766 2656 4819 fortasse
2690 4763 2917 4823 erimus,
2950 4774 3116 4829 quam
3164 4764 3431 4826 suscepta:
3478 4758 3757 4817 brevitatis

2192 4859 2330 4913 ratio
2360 4858 2641 4927 poscebat,
2677 4853 2993 4910 necessitati
3035 4848 3428 4918 indulgendum
3460 4857 3585 4906 erit.
3619 4852 3757 4907 lline

2189 4960 2373 5006 autem
2407 4948 2622 5004 initium
2658 4960 2963 5003 sumemus.

2174 5218 2193 5249 ⁸
2232 5215 2389 5272 Prov.
2432 5233 2505 5286 ix,
2540 5217 2595 5275 9.
2707 5218 2727 5250 ’
2763 5215 2921 5273 Rom.
2953 5233 3006 5288 ι,
3045 5220 3132 5275 l0.
