4144 6296
406 274 472 342 17
1520 282 1922 345 ADVERSUS
1961 283 2033 343 Gl

2114 283 2277 344 ECOS
2321 283 2446 344 LIB
2485 285 2536 346 Ι.
3591 289 3656 353 l8

439 435 2304 464 Μ*-

1235 632 2047 768 MANUELIS
2147 640 2809 772 CALECZE

1571 943 1932 1035 LIBER
2009 885 2460 1040 PRIMUS

811 1157 1147 1222 CONTRA
1222 1158 1575 1224 ΗΒΛΕΟΟΞ
1650 1160 1768 1223 DE
1831 1161 2424 1226 PROCESSIONE
2487 1163 2800 1230 SANCTI
2859 1166 3281 1232 SPIRITUS.

486 1507 621 1562 Cum
656 1505 919 1559 Dominus
969 1516 1157 1561 noster
1200 1505 1360 1561 Jesus
1391 1505 1647 1562 Christus
1696 1507 1979 1575 discipulis
2006 1502 2056 1564 Δ
2082 1508 2234 1565 illum
2267 1517 2322 1562 et
2350 1508 2414 1562 ad
2457 1517 2725 1562 creatura:
2759 1508 3009 1562 ordinem
3051 1507 3321 1562 deducere
3351 1549 3364 1570 ,
3407 1517 3460 1561 et
3493 1507 3665 1572 Patri,

313 1646 332 1651 _
419 1598 658 1653 dixerit:
692 1597 887 1651 Euntea
920 1597 974 1650 in
1002 1598 1255 1650 mundum
1301 1602 1626 1661 universum,
1665 1598 1842 1651 docete
1873 1613 1985 1651 om-

421 1705 511 1743 nes
559 1697 750 1758 gentes,
803 1689 1131 1754 baptizantes
1181 1704 1268 1741 eos
1321 1687 1376 1742 in
1425 1690 1635 1742 nomine
1689 1687 1888 1751 Patris,
1941 1699 1989 1741 et

423 1778 572 1842 Filii,
598 1789 648 1834 et
681 1781 918 1850 Spiritus
951 1784 1124 1836 sancti
1153 1781 1216 1844 ‘°,
1252 1796 1382 1834 nuru
1417 1781 1554 1835 ordo
1595 1782 1795 1850 aliquis
1821 1790 1905 1834 est
1935 1781 1988 1836 in

421 1872 737 1926 nominibus
757 1887 820 1926 ac
855 1872 1020 1926 rebus
1042 1881 1244 1928 sanctae
1271 1871 1561 1927 Trinitatis
1583 1873 1758 1940 ipsius
1790 1872 1990 1937 Patris,

418 1973 476 2018 et
536 1962 682 2027 Filii,
742 1972 798 2018 et
847 1961 1084 2030 Spiritus
1139 1962 1340 2027 sancti,
1411 1964 1506 2032 qui
1564 1965 1877 2019 necessario
1931 1978 1996 2018 ac

421 2070 640 2123 semper
692 2054 746 2107 in
795 2054 978 2121 seipse
1037 2054 1179 2108 idem
1230 2055 1302 2108 sit
1352 2069 1421 2108 ex
1469 2055 1605 2124 ipsis
1682 2056 1996 2112 nominibus

425 2146 740 2201 insinuatus
767 2162 782 2198 :
810 2156 976 2213 atque
1011 2155 1067 2199 ut
1097 2162 1158 2200 se.
1188 2146 1256 2200 ad
1279 2146 1511 2200 invicem
1571 2146 1773 2202 habent
1803 2163 1998 2203 secun-

421 2238 554 2291 dum
608 2238 1112 2307 pronuntiationem
1165 2253 1236 2292 ea.
1277 2238 1538 2308 nopiina,
1592 2239 1665 2294 ita
1711 2242 1877 2294 etiam
1929 2242 1996 2294 ad

423 2328 654 2382 invicem
695 2329 891 2384 divina:
933 2344 1181 2398 personae
1209 2330 1473 2385 ordinatae
1519 2330 1674 2385 sint?
1706 2330 1878 2397 Quem
1908 2346 1998 2386 or-

423 2420 606 2474 dinem
669 2431 952 2476 servantes
1027 2430 1192 2486 atque
1257 2421 1633 2485 honorantes,
1689 2424 2001 2477 necessario

428 2512 656 2565 immota
707 2513 868 2564 etiam
926 2511 1042 2590 haec
1074 2512 1324 2566 'nomina
1378 2513 1624 2580 proferre
1679 2513 1997 2580 debeamus,

429 2604 562 2657 nihil
615 2620 678 2657 ex
734 2605 934 2658 trazlito
988 2607 1274 2658 nominum
1327 2606 1520 2661 ordine
1609 2621 1675 2661 ac
1727 2608 2004 2676 posjtione

428 2696 805 2759 imtnutantcs,
847 2697 891 2751 si
933 2697 1164 2752 Vt'lill‘JlS
1198 2697 1358 2751 nobis
1406 2698 1539 2767 ipsis
1572 2697 1624 2752 in
1658 2698 2004 2752 confessione

428 2793 634 2838 rcetatn
677 2783 964 2840 Trinitatis
997 2802 1216 2840 servare
1263 2787 1577 2841 rationem?
1612 2790 1693 2841 An
1733 2788 1868 2841 Ordo
1895 2787 2007 2841 illic

430 2877 616 2930 nullus
643 2888 748 2939 est,
779 2893 951 2947 caque
991 2877 1213 2931 nomina
1250 2889 1454 2933 temere
1500 2881 1676 2947 posita
1726 2888 1855 2934 sunt
1884 2897 1897 2933 :
1929 2887 2010 2933 at-

433 2982 541 3036 que
589 2970 642 3020 in
699 2978 883 3022 nostra
937 2977 1205 3037 potestate
1239 2979 1342 3036 est,
1399 2979 1456 3024 ut
1494 2971 1577 3024 illa
1608 2970 1848 3040 proferre
1877 2973 2008 3026 veli-

434 3076 580 3122 mus,
635 3060 706 3114 ita
763 3069 818 3115 ut
872 3061 1026 3115 nullo
1079 3073 1295 3116 servato
1343 3062 1534 3116 ordine
1581 3062 1758 3117 Patris
1811 3078 2006 3118 nomen

435 3151 735 3219 aliquando
785 3145 1445 3222 prmponere,aliquando
1504 3154 1632 3207 item
1681 3163 2009 3224 postponere

436 3244 632 3308 liceat,
683 3244 976 3313 aliquando
1013 3225 1144 3299 item
1191 3245 1454 3315 Spiritum
1510 3247 1764 3315 praeferre
1814 3247 1952 3304 Filio
1985 3287 2002 3313 ,

435 3337 592 3405 quasi
627 3337 791 3391 etiam
842 3337 1040 3392 divina:
1080 3337 1184 3391 illa:
1225 3353 1489 3405 personae,
1547 3355 1667 3406 qua:
1711 3339 1874 3395 nobis
1923 3341 2010 3396 bis

438 3429 757 3481 nominibus
803 3428 1171 3494 insinuantur,
1216 3429 1520 3485 inordinate
1551 3445 1611 3486 sc
1667 3431 1732 3484 ad
1756 3431 2011 3502 ,invicctn

443 3516 701 3577 habeant,
730 3525 891 3586 atque
913 3517 1046 3572 alias
1077 3517 1275 3572 aliter?

515 3607 580 3660 Et
606 3609 893 3676 quoniam,
942 3625 1062 3676 quae
1110 3609 1493 3677 proponimus,
1559 3618 1874 3664 sa:.clorum
1933 3611 2018 3664 di-

446 3702 551 3754 ctis
587 3715 647 3752 ac
684 3701 970 3762 sententiis
994 3712 1244 3754 astruere
1293 3715 1357 3754 ac
1409 3701 1626 3753 lirmare
1658 3699 2017 3768 instituimus,

447 3791 591 3845 alsit
622 3806 768 3845 nunc
797 3805 1025 3858 magnus
1057 3790 1312 3856 Basilius,
1365 3806 1575 3859 nosque
1606 3792 1730 3859 quid
1772 3793 1859 3846 hic
1889 3809 2018 3846 scn-

449 3882 693 3935 tiendnnt
725 3881 816 3942 sit,
849 3883 1061 3935 doceat.
1095 3880 1183 3934 Ait
1207 3880 1350 3934 enim
1386 3883 1440 3934 in
1475 3881 1716 3950 I'Zpistola
1746 3881 1811 3936 ad
1846 3881 2019 3936 Cano-

448 3973 622 4036 nicas,
674 3973 830 4038 cuius
881 3973 1094 4026 initium
1144 3981 1264 4026 est:
1315 3973 1578 4038 tQuauto
1632 3987 1732 4026 nos
1782 3987 2018 4027 mmmre

446 4064 660 4120 eonlcu
673 4064 739 4116 rit
761 4063 911 4133 prius
942 4062 1084 4116 lautia
1119 4062 1457 4126 subtristior,
1480 4078 1602 4132 quae
1625 4063 1850 4119 auribus
1873 4065 2020 4119 inso-

2089 1612 2183 1656 aut
2213 1600 2374 1663 Filio,
2403 1610 2648 1669 tempore
2675 1600 2755 1653 vel
2785 1601 2976 1653 ordine
3001 1613 3343 1668 praeponere.
3378 1618 3398 1651 ι

2160 1689 2389 1744 ldomin
2418 1691 2596 1765 primo
2617 1689 2711 1744 lib.
2743 1689 3109 1754 Quaestionum
3143 1692 3242 1760 (l),
3269 1683 3428 1760 cujus
3451 1692 3666 1745 initium

2091 1789 2214 1835 est:
2249 1781 2522 1850 Siquidem
2550 1797 2733 1835 omnes
2756 1781 2965 1847 vellent,
2990 1797 3116 1835 cum
3152 1798 3261 1851 prae
3297 1785 3671 1852 opposuisset,

2093 1869 2366 1936 duplicem
2396 1884 2522 1923 esse
2565 1870 2841 1933 ordinem,
2877 1871 3184 1923 naturalem
3238 1873 3497 1934 alterum,
3537 1873 3671 1926 alte-
3733 1925 3741 1932 ,

2097 1977 2218 2017 rum
2271 1964 2592 2017 inventum:
2650 1974 2820 2031 atque
2874 1964 3176 2017 naturalem
3230 1963 3474 2033 quidem,
3530 1966 3674 2018 sicut

2098 2064 2181 2110 est
2209 2064 2588 2109 creaturarum
2620 2055 2759 2108 ordo
2789 2054 3106 2108 Conditoris
3142 2056 3354 2109 ratione
3405 2057 3676 2117 instituta,

2100 2147 2427 2216 numerique
2463 2145 2686 2210 locatio,
2720 2161 3128 2216 causarumque
3156 2147 3222 2200 ad
3254 2148 3497 2202 causalia
3527 2147 3681 2201 babi-

2099 2245 2225 2302 tus;
2292 2239 2574 2292 inventum
2631 2253 2761 2290 vero
2803 2248 2965 2308 atque
3016 2239 3399 2300 artiﬁciosum.
3450 2239 3592 2293 sicut
3623 2240 3677 2294 in

2101 2328 2338 2392 artibus,
2371 2336 2425 2382 et
2459 2328 2792 2397 disciplinis,
2829 2343 2891 2382 ac
2921 2328 3219 2391 similibus,
3249 2327 3486 2396 adjecit:
3523 2347 3542 2380 ε
3571 2329 3681 2382 110-

2101 2437 2221 2476 rttm
2271 2436 2402 2488 ergo
2447 2422 2625 2488 primo
2676 2435 2998 2489 suppresso,
3048 2420 3347 2474 Eunomius
3427 2421 3683 2474 secunda:

2103 2513 2300 2582 speciei
2335 2514 2582 2567 ordinem
2631 2522 2922 2577 memorat,
2959 2512 3200 2580 dicitque
3230 2528 3243 2564 :
3278 2528 3384 2565 non
3431 2525 3684 2580 oportere

2105 2603 2158 2657 in
2194 2603 2302 2658 Deo
2341 2603 2449 2658 dici
2483 2605 2729 2658 ordinem
2760 2645 2776 2669 ,
2811 2618 2934 2658 cum
2961 2605 3096 2656 ordo
3123 2605 3399 2655 secundus
3442 2602 3510 2654 ab
3534 2601 3686 2655 ordi-

2107 2707 2296 2770 natore
2342 2699 2435 2749 sit.
2486 2693 2622 2747 illud
2658 2704 2839 2746 autent
2874 2693 2958 2746 vel
3000 2708 3110 2746 non
3169 2693 3325 2755 vidit,
3374 2692 3456 2744 vel
3507 2693 3688 2746 sciens

2110 2785 2460 2853 prudensqne
2504 2784 2780 2852 pra-teriit,
2831 2799 2952 2838 esse
3006 2783 3216 2835 ordinis
3263 2783 3522 2848 spei-ient.
3575 2796 3683 2835 non

2111 2893 2176 2931 ex
2207 2885 2391 2930 nostra
2419 2875 2694 2944 positione
2725 2883 3102 2936 constantem,
3156 2872 3249 2926 sed
3300 2872 3416 2938 ipsa
3452 2871 3686 2923 naturaﬁ

2111 2965 2503 3037 consequentia
2556 2964 3004 3032 contingentem:
3056 2963 3194 3015 sicut
3241 2961 3373 3029 igni,
3429 2961 3495 3013 ad
3543 2976 3689 3024 eam,

2111 3073 2234 3129 quae
2256 3073 2320 3112 ex
2357 3071 2415 3110 se
2444 3063 2651 3119 manat,
2683 3053 2882 3108 lucem.
2918 3051 2972 3106 ln
3000 3052 3084 3106 bis
3110 3052 3256 3107 enim
3289 3050 3527 3120 primunt
3559 3065 3691 3103 cau-

2113 3166 2228 3204 sam
2279 3148 2542 3210 dicimus,
2594 3145 2898 3200 secundum
2950 3143 3193 3213 quodex
3225 3158 3291 3196 eo
3323 3143 3522 3212 prodit,
3581 3157 3688 3194 non

2115 3241 2405 3296 intervallo
2433 3241 2535 3294 ista
2567 3239 2636 3293 ab
2666 3237 2896 3291 invicem
2939 3233 3369 3303 disseparantes,
3402 3233 3498 3286 sed
3538 3231 3690 3299 cogi-

2115 3333 2318 3387 tatione
2354 3331 2505 3400 prius
2545 3343 2771 3382 causam
2809 3325 2989 3388 nobis,
3025 3339 3190 3392 quam
3227 3321 3448 3376 causale
3480 3322 3690 3386 tingen-

2119 3434 2221 3477 tes.
2269 3421 2558 3488 Quomodo
2602 3420 2769 3490 igitur
2803 3417 2885 3472 fas
2931 3427 3016 3471 est
3069 3415 3142 3469 ibi
3187 3429 3384 3482 negare
3413 3412 3686 3473 ordinem,

2121 3516 2210 3569 ubi
2243 3515 2515 3569 secundus
2558 3521 2613 3566 et
2661 3511 2858 3564 tertius
2899 3517 3023 3561 est:
3062 3523 3170 3560 nun
3217 3521 3280 3559 ex
3330 3512 3514 3557 nostra
3545 3502 3691 3571 posi-

2123 3607 2294 3667 tione,
2358 3603 2454 3656 sed
2519 3617 2581 3654 ex
2649 3599 2973 3653 naturaliter
3037 3597 3202 3649 insita
3263 3590 3694 3662 consequentia?

2119 3692 2294 3760 Cujus
2316 3704 2445 3758 ergo
2470 3687 2547 3742 rei
2575 3685 2751 3757 gratia
2773 3685 3023 3738 ordinem
3045 3683 3101 3737 in
3135 3682 3245 3735 Deo
3274 3683 3439 3749 recipi
3473 3680 3696 3733 abnuit?

2129 3781 2469 3843 Arbitratur,
2517 3777 2564 3832 si
2601 3775 2826 3846 1emcerc
2874 3782 3042 3842 atque
3088 3769 3473 3844 demonstrare
3525 3767 3698 3835 possit
3751 3815 3762 3828 ,

2123 3869 2360 3939 primum
2417 3867 2469 3921 iu
2523 3865 2634 3920 Deo
2683 3864 2833 3918 nullo
2868 3864 3033 3916 modo
3076 3859 3186 3914 alio
3233 3857 3458 3926 intelligi
3511 3870 3695 3924 posse,

2123 3960 2394 4029 reliquum
2423 3958 2538 4028 jam
2575 3956 2681 4011 sibi
2723 3954 2839 4010 fore
2885 3952 3206 4008 substantiae
3254 3949 3427 4020 ipsius
3456 3949 3699 4018 ineque-

2123 4054 2330 4108 litatctn
2362 4061 2525 4120 atque
2554 4047 2907 4105 eminentiam
2935 4045 3245 4100 ostendere.
3282 4039 3394 4097 Nos
3420 4051 3600 4096 autem
3629 4053 3696 4092 eo

449 4164 642 4210 nuerat
667 4155 886 4208 nostris.
916 4152 1150 4222 Spiritus
1173 4161 1351 4207 autem
1368 4163 1592 4208 sanctus
1627 4154 1770 4208 Patri
1795 4156 2014 4224 quidem
2046 4162 2088 4219 ο
2119 4147 2343 4214 quidem
2375 4144 2590 4206 Ordine.
2639 4156 2752 4210 quo
2783 4153 2986 4202 ηυδε»
3034 4135 3384 4190 “Nimim”
3421 4148 3486 4188 ει
3515 4146 3699 4224 δοίη*

445 4256 501 4302 et
535 4247 673 4300 Filio
707 4255 1138 4300 conuumeratur
1164 4284 1180 4309 ,
1229 4247 1355 4314 quia
1401 4254 1470 4311 et
1507 4261 1670 4316 supra
1707 4240 2016 4301 creaturam

447 4346 570 4391 est:
617 4336 810 4390 tertius
858 4346 1036 4389 autem
1085 4334 1278 4390 ordine
1329 4335 1538 4390 locatus
1590 4345 1696 4400 est,
1757 4337 1901 4390 sicut
1956 4352 2023 4390 ex

452 4429 746 4498 Evangelia
805 4427 1106 4492 docentur,
1189 4429 1404 4482 dicente
1463 4427 1696 4483 Domino
1749 4446 1762 4482 :
1827 4428 2025 4482 Euam

454 4520 718 4589 baptizata
772 4520 826 4572 in
872 4521 1081 4573 nomine
1132 4518 1349 4584 Patris,
1395 4529 1444 4573 et
1494 4519 1644 4583 Filii,
1694 4530 1743 4572 et
1793 4520 2028 4588 Spiritus

453 4608 649 4664 sancti.
696 4610 799 4676 Qui
855 4604 1033 4664 autem
1085 4609 1233 4663 illum
1285 4609 1366 4664 vel
1413 4609 1678 4680 pra-ponit
1723 4609 1884 4674 Filio,
1938 4611 2022 4664 vel

456 4699 615 4753 Patre
657 4699 930 4755 seniorem
979 4699 1152 4763 dicit,
1191 4698 1279 4754 hic
1329 4701 1629 4755 reluctatur
1672 4700 1892 4769 quidem
1931 4700 2024 4756 Dei
2069 4691 2072 4696 ’

454 4791 810 4857 ordinationi,
854 4801 1015 4861 atque
1073 4807 1100 4844 a
1152 4809 1285 4847 sana
1340 4793 1443 4847 title
1493 4791 1704 4846 alienus
1755 4801 1861 4854 est,
1915 4806 2025 4845 non

455 4899 606 4946 eum,
634 4899 797 4954 quem
832 4887 1062 4954 accepit,
1095 4885 1504 4954 gloriﬁcationis
1531 4885 1749 4938 modum
1783 4900 2030 4949 servans,

458 4975 555 5029 sed
593 4976 695 5030 sibi
731 4990 922 5030 vocum
951 4976 1248 5032 novitatem
1272 4980 1338 5032 ad
1366 4975 1688 5048 placendum
1721 4975 2036 5030 hominibus

457 5066 797 5136 excogitarts.
837 5084 857 5115 ι

529 5157 595 5212 Et
621 5160 806 5228 paucis
829 5158 1185 5228 interpositis,
1212 5157 1374 5212 veluti
1400 5160 1729 5216 Concludens
1746 5159 1819 5215 ait
1846 5178 1858 5213 :
1895 5180 1911 5212 r
1936 5160 2040 5214 lta-

458 5266 568 5319 que
603 5251 725 5304 ﬁdei
761 5251 1048 5321 abnegatio
1095 5261 1212 5312 est;
1268 5267 1423 5321 teque
1473 5255 1618 5306 enim
1678 5253 1903 5321 itnp'um
1956 5258 2039 5304 est

516 5457 578 5488 ’⁸⁸
609 5455 772 5509 Mare.
807 5471 920 5518 n't,
953 5455 1037 5509 13.

2120 4239 2244 4302 bus,
2275 4240 2666 4306 praeponuntur
2692 4269 2709 4293 .
2742 4230 2879 4286 I-‘ilio
2925 4231 3141 4285 Patrem
3179 4225 3528 4298 prepositum
3561 4221 3703 4278 dici-

2123 4349 2268 4395 mus,
2300 4341 2511 4386 natura:
2538 4338 2723 4383 autem
2755 4325 3062 4382 diﬂerentia
3094 4338 3380 4392 negamus.
3413 4339 3433 4372 ι

2194 4422 2342 4478 Idem
2376 4421 2429 4474 in
2463 4419 2623 4473 tertio
2657 4417 3072 4482 Quaestionum:
3110 4433 3128 4464 ι
3161 4413 3321 4467 Sicut
3348 4409 3494 4465 enim
3525 4404 3701 4461 Filius

2128 4511 2320 4564 ordino
2353 4505 2578 4576 quidem
2608 4505 2887 4559 secundus
2916 4519 2945 4556 a
2979 4501 3164 4566 Patre,
3195 4500 3322 4569 quia
3353 4514 3418 4553 ex
3455 4498 3546 4550 illo
3571 4504 3656 4550 est
3681 4535 3698 4558 ,

2131 4608 2186 4653 et
2240 4595 2546 4665 dignitate,
2611 4592 2870 4661 quoniam
2932 4589 3148 4643 initium
3233 4595 3286 4640 et
3335 4600 3500 4646 causa
3553 4584 3702 4638 illius

2131 4689 2383 4744 essentne
2432 4686 2592 4741 Pater
2623 4693 2744 4745 est.
2791 4689 2847 4737 et
2891 4679 3015 4749 quia
3061 4694 3155 4748 per
3196 4677 3374 4746 ipsum
3416 4691 3701 4730 accessum

2135 4782 2398 4835 habemus
2449 4777 2516 4832 ad
2579 4776 2746 4830 Deum
2796 4782 2852 4829 ct
2888 4771 3130 4831 Patrem,
3171 4777 3364 4822 natura
3415 4781 3544 4820 vero
3594 4783 3705 4820 non

2124 4873 2234 4943 jam
2265 4871 2542 4927 secundus
2568 4877 2674 4932 est,
2709 4866 2836 4937 quia
2883 4863 3063 4917 Deitas
3106 4863 3160 4915 in
3196 4869 3428 4927 utroque
3458 4874 3590 4924 una,
3631 4858 3705 4910 ita

2128 4967 2338 5021 scilicet
2390 4973 2444 5018 et
2488 4970 2716 5018 sam-tus
2765 4959 3039 5028 Spiritus,
3090 4954 3192 5010 etsi
3225 4953 3361 5008 Filio
3417 4951 3704 5019 subjicitur

2130 5057 2321 5111 ordine
2357 5063 2411 5107 et
2455 5050 2742 5128 dignitate,
2772 5064 2879 5101 non
2954 5055 3138 5100 tamen
3168 5043 3382 5104 alienm,
3412 5040 3506 5096 sed
3540 5037 3704 5091 unius

2130 5148 2486 5217 ejusdemque
2532 5125 2740 5198 natura:
2793 5155 2918 5196 cum
2960 5136 3120 5192 Patre
3171 5143 3226 5190 cl.
3275 5131 3410 5186 Filio
3479 5125 3703 5186 omnino

2131 5253 2234 5298 est.
2270 5262 2287 5294 ι

535 5641 612 5706 (l)
647 5639 716 5693 Ita
747 5654 904 5697 vocat
945 5638 1134 5697 Caleca
1167 5639 1333 5694 libros
1375 5637 1433 5692 S.
1465 5631 1648 5695 Basilii
1693 5645 1886 5694 contra
1930 5633 2033 5690 Eur.

2114 5640 2260 5698 nium
2298 5653 2362 5694 ex
2397 5651 2628 5709 Quorum
2693 5631 2870 5700 primo
2939 5621 3040 5673 hoc
3126 5603 3500 5660 ιοειῖιηοειὶυιιι
3571 5597 3714 5671 Peu”

455 5723 577 5769 tum
609 5724 712 5768 est.
