4064 6262
451 339 554 412 '2;
1744 361 2051 426 MANUEL

2173 366 2478 429 CALEC/E

3656 371 3738 441 24

485 483 616 520 seon
661 483 756 523 seu
796 484 1154 538 personarum
1190 473 1255 526 ad
1293 489 1352 529 sc
1387 472 1620 528 invicem
1649 477 1804 546 juxta
1835 479 2046 532 incom-
2080 484 2124 538 Α
2224 479 2459 537 Sanctus
2516 483 2641 538 item
2703 484 2946 555 Cyrillus,
2984 485 3035 537 in
3087 503 3102 541 ι
3160 481 3546 538 Thesaurorum
3590 486 3665 540 ait
3693 461 3732 530 ἐ

483 557 722 621 mistam,
756 569 922 628 atque
957 563 1296 620 inconl'nsam
1333 566 1621 628 rationem,
1652 568 1900 623 ordinem
1932 585 2053 626 esse

478 653 680 714 direre,
716 651 1088 711 irrationabile
1117 658 1345 712 omnino
1369 668 1472 714 est.
1507 660 1638 714 Esse
1667 662 1812 716 enim
1847 663 2055 718 incom-

477 745 676 799 mi5tas
708 747 772 799 ad
809 747 1064 814 invicem,
1100 759 1382 806 servantes
1417 752 1519 808 sibi
1547 769 1766 809 suarum
1809 739 2067 826 proprie:

479 843 650 889 talum
705 839 990 904 terminos,
1047 855 1268 898 necesse
1315 853 1446 898 est:
1504 860 1680 915 neque
1730 847 1874 901 enim
1916 850 2052 905 alias

476 929 614 981 ordo
644 941 954 985 servaretur
985 948 999 997 ;
1039 948 1145 986 non
1180 945 1358 990 tamen
1393 936 1516 991 ideo
1557 954 1779 994 necesse
1809 950 1914 999 est.
1967 941 2051 995 in-

478 1020 918 1085 commistarum,
960 1025 1011 1078 in
1046 1035 1310 1094 quantum
1344 1026 1692 1083 incommista
1723 1039 1874 1094 sunt,
1905 1033 2052 1086 orli-

479 1125 602 1164 nem
633 1114 698 1164 ad
755 1113 984 1168 invicem
1060 1127 1368 1180 servantes,
1430 1120 1534 1173 nisi
1619 1121 1781 1174 etiam
1837 1121 2051 1175 habitus

479 1205 543 1258 al
606 1204 835 1260 invicem
916 1207 1138 1276 quidam
1191 1209 1300 1264 illis
1369 1209 1548 1265 inesse
1612 1211 1884 1266 videatur.
1969 1209 2046 1264 Ex

477 1310 589 1364 quo
627 1312 758 1352 sane
819 1299 1012 1354 ordine
1047 1301 1112 1354 ad
1153 1300 1381 1356 invicem
1453 1309 1506 1355 et
1559 1303 1769 1367 habitu,
1824 1319 2048 1357 suarum

477 1387 644 1440 etiam
675 1390 1069 1458 proprietatum
1139 1393 1355 1446 termini
1410 1393 1669 1449 confundi
1723 1379 2050 1464 miscerique

479 1497 590 1534 non
631 1492 883 1552 possunt.
941 1484 1061 1551 Quo
1127 1487 1291 1547 etiam
1348 1498 1579 1552 remoto,
1640 1488 2047 1544 incommistnm

477 1573 615 1628 illud
669 1577 970 1632 secundum
1045 1594 1125 1642 se,
1160 1579 1584 1635 inordinationis
1638 1580 1848 1650 petins,
1882 1596 2046 1650 quam

479 1665 688 1720 ordinis
706 1665 859 1721 ﬁeret
885 1683 1075 1724 causa.
1117 1668 1479 1734 Qumrendnm
1529 1671 1692 1739 igitur
1720 1671 1771 1723 in
1799 1675 2047 1741 personis

477 1755 700 1820 divinis,
762 1774 1008 1826 quaenam
1064 1759 1133 1814 sit
1179 1761 1383 1815 ordinis
1433 1774 1619 1815 earum
1697 1762 1762 1816 ad
1816 1761 2044 1817 invicem

477 1862 666 1913 causa,
700 1850 966 1918 quatitem
990 1851 1442 1908 incommislionis
1468 1853 1766 1907 secundum
1798 1855 2044 1922 proprie-

477 1947 618 1993 tates
689 1957 838 2014 suas.
881 1942 1028 1996 Alias
1084 1943 1252 2009 enim,
1306 1951 1664 2013 praeterquam
1713 1946 1856 2013 quod
1908 1946 2042 1999 nihil

477 2031 785 2096 coniicitur,
818 2034 1106 2102 imperitia:
1143 2051 1362 2104 quoque
1407 2037 1631 2090 evidens
1663 2047 2045 2105 argumentum

477 2135 586 2186 est,
621 2127 847 2180 causale
875 2127 1035 2196 quasi
1085 2143 1306 2189 causam
1343 2143 1562 2196 ponere.
1593 2128 1764 2198 Igitur
1795 2143 2046 2198 oportere

402 2249 406 2254 -
477 2215 700 2282 quidem
763 2217 1074 2271 necessario
1137 2219 1382 2272 ordinem
1445 2219 1498 2271 in
1546 2219 1747 2276 divinis
1799 2223 2047 2290 personis

475 2307 810 2361 immobilem
847 2307 1026 2371 fateri,
1059 2324 1236 2378 neque
1259 2325 1382 2364 esse
1414 2311 1468 2366 in
1518 2320 1704 2366 nostra
1757 2320 2046 2381 potestate,

477 2411 540 2453 ut
570 2399 816 2462 libuerit,
868 2402 1126 2456 traditum
1188 2403 1479 2458 immutare
1503 2406 1772 2464 ordinem.
1821 2421 2047 2476 eosque,

477 2491 572 2552 qui
610 2491 921 2555 immutant,
960 2504 1018 2546 nt
1049 2508 1160 2562 quo
1197 2504 1382 2563 aperte
1424 2505 1738 2564 oppugnant
1769 2497 2047 2564 pietatem.

477 2581 732 2638 vitandos
788 2599 926 2648 esse,
965 2587 1098 2639 satis
1131 2601 1195 2640 ex
1231 2586 1604 2654 superioribus
1629 2598 1908 2642 ostensum
1945 2599 2046 2643 est.

551 2674 818 2739 Quoniam
889 2690 1017 2730 vero
1052 2677 1314 2731 unitatem
1382 2691 1446 2731 ac
1505 2677 1822 2732 Trinitatem
1882 2679 2050 2734 Deum

480 2765 826 2832 confitemur,
856 2781 918 2821 ac
947 2767 1101 2836 juxta
1133 2770 1394 2822 unitatem
1427 2771 1646 2838 quidem
1679 2787 1854 2840 neque
1894 2773 2051 2838 ordo,

479 2873 654 2926 DCQUP
685 2874 990 2926 processus,
1041 2875 1217 2930 neque
1250 2877 1610 2928 Personarum
1645 2879 1907 2919 numerus
1971 2867 2056 2920 in-

480 2949 708 3016 spicitur
736 2967 750 3003 :
787 2966 893 3004 una
935 2952 1077 3004 enim
1111 2967 1197 3004 res
1224 2956 1458 3006 essentia
1491 2963 1576 3008 est
1604 2955 1828 3010 omnino
1878 2956 2054 3011 indis-

479 3049 650 3106 creta,
720 3041 994 3110 uniusqne
1025 3042 1090 3095 ad
1126 3043 1366 3111 seipsum
1403 3045 1703 3098 secundum
1769 3061 1882 3100 rem
1921 3049 2056 3100 ordo

2163 590 2180 622 ι
2217 570 2395 641 Gignit
2431 573 2627 628 Filium
2670 576 2830 630 Pater
2862 576 3010 629 nullo
3044 576 3243 629 medio.
3280 592 3300 626 ι

2227 657 2373 712 Idem
2398 675 2564 729 super
2592 662 2888 733 Evangelio
2917 661 3167 725 Joannis,
3215 677 3335 716 cum
3392 662 3446 716 id
3502 661 3735 716 verbum

2153 760 2447 818 exponeret
2489 768 2503 805 :
2564 750 2679 806 Hoc
2729 762 2843 806 erat
2889 755 2952 807 in
2998 753 3256 822 principio
3321 755 3462 823 apud
3519 753 3729 816 Deum,

2155 839 2228 893 ita
2255 840 2373 894 ait:
2408 859 2428 894 ι
2467 839 2601 898 Esse
2649 853 2834 912 autem
2867 860 2990 899 cum
3041 845 3180 900 Filio
3226 846 3438 900 Patrem
3473 845 3738 915 intelligi-

2155 947 2296 997 mus,
2333 944 2555 1006 propter
2581 937 2902 992 substantiae
2955 938 3554 993 incommutabilitatem
3592 956 3606 993 :
3643 950 3735 992 at-

2153 1038 2259 1090 que
2290 1024 2428 1089 ideo,
2458 1024 2602 1094 quod
2635 1028 2860 1082 omnino
2881 1028 3170 1098 contiguus
3203 1027 3294 1092 sit,
3349 1028 3499 1082 nullo
3521 1029 3730 1094 medio,

2153 1113 2226 1173 ei,
2258 1114 2400 1182 quod
2429 1131 2495 1170 ex
2527 1131 2586 1171 se
2615 1119 2940 1173 naturaliter
2971 1119 3258 1190 processit.
3295 1138 3318 1180 ,ι

2226 1203 2454 1276 Magnus
2504 1207 2646 1262 idem
2681 1208 2939 1273 Basilius,
2970 1211 3025 1286 in
3078 1213 3238 1279 episr.
3294 1211 3358 1264 ad
3405 1209 3730 1280 Gregorium

2153 1295 2376 1352 fratrem
2437 1299 2504 1354 de
2553 1299 2858 1355 diﬂerentia
2916 1301 3170 1356 essentia:
3243 1311 3407 1371 atque
3467 1303 3732 1357 substan-

2151 1391 2240 1443 tiaa
2273 1391 2372 1460 (7),
2405 1392 2482 1446 ait
2518 1409 2532 1446 :
2573 1411 2592 1443 ι
2639 1392 2813 1450 Filius
2846 1404 3027 1450 autem
3071 1395 3245 1460 solus,
3279 1395 3373 1463 qui
3408 1396 3730 1462 unigenitus

2150 1480 2216 1536 de
2249 1482 2491 1552 ingenito
2513 1485 2715 1541 effulsit
2744 1487 2970 1552 lumine,
3003 1486 3204 1540 nullam
3233 1486 3386 1555 juxta
3425 1488 3736 1554 proprieta-

2150 1579 2256 1625 tem
2293 1589 2649 1646 personarum
2677 1575 3119 1629 communionem
3155 1573 3319 1627 habet
3369 1572 3434 1624 ad
3490 1572 3732 1632 Patrem.

2147 1673 2232 1725 vel
2263 1670 2328 1724 ad
2361 1668 2626 1738 Spiritum
2659 1674 2932 1722 sanctum.
2967 1683 2985 1716 ›
3023 1664 3322 1734 Gregorius
3363 1664 3491 1717 item
3531 1661 3737 1732 Nyssc—

2152 1780 2253 1821 nus
2285 1779 2446 1832 super
2484 1761 2745 1816 Oratione
2777 1757 3059 1812 Dominica
3092 1798 3107 1822 ,
3166 1759 3220 1810 in
3250 1771 3314 1811 eo
3343 1764 3605 1816 tractatu,
3633 1758 3730 1824 qui

2149 1856 2338 1924 incipit
2379 1872 2391 1906 :
2455 1851 2707 1928 Umbram
2737 1851 3004 1904 continens
3059 1848 3359 1918 futurorum
3397 1848 3500 1910 lex;
3547 1867 3563 1898 ι
3599 1846 3736 1901 Uni-

2147 1947 2388 2016 genitns,
2416 1945 2618 2012 inquit,
2670 1941 2840 1996 Filius
2873 1956 2936 1995 ex
2974 1941 3133 1994 Patre
3164 1953 3193 1992 a
3228 1937 3290 1992 S.
3319 1937 3605 2006 Scriptura
3632 1953 3736 1990 no-

2149 2041 2422 2103 minatur;
2466 2046 2630 2106 atque
2663 2035 2934 2088 hactenus
2968 2035 3088 2102 ejus
3123 2034 3436 2102 proprietas
3466 2032 3663 2086 l'ertnr.
3706 2051 3726 2084 ι

2220 2129 2455 2184 Sanctus
2487 2144 2704 2198 quoque
2731 2129 3058 2182 Anastasius
3087 2125 3388 2180 Antiochiae
3441 2126 3732 2194 episcopus

2149 2223 2204 2276 in
2235 2223 2330 2275 lih.
2365 2235 2465 2276 suo
2496 2220 2568 2274 De
2591 2220 2926 2288 dogmatibus
2964 2219 3068 2288 (8),
3121 2217 3278 2286 cujus
3333 2217 3548 2270 initium
3599 2226 3685 2270 est
3716 2234 3745 2270 :-

2151 2314 2402 2370 Salubris
2433 2314 2558 2382 ﬁdei
2591 2323 2790 2366 nostra!
2840 2312 3097 2364 rationem
3119 2353 3134 2375 ,
3173 2311 3250 2362 ait
3282 2326 3297 2362 :
3335 2326 3353 2360 ι
3384 2309 3639 2377 Spiritus,
3670 2319 3734 2363 nt

2150 2409 2286 2472 dixi,
2317 2407 2516 2462 dicitur
2560 2403 2720 2470 Deus,
2770 2413 2826 2459 et
2881 2415 3106 2458 sanctus
3135 2402 3306 2460 Deus.
3375 2401 3498 2455 Haec
3539 2410 3728 2454 autem

2151 2499 2311 2552 ambo
2344 2497 2640 2565 composita
2670 2496 2891 2550 nomina
2915 2494 2963 2547 ei
2995 2502 3308 2562 congruunt
3334 2534 3348 2554 ,
3384 2493 3476 2560 qui
3511 2493 3732 2562 proprie

2155 2591 2394 2660 Spiritus
2442 2600 2664 2644 sanctus
2721 2589 3046 2657 appellatur,
3089 2587 3231 2641 sicut
3264 2596 3314 2638 et
3356 2584 3533 2640 Patris
3572 2600 3731 2636 vora-

2151 2683 2339 2736 bulum
2371 2696 2577 2745 causa,
2612 2689 2663 2736 et
2693 2679 2837 2744 Filii,
2869 2680 2918 2733 ei
2950 2680 3041 2748 qui
3069 2695 3132 2734 ex
3178 2693 3344 2733 causa
3411 2679 3560 2742 nullo
3614 2694 3732 2732 me-

2153 2771 2244 2825 dio
2273 2772 2469 2840 prodit,
2506 2771 2975 2826 accommodatur.
3017 2789 3036 2824 ›

2226 2865 2301 2918 Ita
2337 2865 2500 2934 igitur
2533 2863 2652 2918 Filii
2684 2879 2748 2918 ex
2791 2863 2951 2918 Patre
2981 2864 3352 2933 {processum
3386 2865 3725 2921 nativita'em

2157 2958 2371 3012 scilicet
2399 2957 2770 3012 immediatam
2801 2957 3089 3019 discimus,
3147 2958 3447 3012 secundum
3479 2973 3639 3026 quam
3669 2967 3725 3011 et

2159 3051 2495 3120 unigenitus,
2529 3057 2583 3103 et
2603 3050 2750 3104 solus
2781 3049 2844 3104 de
2871 3050 2988 3104 solo
3011 3049 3238 3110 dicitur,
3273 3049 3725 3118 personalemqne

479 3140 576 3184 aut
603 3130 858 3185 discretio
891 3147 996 3186 non
1033 3142 1157 3187 est:
1221 3133 1490 3203 reliquum
1546 3143 1650 3197 est.
1681 3144 1740 3189 ut
1792 3137 2039 3190 ordinem
2076 3146 2118 3204 ο
2152 3155 2305 3194 suam
2359 3153 2422 3192 ac
2461 3139 2878 3192 substantialcm
2934 3137 3318 3212 prqprietatem
3352 3135 3478 3189 hinc
3503 3134 3723 3202 accipit,
3779 3125 3785 3130 ’

480 3239 883 3294 numerumque
914 3239 1272 3296 personarum
1308 3227 1462 3298 juxta
1493 3242 1781 3298 processus
1812 3243 1942 3285 suos
1974 3229 2052 3284 fa-

483 3327 714 3371 teamnr.

558 3410 671 3463 Duo
705 3409 929 3464 omnino
957 3423 1248 3479 processus
1283 3409 1335 3462 in
1369 3408 1478 3478 Deo
1509 3409 1665 3465 nobis
1699 3411 1878 3465 traditi
1900 3419 2048 3476 sus-t,

481 3501 638 3567 alter,
689 3503 986 3556 secnmlum
1023 3502 1398 3568 nativitatem,
1431 3502 1590 3568 alter,
1637 3504 1790 3572 juxta
1827 3517 2050 3572 proces-

481 3591 716 3663 s3qnem.
779 3591 945 3645 Deum
1002 3592 1203 3662 quippe
1266 3607 1330 3646 ex
1394 3593 1504 3646 Deo
1537 3594 1713 3658 nasci,
1774 3593 2053 3664 Deumque

481 3690 611 3738 item
644 3699 707 3738 ex
772 3684 881 3738 Deo
921 3683 1233 3752 procedere,
1266 3684 1465 3738 divinis
1496 3683 1714 3741 Litteris
1768 3688 2048 3742 docemur.

477 3780 658 3848 Atque
676 3775 796 3831 Filii
817 3777 1034 3846 quidem
1065 3791 1096 3831 a
1125 3775 1287 3832 Patre
1313 3776 1686 3833 immediatum
1708 3793 2049 3849 processum,

481 3882 704 3927 sanctus
739 3870 994 3936 Basilius,
1043 3870 1096 3923 in
1148 3871 1244 3924 lib.
1281 3870 1544 3924 Adversus
1595 3869 1948 3939 Eunomium.;
1978 3874 2048 3926 ita

480 3963 830 4018 commendat
865 3981 879 4018 :
920 3981 938 4014 ι
995 3962 1214 4016 Initium
1251 3961 1470 4030 quidem
1509 3962 1685 4016 Patris
1731 3963 2050 4032 nullumque

479 4057 676 4110 horum
730 4055 989 4110 medium.
1052 4073 1070 4106 ι
1114 4055 1463 4124 Rursumque
1530 4055 1583 4108 in
1643 4056 1832 4109 eodem
1871 4073 1885 4110 :
1918 4075 1938 4108 ι
1982 4055 2054 4112 Ut

479 4149 624 4200 enim
675 4145 840 4200 stulta
888 4155 973 4200 est
1029 4144 1386 4213 interrogatio
1418 4144 1586 4209 ineo,
1616 4145 1709 4214 qui
1750 4145 1868 4200 sine
1900 4148 2049 4214 prin-

481 4238 623 4306 cipio
656 4245 818 4302 atque
874 4235 1146 4304 ingenitus
1177 4243 1279 4299 est,
1313 4235 1567 4302 superius
1608 4235 1812 4305 aliquid
1839 4253 2049 4306 qner-

481 4345 583 4386 re:
619 4339 673 4384 et
729 4329 816 4382 hic
871 4328 924 4381 in
956 4342 1042 4392 eo,
1075 4328 1166 4396 qui
1225 4327 1553 4395 sempiterne
1585 4343 1709 4382 cum
1746 4327 1902 4383 Patre
1949 4339 2053 4397 est,

482 4423 800 4491 nullumque
832 4421 994 4475 habet
1024 4420 1263 4474 medium
1294 4421 1435 4474 inter
1465 4434 1522 4474 se
1545 4430 1600 4474 et
1628 4419 1949 4486 genitorem.
1987 4440 2005 4470 ›

2112 3598 2408 3652 ’νει-ἰιειιὶε
2473 3595 2766 3648 terminum
2833 3601 2886 3647 et
2953 3593 3218 3644 rationem
3288 3590 3552 3642 hactenus

2159 3233 2303 3303 quod
2333 3241 2387 3286 et
2416 3232 2631 3296 genitus
2658 3239 2760 3293 est,
2809 3238 2862 3283 et
2891 3244 2920 3282 a
2955 3229 3109 3283 Patre
3161 3227 3477 3298 Spirituqne
3528 3227 3728 3280 distin-

2161 3324 2360 3392 guitur.
2393 3321 2601 3390 Quippe
2631 3326 2768 3374 hanc
2796 3319 2914 3388 ejus
2944 3318 3216 3388 propriam
3259 3318 3591 3386 agnitionem
3625 3330 3726 3368 no-

2161 3416 2246 3470 bis
2280 3413 2519 3481 magistri
2560 3411 2923 3474 tradiderunt,
2955 3409 3100 3479 quod
3129 3410 3280 3463 solus
3312 3409 3442 3481 ipsc‘
3473 3407 3726 3476 unigeni-

2166 3517 2252 3561 lns
2282 3506 2347 3559 de
2378 3503 2621 3573 ingenito
2687 3502 2889 3555 lumine
2916 3501 3162 3569 prodeat.
3213 3499 3424 3553 Dictum
3456 3510 3536 3553 est
3579 3499 3726 3551 enim

2163 3695 2550 3761 proprietatem
2575 3688 2790 3750 sistere,
2828 3691 2887 3738 ut
2918 3682 3128 3736 scilicet
3157 3679 3484 3742 immediate,
3514 3689 3564 3732 ct
3595 3695 3731 3730 con-

2165 3784 2514 3844 tinenter,ac
2572 3777 2750 3847 genite
2780 3791 2845 3830 ex
2902 3772 3063 3826 Patre
3109 3772 3198 3831 sit,
3257 3769 3485 3824 ulterius
3548 3778 3728 3822 autem

2167 3874 2479 3927 nullatenus
2529 3869 2801 3940 progredi.
2854 3865 3064 3934 Quippe
3117 3879 3244 3917 cum
3277 3873 3331 3916 et
3377 3862 3617 3930 Spiritus
3660 3878 3725 3915 ex

2163 3968 2320 4022 Patre
2353 3965 2570 4036 quidem
2605 3963 2695 4026 sit,
2753 3975 2856 4014 nec
2884 3968 3062 4012 tamen
3114 3960 3376 4010 hactenus
3437 3970 3730 4024 processus

2161 4060 2306 4114 illius
2331 4058 2634 4127 pr0prictas
2666 4064 2828 4123 atque
2857 4050 3065 4117 agnitio
3099 4047 3382 4102 subsistat.

2237 4151 2446 4204 Dictum
2475 4157 2561 4202 est
2586 4159 2789 4206 autem,
2817 4151 2871 4197 et
2917 4138 3037 4194 Filii
3069 4137 3395 4190 vocabulum
3429 4136 3478 4191 ei
3509 4136 3729 4207 proprie

2162 4256 2482 4312 congruere,
2512 4239 2601 4308 qui
2633 4239 2705 4292 sit
2733 4251 2796 4290 et
2831 4234 3008 4295 Patre,
3045 4229 3494 4297 nullointerjeclo
3529 4229 3728 4282 medio.

2163 4334 2483 4404 Quanquam
2531 4339 2723 4399 praeter
2780 4328 2911 4387 lucc,
2946 4333 2999 4379 et
3034 4324 3224 4385 Patris,
3255 4332 3310 4378 et
3359 4323 3480 4377 Filii
3535 4340 3729 4380 nomen

2165 4427 2408 4479 habitum
2475 4423 2540 4475 ad
2600 4419 2828 4472 invicem
2883 4431 2945 4471 ac
3020 4416 3338 4469 relationem
3396 4415 3728 4468 individuam

554 4515 699 4569 Idem
761 4513 1034 4568 rnrsusin
1068 4528 1155 4576 ea,
1209 4527 1371 4581 quam
1415 4527 1579 4580 supra
1636 4514 2058 4568 memoravimus
2093 4491 2133 4545 θ
2165 4514 2361 4569 reddit.
2425 4509 2580 4564 Aliud
2639 4509 2784 4562 enim
2847 4520 3096 4567 causam,
3149 4503 3296 4572 aliud
3345 4518 3474 4558 vero
3513 4519 3643 4568 caus
3684 4506 3731 4557 le

483 4607 549 4661 ad
578 4603 884 4661 Canonicas
935 4602 1173 4673 Epistula

482 4707 568 4753 est
595 4696 856 4766 Spiritus,
883 4709 992 4748 non
1022 4693 1134 4764 jam
1168 4708 1232 4746 ex
1282 4693 1390 4747 Deo
1421 4703 1523 4758 est,
1555 4694 1599 4748 si
1627 4701 1817 4761 autem
1858 4709 1920 4748 ex
1953 4695 2059 4748 Deo

481 4802 590 4854 est,
622 4790 897 4860 quomodo
964 4777 1242 4859 antiquior
1273 4795 1360 4843 est
1401 4787 1518 4852 illo,
1572 4802 1636 4840 ex
1669 4801 1778 4857 quo
1807 4788 1937 4842 est?
1990 4789 2060 4841 At

484 4901 552 4938 ne
580 4883 870 4955 Unigenito
900 4883 1120 4954 quidem
1156 4883 1306 4953 prior
1343 4890 1451 4948 est,
1484 4881 1692 4936 nullum
1742 4883 1887 4935 enim
1921 4880 2060 4933 inter

482 4971 696 5028 Patrem
727 4989 789 5028 ac
813 4972 1010 5026 Filium
1047 4973 1284 5027 medium
1313 4981 1416 5026 est.
1464 4991 1483 5023 ι

555 5065 853 5134 Gregorius
879 5064 1350 5135 etiam‘Nyssenus
1402 5065 1454 5118 in
1515 5076 1532 5116 ι
1587 5063 1851 5132 adversus
1877 5062 2059 5118 Euno-

484 5159 654 5214 minm
684 5159 845 5226 libro,
879 5159 958 5213 sic
987 5158 1062 5213 ait
1099 5178 1112 5213 :
1143 5176 1162 5210 ι
1203 5157 1364 5213 Pater
1393 5157 1612 5227 quidem
1638 5158 1756 5213 sine
1791 5158 2059 5234 principio

484 5262 648 5321 atque
679 5250 954 5320 ingenitus
1016 5251 1364 5320 intelligitur.
1399 5248 1478 5303 Ex
1518 5250 1636 5320 ipso
1670 5262 1876 5313 autem,
1904 5249 2057 5318 juxta

485 5343 726 5414 contigui
759 5343 1048 5407 rationem,
1077 5342 1517 5412 inseparabiliter
1545 5342 1856 5412 unigenitus
1885 5342 2059 5398 Filius

484 5451 606 5486 cum
639 5432 800 5487 Patre
839 5433 1001 5487 simul
1045 5432 1384 5502 intelligitur.
1424 5449 1442 5482 ι

1232 4619 1246 4656 :
1301 4620 1319 4652 ‹
1364 4600 1421 4655 Si
1468 4604 1612 4657 enim
1649 4601 1756 4658 Deo
1808 4603 2058 4673 superior

557 5579 632 5648 (7)
673 5580 860 5634 Graece
912 5588 995 5633 est
1029 5577 1398 5638 ὑποστάσεως.
1436 5576 1588 5648 Quod
1613 5575 1793 5648 potius
1825 5575 2060 5648 retinen-

486 5645 624 5702 dum
645 5653 724 5703 vel
752 5665 988 5719 persona:
1021 5648 1341 5703 vocabulum
1388 5645 1748 5701 adhibendum
1776 5656 1832 5700 ut
1861 5645 2059 5698 vitetur

488 5719 863 5786 :Bqnivocalio.

561 5790 638 5858 (8)
681 5789 760 5844 Ex
799 5799 938 5844 orat.
991 5792 1114 5845 lex
1159 5787 1266 5843 illis
1313 5786 1553 5857 quinque
1600 5785 1666 5841 de
1719 5786 1878 5842 rectis
1931 5787 2051 5840 ﬁdei

2159 4591 2529 4661 commendat.
2563 4604 2737 4670 Atque
2799 4599 2899 4653 ista
2939 4599 3158 4668 quidem
3194 4599 3270 4654 ita
3327 4613 3384 4653 se
3431 4599 3632 4652 habent
3663 4599 3731 4654 de

2161 4699 2315 4754 Filio.

2233 4789 2418 4844 Sancti
2455 4803 2582 4841 vero
2613 4769 2849 4856 Spiritus
2911 4797 3231 4854 processum
3261 4797 3290 4837 a
3326 4782 3487 4837 Patre
3515 4799 3608 4852 per
3641 4782 3732 4837 Fi-

2163 4883 2292 4934 limn
2354 4897 2476 4935 esse
2522 4880 2838 4942 didiciinus,
2911 4894 2976 4931 ex
3031 4892 3142 4944 quo
3192 4879 3446 4932 videlicet
3495 4888 3730 4939 constat,

2161 4973 2290 5040 quia
2325 4987 2432 5024 non
2493 4971 2611 5024 sine
2663 4969 2842 5022 medio
2877 4984 2940 5021 ex
2997 4968 3156 5023 Patre
3188 4970 3391 5038 prodit.
3447 4970 3536 5022 Ait
3586 4969 3730 5023 enim

2161 5062 2458 5132 Gregorius
2508 5060 2786 5132 Nyssenus
2847 5060 2900 5113 in
2964 5060 3103 5113 libro
3141 5075 3303 5127 quem
3329 5059 3396 5113 ad
3449 5061 3730 5113 Ahlavium

2161 5153 2382 5222 scripsit
2432 5153 2531 5223 (9),
2585 5152 2743 5221 cujus
2803 5141 3018 5205 initium
3075 5157 3207 5206 est:
3257 5151 3471 5205 Iustum
3527 5153 3730 5220 quidem

2161 5246 2337 5316 fuerat
2390 5259 2508 5307 vos,
2561 5243 2651 5312 qui
2708 5243 2848 5294 omni
2909 5243 3100 5295 virtute
3150 5241 3396 5308 polletis,
3460 5257 3731 5310 pugnare,

2161 5338 2241 5391 sic
2289 5337 2366 5390 ait
2418 5354 2482 5390 τι
2548 5335 3054 5388 ltnmutahilitatcm
3113 5343 3323 5386 naturze
3381 5334 3749 5393 conﬁtentes,

2163 5443 2342 5482 causa}
2373 5426 2442 5480 ad
2477 5424 2699 5481 causale
2733 5423 3096 5478 dill'erentiam
3127 5437 3234 5476 non
3270 5422 3644 5490 abnegamus;
3676 5421 3729 5473 in

2168 5575 2510 5636 dogmatibus
2541 5589 2661 5638 ana!
2690 5579 2908 5627 exstant
2939 5579 3068 5623 tom.
3105 5568 3148 5624 Ι.

2240 5635 2314 5710 (ω
2360 5644 2494 5698 Vide
2543 5635 2672 5697 Bell.
2711 5645 2746 5697 l.
2801 5657 2834 5694 tt
2891 5639 2964 5694 De
2999 5639 3230 5710 Christo.
3271 5651 3320 5710 ρ.
3355 5637 3448 5701 25,
3476 5635 3588 5710 Hnbi
3633 5635 3734 5689 hoc

2168 5706 2540 5768 testimonium
2578 5712 2784 5781 profert
2815 5720 2867 5763 et
2895 5710 3151 5781 explicat.
3179 5709 3243 5763 Et
3267 5706 3606 5764 Gcnnadium
3632 5722 3733 5776 pro

2165 5785 2399 5839 concdio
2433 5780 2766 5849 Florentino,
2800 5788 2933 5836 sect.
2968 5780 3022 5833 5.
