4144 6296
435 378 512 442 95

1557 367 1954 429 ADVERSUS
1996 361 2310 425 Gnaeos
2349 364 2494 428 LIB.
2532 363 2581 424 Ι.
2849 415 2852 420 .
3631 356 3703 435 26

439 509 550 563 quo
581 493 702 547 solo
738 488 968 544 alterum
995 487 1064 540 ab
1097 464 1272 539 altero
1323 481 1586 552 distingui
1620 479 2000 549 intelligimus.
2040 479 2082 535 Α
2112 477 2364 545 quamvis
2390 492 2573 532 causa:
2623 474 2980 544 causalisque
3010 471 3243 534 ratione,
3273 484 3562 540 processus
3599 469 3704 522 dif-

441 585 560 652 qui,
593 582 826 635 alterum
859 577 1101 646 quidem,
1126 587 1348 629 causam
1396 587 1520 628 esse
1542 611 1557 636 ,
1595 572 1825 625 alterum
1855 581 2010 630 vero,

442 691 509 728 es
546 686 712 727 causa
741 670 1042 723 credimus.
1081 667 1253 735 Atque
1278 665 1398 734 ejus
1429 664 1574 734 quod
1611 678 1677 717 ex
1709 675 1876 715 causa
1907 669 2013 719 est,

446 764 607 819 aliam
642 777 832 816 rursus
858 758 1220 814 differentiam
1269 755 1636 826 agnoscimus.
1672 752 1832 806 Aliud
1866 750 2012 804 enim

447 863 551 913 est.
580 852 723 923 quod
755 869 820 907 ex
853 851 1031 920 primo
1054 850 1396 903 continenter
1421 857 1605 900 manat
1629 863 1644 910 ;
1677 840 1847 904 aliud,
1873 839 2021 909 quod

449 957 550 1012 per
581 943 680 996 hoc
713 941 894 1010 ipsum
965 953 1030 992 ex
1065 937 1240 1004 primo
1296 933 1502 1003 prodit,
1536 934 1608 986 ita
1644 938 1705 986 ut
1751 928 2020 998 Unigeniti

449 1045 647 1084 nomen
679 1029 888 1096 absque
947 1026 1051 1080 ulla
1093 1023 1452 1090 ambiguitate
1488 1019 1628 1074 Filio
1685 1023 1934 1078 maneat,
1969 1023 2024 1069 et

451 1132 514 1172 es
547 1114 706 1168 Patre
739 1105 1002 1182 Spiritum
1040 1127 1182 1171 esse,
1223 1107 1586 1162 dubitandum
1617 1122 1720 1160 non
1757 1105 1861 1169 sit;
1900 1119 2024 1158 eum

451 1213 506 1257 et
545 1202 663 1256 Filii
698 1203 976 1265 mediatio,
1041 1209 1100 1253 ut
1146 1198 1218 1251 ita
1251 1198 1455 1258 dicam,
1510 1203 1563 1247 et
1596 1194 1704 1247 sibi
1763 1192 2028 1261 unigeniti

455 1297 718 1352 honorem
753 1304 955 1358 servet,
999 1302 1057 1348 et
1117 1291 1384 1362 Spiritum
1431 1269 1667 1343 naturali
1705 1287 1770 1341 ad
1813 1285 2027 1340 Patrem

455 1391 642 1444 habitu
679 1404 785 1443 non
813 1387 1086 1440 excludat.
1138 1404 1156 1438 ι

523 1482 794 1547 Quoniam
848 1479 1014 1550 igitur
1068 1477 1336 1544 theologia
1406 1484 1592 1530 nostra
1641 1473 1841 1542 duplex
1896 1481 1975 1525 est
2010 1511 2026 1536 ,

456 1573 612 1626 unita
677 1571 907 1635 scilicet,
962 1581 1126 1640 atque
1159 1568 1424 1623 discreta.
1456 1569 1524 1620 At
1561 1566 1655 1619 ills
1686 1564 1906 1634 quidem
1943 1576 2035 1615 se.

455 1664 696 1720 cundum
725 1663 888 1717 unius
911 1661 1162 1717 essentia:
1191 1661 1480 1720 unitatem,
1539 1658 1653 1710 hac
1677 1664 1856 1708 autem
1880 1652 2036 1721 juxta

457 1752 796 1822 personalcm
834 1763 1190 1818 processuum
1226 1747 1658 1801 distinctionem.
1698 1743 1872 1797 Unum
1905 1741 2035 1808 qui-

454 1843 578 1896 dem
605 1837 1306 1894 Deum-incommutabilem
1367 1836 1422 1889 in
1481 1835 1688 1903 seipso.
1728 1842 1894 1900 atque
1946 1831 2036 1883 iu-

455 1935 753 1988 diseretum
846 1932 1150 1986 secundum
1222 1930 1520 1983 essentlam
1575 1923 1706 1981 ‘aut
1779 1932 2033 1979 naturam

458 2022 768 2084 confessus,
794 2021 959 2076 unius
1003 2020 1149 2075 enim
1184 2019 1250 2073 ad
1274 2021 1542 2087 seipsum.
1575 2016 1723 2071 nulla
1752 2024 1809 2068 ut
1831 2015 2036 2070 dictum

459 2121 565 2172 est.
615 2114 911 2169 secundum
967 2128 1078 2167 rem
1141 2112 1404 2167 discretio
1459 2125 1583 2164 esse
1633 2115 1847 2177 potest;
1909 2121 2034 2160 cum

461 2204 742 2273 deinceps,
807 2215 866 2259 ut
910 2220 1033 2260 sese
1078 2204 1143 2258 ad
1209 2203 1442 2257 invicem
1504 2201 1738 2256 habeant
1790 2215 2039 2271 persona:

459 2295 659 2349 divinae
692 2295 901 2348 ratione
958 2307 1252 2363 processus
1279 2292 1570 2345 enucleare
1595 2290 1784 2355 vellet;
1828 2292 1881 2345 in
1912 2306 2042 2346 cau-

458 2398 600 2448 sam,
627 2394 680 2436 et
711 2383 927 2438 causale
945 2380 1270 2453 [causatum]
1291 2381 1469 2451 primo
1492 2380 1773 2435 discrevit.
1799 2380 2036 2435 Causam

460 2474 712 2534 Patrem.
775 2477 996 2530 causale
1035 2491 1165 2529 vero
1203 2475 1482 2530 communi
1519 2474 1884 2544 appellatione
1947 2473 2038 2527 Fi-

460 2568 593 2626 lium
645 2587 710 2625 ac
740 2568 1006 2637 Spiritum
1061 2582 1287 2630 vocans,
1319 2581 1443 2636 qua
1499 2567 1685 2630 etiam,
1721 2582 1814 2622 et.
1847 2581 2035 2630 causa,

463 2665 719 2733 appellat.
753 2663 939 2729 aitque
975 2661 1152 2715 solum
1203 2660 1361 2729 juxta
1425 2674 1650 2714 causam
1711 2669 1764 2714 et
1815 2661 2041 2716 causale

462 2757 673 2810 divinas
699 2753 962 2824 distingui
992 2767 1276 2821 personas.

535 2847 763 2908 Deinde.
798 2861 922 2900 cum
978 2845 1219 2900 causalia
1261 2845 1401 2911 haec,
1430 2845 1628 2900 Filium
1659 2856 1716 2902 et
1771 2847 2039 2914 Spiritum

466 2947 715 2994 sanctum
748 2951 948 3000 causa),
991 2936 1308 3005 causalique
1361 2937 1573 2992 ratione
1611 2939 1980 2995 communiter
2011 2957 2040 2997 a

467 3031 626 3086 Patre
653 3030 1050 3092 discernerent,
1089 3028 1290 3097 quippe
1318 3031 1442 3082 enm
1477 3031 1723 3085 causalia
1757 3033 1860 3087 sibi
1899 3035 2041 3087 invi-

2116 569 2348 626 lerentia
2372 570 2699 641 generaliter
2743 583 3090 640 nequaquam
3113 565 3295 621 differt

2188 662 2280 723 At.
2311 677 2377 715 ne
2407 661 2546 715 forte
2569 661 2838 730 quispiam
2888 660 2958 713 ob
2993 661 3093 714 hoc
3118 657 3240 712 Filii
3271 656 3533 721 medium,
3569 669 3708 709 cou-

2121 755 2389 809 fusionem
2414 754 2652 822 aliquam
2675 752 3050 820 persoualium
3084 750 3482 820 proprietatum
3509 762 3706 803 conse-

2122 848 2214 916 qui
2241 847 2622 908 arbitraretur,
2650 853 2979 913 putaretque
3007 841 3201 895 Filium
3239 840 3465 894 naturali
3501 839 3572 893 ad
3601 837 3704 892 Pa-

2123 947 2259 992 trem
2287 937 2474 991 habitu
2512 937 2746 991 alienum
2783 951 2926 996 esse,
2977 951 3084 988 non
3131 935 3208 988 ait
3252 934 3409 1000 (ill);
3449 933 3543 987 sed
3595 934 3711 986 hac

2126 1027 2307 1095 potius
2351 1026 2471 1081 Filii
2525 1026 2804 1088 mediatio,
2863 1038 3353 1095 personarumque
3403 1023 3706 1077 secundum

2127 1135 2485 1192 processuum
2567 1117 2929 1173 diﬁcrentiam
3014 1115 3316 1178 di-cretio,
3355 1173 3358 1176 ,
3398 1114 3710 1168 ineonlusas

2133 1213 2492 1281 proprietates
2513 1220 2714 1275 servat,
2745 1211 2883 1264 alias
2918 1209 3125 1264 servari
3161 1223 3267 1260 non
3297 1207 3558 1260 valentes.
3594 1203 3709 1259 Hoc

2129 1305 2274 1358 enim
2311 1305 2502 1358 ordine
2563 1303 2762 1372 posito,
2802 1301 2965 1355 etiam
2997 1297 3274 1370 Unigeniti
3313 1299 3490 1351 honor
3548 1297 3710 1350 indu-

2133 1391 2374 1451 bitanter
2414 1403 2597 1448 manet
2649 1395 2700 1447 in
2759 1391 2921 1448 Filio.
2957 1390 3116 1446 Solus
3146 1389 3292 1444 enim
3326 1404 3392 1442 ex
3434 1388 3554 1442 solo
3603 1397 3708 1449 est,

2135 1495 2297 1556 atque
2323 1485 2444 1555 ejus
2501 1483 2824 1539 substantia:
2857 1481 3170 1552 proprietas
3205 1483 3468 1536 hactenus
3495 1478 3710 1542 fertur;

2139 1577 2491 1648 Spiritusqne
2521 1590 2617 1643 per
2642 1572 2838 1626 Filium
2868 1571 3212 1626 connectitur
3243 1569 3412 1634 l’atri,
3449 1567 3713 1637 quemad-

2139 1671 2365 1726 modum
2387 1669 2512 1723 etin
2537 1667 2812 1729 omnibus,
2841 1665 2894 1718 in
2922 1663 3123 1733 quibus
3145 1672 3226 1717 est
3252 1660 3446 1723 series,
3470 1670 3712 1713 extrema

2078 1807 2118 1860 Β
2145 1764 2338 1834 primis
2372 1777 2466 1831 per
2494 1759 2669 1816 media
2719 1759 3059 1828 junguntur;
3092 1756 3324 1821 ideoque
3384 1751 3663 1821 subiungit
3694 1767 3711 1805 :

2143 1855 2279 1912 Cum
2312 1853 2435 1908 Filii
2491 1849 2771 1914 mediatio,
2834 1858 2888 1902 et
2937 1847 3167 1914 sibiipsi
3208 1843 3486 1911 Unigeniti
3534 1848 3717 1896 servet

2140 1945 2434 2006 honorem,
2467 1948 2523 1996 et
2582 1939 2846 2008 Spiritum
2897 1935 3131 1989 naturali
3164 1932 3231 1986 ad
3283 1931 3498 1986 Patrem
3527 1930 3716 1984 habitu

2141 2051 2251 2088 non
2279 2033 2555 2090 excludat.
2590 2033 2766 2100 Atque
2806 2027 2909 2083 ista
2953 2025 3173 2096 quidem
3210 2021 3486 2092 Nyssenus
3510 2019 3718 2090 Gregoo

2141 2145 2282 2184 l‘lllS.

2212 2199 2343 2286 dua:
2365 2229 2494 2271 vero
2523 2209 2764 2269 secundo
2791 2208 2845 2263 in
2872 2205 3053 2262 Nicaea
3071 2204 3324 2260 convenit
3378 2211 3567 2257 sancta
3628 2214 3719 2272 sy-

2139 2317 2317 2372 nodus
2370 2307 2696 2366 universalis
2737 2304 2848 2358 ait:
2890 2320 2908 2354 ι
2955 2299 3133 2355 Credo
3182 2297 3235 2350 in
3290 2295 3553 2365 Spiritum
3585 2311 3721 2349 san-

2138 2416 2286 2464 ctum
2331 2417 2397 2458 ex
2430 2401 2590 2455 Patre
2631 2412 2730 2467 per
2771 2393 2971 2449 Filium
3000 2388 3384 2460 prodeuntem,
3428 2386 3719 2457 ipsumque

2140 2500 2309 2555 Deum
2343 2511 2464 2552 esse
2487 2494 2753 2564 agnitum.
2789 2509 2808 2542 ι

2210 2592 2268 2646 ld
2302 2590 2480 2660 ipsum
2518 2586 2628 2659 (li)
2661 2594 2716 2641 et
2752 2592 2980 2641 sanctis
3011 2582 3298 2646 Tarasius,
3333 2577 3722 2636 Constantino-

2141 2681 2420 2752 politanus
2483 2677 2796 2748 episcopus,
2861 2674 2955 2744 qui
3017 2673 3262 2743 ejusdem
3333 2669 3526 2742 synodi
3596 2681 3723 2737 pars

2143 2786 2340 2841 magna
2387 2768 2510 2831 fuit,
2563 2768 2616 2820 in
2666 2765 2917 2836 epistola,
2987 2779 3148 2833 quam
3199 2765 3266 2818 ad
3332 2762 3620 2831 episcopos
3669 2767 3724 2814 ct

2143 2863 2454 2920 sacerdotes
2478 2858 2802 2918 Antiochiae,
2843 2856 3205 2918 Aleiandriae,
3245 2868 3308 2907 ac
3361 2861 3561 2907 sanctae
3591 2850 3722 2906 civi-

2142 2954 2273 3010 tatis
2316 2951 2555 3022 scripsit,
2591 2950 2749 3019 cujns
2800 2947 3012 3001 initium
3077 2955 3211 3001 est:
3257 2942 3514 2997 Plurimis
3559 2949 3724 3011 atque

2143 3045 2358 3102 eximiis
2387 3039 2888 3113 dispensationibus
2915 3039 3194 3094 hominum
3235 3037 3404 3091 vitam
3449 3035 3591 3088 Deus
3659 3047 3725 3086 ac

465 3139 583 3178 cem
615 3120 1050 3181 communicent,
1093 3121 1208 3174 haec
1240 3135 1433 3175 rursus
1463 3120 1782 3177 abinvicem
1835 3123 2038 3178 distin-
2065 3145 2108 3202 ο
2142 3135 2407 3191 Dominus
2472 3142 2661 3188 noster
2717 3130 3034 3199 disponens,
3093 3143 3158 3183 ac
3206 3127 3468 3196 dirigens,
3519 3138 3639 3192 qua,
3670 3137 3727 3176 ο,

465 3215 582 3282 guit
619 3213 881 3267 varietate
917 3223 1420 3282 processus,atque
1442 3212 1514 3268 ita
1539 3212 1712 3267 ferme
1742 3214 1856 3269 ait:
1887 3232 1906 3266 ι
1939 3215 2038 3270 Et-

465 3308 509 3362 si
546 3307 692 3360 enim
736 3306 898 3358 ambo
934 3319 962 3356 a
1006 3302 1169 3357 Patre
1198 3318 1324 3357 cum
1361 3307 1492 3366 sint,
1529 3318 1596 3357 eo
1622 3303 1858 3359 invicem
1892 3321 2044 3361 com-

469 3396 770 3458 municent,
802 3393 945 3463 quod
983 3393 1225 3448 causalis
1278 3401 1448 3457 sunt;
1481 3393 1605 3447 inde
1645 3403 1826 3448 tamen
1889 3394 2044 3449 dilfr-

469 3497 650 3540 renter
684 3502 806 3539 esse
845 3486 1064 3539 habent.
1100 3483 1367 3550 Quocirca
1395 3483 1570 3554 [aliam
1613 3501 1808 3541 rursus
1848 3485 2042 3541 horum

473 3580 833 3635 differentiam
886 3578 1252 3645 agnoscimus.
1298 3594 1318 3627 ι
1355 3575 1601 3644 Denique
1654 3577 1850 3630 horum
1917 3579 2049 3632 alte-

475 3689 623 3734 rum,
655 3671 906 3723 videlicet
967 3667 1141 3721 Filius
1171 3683 1236 3719 es
1278 3667 1478 3732 primo,
1516 3667 1567 3718 id
1638 3677 1745 3727 est.
1771 3683 1838 3720 ex
1893 3668 2051 3720 Patre

477 3765 827 3818 continenter
868 3771 988 3820 est;
1036 3759 1293 3821 alterum,
1332 3757 1584 3811 videlicet
1657 3757 1920 3827 Spiritus,
1957 3774 2053 3829 per

480 3856 810 3921 hocipsum,
845 3850 986 3919 quod
1022 3867 1086 3903 ex
1115 3852 1296 3918 primo
1352 3851 1697 3904 continenter
1722 3860 1824 3914 est,
1863 3851 1913 3904 id
1945 3861 2049 3916 est,

477 3964 574 4018 per
611 3946 833 4009 Filium,
867 3946 960 4009 qui
992 3959 1058 3996 ex
1116 3940 1298 4005 Patre,
1347 3942 1499 3996 nullo
1532 3943 1816 4012 interjecto
1849 3945 2049 4007 medio,

476 4056 598 4096 esse
627 4040 811 4094 habet.
845 4035 1090 4089 Primum
1135 4036 1381 4104 quidem,
1433 4043 1620 4105 utpote
1649 4051 1898 4101 causam,
1955 4034 2052 4091 Pa-

477 4147 614 4188 trem
654 4133 966 4194 nominans,
1021 4129 1167 4198 quod
1204 4136 1385 4183 autem
1435 4129 1692 4198 contigue
1742 4129 1824 4182 vel
1875 4131 2050 4185 conti-

411 4297 414 4299 Α
478 4233 692 4281 neuter.
720 4235 818 4289 pro
856 4235 943 4279 eo,
980 4218 1124 4288 quod
1153 4227 1236 4272 est
1273 4217 1608 4278 immediate.
1642 4219 1869 4287 posuit;
1928 4218 2055 4286 Spi-

478 4315 643 4368 ritum
673 4327 817 4371 νει-ο,
842 4327 906 4366 ex
944 4308 1106 4363 Patre
1134 4324 1230 4378 per
1262 4310 1502 4364 medium
1546 4308 1766 4362 Filium.
1801 4309 1869 4364 Ut
1895 4310 2053 4365 Pater

478 4406 722 4475 quidem,
744 4405 834 4473 qui
867 4419 929 4456 ex
962 4402 1111 4456 nullo
1155 4411 1258 4463 est,
1283 4416 1348 4455 eo
1377 4403 1496 4469 ipso
1529 4415 1558 4455 a
1591 4401 1735 4454 Filio
1767 4402 2050 4457 discerna-

483 4507 589 4559 tur,
614 4506 667 4550 οι
699 4496 926 4565 Spiritu.
956 4493 1100 4563 quod
1160 4493 1324 4548 Pater
1366 4495 1485 4563 ipse
1519 4505 1684 4564 atque
1712 4495 1925 4550 initium
1961 4498 2052 4552 sit.

481 4589 653 4643 Filius
679 4597 858 4641 autem
891 4602 955 4641 cx
1011 4585 1104 4639 illa
1147 4586 1459 4640 immediate
1503 4588 1744 4654 genitus,
1806 4603 1872 4641 eo
1933 4589 2055 4657 ipso

481 4679 863 4746 discernatur;
925 4693 952 4731 a
988 4678 1147 4733 Patre
1197 4679 1464 4746 quidem,
1495 4680 1638 4748 quod
1672 4679 1949 4735 nascendo
1987 4696 2052 4735 ex

485 4773 578 4826 illo
611 4771 846 4839 prodiit;
881 4787 910 4824 a
947 4770 1155 4842 Spiritu
1193 4787 1345 4834 vero,
1379 4772 1525 4842 quod
1563 4773 1678 4840 ipse
1703 4773 1920 4841 quidem
1954 4773 2057 4827 im-

488 4865 720 4917 mediate
788 4874 843 4917 et
910 4863 1318 4918 incontinenter
1373 4880 1436 4918 ex
1531 4865 1745 4934 primo;
1815 4864 2057 4935 Spiritus

492 4971 618 5009 vero
657 4971 749 5023 per
786 4969 843 5008 se
903 4969 967 5008 ex
1007 4956 1186 5024 primo
1260 4956 1526 5009 manavit.
1579 4957 1816 5010 Sanctus
1875 4970 2057 5011 autem

494 5045 728 5116 Spiritus
769 5059 796 5097 a
863 5044 1024 5097 Patre
1071 5046 1288 5112 quidem
1352 5047 1743 5116 distinguatur,
1805 5048 1933 5116 quia
1996 5064 2059 5102 ex

495 5151 607 5205 .pso
632 5142 751 5198 est;
782 5148 811 5187 a
863 5132 1000 5186 Filio
1051 5142 1253 5193 autem,
1312 5136 1438 5202 quia
1496 5149 1604 5186 non
1649 5133 1961 5188 immediate
1994 5150 2063 5189 ex

499 5228 668 5294 primo
691 5233 792 5283 est.
825 5233 884 5278 ttt
917 5222 1112 5288 Filius,
1147 5223 1240 5278 sed
1268 5237 1362 5292 per
1395 5224 1568 5292 illum,
1601 5226 1694 5296 qui
1724 5225 2066 5280 continenter

501 5326 637 5372 esset
661 5332 722 5372 es
751 5316 947 5386 primo.

564 5408 721 5464 Unde
747 5418 798 5462 et
859 5408 1054 5462 merito
1108 5407 1273 5461 aliam
1303 5407 1441 5461 dixit
1494 5423 1614 5464 esse
1675 5407 2066 5463 dill‘erentiam.

503 5500 651 5566 Quod
682 5501 827 5554 etiim
853 5500 1174 5554 immediate
1204 5516 1269 5554 ex
1310 5501 1487 5570 primo
1518 5511 1621 5564 est,
1667 5502 1924 5573 quodque
1972 5515 2068 5569 per

500 5594 732 5649 .nedium
792 5607 860 5647 ex
910 5593 1107 5662 primo,
1169 5607 1458 5662 processus
1500 5595 1708 5652 ratione
1757 5593 2066 5651 dill‘erunt:

567 5773 680 5846 (10)
720 5773 940 5845 Aliquid
979 5772 1192 5832 videtur
1225 5774 1436 5832 deesse.

2145 3233 2401 3296 suscepta
2452 3233 2506 3278 et
2561 3222 2782 3277 laudata
2848 3227 2953 3281 est,
3013 3233 3078 3272 ac
3116 3231 3213 3287 per
3270 3213 3476 3278 omnia,
3533 3213 3636 3265 rite
3665 3225 3726 3265 se

2145 3317 2368 3379 habere,
2402 3329 2470 3369 ex
2506 3311 2788 3380 rescriptis
2822 3323 3011 3362 eorum
3031 3305 3408 3376 comprobata,
3447 3310 3567 3370 post
3602 3301 3726 3370 plu-

2154 3407 2292 3460 rima
2327 3404 2404 3458 ait
2443 3419 2458 3456 :
2489 3423 2507 3456 t
2549 3401 2612 3458 Et
2635 3402 2690 3456 in
2717 3399 2982 3468 Spiritum
3011 3408 3286 3458 sanctum,
3317 3393 3412 3462 qui
3458 3407 3524 3447 ex
3566 3389 3727 3468 Patre

2147 3513 2243 3566 per
2274 3496 2472 3551 Filium
2530 3461 2800 3565 procedit,
2842 3490 3069 3561 ipseque
3094 3484 3239 3541 Deus
3287 3497 3410 3539 esse
3439 3461 3732 3552 008ηόεοί-

2151 3597 2260 3640 tur.
2296 3604 2314 3636 ι

2226 3695 2462 3749 Sanctus
2515 3687 2887 3758 Sophronins,
2920 3683 3458 3753 llicrosolymitanus
3510 3682 3730 3751 episco-

2153 3802 2278 3858 pus,
2317 3781 2668 3854 Expositione
2689 3777 2811 3833 lidci
2839 3793 2952 3832 sua:
2975 3775 3051 3830 ait
3082 3791 3139 3830 :t
3177 3773 3352 3828 Credo
3379 3775 3431 3826 in
3467 3773 3732 3842 Spiritum

2152 3889 2428 3941 sanctum,
2463 3890 2525 3932 es
2560 3874 2718 3929 Patre
2739 3881 2794 3927 et
2824 3870 2930 3926 Deo
2954 3867 3289 3937 setupiterne
3314 3867 3692 3935 procedentem
3715 3904 3731 3928 ,

2151 3967 2241 4038 qni
2268 3977 2322 4022 et
2345 3966 2460 4036 ipse
2493 3965 2675 4018 lumen
2713 3957 3047 4032 agnoscitur,
3083 3964 3140 4009 ct
3177 3969 3301 4010 vere
3328 3952 3474 4009 Patri
3507 3969 3572 4010 ac
3594 3952 3734 4007 Filio

2152 4067 2385 4114 comtern
2395 4071 2458 4111 US
2489 4063 2593 4110 εει.
2638 4074 2656 4106 ο

2222 4169 2454 4240 Magnus
2497 4167 2626 4222 item
2661 4163 3016 4226 Athanasius,
3049 4163 3104 4217 in
3141 4177 3207 4216 eo
3241 4159 3381 4215 libro
3421 4159 3512 4230 qui
3537 4157 3735 4213 inscri-

2153 4264 2303 4320 bitur
2349 4258 2706 4330 Repreltsnsio
2757 4256 3116 4310 simulationis
3169 4253 3367 4308 Meletii
3400 4263 3450 4306 et
3498 4250 3732 4315 Eusebii,

2157 4356 2315 4425 cujus
2338 4355 2551 4410 initium
2587 4361 2671 4408 est
2703 4368 2718 4405 :
2749 4349 2922 4404 Homo
2953 4349 3023 4402 ad
3071 4345 3472 4402 similitudinem
3513 4342 3608 4396 Dei
3654 4343 3740 4410 fa-

2090 4459 2277 4534 Dctus
2335 4457 2432 4508 est.
2486 4449 2561 4501 ita
2615 4445 2692 4500 ait
2725 4463 2740 4496 :
2777 4462 2796 4495 ι
2851 4443 3008 4498 Esset
3032 4450 3214 4494 autem
3260 4437 3618 4506 impossibile,
3681 4434 3735 4486 in

2166 4539 2450 4597 Trinitatis
2487 4535 2774 4605 majestate
2805 4535 3066 4604 Spiritum
3097 4529 3390 4602 gloriﬁcari
3413 4568 3430 4593 ,
3458 4529 3504 4582 si
3536 4543 3642 4581 non
3671 4542 3735 4579 ex

2165 4635 2274 4689 Deo
2305 4647 2400 4702 per
2429 4630 2624 4685 Filium
2683 4627 3025 4698 procederet,
3082 4625 3176 4678 sed
3211 4638 3275 4677 es
3313 4621 3424 4676 Deo
3456 4619 3630 4674 lactus
3683 4626 3740 4672 et

2165 4735 2384 4782 creatus
2409 4731 2574 4788 esset,
2602 4730 2662 4774 ut
2694 4719 2938 4775 haeretici
2975 4717 3188 4772 dicunt.
3229 4732 3247 4765 ι
3279 4779 3282 4782 ⁴
3607 4715 3618 4727 ·

2155 4928 2247 4998 jus
2289 4925 2569 4994 inscriptio
2599 4930 2681 4977 est
2711 4940 2724 4974 :
2758 4921 2869 4976 Cur
2895 4929 2940 4974 et
2969 4916 3204 4987 Spiritus
3239 4910 3371 4966 Filii
3417 4926 3522 4963 non
3560 4906 3736 4962 Filius

2165 5029 2268 5084 est,
2300 5018 2376 5072 ait
2405 5034 2419 5070 :
2459 5013 2608 5068 «Non
2642 5013 2770 5081 quia
2798 5027 2903 5064 non
2931 5009 3003 5064 sit
3031 5024 3092 5064 ex
3123 5007 3232 5060 Deo
3264 5020 3360 5074 per
3392 5002 3609 5062 Filium,
3645 4999 3755 5052 sed

2167 5104 2242 5162 ne'
2284 5106 2526 5161 Trinitas
2587 5102 2945 5157 existimetur
3036 5096 3328 5153 multitudo
3372 5093 3606 5150 inﬁnita,
3654 5104 3744 5151 ac,

2171 5199 2316 5251 sicut
2369 5196 2424 5249 in
2482 5194 2797 5249 hominibus
2826 5193 3116 5261 contingit,
3149 5190 3292 5242 illius
3321 5202 3440 5240 eam
3496 5199 3561 5239 ex
3622 5183 3746 5234 liliis

2172 5293 2525 5348 arbitremur.
2572 5308 2591 5343 ι

2175 5413 2178 5416 ’
2239 5408 2369 5463 ltetn
2399 5408 2506 5461 alio
2529 5407 2583 5459 in
2619 5407 2757 5466 loco,
2794 5403 2888 5472 qui
2924 5398 3250 5454 inscribitur
3283 5410 3295 5444 :
3327 5391 3450 5444 Nisi
3477 5384 3744 5453 quispiam

2175 5498 2440 5567 Spiritum
2467 5514 2531 5552 ea:
2589 5496 2695 5549 Deo
2727 5510 2835 5549 esse
2877 5493 3024 5552 dicit,
3097 5503 3157 5538 ne
3209 5480 3433 5533 Verbum
3486 5475 3696 5567 quidem
3727 5489 3745 5526 :

2187 5612 2202 5644 ε
2252 5597 2522 5658 Quonam,
2560 5589 2759 5656 inquit,
2791 5595 2947 5652 pacto
2983 5581 3305 5645 separentur
3341 5566 3750 5637 inSt-parabilia.

2259 5769 2368 5839 (ll)
2407 5763 2651 5824 Gennad.
2703 5767 2836 5814 sccl.
2869 5757 2920 5808 5.
