4144 6296
476 370 548 448 27
1739 371 2136 432 ΜΑΝΙΙΕΙᾹΞ
2176 367 2477 429 (ΖΑΙΕΟιΕ
3645 357 3717 420 28

477 485 713 539 Verbum
748 481 960 538 scilicet
994 495 1061 536 ex
1083 555 1085 557 ι
1111 481 1240 546 Deo,
1289 491 1342 536 et
1397 479 1640 552 Spiritus
1687 499 1750 538 ex
1794 483 1906 540 Deo
1950 502 2045 556 per
2077 494 2117 546 Α
2151 499 2212 538 ex
2239 484 2416 553 primo
2444 480 2687 552 quidem,
2716 477 2809 533 sed
2849 492 2942 547 per
2976 475 3126 531 illum
3159 476 3336 547 ipsum
3369 486 3717 534 continenter

475 575 698 629 Filium.
728 591 747 623 ι
815 583 820 589 ’

545 664 842 731 Gregorius
865 671 1124 731 pratterea
1149 659 1458 732 Theologus
1484 663 1823 735 virginitatis
1859 665 2048 721 laudes

473 771 635 810 versu
659 756 881 809 heroico
907 754 1176 821 scribens,
1213 755 1288 808 ita
1322 755 1490 810 cauit.
1519 773 1533 810 :

551 865 792 935 Spiritus
817 873 1014 919 interno
1035 875 1217 920 manat
1243 869 1305 924 de
1342 867 1543 920 lumine
1573 867 1748 923 lumen

551 939 655 988 Per
685 936 935 1000 sobolem,
966 939 1320 1005 unusquisque
1347 937 1518 990 tribus
1545 937 1790 1004 splendor
1811 938 2044 993 deitatis.

552 1024 802 1080 Sanctus'
830 1026 994 1079 etiam
1040 1024 1336 1093 Maximus,
1377 1041 1504 1082 cum
1556 1038 1874 1096 exponeret,
1919 1027 2048 1094 quid

477 1117 580 1172 sibi
629 1118 759 1171 velit
813 1118 956 1186 apud
1011 1118 1332 1188 prophetam
1420 1116 1742 1173 Zachariam
1797 1120 2046 1173 candela.

477 1208 636 1261 brum
668 1221 920 1274 aureum,
969 1217 1023 1262 et
1077 1223 1196 1278 quae
1237 1224 1400 1278 super
1431 1209 1526 1263 illo
1580 1218 1721 1282 erat,
1747 1209 1958 1278 lampas
1985 1225 2053 1265 ac

476 1299 740 1364 lucernae,
778 1303 854 1353 ait
879 1299 991 1370 (12)
1020 1313 1034 1351 :
1076 1318 1096 1352 ι
1131 1299 1366 1368 Spiritus
1391 1309 1614 1356 sanctus
1642 1301 1800 1354 sicuti
1831 1310 2053 1354 natura-

475 1389 600 1442 liter
632 1405 726 1458 per
756 1391 1046 1444 essentiam
1105 1389 1195 1443 Dei
1243 1400 1298 1444 et
1363 1390 1544 1446 Patris
1594 1401 1697 1453 est,
1758 1393 1831 1445 ita
1889 1393 2049 1446 etiam

476 1479 618 1543 Filii,
655 1481 952 1534 secundum
997 1481 1320 1543 essentiam,
1353 1482 1516 1534 veluti
1551 1496 1616 1534 ex
1661 1481 1821 1536 Patre
1866 1497 2056 1536 esseu-

481 1571 686 1624 tialiter
714 1585 807 1638 per
834 1571 1034 1626 Filium
1061 1573 1301 1642 genitum
1326 1572 1680 1626 ineli‘abiliter
1718 1573 1994 1642 prodieus.
2031 1592 2048 1623 ι

549 1657 1331 1716 Joannesitem‘Damascenus
1361 1663 1471 1731 (l3)
1513 1664 1565 1716 itt
1609 1664 1772 1717 tertio
1832 1663 2052 1718 decimo

477 1748 650 1810 ipsius
698 1750 991 1821 Theolong
1026 1754 1283 1822 capitulo,
1313 1757 1468 1823 cujus
1499 1754 1709 1808 initium
1749 1765 1831 1809 est
1867 1771 1881 1808 :
1916 1755 2054 1810 Deus

477 1840 1010 1907 incomprehensibilis
1027 1855 1122 1908 est,
1145 1845 1215 1898 ita
1241 1846 1306 1900 de
1324 1843 1484 1900 Patre
1506 1845 1583 1900 ait
1608 1864 1621 1901 :
1650 1865 1668 1898 ι
1696 1845 1812 1916 ipse
1833 1849 2049 1916 quidem

478 1942 562 1985 est
593 1945 751 1987 meus
784 1931 1223 2005 Verbi,abyssus,
1250 1935 1410 1992 Verbi
1447 1938 1677 2006 genitor,
1701 1952 1764 1992 ac
1792 1955 1886 2008 per
1920 1940 2051 1995 Ver-

478 2023 606 2077 bum
665 2025 964 2092 splendifici
1019 2027 1253 2095 Spiritus
1300 2029 1617 2098 productor.
1665 2049 1682 2080 ι
1731 2028 1880 2086 Idem
1918 2072 1934 2096 ,
1995 2031 2048 2087 in

475 2115 672 2168 eodem
716 2117 732 2168 ξ
774 2134 792 2166 ι
825 2114 1068 2184 Spiritus
1123 2120 1300 2173 sancti
1343 2131 1566 2189 paterna
1601 2121 1684 2176 vis
1713 2123 2047 2178 insinuativa

478 2209 668 2260 arcani
703 2207 960 2272 Deitatis,
983 2222 1046 2262 ex
1081 2207 1242 2264 Patre
1277 2220 1359 2264 est
1384 2228 1477 2280 per
1501 2211 1698 2265 Filium
1733 2216 2045 2283 prodiens.»

474 2293 553 2350 ita
585 2299 749 2366 igitur
784 2299 1148 2366 plurimorum
1186 2303 1517 2357 testimoniis
1562 2305 1825 2358 docemur
1855 2346 1870 2369 ,
1923 2307 2052 2376 Spi-

478 2387 644 2441 ritum
677 2401 928 2443 sanctum
968 2408 1031 2445 ex
1059 2392 1222 2448 Patre
1251 2409 1343 2462 per
1367 2393 1563 2449 Filium
1585 2396 1917 2467 procedere;
1947 2401 2053 2454 hoc

477 2490 650 2535 estex
687 2479 848 2535 Patre
878 2497 990 2536 non
1020 2483 1142 2540 sine
1175 2486 1380 2542 medio.

549 2571 820 2637 Quoniam
856 2587 988 2642 ergo
1013 2577 1315 2648 secundum
1372 2594 1674 2648 processus
1697 2582 1905 2638 variam
1961 2598 2054 2638 ra-

476 2664 710 2728 tionem,
744 2680 1106 2734 pcrsonarum
1131 2643 1353 2738 qutﬁue
1392 2672 1632 2728 varietas
1692 2675 2049 2746 designatur;

477 2755 678 2824 quippe
707 2752 826 2811 Filii
864 2769 1158 2826 processus
1192 2760 1506 2817 immediate
1546 2761 1743 2819 Filiunt
1788 2766 1954 2820 tradit
1985 2779 2050 2820 ex

479 2843 640 2899 Patre
663 2845 989 2908 subsistere,
1046 2855 1210 2918 atque
1256 2851 1572 2906 immediate
1616 2853 1917 2909 nativitatis
1969 2871 2058 2909 ra-

473 2935 624 2990 tione
647 2952 712 2990 ex
746 2937 862 3006 ipso
901 2938 1102 2992 habere
1151 2942 1553 3007 substantiam;
1589 2942 1830 3012 Spiritus
1866 2956 2049 2999 autem

473 3042 769 3096 processus
800 3045 896 3099 per
928 3027 1126 3085 Filium
1162 3030 1338 3101 ipsum
1379 3048 1502 3088 esse
1564 3035 1936 3100 commendat,
1985 3053 2052 3091 cx

2153 584 2460 629 manantem
2509 572 2773 643 procedit.
3207 623 3228 637 δ

2217 665 2484 719 Ριιιξιιμιθιι
2524 678 2750 733 magnus
2808 659 3043 714 Basilius
3084 660 3137 714 in
3175 675 3236 714 ea
3267 676 3430 729 quam
3467 661 3720 730 praediti.-

2153 773 2275 812 mus
2307 759 2372 811 ad
2413 755 2734 824 Gregorium
2770 751 3022 815 fratrem,
3070 753 3326 820 cpistola,
3373 752 3716 806 manifestius

2149 851 2216 903 de
2252 850 2368 918 ipso
2397 852 2469 901 ita
2501 847 2788 915 loquitur:
2831 864 2848 895 ι
2904 845 3164 912 Spiritus,
3221 844 3396 911 inquit
3446 844 3568 908 istc,
3615 845 3721 897 hoc

2152 941 2311 993 habet
2337 939 2592 992 indicium
2657 946 2709 990 et
2747 937 2958 1002 signum
3011 935 3362 1004 proprietatis
3391 951 3523 998 suae,
3574 937 3718 1003 quod

2151 1042 2273 1101 post
2301 1029 2522 1092 Filium,
2554 1039 2757 1084 etcum
2787 1026 2927 1082 Filio
2961 1027 3231 1092 nascitur,
3271 1039 3432 1096 atque
3473 1042 3536 1080 ex
3561 1026 3721 1083 Patre

2152 1120 2418 1176 subsistit.
2466 1137 2488 1172 ι

2221 1211 2391 1278 Quem
2428 1210 2592 1280 igitur
2650 1209 2898 1277 plurimis
2931 1208 2988 1264 in
3034 1208 3170 1264 locis
3207 1208 3308 1264 SS.
3366 1208 3554 1265 Patres
3614 1217 3721 1264 ter-

2154 1304 2285 1359 tium
2350 1303 2593 1368 tradunt,
2653 1301 2708 1356 id
2757 1312 2862 1366 est,
2919 1315 2952 1355 a
3009 1300 3171 1356 Patre
3205 1300 3449 1366 tertium,
3491 1316 3519 1354 a
3581 1299 3720 1355 Filio

2153 1395 2475 1455 secundum,
2517 1396 2671 1460 juxta
2717 1393 3055 1461 personalem
3116 1393 3412 1448 ordinem:
3452 1407 3574 1446 cum
3629 1392 3718 1445 hic

2154 1485 2257 1539 istc
2287 1493 2408 1552 post
2445 1477 2680 1540 Filium;
2703 1491 2754 1534 et
2784 1495 2946 1550 quem
2977 1494 3044 1532 ex
3070 1480 3251 1548 primo
3283 1481 3558 1549 Nyssenus
3586 1481 3721 1535 Gre-

2153 1575 2339 1642 gorius
2369 1587 2589 1626 manare
2623 1571 2780 1634 dixit,
2834 1572 2934 1625 iste
2966 1571 3245 1638 apertius:
3295 1585 3360 1623 ea:
3409 1567 3587 1634 Patre,
3623 1571 3716 1623 ait.

2155 1663 2423 1731 Quoniam
2461 1677 2604 1716 'vero
2657 1676 2721 1716 ea
2777 1662 3064 1730 particula,
3098 1676 3204 1730 qua
3269 1661 3552 1723 dicimus,
3605 1676 3718 1727 per,

2157 1757 2362 1810 nullum
2440 1756 2552 1810 illic
2619 1754 2883 1821 temporis
2958 1752 3308 1807 intervallum
3377 1753 3716 1816 introducit,

2154 1851 2354 1920 quippe
2379 1842 2702 1916 temporales
2733 1845 2958 1900 merulae
3009 1844 3220 1899 nullum
3277 1844 3334 1896 in
3381 1853 3584 1897 aeterna
3611 1843 3720 1897 vita

2153 1943 2332 1996 locum
2390 1939 2625 2001 habent,
2679 1934 2936 2005 quodque
2991 1935 3254 2005 temporis
3303 1933 3519 1988 ratione
3565 1935 3720 2002 prius

2151 2032 2373 2091 dicitur,
2396 2029 2520 2082 inde
2555 2027 2774 2096 penitus
2817 2026 3160 2080 eliminatum
3200 2033 3306 2089 est,
3339 2025 3545 2078 idcirco
3575 2025 3719 2092 quod

2150 2137 2246 2190 per
2273 2121 2467 2174 Filium
2498 2119 2717 2178 dicitur.
2750 2118 2820 2172 ob
2860 2117 2929 2188 id.
2950 2117 3056 2172 dici
3107 2124 3310 2185 potest,
3359 2116 3450 2184 qui
3478 2116 3638 2169 sintut
3667 2125 3724 2170 et

2151 2229 2274 2269 cum
2307 2212 2444 2267 Filio
2463 2219 2582 2277 est;
2625 2221 2804 2266 tamen
2838 2213 2908 2265 ob
2941 2225 3298 2280 personarum
3330 2211 3719 2265 discretionem

2150 2321 2216 2360 ex
2272 2319 2530 2374 processu
2572 2303 2690 2373 ipso
2763 2304 3167 2371 apparentium,
3237 2317 3393 2370 quem
3443 2303 3575 2357 satis
3630 2321 3722 2372 per

2153 2392 2418 2464 particula
2474 2392 2843 2457 commendat,
2895 2393 3023 2446 dum
3062 2406 3237 2459 neque
3269 2391 3430 2446 simul
3460 2393 3622 2455 tollit,
3670 2403 3724 2445 et

2155 2499 2512 2552 personarum
2555 2483 2804 2538 ordinem
2834 2498 2958 2538 cum
2993 2498 3249 2550 processu
3286 2484 3456 2537 sancti
3485 2483 3725 2552 Spiritus

2155 2577 2415 2640 insinuat,
2437 2576 2575 2630 alias
2597 2575 2826 2630 indicari
2854 2575 3068 2628 tlilllcile
3090 2574 3380 2640 valentem,
3400 2589 3428 2627 a
3453 2575 3723 2644 theologia

2153 2668 2594 2722 commodissime
2635 2681 2699 2720 ea
2728 2665 2992 2734 particula
3021 2677 3308 2734 assumpta
3335 2674 3439 2719 est.

2226 2760 2409 2830 Itaque
2443 2760 2586 2828 quod
2625 2756 2904 2830 Nyssenus
2935 2757 3116 2825 ipsum
3159 2758 3234 2811 ait
3286 2773 3352 2811 ex
3394 2758 3572 2827 primo
3604 2771 3728 2812 esse

2155 2866 2250 2923 per
2277 2866 2399 2905 eum
2435 2851 2525 2920 qui
2556 2850 2900 2904 continenter
2931 2857 3175 2900 manaret
3204 2862 3266 2900 ex
3297 2848 3475 2916 primo
3497 2887 3512 2912 ,
3547 2849 3648 2901 hoc
3674 2857 3729 2901 et

2155 2927 2396 3014 magnus~
2437 2941 2674 2996 Basilius
2721 2939 2909 2992 itidem
2961 2937 3208 3005 fatetur;
3275 2939 3404 3008 quia
3457 2939 3604 2994 enim
3658 2953 3728 2993 ex

2159 3035 2336 3101 Patre,
2367 3043 2529 3102 atque
2560 3042 2680 3102 post
2713 3031 2910 3085 Filium
2957 3041 3063 3095 est,
3125 3031 3285 3084 aliter
3339 3032 3412 3084 ita
3439 3045 3563 3085 esse
3618 3044 3726 3084 ttott

479 3117 644 3173 Patre
673 3120 818 3173 cnim
868 3136 960 3190 per
988 3119 1187 3175 Filium
1225 3123 1521 3190 procedere
1569 3139 1733 3193 supra
1782 3137 2050 3181 monstra-
2085 3151 2126 3208 ρ
2160 3137 2361 3196 posset,
2397 3126 2500 3180 nisi
2523 3141 2592 3179 ex
2629 3125 2808 3194 primo
2830 3139 2924 3193 per
2961 3124 3206 3178 medium
3248 3124 3584 3192 procederet.
3633 3121 3726 3176 Sin

476 3217 598 3268 tum
648 3224 768 3280 est;
823 3231 1114 3283 processus
1151 3227 1330 3271 autent
1367 3219 1688 3272 vocabulum
1726 3220 1898 3273 sancti
1932 3219 2054 3290 Spi—

484 3305 625 3359 ritus
653 3320 898 3373 personaa
927 3309 1208 3384 proprium
1242 3319 1346 3372 est,
1379 3310 1520 3364 sicut
1553 3309 1714 3363 etiam
1746 3310 2056 3368 Nativitatis

478 3395 761 3464 proprium
801 3391 924 3450 Filii
970 3397 1140 3466 (gigni
1187 3398 1332 3452 enim
1387 3414 1452 3454 ac
1503 3401 1822 3469 procedere,
1865 3401 2057 3456 ambo-

483 3501 609 3540 rum
647 3499 910 3555 personas
943 3488 1233 3558 insinuat),
1265 3497 1478 3544 constat
1509 3490 1774 3560 Spiritum
1799 3501 2054 3547 sanctum

484 3588 551 3630 ex
580 3577 744 3631 Patre
782 3591 876 3646 per
903 3578 1102 3633 Filiunt
1135 3579 1338 3634 habere
1388 3582 1774 3638 substantiam.
1807 3584 1874 3639 Et
1924 3585 2054 3638 illud

485 3671 911 3735 simulconstat,
941 3672 1087 3741 quod
1118 3682 1172 3728 et
1220 3674 1553 3740 immediate,
1603 3685 1660 3730 et
1713 3677 1965 3744 mediate,
2004 3688 2058 3733 et

481 3762 845 3826 cuntincnter,
905 3771 958 3817 et
1015 3780 1112 3834 per
1151 3780 1274 3819 eum
1312 3768 1406 3834 qui
1451 3767 1800 3822 continenter
1846 3778 1953 3832 est,
1991 3784 2054 3823 ex

481 3849 643 3906 Patre
673 3868 816 3919 esse,
847 3853 1164 3910 differentes
1192 3856 1502 3910 divinarum
1549 3872 1908 3926 personarum
1937 3871 2060 3926 pro-

483 3958 672 3998 cessus
705 3944 970 4006 insinuat,
994 3938 1282 4012 ltascique,
1304 3961 1367 3998 at:
1399 3958 1494 4014 per
1520 3943 1717 3999 Filium
1739 3944 2057 4016 procedere,

483 4035 868 4091 substantialis
901 4033 1022 4086 Filii
1057 4047 1122 4088 ac
1153 4031 1390 4101 Spiritus
1421 4046 1546 4086 cum
1593 4034 1725 4100 sint,
1790 4029 2055 4103 persona-

481 4144 605 4182 runt
638 4129 898 4195 ipsarum,
941 4125 1062 4180 Filii
1100 4125 1308 4180 scilicet
1367 4140 1432 4180 ac
1476 4124 1714 4194 Spiritus
1751 4107 2082 4196 proprieta-.

485 4227 571 4275 tes
617 4229 765 4284 sunt,
831 4218 1030 4286 quibus
1062 4217 1129 4270 ad
1184 4217 1446 4283 invicem,
1495 4229 1659 4286 atque
1722 4221 1790 4274 ad
1843 4218 2056 4275 Patrem

486 4314 900 4365 discernuntur.
951 4308 1222 4373 Quocirca
1266 4313 1484 4378 genitus
1536 4309 1699 4376 alius,
1755 4311 2062 4381 procedens

2159 3228 2340 3273 autem
2373 3235 2440 3274 ex
2480 3217 2643 3272 Patre
2700 3232 2797 3286 per
2858 3215 3056 3269 Filium
3084 3215 3355 3284 procedit.
3388 3216 3556 3284 liquet
3605 3231 3730 3283 pro-

2159 3311 2319 3375 tecto,
2364 3326 2488 3365 eum
2541 3308 2815 3379 personati
2872 3307 3013 3361 serie
3081 3308 3299 3362 tertium
3335 3322 3364 3361 a
3402 3307 3564 3360 Patre
3585 3321 3728 3362 esse.

2159 3401 2213 3454 ld
2236 3410 2416 3455 autem
2449 3411 2532 3456 est
2559 3415 2681 3454 esse
2707 3410 2828 3468 post
2862 3396 3085 3462 Filium,
3113 3408 3168 3451 ut
3200 3399 3390 3453 doctor
3422 3399 3622 3468 inquit.

2231 3491 2345 3547 lloc
2378 3492 2556 3560 ipsum
2589 3491 2867 3562 Nyssenus
2898 3489 3039 3544 idem
3082 3488 3323 3545 lucidius
3372 3490 3650 3557 expressit
3677 3490 3731 3543 in

2160 3602 2174 3640 ι
2204 3583 2404 3649 Quwst.
2439 3588 2690 3637 adrersua
2727 3581 3048 3634 Eunomium
3087 3581 3225 3634 libro
3262 3598 3275 3634 :
3316 3599 3334 3631 ι
3365 3579 3624 3649 Spiritus,
3653 3583 3736 3635 iu-

2159 3671 2377 3740 quiens,
2411 3667 2580 3730 Patri,
2613 3684 2675 3722 ex
2727 3683 2794 3722 eo
2833 3668 2977 3738 quod
3018 3669 3296 3723 increatus
3325 3677 3433 3734 est,
3462 3669 3733 3739 jungitur,

2160 3773 2323 3833 atque
2383 3764 2453 3817 ab
2509 3777 2575 3815 eo
2621 3776 2834 3825 rursus,
2861 3761 2988 3830 quia
3020 3759 3204 3825 Pater,
3237 3770 3295 3830 ut
3335 3760 3446 3824 ille,
3482 3777 3585 3815 non
3627 3771 3735 3822 est.

2160 3855 2498 3920 disparatur,
2549 3852 2945 3920 conjunctione
2977 3865 3130 3914 vero,
3165 3867 3288 3920 qua:
3337 3852 3410 3905 illi
3441 3868 3563 3907 cum
3600 3851 3737 3906 Filio

2166 3944 2380 3997 ratione
2412 3942 2640 3996 increati
2672 3954 2800 4008 est;
2847 3951 3009 4011 atque
3036 3959 3104 3997 ex
3135 3959 3200 3998 eo
3232 3944 3378 4012 quod
3413 3943 3737 3999 substantiae

2166 4024 2406 4090 causam
2439 4050 2602 4089 unaut
2635 4050 2700 4089 ex
2750 4037 2861 4089 Deo
2905 4035 3150 4090 omnium
3198 4037 3382 4102 habet,
3422 4053 3484 4090 ea
3518 4053 3736 4091 rursum

2164 4129 2495 4196 proprietate
2535 4126 2909 4194 distinguitur,
2943 4128 3089 4197 quod
3129 4143 3307 4196 neque
3342 4130 3501 4184 unice
3534 4145 3600 4184 ex
3637 4129 3739 4182 Pa-

2165 4231 2246 4273 tre
2279 4219 2548 4281 subsistit,
2587 4228 2642 4272 et
2697 4216 2841 4286 quod
2875 4233 2970 4287 per
3030 4219 3204 4286 ipsqu
3257 4219 3456 4273 Filium
3517 4220 3734 4289 prodiit.

2167 4301 2376 4363 lt'ursus
2407 4307 2591 4373 etiam,
2621 4323 2746 4362 cum
2780 4324 2877 4376 per
2909 4307 3258 4375 Uuigeuitum
3316 4325 3566 4366 creatura
3614 4314 3740 4367 sub-
3785 4305 3790 4309 ’

483 4404 628 4456 alius
651 4401 955 4471 appellatur
976 4416 1014 4473 ς,
1047 4398 1191 4454 sicut
1238 4400 1408 4454 etiam
1471 4403 1707 4471 quisque
1735 4418 1801 4458 ex
1833 4395 2088 4459 substan-
2167 4401 2430 4460 sistat,ne
2451 4415 2741 4473 commune
2767 4399 2974 4468 aliquid
2999 4399 3062 4454 ad
3098 4402 3234 4455 hanc
3258 4401 3496 4468 Spiritus
3517 4414 3739 4459 sanctus

486 4495 604 4548 tiali
645 4497 879 4548 termino
909 4492 994 4547 sui
1023 4507 1145 4547 esse
1190 4495 1527 4558 nominatur,
1565 4506 1728 4561 atque
1758 4497 1858 4550 hoc
1896 4497 2065 4566 ipsoa
2098 4486 2140 4539 ο
2172 4493 2366 4546 habere
2401 4472 2640 4560 putcttir,
2677 4492 2804 4560 quia
2855 4502 2906 4546 et
2963 4492 3078 4562 ipse
3142 4509 3241 4563 per
3283 4492 3479 4547 Filium
3515 4490 3736 4564 prodiit,

485 4588 712 4657 reliquis
745 4587 1119 4653 distinguitur.
1173 4587 1384 4656 Quippe
1433 4587 1596 4642 unice
1636 4602 1707 4641 ex
1750 4586 1912 4642 Patre
1939 4601 2065 4657 pro-

487 4677 664 4748 gredi,
721 4678 996 4747 propriam
1050 4675 1174 4730 Filii
1232 4675 1564 4746 agnitionem
1623 4690 1770 4743 csse,
1828 4677 2062 4732 Ba‘ilius

486 4769 687 4823 astruit
721 4785 735 4822 :
771 4778 936 4841 atque
986 4768 1092 4822 ltoc
1118 4783 1148 4822 a
1177 4767 1338 4822 Patre
1372 4767 1614 4822 discerni
1657 4778 1713 4822 et
1758 4782 1790 4822 ι
1831 4767 2059 4838 Spiritu,

487 4876 610 4915 cum
649 4844 862 4917 scilicet
885 4875 982 4930 per
1017 4859 1160 4914 banc
1190 4859 1576 4929 proprietatem
1622 4874 1801 4925 suam,
1853 4860 2061 4914 nullam

486 4953 556 5008 ad
598 4954 810 5008 Patrem
879 4963 1046 5023 atque
1081 4954 1149 5007 ad
1199 4960 1452 5008 sanctum
1510 4951 1773 5020 Spiritum
1816 4968 2066 5022 commu-

489 5049 708 5100 nionem
743 5045 958 5111 habeat,
1003 5053 1059 5098 ct
1091 5059 1212 5113 quae
1263 5045 1317 5099 in
1354 5045 1498 5100 hanc
1540 5044 1868 5100 sententiam
1916 5060 2060 5114 prae-

494 5137 636 5188 dicta
671 5144 819 5188 sunt.
861 5131 1098 5201 Spiritus
1129 5145 1309 5186 autem
1345 5149 1372 5186 a
1416 5135 1574 5188 Patre
1608 5134 1852 5202 quidem,
1890 5135 2058 5189 veluti

491 5243 521 5280 a
558 5243 721 5280 causa
756 5225 969 5278 causale
1023 5223 1408 5294 distinguitur;
1488 5240 1515 5276 a
1545 5224 1684 5278 Filio
1712 5234 1920 5287 autem.
1960 5241 2064 5295 per

490 5334 714 5374 causam
768 5333 931 5386 quam
971 5316 1198 5371 ltabeta
1255 5315 1442 5380 Patre,
1480 5333 1577 5387 per
1635 5319 1810 5386 ipsum
1871 5333 2065 5387 ptocc-

491 5409 626 5465 deus
658 5427 671 5463 :
715 5412 816 5464 hac
846 5410 1056 5465 scilicet
1087 5423 1375 5475 processus
1403 5410 1728 5473 dili'erentia,
1763 5411 1908 5480 quod
1969 5411 2061 5463 ille

493 5501 804 5557 i.umediatc
839 5505 1006 5571 atque
1057 5499 1403 5555 continenter
1432 5518 1493 5572 ex
1529 5501 1724 5572 primo,
1761 5501 1849 5556 hic
1879 5511 2060 5555 autem

562 5702 672 5772 (l9)
711 5702 846 5757 Citat
878 5703 1244 5758 Bellarminus
1275 5703 1368 5755 lib.
1406 5717 1442 5757 tt
1482 5701 1554 5758 De
1603 5702 1835 5770 Christo,
1875 5717 1924 5758 c.
1975 5701 2064 5768 23,

349 5827 356 5830 .
435 5776 588 5836 _$ub
621 5773 817 5840 linem;
849 5774 1097 5830 Gemtad.
1132 5785 1264 5830 sect.

2168 4585 2256 4639 illa
2305 4585 2486 4639 stabili
2538 4593 2702 4654 atque
2763 4585 3199 4638 incommutabili
3255 4587 3464 4639 ratione
3502 4587 3740 4654 Spiritus

2166 4686 2388 4730 sanctus
2444 4692 2474 4730 a
2540 4683 2789 4728 creatura
2844 4674 3190 4730 discernitur.
3231 4693 3250 4726 ι
3314 4677 3370 4729 Si
3435 4676 3602 4746 igitur
3686 4677 3740 4732 id

2165 4768 2366 4830 solum,
2406 4766 2550 4834 quod
2582 4767 2741 4820 unice
2788 4763 2956 4820 Filius
3001 4781 3065 4820 ex
3103 4766 3343 4835 ingenito
3371 4766 3580 4823 lumine
3633 4778 3737 4834 est,

2169 4851 2384 4928 propria
2410 4859 2553 4912 illius
2587 4859 2824 4926 cOguitio
2851 4869 2956 4921 est,
2985 4873 3088 4927 qua
3121 4873 3150 4912 a
3193 4859 3354 4913 Patre
3387 4860 3739 4930 Spiritusque

2167 4951 2541 5020 distinguitur,
2578 4952 2626 5004 id
2656 4963 2834 5004 autem
2863 4963 2945 5004 cst
2984 4965 3050 5005 ex
3083 4951 3240 5006 Patre
3271 4954 3392 5005 sine
3424 4953 3534 5006 ullo
3558 4954 3737 5009 medio
3785 5019 3787 5022 j

2164 5057 2307 5106 esse,
2338 5040 2575 5108 Spiritus
2624 5048 2803 5093 autem
2839 5051 3061 5093 sanctus
3092 5057 3120 5094 a
3153 5039 3289 5095 Filio
3322 5057 3384 5096 ca
3412 5043 3738 5112 proprietate
3774 5026 3783 5052 ἶ

2165 5133 2518 5194 discernitur,
2578 5132 2723 5199 quod
2775 5146 2869 5200 per
2922 5130 3118 5186 Filium
3186 5135 3363 5202 ipsum
3426 5135 3500 5189 sit
3575 5145 3736 5204 atque

2168 5225 2432 5295 procedit,
2481 5234 2695 5278 constat
2743 5223 2988 5292 profecto
3053 5225 3318 5293 Spiritum
3378 5236 3627 5280 Sanctum
3668 5243 3738 5281 ex

2165 5317 2459 5372 Patresinc
2492 5315 2670 5368 medio
2699 5332 2802 5368 non
2843 5331 2987 5370 esse.
3013 5315 3068 5368 Id
3092 5317 3401 5384 quippeest
3430 5331 3552 5371 esse
3575 5317 3738 5372 unite

2171 5427 2234 5463 rx
2269 5409 2424 5463 Patre
2447 5447 2462 5472 ,
2505 5409 2648 5477 quod
2683 5405 2802 5459 Filii
2837 5421 3087 5475 personat
3118 5407 3394 5476 pr0prium
3439 5416 3542 5462 est.
3585 5406 3642 5461 In
3671 5423 3737 5462 eo

2173 5503 2316 5557 enim
2373 5501 2518 5570 quod
2567 5513 2741 5569 neque
2785 5499 2944 5554 unice
2969 5513 3032 5550 ex
3057 5496 3241 5565 Patre,
3276 5499 3372 5554 sed
3408 5513 3503 5569 per
3533 5499 3734 5554 Filium

2245 5700 2356 5764 (l3)
2402 5699 2457 5752 in
2511 5699 2637 5753 edit.
2678 5698 2817 5752 Billii
2853 5705 2927 5751 est
2967 5713 3014 5752 ο.
3050 5700 3136 5766 15,
3168 5699 3204 5753 ι.
3237 5713 3249 5753 t
3292 5697 3445 5752 Fidei
3475 5701 3686 5754 art/rod.
3717 5718 3731 5767 ;

2167 5771 2294 5826 Cllnl
2331 5771 2492 5822 etiam
2525 5769 2767 5823 Gennad.
2802 5777 2934 5824 sect.
2964 5769 3015 5822 5.
