4064 6262
296 428 298 430 ,
344 333 408 397 99
1455 358 1864 422 ADVERSUS
1897 379 1901 408 τ

2001 362 2219 426 ὶᾸἘΟΞ
2239 368 2393 430 LIB.
2440 370 2490 430 Ι.
3522 375 3595 437 30

342 453 746 557 δῖιὶβτοβτίδτη-
781 455 1016 530 δβῖνίῑηε
1050 462 1380 533 ²3¹¹Ῐῑῖοηθῐη
1443 473 1633 526 doctor
1664 490 1785 529 esse
1815 473 1914 529 ait.
1947 482 1991 535 Δ
2015 481 2197 534 medio
2228 489 2284 537 et
2315 484 2659 539 continenter
2700 498 2766 539 ex
2823 483 3002 553 primo
3029 493 3132 538 est.
3183 483 3269 547 Et,
3320 499 3441 552 quae
3494 501 3590 557 ge-

407 541 605 600 Terum
653 549 783 616 quia
832 562 1145 630 utrumque,
1205 567 1259 612 et
1308 559 1544 628 Spiritus
1595 566 1824 630 scilicet,
1852 574 1914 620 «τι

2015 572 2154 636 uita,
2186 573 2302 628 haec
2366 574 2641 640 ugenita
2689 583 2791 630 est.
2826 573 3090 637 Rursum,
3139 589 3263 643 quae
3320 577 3586 644 procedit.

342 645 608 735 creatura.
645 653 765 735 esse
810 659 905 735 per
937 643 1134 699 Filium
1185 649 1406 715 dicitur,
1440 657 1713 722 Quomodo
1759 657 1915 712 iutel-
2011 665 2130 720 haec
2152 664 2386 733 Spiritus
2413 674 2519 730 est,
2576 673 2630 720 et
2653 681 2776 735 quae
2827 665 3084 729 mediate,
3113 665 3232 719 haec
3268 643 3376 719 non
3405 670 3590 721 conti-

337 726 610 795 ligendnm
638 733 727 788 sit.
763 734 979 800 adjecto
1012 737 1288 793 dim-renti
1348 759 1707 810 processuum
1747 751 1911 802 modo

2013 765 2208 811 neuter
2233 775 2247 823 ;
2277 773 2397 826 quae
2425 768 2609 812 autem
2644 774 2749 812 non
2792 760 3162 822 continenter,
3206 759 3320 814 haec
3346 775 3460 813 non
3493 775 3583 827 ge-

342 817 605 920 de‘f'fvi"
661 821 927 920 sancufm
967 833 1108 882 enim
1177 830 1438 899 Spi'i‘m"
1499 837 1616 891 είηθ
1674 848 1914 908 “intime
2010 849 2152 914 uita,
2361 852 2660 920 procedens
2681 861 2785 906 est.
2840 849 3012 905 Porro
3063 817 3184 920 quae
3243 867 3340 920 per
3383 817 3584 906 Filium

341 910 583 964 stabilem
646 923 813 985 atque
847 916 1378 987 incommutabilem,
1427 928 1554 994 quia
1587 943 1683 996 per
1712 929 1909 986 Filium

339 1003 678 1066 naturaliter,
732 1016 786 1061 et
842 1011 1256 1075 essentialiter,
1319 1031 1373 1069 et
1426 1019 1579 1087 juxta
1635 1020 1907 1091 insignem

337 1093 726 1163 Athanasium,
765 1114 830 1157 ex
870 1101 983 1157 Deo
1013 1105 1390 1175 prooedcndo,
1423 1113 1911 1171 consubstantialis

336 1181 588 1239 eStPutri
641 1203 706 1243 ac
757 1189 919 1256 Filio,
976 1206 1357 1266 creaturmque
1397 1203 1603 1269 pariter
1657 1207 1910 1260 conditor

334 1287 452 1327 cum
491 1274 652 1331 Patre
683 1295 746 1332 ac
778 1279 934 1347 Filio,
969 1296 1157 1354 utpote
1191 1305 1336 1344 unus
1376 1303 1617 1357 creatori,
1653 1305 1906 1350 creatura

333 1379 459 1421 vero
511 1374 848 1439 temporalis,
927 1381 1337 1436 commutabilis
1404 1393 1569 1453 atque
1629 1389 1908 1444 variabitis

332 1467 411 1510 est
442 1475 458 1522 ;
493 1474 590 1527 per
617 1460 814 1517 Filium
857 1467 1000 1519 enim
1041 1471 1278 1526 ilctionis
1319 1475 1758 1545 conditionisque
1813 1497 1908 1536 ra-

331 1548 475 1602 tione
510 1553 778 1618 producta
819 1569 920 1621 est,
955 1558 1275 1630 longissime
1308 1580 1337 1617 a
1365 1567 1673 1626 substantia
1704 1571 1904 1638 Patris,

330 1651 379 1694 et
411 1642 537 1695 Filii
568 1655 622 1698 et
661 1650 837 1701 sancti
875 1649 1113 1719 Spiritus
1164 1665 1394 1710 remota.
1450 1675 1470 1708 ι
1502 1658 1571 1713 Ut
1616 1660 1783 1725 enim,
1827 1663 1908 1716 iu-

330 1735 447 1804 quit
496 1735 890 1798 Damasccnns.
944 1753 1193 1798 creatura
1259 1749 1614 1814 postmodum
1679 1765 1786 1806 non
1837 1767 1899 1805 ex

329 1827 598 1881 creatoris
645 1830 954 1885 substantia
1008 1841 1094 1886 est
1155 1833 1320 1898 facta,
1393 1855 1412 1890 ι
1475 1839 1662 1892 nullus
1720 1841 1904 1911 itaque

328 1929 513 1972 mente
577 1935 640 1973 ac
675 1923 887 1974 ratione
933 1925 1212 1990 praeditus,
1270 1943 1565 1986 commune
1591 1932 1798 2001 aliquid
1838 1934 1904 1987 ad

327 2011 475 2066 banc
521 2012 723 2068 habere
775 2015 1132 2073 arbitrabitur
1187 2019 1448 2090 Spiritum
1498 2032 1750 2080 sanctum
1787 2043 1798 2078 :
1841 2043 1904 2081 ex

325 2117 414 2169 eo,
450 2107 596 2174 quod
631 2107 851 2172 dicitur,
884 2109 1059 2180 ipsum
1093 2121 1256 2182 atque
1283 2125 1593 2172 creaturam
1635 2118 1907 2187 prodiisse

325 2215 429 2268 per
478 2199 674 2254 Filium
715 2202 864 2284 :nisi
921 2217 1182 2270 quantum
1230 2213 1412 2261 creata
1459 2209 1526 2264 ad
1580 2220 1904 2273 creatorem,

323 2302 375 2345 et
433 2291 575 2346 facta
623 2293 689 2348 ad
743 2296 1006 2350 factorem
1037 2300 1350 2354 communia
1382 2309 1554 2355 sunt:
1612 2320 1630 2353 ι
1703 2302 1903 2358 S-tabili

319 2385 496 2448 enim,
522 2385 721 2456 inquit,
749 2398 912 2454 atque
968 2391 1396 2446 incommutabili
1429 2391 1640 2448 ratione
1669 2392 1906 2462 Spiritus

320 2494 348 2533 a
379 2487 643 2533 creatura
673 2481 1025 2534 discernitur.
1069 2499 1088 2531 ›
1131 2479 1288 2536 Nunc
1313 2491 1498 2540 autem
1525 2485 1902 2542 arbitrandum

319 2583 397 2626 est
439 2572 512 2637 id,
546 2573 691 2642 quod
718 2572 942 2636 dicitur,
976 2573 1271 2644 prodiisse,
1299 2577 1384 2631 vel
1420 2591 1706 2644 manasse,
1748 2587 1907 2634 atter-

319 2683 453 2720 nam
475 2678 602 2719 ante
621 2665 802 2719 omnia
828 2668 1022 2720 saecula
1060 2669 1420 2723 substantiam
1459 2670 1631 2727 sancti
1661 2671 1905 2741 Spiritus

318 2776 434 2814 non
479 2757 814 2826 significare.
843 2757 1092 2813 Primum
1135 2760 1280 2813 enim
1327 2775 1452 2816 cum
1509 2751 1710 2818 docefe
1748 2763 1908 2819 insti-

320 2830 527 2913 ιιιριῗιι,
568 2868 679 2920 quo
731 2861 893 2920 pacto
947 2851 1089 2908 Deus
1127 2851 1368 2908 Trinitas
1401 2854 1453 2908 in
1500 2857 1681 2925 seipsa
1716 2870 1906 2924 perso-

318 2946 523 3000 naliter
552 2954 682 2998 aute
713 2945 914 2998 saeuis
956 2943 1412 3011 distingueretur,
1465 2961 1575 3000 non
1629 2948 1904 3016 quomodo

320 3052 376 3091 se
399 3036 640 3092 haberet
687 3036 752 3089 ad
783 3047 1112 3098 creaturam,
1147 3036 1253 3090 hoc
1285 3036 1448 3090 dixit.
1488 3037 1666 3104 Atque
1691 3040 1899 3092 utinam

2005 943 2256 1012 procedit
2274 958 2340 997 ex
2370 942 2556 1005 Patre,
2589 957 2652 996 ea
2677 958 2788 997 non
2821 941 2996 997 Filius
3044 951 3152 998 est.
3193 941 3319 997 Hinc
3344 951 3587 1012 namque

2012 1034 2324 1110 lflativitatis
2351 1034 2604 1088 definitio
2626 1042 2734 1098 est,
2771 1049 2843 1088 ex
2900 1033 3079 1102 primo
3111 1033 3424 1088 immediate
3451 1050 3587 1102 pro-

2012 1126 2150 1188 dire,
2220 1125 2592 1194 processionis
2642 1135 2825 1180 autem
2859 1164 2875 1190 ,
2924 1139 2993 1180 ex
3039 1124 3216 1194 primo
3291 1140 3385 1193 per
3464 1143 3584 1180 me-

2003 1216 2180 1271 dium.

2079 1309 2150 1362 Et
2171 1309 2435 1378 quonia
2459 1309 2772 1363 divinarum
2815 1322 3175 1376 personarum
3215 1310 3588 1364 subsistent'rre'

2004 1408 2222 1454 alterum.
2265 1411 2429 1470 atque
2463 1401 2833 1454 immutabiles
2858 1410 3265 1468 sunt;semper
3287 1399 3432 1453 enim
3465 1408 3586 1454 erat

2009 1491 2250 1546 Trinitas
2283 1493 2424 1546 Deus
2456 1490 2636 1555 Pater,
2677 1500 2734 1546 et
2760 1491 2948 1557 Filius,
2980 1502 3032 1545 et
3066 1491 3306 1560 Spiritus
3337 1502 3584 1557 sanctus,

2006 1584 2352 1639 deﬁnitiones
2383 1586 2550 1638 etiam
2579 1586 2944 1654 personalium
2977 1587 3412 1640 substantiarum
3439 1584 3586 1656 [by-

2002 1687 2297 1747 postaseo
2317 1678 2360 1748 ].
2390 1679 2523 1746 ipsa:
2547 1677 2936 1731 substantiales
2957 1674 3376 1750 [Itypostaticte]
3396 1691 3583 1730 earum

1935 1811 1976 1864 Β
2004 1770 2369 1839 proprietates
2393 1783 2616 1838 prorsus
2638 1781 2855 1823 aeterna
2910 1777 3075 1838 atque
3104 1768 3584 1822 incommutalriles

2008 1871 2157 1916 sunt.
2187 1862 2252 1915 Et
2275 1861 2411 1914 illud
2461 1860 2602 1914 idem
2637 1868 2872 1923 constat,
2902 1860 3055 1928 quia,
3086 1859 3130 1912 si
3159 1859 3426 1917 tollantur
3455 1874 3586 1929 pro-

2003 1952 2302 2014 eessiones,
2357 1951 2721 2018 preprietates
2756 1948 2924 2004 etiam
2994 1964 3058 2002 ac
3111 1965 3362 2017 personae
3415 1950 3581 2003 simul

1999 2058 2127 2100 esse
2155 2042 2425 2097 desinent.
2458 2039 2616 2100 Nam,
2645 2040 2689 2093 si
2719 2039 2976 2094 nscendi
3010 2039 3254 2108 quidem,
3281 2046 3374 2092 aut
3405 2039 3578 2107 geniti

1999 2150 2068 2190 ex
2101 2135 2280 2204 primo
2338 2147 2458 2187 esse
2498 2132 2704 2200 absque
2752 2129 2955 2196 medio,
3037 2129 3181 2184 ratio
3222 2144 3286 2184 ac
3342 2128 3587 2184 definitio

2005 2235 2092 2283 est
2131 2244 2146 2279 :
2176 2224 2504 2294 procedendi
2531 2239 2683 2285 vero,
2714 2237 2811 2277 seu
2851 2222 3220 2292 procedentis.
3254 2237 3348 2289 per
3375 2220 3576 2274 Filium

2005 2333 2126 2374 esse
2159 2319 2426 2372 :omnino
2452 2326 2631 2370 autem
2683 2330 2874 2369 verum
2907 2323 3011 2380 est,
3045 2314 3276 2368 sublatis
3302 2313 3583 2368 definitio-

2001 2412 2168 2465 nibus
2195 2424 2378 2463 rerum
2405 2407 2610 2476 quibus
2643 2407 2750 2460 illae
2793 2405 3128 2466 subsistunt,
3161 2415 3214 2458 et
3267 2405 3387 2458 illas
3417 2404 3584 2458 simul

2001 2500 2234 2556 auferri.
2268 2483 2405 2553 Nam
2442 2499 2537 2568 qui
2572 2497 2844 2552 rationale
2877 2495 3085 2552 homini
3125 2495 3331 2562 tulerit,
3359 2510 3482 2551 esse
3510 2495 3588 2550 si-

2007 2592 2120 2645 mttl
2150 2591 2420 2644 hominem
2449 2589 2698 2643 abstulit.
2994 2635 3004 2645 .

2077 2683 2140 2737 Et
2167 2683 2296 2736 hinc
2327 2680 2535 2750 liquido
2591 2687 2832 2745 constat,
2882 2681 3114 2736 sublatis
3149 2679 3314 2750 geniti
3351 2695 3417 2735 ac
3450 2693 3585 2748 pro-

1999 2775 2253 2831 cedentis
2277 2772 2608 2837 rationibus,
2639 2773 3274 2839 lmjnsmodi’ablatione,
3325 2772 3596 2836 nativitag

2001 2879 2112 2924 tem
2148 2881 2212 2920 ac
2249 2865 2654 2936 processionem
2700 2864 2840 2926 tolli,
2868 2864 3144 2931 simulque
3175 2864 3365 2924 etiam,
3395 2862 3581 2916 Trini-

2001 2963 2170 3011 tatem
2225 2954 2392 3008 Deum
2425 2968 2582 3016 esse,
2604 2951 2682 3006 Ex
2713 2951 2914 3022 quibus
2940 2951 3046 3005 lioc
3072 2949 3232 3004 etiam
3269 2948 3580 3012 coniicitur,

1998 3057 2065 3102 ut
2089 3047 2182 3117 qui
2224 3063 2285 3102 ex
2327 3047 2486 3100 Patre
2517 3045 2638 3100 solo
2672 3046 2972 3114 procedere
3021 3045 3286 3113 Spiritum
3331 3050 3579 3098 sanctum

318 3131 413 3194 sic,
459 3136 518 3182 ut
577 3126 691 3192 hic,
752 3125 896 3195 quod
943 3125 1142 3181 dicitur
1171 3128 1451 3196 prodiisse
1517 3129 1570 3184 in
1619 3141 1899 3195 creatura,

2001 3147 2302 3203 Βίωνα-δε,
2369 3139 2682 3193 necessario
2733 3138 2884 3192 illum
2936 3154 3002 3192 ex
3070 3138 3232 3192 Patre
3286 3153 3408 3192 esse
3462 3137 3584 3192 sine

318 3219 740 3276 subsistentiatn
805 3231 870 3272 ex
938 3215 1092 3284 Deo,
1151 3229 1526 3288 creaturaeqtte
1601 3221 1898 3279 essentiam

315 3318 510 3382 aperte
538 3310 814 3380 signiﬁcat
845 3326 861 3364 :
891 3311 963 3364 ita
994 3319 1048 3363 et
1083 3310 1136 3364 iu
1163 3311 1374 3380 Spiritu
1408 3323 1622 3376 sancto,
1653 3329 1778 3371 cum
1818 3315 1902 3370 di-

319 3408 490 3467 citur,
555 3405 679 3474 ejus
713 3413 840 3458 ante
880 3404 1068 3458 omnia
1119 3404 1316 3458 uincula
1367 3419 1692 3474 processum
1747 3418 1902 3464 cum

319 3499 593 3556 mentiat:
635 3507 802 3568 atque
846 3511 914 3550 eo
959 3497 1158 3568 magis,
1201 3511 1316 3566 quo
1344 3498 1506 3553 etiam
1560 3507 1769 3554 aeterne
1805 3513 1903 3566 per

319 3591 521 3646 Filium
566 3599 621 3644 et
648 3603 800 3650 esse.
825 3597 883 3643 et
917 3589 1161 3657 prodire,
1197 3603 1260 3642 ac
1294 3589 1591 3657 procedere
1623 3606 1652 3644 a
1691 3592 1900 3645 tlteolo.

318 3687 398 3755 gis
426 3683 721 3738 asse-ritur.
747 3681 952 3734 Deinde
984 3681 1279 3749 magistros
1311 3681 1439 3735 item
1471 3682 1662 3734 audire
1696 3681 1778 3736 fas
1796 3693 1899 3748 est.

321 3793 375 3828 ιιι
408 3778 536 3838 hor,
570 3773 718 3844 quod
756 3773 978 3836 dicitur,
1032 3774 1303 3842 prodisse,
1333 3783 1574 3832 aeternos
1609 3789 1902 3843 processus

320 3865 437 3921 Filii
490 3867 849 3935 Spiritusque
879 3863 1253 3930 commendat,
1286 3864 1434 3934 quod
1457 3864 1514 3922 iu
1543 3865 1899 3934 sequentibus

317 3952 668 4022 probabitur.

384 4045 692 4116 Gregorius
725 4042 1071 4113 Theologus,
1132 4044 1188 4099 iu
1239 4058 1502 4100 sermone
1560 4045 1636 4100 De
1683 4045 1894 4115 Spiritu

314 4149 502 4193 sancto
533 4138 646 4206 (14)
700 4137 780 4190 sic
814 4136 890 4190 ait
919 4152 935 4189 :
980 4154 997 4186 ι
1036 4135 1442 4200 Emanati-onis,
1468 4138 1797 4208 habitusque
1830 4141 1896 4194 ad

313 4229 552 4283 invicem
583 4227 910 4293 dim-rentia,
963 4228 1346 4296 appellationis
1392 4243 1614 4298 quoque
1675 4232 1894 4284 illurn-tu

314 4320 688 4376 diﬂ‘erentiam
723 4319 874 4374 fecit.
911 4338 934 4371 ι
974 4319 1069 4374 llic
1096 4321 1508 4376 emanationem
1545 4321 1692 4378 idem
1737 4322 1898 4380 intel-

315 4416 408 4486 ligi
447 4415 645 4480 voluit,
687 4414 832 4484 quod
886 4428 1226 4480 processum.
1272 4412 1664 4470 Processiones
1717 4426 1893 4471 autem

317 4504 636 4560 diﬂereutes
668 4513 798 4556 sunt
859 4501 1118 4556 nativitas
1169 4512 1337 4572 atque
1388 4518 1699 4574 processus.
1732 4504 1896 4561 Ret-te

317 4613 454 4668 ergo
481 4598 691 4650 dictum
724 4606 808 4648 est
840 4592 1160 4650 diﬂ‘erentes
1210 4595 1594 4666 processiones
1627 4611 1902 4666 personam.

312 4704 443 4747 rum
469 4689 522 4742 in
558 4687 822 4746 effecisse,
844 4693 904 4738 ut
947 4683 1091 4738 aliud
1117 4685 1390 4754 genitum.
1414 4685 1562 4740 aliud
1595 4688 1896 4754 procedens

311 4789 370 4832 et
398 4781 492 4836 sit.
530 4790 583 4832 et
633 4778 873 4831 dicatur.
913 4776 1106 4848 Liquet
1137 4776 1302 4846 igitur
1331 4791 1398 4829 ex
1434 4776 1518 4831 liis
1567 4792 1689 4847 quae
1748 4777 1894 4832 dicta

235 4931 250 4942 ἡ
311 4878 472 4933 sunt,
505 4869 645 4922 idem
678 4883 821 4929 esse,
855 4881 980 4920 cum
1021 4867 1258 4922 dicimus
1306 4865 1507 4922 Filittm
1534 4883 1662 4924 esse
1689 4879 1747 4923 et
1775 4869 1901 4925 uui-

311 4962 588 5033 geuiium,
619 4970 670 5014 et
701 4959 820 5014 sine
843 4960 957 5013 ullo
973 4960 1160 5016 medio
1208 4974 1273 5013 ex
1315 4949 1499 5026 Patre,
1545 4961 1896 5031 genitumque

308 5070 463 5118 esse,
504 5070 599 5107 seu
652 5067 944 5123 personam
1003 5067 1070 5108 ex
1105 5067 1341 5122 persona
1390 5053 1580 5124 gigni;
1637 5052 1897 5124 idemque

309 5161 463 5208 esse,
495 5160 618 5199 cum
651 5144 911 5208 dicimus,
944 5141 1210 5213 Spiritum
1269 5159 1413 5202 esse.
1468 5154 1521 5200 et
1552 5149 1850 5214 procedere
1881 5164 1895 5202 :

309 5249 480 5308 atque
507 5254 572 5291 ex
602 5241 785 5307 primo
823 5253 919 5306 per
952 5238 1190 5293 medium
1234 5254 1356 5294 esse
1393 5251 1447 5296 ct
1500 5255 1564 5294 ex
1595 5238 1754 5294 Patre
1805 5256 1900 5309 per

307 5331 516 5386 Filium
554 5329 854 5402 procedere
888 5349 902 5385 :
939 5347 1112 5400 neque
1144 5332 1264 5388 sine
1296 5332 1496 5398 medio,
1533 5347 1709 5402 neque
1741 5335 1899 5388 unice

305 5442 459 5487 esse,
492 5441 662 5496 neque
696 5425 1046 5478 continenter
1075 5442 1137 5478 ex
1175 5424 1375 5493 primo.
1431 5423 1554 5478 Ilaec
1587 5425 1734 5479 enim
1765 5441 1897 5478 con-

308 5528 395 5569 tra
448 5517 700 5570 eumdem
752 5518 902 5570 dii-ta
943 5526 1369 5569 convertuntur.
1419 5515 1550 5580 Qua:
1595 5515 1740 5570 enim
1776 5529 1898 5586 per-

304 5620 450 5661 sttna
511 5609 562 5660 tu
626 5617 817 5664 sancta
875 5605 1142 5666 Trinitate
1217 5607 1391 5664 Filius
1445 5617 1568 5673 est,
1617 5609 1730 5666 hinc
1778 5610 1898 5665 sine

384 5781 505 5854 (14)
546 5784 634 5842 Est
668 5785 846 5876 oratio
884 5785 916 5838 5
949 5785 1011 5839 de
1048 5783 1352 5856 T/tcologt'n.

2006 3231 2184 3286 medio
2233 3229 2582 3286 conﬁteatur.
2616 3230 2790 3284 Porro
2866 3229 3179 3300 ltujusmodi
3235 3229 3590 3283 confessione

2001 3325 2392 3394 proprietatem
2417 3323 2745 3377 substantiae
2781 3321 2952 3381 illius,
2986 3335 3049 3375 ac
3094 3335 3386 3390 personam
3427 3320 3589 3373 illum

1995 3430 2124 3470 esse
2185 3412 2239 3466 in
2301 3421 2491 3466 sancta
2547 3409 2822 3465 Trioitate
2869 3425 2977 3464 una
3033 3411 3208 3464 tollet.
3246 3409 3423 3478 Atque
3456 3408 3584 3461 hinc

1999 3520 2182 3574 neque
2215 3503 2436 3558 tertittm
2461 3518 2494 3555 a
2536 3501 2700 3557 Patre
2749 3501 3050 3557 secundum
3084 3516 3230 3554 sanae
3258 3500 3378 3553 lidei
3413 3497 3584 3552 ratio-

2000 3611 2126 3652 nem
2178 3609 2243 3648 ac
2266 3593 2613 3647 traditionem
2655 3591 2759 3645 SS.
2806 3591 3032 3645 Patrum
3080 3575 3446 3645 conﬁtebitur.
3501 3587 3586 3640 l'ta

2003 3687 2140 3744 nihil
2169 3684 2484 3754 prohibebit
2513 3685 2680 3736 etiam
2715 3683 2913 3736 Filium
2969 3698 3091 3736 esse
3116 3682 3367 3736 confiteri
3403 3681 3580 3748 Spirio

2000 3785 2118 3833 tum
2144 3773 2575 3837 ~sanctum,sine
2625 3773 2810 3826 medio
2832 3787 2900 3826 ex
2947 3770 3107 3824 Patre
3169 3770 3581 3838 procedentem.

2002 3865 2122 3921 Filii
2181 3866 2386 3936 quippe
2437 3864 2730 3934 appellatio
2809 3861 3112 3918 secundum
3181 3860 3465 3927 theologos
3531 3861 3583 3913 ei

1999 3959 2220 4029 proprie
2257 3957 2529 4028 congruit,
2567 3957 2658 4025 qui
2688 3954 2810 4012 sine
2839 3957 3021 4010 medio
3057 3969 3124 4006 ex
3161 3952 3324 4006 Patre
3365 3962 3474 4006 est.
3499 3951 3581 4005 Ex

1999 4065 2113 4121 quo
2142 4050 2414 4119 sequitur,
2448 4056 2508 4104 ut
2554 4047 2702 4117 quod
2737 4047 2890 4102 illine
2916 4047 3039 4101 sine
3068 4044 3251 4099 medio
3282 4053 3386 4106 est,
3409 4042 3583 4096 Filius

1999 4143 2091 4196 sit.
2122 4141 2517 4211 Proprietatetu
2552 4140 2699 4195 enim
2723 4136 2850 4192 Filii
2914 4153 3038 4191 eam
3071 4152 3191 4193 esse
3213 4135 3584 4204 deprehendi-

2001 4249 2146 4296 mus,
2173 4250 2240 4289 ex
2275 4233 2436 4288 Patre
2461 4247 2584 4288 esse
2614 4232 2736 4286 sine
2795 4230 2994 4293 medio,
3032 4230 3179 4299 quod
3233 4243 3360 4282 eum
3415 4227 3580 4282 etiam

1999 4327 2239 4394 gen-itum
2291 4323 2474 4378 facit:
2527 4323 2716 4388 sicque
2769 4322 3142 4390 personatiutn
3179 4321 3580 4388 proprietatum

1999 4415 2250 4472 conlusio
2273 4415 2378 4469 erit
2399 4422 2488 4476 ,οι
2522 4421 2618 4467 aut
2648 4413 2758 4466 duo
2790 4411 2916 4466 Filii
2947 4425 3011 4466 ex
3037 4410 3202 4464 Patre
3231 4417 3398 4464 erunt
3419 4408 3583 4461 ambo

2000 4509 2119 4560 sine
2148 4504 2350 4570 medio,
2381 4513 2546 4573 atque
2575 4503 2701 4557 ideo
2736 4513 2928 4557 neuter
2984 4501 3385 4572 primogenitus
3428 4537 3445 4563 ,
3487 4507 3584 4551 aut

2001 4599 2110 4652 duo
2152 4596 2389 4666 Spiritus
2417 4596 2610 4651 sancti.
2665 4583 2798 4660 Quae
2842 4594 2988 4648 enim
3044 4603 3238 4662 urgeat
3285 4592 3586 4646 necessitas

2001 4699 2056 4743 et
2092 4687 2428 4749 distributio,
2479 4687 2523 4740 si
2579 4686 2689 4739 sint
2714 4686 2876 4738 ambo
2927 4701 2992 4739 ex
3033 4685 3197 4737 Patre
3227 4683 3346 4736 sine
3378 4681 3583 4742 medio.

2003 4779 2166 4834 aliam
2195 4793 2496 4848 personam
2527 4792 2652 4833 esse
2683 4777 2906 4842 Filium,
2939 4777 3102 4830 aliam
3144 4775 3412 4844 Spiritttm
3459 4790 3586 4828 san-

2005 4881 2178 4934 ctum,
2212 4886 2277 4926 ac
2299 4886 2408 4926 non
2438 4871 2621 4940 potius
2652 4870 2733 4923 vel
2768 4871 2908 4924 duos
2940 4868 3080 4923 illius
3134 4877 3256 4923 esse
3290 4869 3346 4922 in
3393 4877 3582 4921 sancta

2003 4964 2298 5028 Trinitate,
2328 4964 2410 5020 vel
2437 4966 2576 5018 duos
2605 4961 2870 5029 spiritus?

2075 5055 2344 5110 Praeterea
2378 5069 2556 5122 neque
2607 5053 2829 5107 habitus
2877 5050 3411 5125 [haliitudo]'ullns
3467 5050 3585 5104 Filii

2003 5163 2068 5204 ac
2103 5147 2346 5216 Spiritus
2377 5149 2444 5202 ad
2477 5146 2714 5200 invisent
2747 5159 2870 5201 esse
2921 5145 3226 5210 diceretur,
3264 5159 3440 5214 neque
3483 5144 3590 5196 hac

2003 5240 2259 5294 heremus
2287 5252 2391 5306 qua
2424 5235 2781 5306 proprietate,
2807 5251 2902 5292 seu
2947 5235 3322 5300 confessione,
3383 5233 3584 5287 Filium

2005 5347 2034 5386 a
2065 5332 2274 5400 Spiritu
2318 5330 2810 5398 distingueremzus.
2868 5331 2948 5385 Et:
2997 5331 3205 5400 quibus
3257 5333 3584 5397 sequeretur

2006 5425 2340 5488 necessario.
2378 5436 2432 5478 ut
2467 5439 2536 5478 ne
2561 5423 2894 5478 Trinitatem
2924 5424 3151 5492 quidem
3191 5421 3582 5477 conﬁteremur

2005 5531 2126 5572 esse
2147 5516 2341 5579 Deum.
2373 5517 2467 5571 sed
2499 5516 2604 5570 tria
2635 5517 2977 5586 simpliciter,
3012 5530 3076 5570 ac
3101 5513 3280 5569 solute
3330 5523 3581 5564 seorsum

1983 5607 2234 5704 rsiugula.
2259 5609 2472 5680 Quippe
2505 5608 2724 5663 sublato
2749 5608 2960 5675 ordine,
2994 5607 3254 5676 primum,
3294 5615 3359 5658 ac
3387 5613 3594 5656 secun-
