4144 6296
468 372 532 438 31
1726 370 2121 435 MANUELIS
2162 362 2466 434 CALECE
3647 368 3718 433 32

473 492 605 548 dum
631 501 685 545 et
713 492 926 546 tertium
952 505 1061 545 non
1094 483 1396 545 diceremus
1435 489 1563 545 :sed
1608 489 2036 558 unumquodque
2064 482 2113 541 Α
2139 486 2341 555 quippe
2382 485 2629 556 producti
2663 500 2857 540 nomen
2894 495 3111 554 propter
3143 485 3527 554 productorem
3555 485 3718 540 intel-

472 587 736 653 primttm,
789 589 1040 647 essetque
1091 582 1499 635 οοηνεηίυηιιιιε
1564 596 1630 635 ac
1684 581 1857 651 magis
1913 596 2041 650 pro-

471 674 653 742 prium
680 672 989 726 dualitatem
1019 670 1186 724 Deum
1214 671 1414 737 dicere,
1466 672 1683 725 Patrem
1718 671 1925 726 scilicet
1979 685 2042 724 ac

478 763 701 825 Filium,
721 763 800 817 vel
831 762 1043 817 Patrem
1073 770 1127 815 ct
1155 762 1419 831 Spiritum
1450 782 1463 817 :
1492 778 1668 831 eoque
1688 762 1846 817 Pater
1873 776 2043 817 causa

476 855 694 929 illorum
720 855 838 909 sine
872 853 1072 917 medio,
1117 854 1415 921 eademque
1446 854 1655 907 ratione
1692 864 1857 918 esset,
1892 855 2043 909 ordi-

479 960 714 1013 nemque
728 946 902 1000 solum
916 960 1093 1000 causae
1135 959 1196 998 ar
1214 943 1455 999 causalia
1472 945 1788 1013 simpliciter
1802 945 2043 1000 haberet.

551 1040 704 1093 Esset
742 1047 1003 1108 praeterea
1028 1037 1343 1092 indifferens
1387 1053 1675 1092 numerare
1718 1036 1957 1101 Patrem,
1994 1046 2051 1092 et

483 1130 712 1195 Filium,
741 1140 795 1187 et
823 1130 1116 1200 Spiritum,
1165 1131 1281 1184 sive
1314 1131 1556 1191 Patrem,
1581 1138 1633 1183 et
1665 1130 1949 1199 Spiritum,
1997 1139 2052 1185 et

482 1224 681 1278 Filium
714 1242 728 1277 :
774 1225 904 1286 imo,
933 1224 1077 1277 sicut
1106 1223 1344 1291 Spiritus
1392 1223 1513 1276 Filii
1548 1223 1752 1277 dicitur
1786 1212 2048 1290 Spiritus,

483 1324 533 1367 et
569 1313 772 1381 imago,
812 1312 1189 1381 naturalisque
1228 1322 1280 1365 et
1306 1314 1424 1365 viva
1472 1311 1666 1375 virtus,
1704 1324 1758 1366 et
1788 1316 2053 1382 operatio,

487 1413 543 1457 et
568 1419 689 1473 quae
720 1403 774 1457 in
817 1404 1169 1472 sequentibus
1202 1404 1495 1458 dicentur:
1547 1406 1617 1458 ita
1652 1405 1815 1458 etiam
1857 1405 2051 1471 Filius,

490 1494 726 1564 Spiritus
753 1494 925 1549 Filius
978 1495 1312 1562 atquabiliter
1352 1504 1515 1562 atque
1557 1496 1928 1551 ittdiﬂerenter
1968 1512 2055 1551 se-

489 1587 730 1655 cundum
780 1587 894 1641 haec
940 1587 1122 1641 omnia
1170 1603 1199 1641 a
1236 1588 1423 1657 sacris
1478 1586 1696 1641 Litteris
1741 1587 2057 1657 sanctisque

488 1677 744 1734 Patribus
775 1678 1066 1733 diceretur.
1100 1676 1233 1730 Nam
1261 1678 1305 1732 si
1344 1678 1593 1733 similiter
1626 1693 1687 1733 se
1724 1678 1789 1732 ad
1821 1678 2053 1732 invicem

490 1770 777 1834 haberent,
807 1784 961 1839 aeque
990 1769 1200 1823 scilicet
1251 1786 1319 1824 ex
1349 1770 1506 1824 Patre
1546 1772 1663 1825 sine
1703 1771 1885 1825 medio
1929 1772 2059 1826 sub—

489 1859 766 1923 sistentes,
796 1861 1007 1929 sibique
1046 1861 1279 1914 invicem
1330 1861 1831 1918 consubstantiales
1870 1872 1925 1916 et
1958 1879 2057 1916 tto~

491 1952 635 2005 mina
666 1950 911 2019 profecto
944 1952 1107 2006 simili
1144 1953 1355 2007 ratione
1385 1969 1449 2008 ex
1499 1954 1673 2009 altero
1717 1956 1782 2009 ad
1822 1956 2055 2011 alterum

488 2052 889 2099 converterent.
922 2043 1053 2110 Qua!
1090 2046 1234 2100 enim
1268 2047 1759 2102 consubstantialia
1811 2058 1960 2111 sunt,
1994 2064 2059 2104 ac

489 2135 593 2189 sibi
617 2136 938 2204 coaequalia,
988 2147 1385 2191 convertuntur
1431 2139 1495 2190 ad
1542 2140 1791 2194 invicem.
1846 2142 1912 2195 At
1954 2142 2061 2195 hoc

493 2226 720 2280 minime
752 2227 1014 2280 hactenus
1050 2227 1353 2291 inventum,
1418 2229 1525 2280 imo
1555 2229 1781 2282 omnino
1834 2230 2062 2285 interdi-

492 2325 639 2370 ctum
669 2326 771 2370 est.
802 2316 1046 2385 Namque
1076 2316 1371 2386 Gregorius
1416 2317 1693 2386 Nyssenus
1743 2335 1909 2388 super
1935 2336 2058 2375 ora-

491 2409 637 2464 tione
667 2408 971 2471 Doutittica,
995 2407 1074 2461 sic
1103 2408 1180 2460 ait
1212 2425 1226 2463 :
1262 2427 1279 2457 ε
1322 2407 1491 2461 Filius
1519 2419 1699 2463 autem
1732 2412 1907 2465 sancti
1936 2412 2063 2480 Spi-

494 2502 637 2554 ritus
668 2514 845 2569 neque
874 2500 959 2555 es‘t
998 2515 1175 2568 neque
1196 2500 1418 2563 dicitur,
1450 2519 1469 2552 ι
1502 2515 1678 2569 neque
1728 2504 2063 2558 convertitur

495 2590 787 2645 habitualis
812 2591 946 2654 haec,
989 2600 1044 2644 ut
1082 2592 1154 2645 ita
1186 2592 1390 2657 dicam,
1424 2594 1836 2661 consequentia.

566 2681 834 2734 Prmterea
864 2680 1161 2735 absurdum
1188 2690 1291 2748 est,
1314 2697 1377 2735 ex
1401 2682 1520 2736 solo
1540 2680 1699 2736 Patre
1726 2693 1917 2751 putare
1940 2698 2063 2740 esse

497 2770 763 2840 Spiritum
801 2780 1072 2837 sanctum,
1100 2786 1164 2825 ac
1198 2772 1447 2826 eumdem
1488 2786 1587 2841 per
1627 2770 1823 2827 Filium
1876 2788 2065 2838 proce-

495 2863 644 2918 dere.
684 2862 807 2917 llaec
844 2863 988 2917 enim
1019 2863 1361 2931 apertissime
1388 2864 1490 2918 sibi
1521 2863 1751 2918 invicem
1785 2869 2062 2921 contraria

496 2961 649 3016 sunt,
680 2969 743 3007 ac
774 2970 833 3009 se
889 2954 1118 3007 invicem
1156 2954 1469 3008 destruunt.
1500 2953 1631 3007 Nam
1667 2957 1811 3022 quod
1862 2956 2065 3009 dicitur

497 3059 593 3113 per
638 3043 861 3108 Filium,
914 3042 1187 3096 mediante
1244 3041 1404 3105 Filio,
1456 3057 1577 3096 esse
1618 3043 1869 3099 dicitur:
1916 3047 2064 3114 quod

2147 581 2339 651 ligitur
2387 584 2664 651 primum.
2723 590 2887 649 atque
2941 586 3340 646 consequenter
3404 574 3600 629 Filium
3652 592 3718 630 ex

2162 676 2488 743 productore
2520 690 2613 741 per
2646 676 2968 744 productum
3015 671 3186 725 nasci.
3223 667 3366 722 Nihil
3400 670 3544 723 enim
3594 683 3721 736 pro-

2148 766 2317 828 hibet,
2343 767 2618 835 iuquiuut,
2642 768 2808 819 etiam
2847 766 2951 817 hoc
2980 763 3088 817 dici
3117 778 3131 828 ;
3159 762 3279 817 sine
3306 762 3485 816 medio
3517 762 3725 816 scilicet

2149 859 2412 924 Spiritum
2444 874 2506 913 ex
2541 857 2720 920 Patre,
2758 857 2915 927 quasi
2947 872 3009 909 cx
3038 855 3368 924 productore
3383 855 3677 924 procedere
3701 892 3717 917 ,

2147 949 2347 1004 Filium
2372 966 2502 1004 vero
2540 966 2607 1004 ex
2658 949 3007 1019 productore,
3041 949 3135 1018 qui
3164 956 3238 1018 _et
3272 945 3433 1002 Pater
3474 955 3578 1010 est,
3628 960 3723 1016 per

2151 1038 2412 1109 Spiritum
2444 1039 2616 1093 nasci.
2656 1058 2679 1090 ν

2224 1128 2328 1182 Sed
2361 1130 2530 1198 liquet
2558 1127 2819 1196 profecto,
2849 1144 2965 1194 eos,
2994 1128 3085 1198 qui
3120 1125 3363 1194 Spiritus
3395 1139 3490 1194 per
3520 1120 3720 1177 Filiutn

2153 1222 2555 1289 processionem
2610 1220 2680 1273 ita
2736 1228 3078 1290 pervertunt,
3138 1216 3425 1271 Trinitatis
3476 1216 3722 1268 ordinent

2155 1313 2363 1373 tollere,
2392 1310 2882 1381 confusionemque
2909 1312 3305 1379 proprietatum
3339 1308 3723 1376 personalium,

2155 1404 2381 1459 sublatis
2437 1404 2564 1456 item
2602 1403 2873 1472 personis,
2906 1402 3278 1455 introducere.
3314 1398 3509 1468 Liquet
3562 1398 3724 1453 simul

2156 1510 2249 1549 eos
2269 1493 2471 1550 sanctis
2496 1491 2769 1557 Patribus,
2791 1492 3046 1545 Ecclesia:
3078 1491 3373 1560 magistris,
3401 1506 3726 1558 repugnare,
3809 1537 3827 1552 ,

2159 1590 2284 1643 dum
2338 1587 2455 1642 sine
2514 1570 2691 1640 medio
2742 1585 3003 1653 Spiritum
3040 1599 3104 1637 ex
3138 1582 3300 1636 Patre
3342 1597 3463 1637 esse
3516 1583 3725 1647 volunt,

2158 1679 2532 1749 Spiritumque
2564 1676 2701 1731 Filio
2764 1682 3104 1745 praeponunt,
3162 1672 3408 1741 nihilque
3441 1673 3728 1741 prohibere

2158 1772 2369 1835 dicunt,
2401 1770 2565 1825 etiam
2597 1766 2795 1821 Filium
2824 1784 2888 1821 ex
2925 1766 3252 1835 productore
3285 1780 3379 1830 per
3401 1767 3725 1830 productum

2162 1861 2352 1924 nasci;
2384 1877 2449 1916 ex
2487 1874 2596 1929 quo
2625 1859 2819 1913 Filium
2862 1857 3167 1912 secundum
3220 1854 3467 1908 ordinent
3507 1854 3731 1908 tertium

2162 1968 2191 2005 a
2220 1951 2379 2005 Patre
2409 1950 2762 2014 confitentur,
2786 1957 3039 2018 putantes
3066 1963 3125 2001 se
3170 1955 3388 2015 propter
3418 1946 3736 2013 pronuntia-

2160 2044 2364 2096 tionem
2388 2042 2689 2103 nominum,
2717 2053 3014 2107 eorumque
3046 2036 3419 2105 intelligentia:
3446 2035 3735 2089 subtilita-

2163 2140 2293 2194 tem,
2342 2141 2403 2183 ut
2455 2129 2752 2191 voluerint,
2803 2128 3047 2181 divinum
3106 2127 3291 2190 etiam,
3333 2134 3388 2180 et
3447 2136 3734 2190 aeternum,

2162 2230 2328 2289 atque
2387 2220 2724 2274 immobilem
2793 2227 3003 2272 mutare
3051 2218 3297 2271 ordinent
3362 2232 3543 2284 posse,
3590 2218 3733 2285 quod

2164 2324 2341 2378 neque
2368 2310 2417 2362 itt
2450 2310 2719 2362 creaturis
2750 2309 2865 2361 fieri
2934 2307 3197 2376 possibile
3234 2317 3339 2361 est.
3370 2302 3559 2377 Neque
3585 2308 3732 2362 enim

2165 2401 2223 2453 in
2259 2400 2366 2462 his,
2423 2398 2470 2454 si
2497 2398 2715 2453 causale
2770 2412 2947 2453 causa:
2992 2397 3393 2466 prazlulerimus
3426 2399 3480 2451 in
3520 2401 3737 2465 ordine,

2164 2509 2249 2557 ac,
2302 2494 2370 2548 de
2400 2494 2584 2548 calore
2625 2491 2977 2556 disserentes,
3015 2493 3153 2561 ignis
3182 2494 3357 2561 primo
3404 2495 3731 2548 mentionem

2165 2586 2482 2649 fecerimus,
2530 2586 2640 2655 jam
2694 2586 2853 2637 ctiam
2911 2585 3173 2638 continuo
3204 2586 3353 2638 Calor
3378 2585 3519 2652 ignis
3572 2601 3737 2660 causa

2164 2678 2290 2741 erit,
2325 2687 2417 2732 aut
2445 2677 2576 2732 solis
2601 2677 2817 2740 radius;
2848 2692 3021 2744 neque
3042 2675 3299 2730 dictionis
3321 2686 3520 2730 nostrae
3568 2676 3739 2745 gratia

2166 2782 2255 2821 res
2308 2767 2473 2820 etiam
2513 2782 2675 2821 suum
2737 2765 2986 2819 ordinem
3025 2765 3335 2818 immolant.
3386 2765 3490 2818 Sed
3544 2766 3614 2819 ita
3650 2765 3737 2817 isti

2165 2859 2394 2913 nimium
2428 2858 2595 2929 inepti
2665 2869 2719 2912 ct
2761 2857 2965 2926 garruli
3015 2858 3437 2911 ratiocinatmes
3482 2860 3738 2911 sentiant.

2235 2952 2305 3005 At
2359 2965 2488 3004 vero
2537 2949 2709 3005 sancti
2743 2950 2933 3003 Patres
2982 2946 3198 3000 ordinis
3224 2948 3380 3000 istam
3421 2947 3741 3013 novitatem,

2168 3041 2343 3109 ipsius
2400 3041 2722 3095 substantia:
2776 3040 3161 3106 privationem,
3201 3039 3369 3091 totius
3405 3037 3526 3091 tidei
3579 3054 3740 3106 nega-

499 3146 678 3188 autem
710 3149 772 3185 ex
807 3132 943 3193 solo,
979 3133 1097 3185 sine
1125 3131 1303 3186 medio
1348 3132 1614 3200 Spiritum
1660 3149 1724 3189 ex
1746 3134 1909 3191 Patre
1933 3152 2061 3206 pro-
2090 3137 2134 3195 ο
2173 3133 2371 3185 tionem
2396 3146 2520 3186 esse
2552 3131 2736 3193 aiunt,
2774 3130 3214 3199 Eunomiumque
3255 3140 3572 3189 causentur.
3600 3133 3742 3200 quod

496 3224 689 3279 cedere
720 3222 1005 3291 significat.
1041 3222 1148 3277 Sed
1180 3224 1281 3277 ista
1312 3234 1496 3292 postea
1530 3224 1854 3281 videbimus.

570 3314 704 3383 Illud
742 3314 903 3369 modo
934 3330 998 3369 ex
1032 3314 1275 3383 ltis,quze
1298 3330 1463 3383 supra
1491 3314 1747 3382 diximus,
1781 3326 2063 3373 ostensum

497 3414 603 3469 est,
665 3406 809 3475 quod
845 3406 920 3468 lti,
949 3406 1039 3474 qui
1074 3416 1297 3476 propter
1344 3408 1845 3475 pronuntiationem
1896 3410 2071 3464 nomi-

498 3512 654 3562 num,
708 3512 929 3565 suaeque
986 3497 1183 3551 mentis
1236 3499 1749 3565 praesumptionem,
1813 3502 1864 3557 id
1922 3501 2070 3572 quod

499 3588 701 3640 dictum
722 3594 828 3651 est,
848 3601 944 3655 per
968 3587 1169 3641 Filium
1190 3587 1484 3657 procedere
1507 3590 1767 3659 Spiritum
1788 3601 2067 3661 sanctum,

500 3694 609 3734 non
668 3680 886 3750 proprie
926 3695 990 3735 ac
1038 3681 1474 3739 substantialiter
1527 3686 1727 3742 dictum
1764 3698 2066 3758 exponunt,

500 3771 736 3841 solisque
771 3773 949 3828 verbis
970 3774 1274 3829 divinarum
1306 3774 1375 3829 ad
1424 3791 1484 3832 se
1514 3777 1744 3833 invicem
1800 3795 2069 3849 persona-

496 3880 617 3919 rum
639 3866 883 3920 ordinem
914 3880 1033 3920 esse
1066 3875 1340 3928 asserunt,
1372 3876 1616 3934 peccant.
1660 3870 1828 3924 Aiunt
1856 3874 2000 3925 enim
2049 3891 2063 3927 :

501 3972 523 4007 ι
553 3954 819 4021 Quoniam
847 3955 1019 4021 prima
1047 3971 1297 4023 persona,
1344 3956 1504 4010 Pater
1566 3960 1793 4021 scilicet,
1835 3971 1887 4014 et
1915 3963 2072 4016 Pater

497 4056 555 4101 et
595 4048 891 4116 productor
938 4046 1161 4111 dicitur,
1194 4056 1247 4100 et
1291 4046 1464 4102 Filius
1502 4049 1721 4117 quidem
1754 4053 1818 4105 ad
1855 4052 2075 4106 Patrem

500 4140 800 4193 secundum
827 4153 887 4192 ea
916 4152 1036 4206 qua:
1058 4138 1122 4190 ad
1151 4139 1356 4207 aliqttid
1377 4138 1657 4204 dicuntur,
1684 4145 2074 4200 convenienter

503 4227 782 4293 redditur;
840 4226 1037 4280 Filium
1090 4227 1236 4282 enim
1284 4228 1552 4293 dicentes,
1607 4242 1662 4285 et
1711 4233 1921 4287 Patrem
1964 4250 2072 4289 una

501 4321 875 4391 intelligimus.
935 4319 1172 4388 Spiritus
1230 4332 1437 4389 autem,
1498 4325 1599 4378 etsi
1644 4342 1673 4379 a
1729 4326 1891 4382 Patre
1953 4344 2075 4384 esse

498 4412 723 4478 dicitur,
746 4413 811 4466 ad
839 4411 1221 4483 productorem
1255 4421 1433 4470 tamen
1471 4418 1687 4485 proprie
1709 4456 1725 4481 ,
1753 4419 1820 4473 ad
1855 4420 2070 4476 Patrem

2174 3222 2422 3277 ordinent
2464 3223 2518 3275 in
2552 3222 2662 3276 Deo
2687 3237 2795 3275 non
2828 3222 3142 3291 suscipiat;
3198 3238 3453 3291 cumque,
3492 3224 3581 3292 qui
3638 3226 3744 3277 iut-

2170 3322 2347 3368 mutat
2421 3314 2831 3378 substantiam,
2900 3313 2993 3367 Dei
3064 3314 3401 3367 ordinatiotti
3484 3314 3745 3384 refragari

2155 3404 2455 3469 'definiunt.
2518 3407 2693 3475 ipsum
2729 3405 3020 3459 Dominum
3072 3406 3365 3460 tradidisse
3397 3406 3644 3459 ordinem
3691 3408 3744 3461 in

2170 3498 2427 3554 salutaris
2455 3498 2712 3568 baptismi
2750 3498 3045 3552 traditione
3074 3509 3405 3563 asserentes,
3440 3501 3740 3554 secundum

2170 3608 2330 3663 quem
2394 3593 2498 3647 alia
2534 3609 2597 3646 ex
2634 3592 2886 3661 personis
2932 3593 3135 3666 prima,
3179 3592 3285 3645 alia
3340 3596 3596 3657 secunda,
3639 3595 3746 3647 alia

2169 3685 2326 3739 tertia
2356 3685 2626 3754 personali
2662 3683 2854 3739 ordine
2878 3692 2961 3738 est
2991 3699 3005 3736 :
3037 3683 3282 3752 nihilque
3317 3683 3536 3738 dili‘erre
3568 3686 3744 3750 aiunt,

2170 3786 2356 3831 utrum
2387 3780 2512 3847 quis
2546 3779 2813 3848 Spiritum
2848 3791 3097 3837 sanctum
3130 3783 3195 3837 ad
3238 3794 3543 3837 creaturam
3578 3785 3763 3859 dedu-~

2171 3876 2278 3931 cat,
2314 3883 2382 3921 an
2410 3869 2561 3922 illum
2598 3868 2758 3936 Filio,
2786 3873 2868 3925 vel
2900 3873 3048 3927 Patri
3100 3875 3373 3942 praeferat,
3416 3892 3522 3928 non
3570 3877 3745 3930 Sillllln

2177 3958 2439 4025 temporis
2494 3961 2726 4025 ratione,
2769 3962 2861 4015 sed
2893 3965 3122 4019 ordinis.
3167 3965 3436 4030 Quocirca
3478 3966 3580 4019 rite
3636 3982 3751 4018 tua-

2173 4049 2340 4117 gister
2383 4049 2496 4120 (15)
2550 4066 2645 4105 eos
2697 4051 2980 4122 fugiendos
3047 4055 3140 4121 ait,
3208 4055 3303 4124 qui
3363 4067 3418 4109 et
3477 4057 3747 4121 ordinem,

2173 4156 2333 4209 quem
2390 4142 2615 4196 tradidit
2669 4145 2826 4199 nobis
2884 4145 3167 4207 Dominus,
3218 4148 3533 4211 immolant,
3568 4156 3623 4201 ιιι
3655 4149 3747 4217 qui

2175 4233 2464 4289 manifeste
2495 4236 2709 4291 veritati
2745 4237 3107 4304 reluctantur,
3140 4249 3195 4295 et
3229 4240 3425 4294 Filium
3453 4240 3751 4310 praeferunt

2173 4322 2341 4390 Patri,
2384 4326 2465 4381 vel
2501 4324 2637 4383 Filio
2674 4340 3000 4399 pracponunt
3030 4332 3297 4400 Spiritum
3336 4344 3605 4387 sanctum.

2246 4415 2569 4489 Quanquam
2630 4420 2781 4487 juxta
2839 4423 3175 4489 superiorem
3235 4423 3752 4499 ratiocinationem,

499 4517 681 4563 autem
733 4505 1025 4577 improprie
1058 4505 1323 4572 refertur,
1381 4523 1503 4562 cum
1550 4507 1711 4565 Pater
1758 4514 1918 4567 etiam
1949 4530 2073 4584 pro-
2097 4532 2150 4593 ι)
2176 4512 2435 4579 quoniam
2471 4525 2567 4578 per
2595 4508 2793 4564 Filium
2828 4513 3009 4567 omnia
3046 4512 3186 4567 facta
3218 4513 3516 4582 Scripturae
3548 4525 3754 4569 sancta:

496 4601 693 4655 ductor
720 4598 811 4662 sit,
842 4607 896 4653 et
929 4597 1287 4669 intelligatur.
1310 4597 1404 4654 Est
1439 4600 1583 4655 enim
1612 4601 1777 4669 idem,
1806 4615 1861 4659 et
1888 4604 2067 4664 Pater.

496 4699 551 4746 et
584 4691 900 4760 productor.
941 4708 960 4741 ι
1978 4754 1981 4755 ν

567 4781 665 4836 llis
722 4792 903 4837 autem
951 4782 1021 4855 ita
1057 4782 1271 4851 positis,
1329 4784 1400 4838 ita
1454 4784 1694 4840 inferunt
1744 4807 1758 4843 :
1820 4806 1839 4840 ‹
1881 4789 2069 4861 Itaque

497 4874 939 4943 quandoquidem
996 4875 1264 4944 Spiritum
1308 4891 1371 4929 ex
1415 4876 1572 4932 Patre
1624 4878 1880 4945 dicimus,
1922 4900 2066 4953 quo-

499 4967 642 5020 niam
678 4967 891 5021 Patrem
926 4967 1190 5033 dicentes,
1226 4978 1280 5023 et
1308 4968 1504 5024 Filium
1543 4986 1649 5024 una
1686 4971 2062 5044 intelligimus,

499 5060 704 5114 idcirco
733 5059 931 5113 dicitur
975 5059 1212 5129 Spiritus
1244 5078 1339 5131 per
1371 5064 1611 5118 medium
1650 5063 1873 5133 Filium,
1901 5079 2067 5139 atque

498 5168 594 5221 per
628 5150 821 5204 Filium
847 5167 910 5205 ex
947 5150 1107 5205 Patre
1128 5153 1443 5220 procedere.
1476 5154 1613 5209 Cum
1651 5168 1834 5212 autem
1870 5176 2066 5217 rursus

497 5247 737 5315 primum
803 5244 1185 5311 productorem
1252 5241 1507 5306 dicimus,
1566 5248 1755 5301 eadem
1823 5252 2069 5316 ratione,

498 5337 758 5409 quoniam
795 5335 1177 5404 productorem
1202 5334 1468 5398 dicentes,
1504 5352 1610 5389 una
1638 5339 1799 5391 etiam
1826 5339 1900 5401 id,
1926 5343 2072 5411 quod

499 5430 775 5501 producit,
796 5429 1135 5498 cogitamus:
1158 5427 1201 5481 si
1222 5426 1443 5495 quando
1465 5426 1635 5482 Filius
1657 5443 1720 5482 ex
1750 5434 2076 5498 productore

502 5524 739 5587 dicatur,
796 5531 927 5576 tunc
981 5518 1151 5573 Filius
1210 5534 1307 5587 per
1364 5518 1603 5574 medium
1638 5519 1925 5589 Spiritum,
1978 5541 2073 5582 seu

500 5613 833 5685 productum
894 5629 961 5667 ex
1028 5610 1355 5681 producturo
1409 5627 1530 5668 esse
1586 5614 1799 5684 pr0prie
1838 5614 2069 5687 dicetur,

577 5801 703 5873 (l5)
750 5800 803 5853 ὃ.
838 5799 1071 5857 llas'lius

2172 4603 2375 4657 inducti
2407 4604 2732 4656 auctoritate
2758 4604 3033 4659 credimus
3063 4623 3075 4659 :
3114 4603 3313 4658 Filium
3354 4622 3480 4659 vero
3508 4622 3634 4659 cum
3666 4608 3747 4659 di-

2170 4696 2372 4759 cimus,
2396 4694 2612 4749 Patrem
2642 4710 2860 4764 quoque
2894 4712 3001 4749 una
3049 4697 3431 4767 intelligimus,
3466 4698 3597 4752 nihil
3626 4717 3754 4769 pro-

2175 4786 2383 4841 hibebit
2411 4786 2614 4851 dicere,
2652 4802 2682 4839 a
2720 4785 2857 4839 Filio
2885 4802 2981 4855 per
3008 4786 3225 4841 Patrem
3251 4799 3532 4845 creaturas
3565 4807 3754 4844 titana-

2168 4879 2332 4941 visse,
2372 4887 2431 4933 ut
2462 4877 2775 4932 necessario
2823 4877 2934 4946 jam
2970 4887 3023 4932 et
3052 4879 3210 4933 Pater
3237 4879 3358 4934 Filii
3427 4889 3482 4935 ct
3517 4882 3754 4951 Spiritus

2167 4972 2381 5027 medius
2433 4970 2526 5026 sit.
2581 4970 2648 5023 Et
2693 4971 2955 5039 quoniam
3007 4986 3036 5024 a
3080 4969 3222 5027 Filio
3254 4973 3572 5028 Paracletus
3613 4976 3753 5029 mitti

2168 5063 2487 5132 perhibetur
2515 5080 2527 5116 :
2554 5060 2678 5114 Filii
2704 5070 2886 5114 autem
2915 5063 3247 5117 mentionem
3270 5062 3552 5129 facientes,
3574 5077 3756 5120 mente

2170 5155 2331 5210 simul
2361 5164 2412 5208 et
2443 5153 2659 5207 Patrem
2692 5152 3242 5221 comprehendimus;
3302 5157 3491 5210 cadent
3544 5159 3755 5211 ratione

2172 5254 2225 5301 et
2261 5262 2354 5315 per
2381 5246 2597 5300 Patrem
2636 5244 2776 5298 ntitti
2817 5243 3052 5314 Spiritus
3092 5247 3322 5301 dicetur.
3375 5247 3551 5316 Atque
3604 5249 3742 5302 idem

2180 5341 2349 5396 ferme
2396 5341 2518 5405 erit,
2565 5356 2630 5393 ac
2672 5342 2715 5395 si
2766 5342 2889 5409 quis
2920 5342 3202 5394 architecti
3248 5341 3539 5407 cujuslibet
3583 5342 3749 5395 filium

2181 5447 2242 5484 cx
2278 5432 2576 5485 architecto
2606 5446 2699 5498 per
2733 5432 2954 5484 doutuut
2985 5430 3197 5483 diceret
3232 5441 3441 5496 natum,
3508 5434 3634 5499 quia
3669 5449 3755 5486 ar-

2182 5524 2450 5580 chitectus
2495 5523 2559 5575 ad
2599 5523 2821 5576 doutum
2853 5520 3105 5574 refertur.
3140 5520 3271 5574 Nam
3303 5522 3461 5575 simul
3488 5532 3648 5591 atque
3668 5540 3755 5578 ar-

2188 5617 2480 5674 chitectum
2503 5612 2845 5684 cogitaveris,
2878 5620 2931 5667 et
2959 5612 3156 5668 domus
3192 5614 3357 5668 simul
3391 5613 3646 5667 occurrit.
