4064 6262
299 366 362 430 33
1417 358 1812 423 ADVERSUS
1844 355 2159 417 GRALCOS
2203 357 2327 416 LIB
2392 356 2439 418 Ι.
3485 359 3556 424 3-5

371 483 426 537 td
459 488 643 535 autem
678 479 894 534 illorum
934 477 1325 535 absurditatem
1376 481 1428 534 in
1463 480 1655 547 primis
1682 480 1880 547 atguit,
1914 478 1957 533 Α
1989 472 2226 525 medium
2282 471 2477 525 Filium
2534 485 2597 525 ex
2639 469 2797 524 Patre
2842 484 2959 525 esse
2990 469 3171 536 habet,
3217 471 3386 541 liquet
3424 489 3555 543 pro-

306 574 442 644 qnod
468 571 707 639 theologi
734 572 1034 624 secundum
1065 584 1128 623 ea
1149 585 1271 638 qua:
1298 585 1462 637 supra
1491 569 1864 637 exposuimus,

307 662 606 732 aliquando
651 658 874 714 ex“Deo
904 675 1000 728 per
1033 660 1291 725 Verbum,
1325 660 1620 729 aliquando
1656 672 1749 726 per
1788 655 1874 710 Fi-

305 754 433 808 lium
467 768 535 805 ex
572 745 679 805 Deo
711 750 977 819 Spiritum
999 765 1120 805 esse
1140 751 1315 803 aiunt.
1335 749 1469 801 Nam
1493 748 1539 801 si
1564 743 1873 812 hujnsmcdi

307 840 786 897 ratiocinationem
854 854 1038 891 veram
1094 852 1215 892 es~e
1262 835 1689 893 arbitrarentur,
1749 844 1872 884 cum

306 933 593 993 dixissent,
628 946 722 1000 per
770 928 1030 993 Verbum,
1061 943 1341 996 nunquam
1374 942 1436 979 ex
1475 924 1584 978 Deo
1610 923 1873 984 dicerent,

308 1024 399 1076 sed
433 1036 528 1090 per
559 1019 817 1084 Verbum,
847 1034 912 1073 ex
946 1025 1146 1070 tuente.
1179 1015 1419 1069 Verbum
1455 1013 1680 1082 quippe,
1722 1011 1877 1080 juxta

316 1114 581 1165 rationem
612 1110 874 1172 nominis,
925 1124 1030 1164 non
1078 1109 1145 1163 ad
1182 1107 1374 1173 Deum,
1403 1107 1496 1161 sed
1529 1105 1595 1158 ad
1642 1111 1877 1157 mentem

309 1204 561 1258 refertur.
612 1202 715 1255 Per
776 1202 970 1256 Filium
1016 1212 1196 1255 autem
1250 1216 1374 1254 eum
1426 1199 1695 1256 dicerent,
1740 1209 1881 1248 nun-

310 1308 470 1363 quam
528 1292 865 1361 adjet-issent
915 1309 928 1345 :
982 1292 1059 1343 Ex
1117 1292 1223 1345 Deo
1267 1305 1360 1359 per
1406 1289 1622 1351 Filium,
1659 1285 1752 1339 sed
1790 1298 1882 1352 per

320 1398 653 1443 creaturam.
685 1386 861 1453 Hujus
882 1388 1081 1456 quippe
1102 1385 1264 1451 Dens,
1298 1384 1439 1438 Deus
1468 1392 1587 1445 est,;
1618 1382 1725 1434 imo
1754 1393 1881 1433 vero

322 1492 501 1545 neque
546 1477 595 1529 id
642 1476 922 1545 quidpiam
958 1477 1270 1544 prohiberet
1310 1473 1418 1527 dici
1448 1471 1646 1525 Filium
1669 1485 1737 1523 ex
1774 1470 1883 1521 Deo

310 1581 402 1635 per
430 1574 720 1643 creaturas
747 1564 922 1619 nasci.
952 1563 1094 1619 Deus
1124 1566 1273 1618 enim
1305 1563 1369 1615 ad
1400 1571 1682 1615 creaturas
1715 1557 1885 1611 reier-

310 1665 415 1709 tur.
446 1654 593 1708 Idem
628 1665 810 1707 autem
844 1654 1010 1719 Deus,
1038 1666 1091 1710 et
1130 1654 1292 1708 Pater
1324 1653 1446 1706 Filii
1476 1667 1597 1705 esse
1627 1649 1884 1718 intelligi-

312 1756 419 1799 tur.
446 1745 553 1800 Sed
585 1745 902 1813 huiusmodi
961 1761 1135 1815 nugas
1190 1755 1353 1815 atque
1392 1743 1626 1811 ineptias
1654 1740 1795 1794 absit
1830 1748 1886 1792 nt

315 1836 633 1891 doctoribus
673 1837 848 1891 sacris
888 1852 1123 1906 unquam
1157 1836 1208 1889 in
1237 1845 1473 1889 mentem
1499 1832 1706 1887 venisse
1740 1841 1893 1899 pute-

311 1944 469 1993 mus,
552 1944 621 1982 ne
671 1929 845 1998 magis
888 1930 1159 1999 sophistas
1208 1928 1329 1981 illos
1385 1941 1544 1995 quam
1600 1925 1890 1994 magistros

313 2020 532 2089 pietatis
586 2020 973 2082 ostendamus.
1004 2020 1110 2073 alia
1140 2034 1235 2088 per
1270 2019 1375 2072 alia
1412 2017 1678 2077 dicentes,
1726 2023 1891 2083 atque

312 2124 372 2162 ex
428 2123 492 2163 ea
538 2120 693 2178 path
726 2119 973 2164 nostram
1024 2109 1442 2177 intelligentiam
1484 2106 1890 2167 obnubilautes,

317 2214 462 2269 quos
493 2200 781 2269 Oportebat
815 2201 1054 2255 obscura
1079 2200 1389 2255 elucidandi
1428 2198 1721 2266 magistros
1748 2211 1891 2259 esse,

227 2323 234 2329 -
314 2304 370 2344 ut
406 2305 600 2345 revera
635 2300 786 2346 sunt.
824 2292 1011 2361 Neque
1038 2307 1171 2346 sane
1202 2292 1361 2346 nobis
1388 2290 1631 2359 expedit,
1665 2302 1784 2356 quae
1823 2287 1891 2340 ab

316 2382 433 2437 illis
460 2394 652 2450 aperte
704 2394 758 2437 et
777 2383 983 2438 utiliter
1001 2382 1144 2437 dicta
1170 2391 1316 2446 sunt,
1341 2374 1595 2451 perverse
1615 2380 1887 2447 accipere:

316 2488 376 2528 ex
418 2471 533 2543 quo
564 2486 620 2529 et
657 2474 764 2529 illis
796 2475 1102 2544 irrogamus
1144 2474 1398 2542 injurias,
1451 2483 1504 2527 et
1551 2470 1710 2526 nobis
1758 2468 1892 2539 ipsis

313 2566 665 2636 dispendium
697 2567 891 2622 salutis
918 2567 1272 2637 acquirimus.
1422 2576 1431 2581 ‘

384 2655 558 2710 Certe
588 2655 830 2711 lucidius
862 2658 1169 2726 promenda:
1201 2654 1446 2710 veritatis
1491 2653 1737 2722 magistri
1768 2650 1893 2705 aliis

313 2760 444 2799 cum
481 2756 689 2812 essent,
725 2747 996 2802 dixissent
1029 2742 1243 2816 utique,‘
1274 2748 1320 2801 si
1375 2748 1448 2799 ita
1480 2744 1744 2799 veraciter
1772 2756 1893 2797 esse

316 2838 707 2907 putavissent,
765 2837 1029 2907 Spiritum
1085 2853 1149 2892 ex
1200 2838 1357 2893 Patre
1404 2853 1498 2917 per
1530 2835 1727 2889 Filium
1786 2831 1894 2886 dici

318 2932 730 2995 tantummodo,
793 2946 900 2983 non
939 2939 1116 2983 tamen
1154 2944 1272 2983 esse
1309 2944 1372 2983 ac
1403 2928 1716 2998 procedere.
1749 2925 1896 2991 Quo-

317 3021 476 3075 niam
520 3036 653 3075 vero
691 3021 743 3075 id
792 3036 901 3075 non
939 3022 1215 3087 dixerunt,
1265 3021 1658 3090 expositionem
1704 3020 1893 3088 hujus-

315 3112 471 3168 modi
525 3111 753 3165 omnino
810 3113 1050 3165 tenuisse
1100 3112 1547 3179 comprobantur.
1591 3109 1793 3178 Nempe
1841 3116 1894 3161 et

315 3199 698 3255 Damascenus
715 3201 780 3254 de
797 3200 959 3254 Patre
989 3202 1062 3255 ait
1081 3198 1219 3271 (16):
1247 3219 1263 3251 ‹
1284 3199 1401 3269 Ipse
1415 3201 1628 3269 quidem
1645 3209 1726 3254 est
1750 3215 1902 3254 mens

315 3292 475 3347 verbi
520 3292 780 3360 abyssus,
817 3292 964 3346 verbi
1017 3293 1251 3361 genitor,
1286 3301 1341 3345 et
1373 3306 1469 3361 per
1501 3290 1728 3344 verbum
1776 3288 1901 3358 Spi-

316 3389 460 3441 ritus
510 3386 832 3456 productor.
876 3404 896 3437 ι
954 3385 1145 3441 Dicere
1196 3386 1361 3456 igitur
1411 3385 1707 3441 secundum
1770 3385 1906 3438 istos

317 3479 615 3543 debuerat,
649 3481 801 3535 verbi
846 3490 1267 3545 commentator,
1298 3480 1463 3535 tacito
1502 3479 1755 3548 genitoris
1803 3494 1905 3531 no-

321 3574 493 3625 mine.
530 3569 775 3625 Verbum
821 3573 967 3626 enim
1000 3572 1065 3625 ad
1116 3564 1352 3625 mentem
1387 3571 1646 3634 refertur,
1679 3586 1787 3625 non
1836 3568 1906 3623 ad

319 3664 655 3732 genitorem.
688 3663 985 3734 Oportebat
1030 3665 1180 3729 item,
1209 3679 1333 3717 eum
1376 3664 1754 3733 produt-torem
1787 3662 1908 3731 Spi-

323 3754 461 3809 ritus
510 3771 609 3825 pcr
662 3770 721 3810 se
775 3758 951 3810 solum
983 3756 1186 3824 dicere,
1242 3771 1575 3826 suppresso,
1612 3756 1753 3825 quod
1809 3755 1904 3820 ait,

328 3862 348 3897 t
387 3845 499 3902 Per
531 3850 785 3904 verbum.
827 3868 847 3901 ι
887 3847 1128 3918 Spiritus
1159 3848 1371 3918 quippe
1406 3848 1472 3903 ad
1520 3851 1904 3917 productorem

321 3941 584 3999 refertur.
613 3941 771 3998 Nunc
799 3959 948 4007 vero,
983 3944 1201 4012 quando
1229 3944 1607 4013 productoretn
1651 3958 1744 4011 per
1772 3956 1909 4008 ,ver-

322 4031 479 4095 bum,
502 4036 584 4087 ait
622 4051 635 4087 :
666 4032 904 4088 Verbum
942 4044 1122 4089 autem
1164 4048 1340 4103 neque
1376 4032 1443 4087 ad
1464 4042 1695 4102 patrem,
1734 4046 1908 4101 neque

323 4122 388 4175 ad
419 4121 808 4191 prodttctorem
841 4122 1128 4176 relativum
1147 4130 1253 4186 est,
1284 4121 1564 4188 solamque
1586 4118 1819 4173 refertur
1839 4117 1905 4169 ad

322 4222 610 4277 mentem;
645 4228 861 4266 omnem
893 4211 1140 4281 profecto
1190 4192 1503 4280 huiusmodi
1539 4209 1908 4264 curiositatem

323 4313 385 4357 ut
404 4304 651 4358 maxime
673 4304 953 4357 ridendam
980 4318 1044 4358 ac
1066 4303 1430 4372 perniciosam
1465 4312 1695 4357 resecat.

411 4395 689 4449 Praaterea
718 4408 870 4458 vero,
905 4403 959 4448 et
992 4394 1138 4464 quod
1168 4394 1387 4459 dicitur,
1417 4393 1653 4461 pr0prie,
1701 4400 1753 4446 et
1802 4406 1907 4446 non

329 4489 589 4557 proprie,
622 4496 676 4542 et
702 4488 845 4557 quod
872 4486 1171 4542 secundum
1205 4501 1264 4542 se
1316 4495 1370 4541 et
1409 4486 1662 4540 accidens
1692 4488 1742 4539 in
1772 4486 1908 4539 dit-i-

328 4580 420 4635 nis
467 4580 720 4649 personis
774 4579 997 4633 habebit
1046 4580 1246 4634 locum.
1294 4576 1523 4647 Proprie
1574 4578 1721 4632 enim
1767 4576 1912 4646 quod

328 4674 601 4728 dicuntur
635 4683 689 4727 et
735 4673 1038 4727 secundum
1072 4689 1152 4738 se,
1202 4672 1270 4727 ad
1307 4673 1561 4728 accidens
1602 4673 1915 4743 opponitur.

328 4763 592 4835 Insuper,
643 4772 699 4818 et
751 4765 896 4834 quod
944 4780 973 4818 a
1023 4763 1185 4819 Patre
1232 4780 1339 4818 non
1382 4765 1598 4835 proprie
1653 4765 1916 4833 Spiritum

328 4872 462 4913 esse
485 4867 765 4921 asserunt,
799 4872 827 4910 a
849 4857 1007 4911 Patre
1024 4857 1213 4926 utique
1238 4872 1345 4912 non
1374 4858 1793 4912 discet-nerctur.
1816 4857 1920 4911 Sed

333 4951 473 5027 ista,
509 4962 572 5004 ut
595 4951 857 5013 diximus,
893 4951 1266 5021 intelligentia:
1292 4952 1666 5021 theologorum
1696 4952 1922 5005 omnino

329 5042 732 5107 adversantur,
790 5044 881 5112 qui
918 5044 1290 5098 monumentis
1332 5044 1449 5098 suis
1488 5044 1702 5098 divinas
1737 5058 1924 5113 perso-

331 5148 439 5189 nas
482 5135 889 5189 discreverunt.
916 5133 1075 5201 Quod
1120 5150 1250 5205 ergo
1272 5135 1384 5205 jam
1415 5136 1622 5190 dictum
1653 5143 1757 5200 est,
1790 5151 1922 5190 con-

331 5238 449 5285 stat
493 5242 566 5282 ex
603 5228 708 5293 his,
738 5243 861 5297 qua:
893 5230 1286 5299 praediximus;
1330 5228 1423 5298 qui
1464 5226 1712 5282 ordinem
1759 5227 1920 5291 tollit,

341 5336 479 5375 eum
511 5322 696 5390 ipsum
733 5336 952 5391 quoque
984 5336 1337 5392 personarum
1370 5335 1705 5391 processum.
1739 5335 1802 5374 ac
1830 5335 1923 5388 per

338 5427 729 5480 consequens,
767 5427 1032 5482 personas
1078 5414 1243 5467 etiam
1291 5412 1437 5482 ipsas
1465 5409 1925 5467 sustulisse.Nam

341 5503 665 5579 secpndum
718 5515 1011 5570 processus
1066 5502 1151 5556 sui
1198 5500 1495 5561 rationem.
1545 5500 1649 5554 alia
1704 5500 1923 5569 quidem

363 5594 463 5648 ine
538 5593 714 5648 medio
771 5592 1017 5662 procedit
1058 5588 1161 5647 ‘ex
1224 5592 1419 5660 Patre,
1468 5591 1573 5647 alia
1642 5608 1766 5649 vero
1830 5606 1925 5661 per

412 5803 541 5877 (εδ)
574 5768 661 5858 ”υέ
685 5803 792 5874 ﬁde
826 5800 1035 5857 ortltod.
1069 5816 1117 5855 ς.
1150 5801 1201 5853 5.

1991 562 2153 627 feeto,
2207 564 2436 617 sublatis
2498 564 2944 619 substantialibus
2983 563 3383 638 [hypostaticis]
3424 584 3556 636 pro-

1985 654 2271 720 cessihus,
2328 668 2591 723 persooas
2652 670 2870 723 quoque
2957 656 3122 709 simul
3186 656 3553 724 auferendus,

1982 760 2158 813 neque
2184 745 2294 815 jam
2327 746 2571 799 ordinem
2603 745 2790 810 ullum,
2828 762 3003 815 neque
3030 746 3354 802 Trinitatem
3399 752 3557 804 nobis
3647 774 3657 783 ο

1985 836 2253 904 reliquam
2307 851 2447 890 esse.
2488 835 2755 901 Quocirca
2807 842 2909 891 rite
2952 840 3158 893 dictum
3208 850 3293 895 est
3344 843 3555 897 ordinis

1982 925 2169 993 eiusce
2218 925 2513 979 novitatem
2579 926 2747 995 ipsius
2780 942 2901 982 esse
2936 928 3251 983 substantia:
3299 931 3545 986 abolitio-

1985 1032 2129 1079 nem,
2161 1014 2444 1085 totiusque
2464 1017 2587 1071 fidei
2620 1019 3059 1087 abuegationcm.

2005 1129 2022 1148 -
2058 1108 2242 1178 Neque
2289 1124 2420 1163 vero
2454 1111 2559 1164 ista
2611 1111 2807 1176 solum,
2856 1127 2977 1180 qua
3011 1113 3271 1178 diximus,
3310 1116 3555 1169 ordinem

1987 1197 2040 1251 in
2086 1210 2272 1252 sanrta
2320 1198 2586 1254 Trinitate
2628 1205 3034 1267 commendant,
3094 1219 3560 1275 personarumque

1988 1302 2328 1356 processum.
2377 1306 2471 1357 per
2548 1307 2709 1359 quem
2748 1290 2917 1348 Filius
2952 1296 3167 1362 quidem
3211 1297 3331 1350 sine
3382 1298 3560 1349 medio

1987 1392 2054 1429 ex
2109 1380 2282 1445 primo
2326 1389 2437 1444 cst;
2488 1379 2727 1449 Spiritus
2764 1392 2942 1435 autem
2980 1393 3205 1439 sanettts
3251 1401 3319 1439 ex
3381 1387 3558 1453 primo

1988 1482 2084 1536 per
2125 1470 2385 1536 medium,
2412 1473 2505 1525 sed
2533 1487 2598 1525 ex
2630 1472 2749 1525 aliis
2774 1473 3046 1541 plurimis,
3074 1490 3192 1543 quae
3223 1490 3252 1528 a
3287 1476 3561 1544 magistris

1989 1557 2133 1612 dicta
2169 1569 2320 1624 sunt,
2352 1563 2612 1616 discimus
2652 1572 2707 1616 et
2733 1561 2853 1616 Filii
2890 1565 3369 1631 mediatiunem,et
3389 1569 3563 1622 sancti

1993 1647 2230 1717 Spiritus
2255 1655 2552 1707 naturalem
2592 1656 3049 1725 essentialemque
3080 1672 3417 1733 processum.

2064 1739 2290 1810 Magnus
2317 1744 2515 1811 quippe
2550 1744 2887 1799 Athanasius
2918 1746 2971 1799 itt
3003 1764 3075 1811 _m
3106 1746 3307 1801 Contra
3337 1749 3562 1801 Arianae

1930 1832 1971 1887 Β
2001 1828 2160 1893 libro,
2208 1832 2363 1900 Cujus
2400 1834 2611 1887 initium
2652 1846 2735 1902 est
2767 1853 2781 1889 :
2813 1838 2919 1903 Qui
2966 1840 3083 1889 Arii
3118 1850 3388 1892 sectantur
3420 1841 3566 1891 insu-

1996 1922 2160 1981 niam,
2191 1933 2245 1975 ut
2274 1924 2499 1994 intelligi
2529 1927 2713 1988 datur,
2748 1929 3083 1980 decreverunt
3109 1931 3270 1981 semel
3303 1947 3352 1995 a;
3375 1940 3564 1982 ostatu:

1993 2000 2134 2078 ﬁ’eri,
2193 2022 2713 2084 tranagreasoresque
2768 2018 3024 2081 veritatis,
3076 2019 3147 2070 ita
3196 2019 3271 2070 ait
3314 2034 3328 2071 :
3371 2037 3388 2068 ι
3448 2019 3567 2073 Νοιι

1997 2102 2232 2170 spiritus
2274 2102 2506 2158 Verbum
2536 2107 2820 2177 conjungit
2868 2106 3035 2172 Patri,
3068 2108 3160 2161 sed
3190 2109 3292 2162 hoc
3331 2125 3357 2161 a
3390 2110 3567 2165 Verbo

1996 2196 2179 2263 potius
2212 2198 2411 2264 accipit
2460 2198 2723 2267 Spiritus.
2782 2220 2801 2251 ι
2855 2200 2918 2253 Ει
2953 2211 3074 2270 post
3107 2218 3323 2270 pauca:
3367 2221 3385 2252 ι
3429 2205 3565 2269 Quia

1994 2286 2140 2339 enim
2195 2287 2431 2342 Verbum
2484 2290 2537 2343 in
2581 2289 2743 2352 Patre
2807 2301 2912 2355 est,
2986 2293 3224 2361 Spiritus
3272 2303 3451 2348 autem
3502 2312 3570 2350 ex

1998 2374 2173 2431 Verbo
2209 2380 2392 2445 datur,
2432 2382 2553 2434 ideo
2586 2398 2685 2437 nos
2720 2384 2830 2437 vult
2862 2385 3112 2453 accipere
3147 2386 3431 2455 Spiritum,
3491 2403 3568 2454 ut,

1995 2483 2119 2521 cum
2161 2458 2310 2524 illum
2354 2474 2756 2542 acceperimus,
2796 2485 2923 2530 tunc
2950 2478 3218 2535 habentes
3256 2482 3413 2536 Verbi
3443 2482 3570 2552 Spi—

1998 2562 2188 2626 ritum,
2223 2565 2366 2632 quod
2399 2566 2554 2619 estin
2586 2568 2838 2632 Patre,et
2870 2585 2968 2623 nos
2989 2587 3153 2624 unum
3174 2574 3289 2626 fieri
3321 2576 3370 2626 in
3402 2575 3573 2628 Verbo

1996 2662 2220 2721 propter
2290 2655 2593 2723 Spiritum,
2653 2674 2715 2713 ac
2774 2674 2871 2729 per
2940 2661 3113 2730 ipsum
3171 2663 3221 2717 in
3282 2664 3440 2720 Patre
3500 2667 3577 2721 vi-

1994 2744 2237 2799 deamur.
2274 2764 2291 2796 ι

2068 2835 2217 2889 ldem
2248 2836 2300 2889 in
2356 2838 2586 2907 epistola
2615 2840 2681 2892 ad
2728 2839 3079 2910 Serapionem
3114 2843 3181 2897 de
3209 2855 3398 2898 sancto
3443 2847 3573 2912 Spi-

1998 2926 2124 2991 ritu,
2156 2943 2276 2996 qua:
2312 2928 2500 2999 incipit
2531 2948 2546 2984 :
2582 2930 2798 2985 Littera:
2848 2935 2991 2986 sacri
3025 2938 3079 2987 in
3109 2952 3199 2988 nos
3230 2937 3450 3005 a/frctus
3500 2942 3577 2993 tui

1995 3017 2124 3069 mihi
2146 3018 2198 3069 in
2235 3035 2404 3072 eremo
2428 3021 2650 3075 reddita:
2676 3033 2819 3087 sunt,
2839 3025 2912 3077 ita
2938 3025 3013 3076 ait
3043 3042 3056 3079 :
3089 3042 3108 3075 ‹
3143 3022 3419 3093 Ignorant,
3445 3045 3581 3095 quo-

1931 3148 1973 3207 0
2007 3106 2151 3158 niam
2202 3116 2259 3161 ut
2307 3110 2399 3177 qui
2443 3110 2691 3164 dividunt
2733 3127 2763 3164 a
2802 3111 2966 3166 Patre
3002 3112 3222 3179 Filium,
3257 3133 3422 3170 unum
3458 3135 3579 3173 esse

2007 3197 2172 3250 Deum
2202 3199 2426 3253 tollunt:
2464 3203 2559 3266 ita,
2583 3203 2725 3269 quod
2754 3219 2785 3256 a
2815 3204 2991 3259 Verbo
3012 3209 3269 3262 dirimunt
3294 3211 3574 3277 Spiritum,

2004 3303 2111 3342 non
2135 3290 2247 3357 jam
2284 3306 2445 3344 unum
2484 3293 2536 3345 in
2563 3292 2831 3348 Trinitate
2864 3294 3126 3351 Deitatem
3164 3310 3403 3353 servant.
3449 3321 3469 3353 ι

2075 3380 2219 3433 Idem
2252 3398 2442 3437 rursus
2481 3383 2533 3436 itt
2575 3385 2678 3438 alia
2748 3388 2811 3441 de
2850 3400 3041 3443 sancto
3075 3391 3278 3459 Spiritu
3323 3393 3389 3445 ad
3428 3410 3580 3447 cum-

2006 3473 2125 3526 tletn
2162 3475 2416 3542 epistola,
2462 3476 2621 3544 cujus
2675 3478 2887 3532 initium
2928 3493 3012 3535 est
3054 3499 3069 3534 :
3115 3482 3370 3539 Fortasse
3410 3490 3580 3539 miru-

2014 3565 2148 3618 beris
2187 3582 2205 3618 :
2250 3586 2267 3617 ε
2317 3567 2434 3620 Νοιι
2482 3571 2665 3633 enim,
2728 3574 2939 3639 inquit,
2990 3584 3143 3628 extra
3208 3575 3442 3632 Verbum
3501 3592 3583 3635 est

2009 3657 2264 3726 Spiritus,
2292 3660 2386 3711 sed
2429 3658 2481 3710 in
2531 3659 2707 3713 Verbo
2748 3677 2873 3715 cum
2917 3664 3009 3725 sit,
3038 3665 3091 3716 in
3132 3667 3239 3721 Deo
3273 3684 3367 3736 per
3407 3672 3581 3738 ipsum

2005 3757 2111 3802 est.
2163 3767 2181 3799 ι
2221 3748 2284 3801 Et
2318 3758 2439 3818 post
2506 3765 2677 3819 pauca
2721 3768 2735 3804 :
2777 3770 2795 3803 ι
2854 3751 2989 3807 Cum
3031 3766 3211 3809 autem
3254 3759 3489 3826 Spiritus
3529 3763 3583 3815 in

2010 3840 2187 3895 Verbo
2217 3843 2305 3908 sit,
2340 3843 2508 3911 liquet
2537 3844 2803 3913 profecto,
2836 3846 2888 3900 iit
2918 3845 3029 3901 Deo
3060 3862 3157 3917 per
3186 3846 3419 3903 Verbum
3462 3867 3584 3907 esse

2010 3933 2293 4003 Spirituut.
2338 3954 2355 3986 ι
2774 4002 2775 4005 η
3356 3951 3367 3959 ·

2085 4024 2320 4080 Sam-tus
2380 4036 2565 4081 autem
2616 4026 2850 4083 Basilius
2912 4030 2967 4083 in
3025 4031 3259 4100 quodam
3319 4034 3580 4102 capitulo,

2009 4118 2166 4187 cujus
2191 4120 2473 4187 inscriptio
2500 4128 2635 4183 est:
2672 4121 3081 4191 Cottglori/icart’
3137 4139 3256 4175 cum
3310 4122 3417 4176 Deo
3463 4122 3586 4194 Spi~

2012 4212 2193 4275 ritum,
2250 4210 2325 4263 ait
2361 4230 2373 4266 :
2413 4231 2430 4261 ι
2466 4211 2617 4277 Quod
2681 4221 2862 4268 autem
2901 4216 2954 4267 in
2985 4215 3187 4269 eisdem
3222 4216 3424 4269 divinis
3459 4234 3589 4285 ope-

2011 4304 2163 4355 ribus
2223 4300 2464 4356 Trinitas
2506 4304 2865 4372 glorificatur,
2897 4308 3058 4360 unius
3093 4308 3391 4381 divinitatis-
3433 4312 3587 4363 testi-

2014 4395 2257 4447 monium
2300 4405 2509 4447 certum
2549 4403 2669 4461 est,
2724 4398 2864 4465 quod
2927 4412 3099 4465 neque
3151 4400 3271 4453 sine
3320 4398 3459 4453 Filio
3490 4402 3589 4456 Pa-

1937 4494 1992 4552 ι)
2023 4498 2105 4541 ter
2134 4495 2414 4554 operatur,
2441 4502 2620 4557 neque
2656 4488 2776 4542 sine
2805 4489 3013 4557 Spiritu
3047 4489 3232 4543 Filius.
3268 4508 3286 4542 ι

2072 4579 2232 4633 ‘Idem
2294 4579 2349 4632 in
2392 4580 2499 4632 alio
2545 4580 2809 4648 capitulo,
2842 4582 2984 4649 quod
3022 4580 3340 4635 inscribitur
3376 4601 3389 4636 :
3435 4583 3588 4648 θυι-ά

2019 4688 2083 4727 ea:
2110 4674 2291 4726 divina
2327 4682 2525 4726 natura
2570 4671 2847 4726 Trinitatis
2896 4676 3073 4727 unitas
3106 4676 3430 4741 insinuatur,
3464 4680 3539 4731 ait
3572 4695 3587 4731 :

2029 4781 2047 4813 ι
2086 4761 2375 4830 Nunquam
2414 4762 2517 4817 fuit
2553 4760 2713 4817 Pater
2746 4764 2863 4817 sine
2891 4762 3052 4828 Filio,
3084 4778 3261 4831 neque
3299 4767 3417 4821 sine
3467 4768 3593 4836 Spi-

2023 4854 2134 4907 ritu
2171 4851 2357 4907 Filius.
2401 4871 2420 4904 i
3006 4880 3009 4881 ν
3078 4873 3081 4877 <

2096 4947 2239 5000 Idem
2276 4949 2328 4998 in
2360 4961 2482 5013 cap.
2522 4944 2608 5006 16.
2640 4946 2706 4999 ad
2737 4946 3174 5015 Amphilochium
3207 4965 3220 5001 :
3256 4966 3275 5001 ι
3313 4949 3385 5004 Ut
3428 4950 3597 5021 igitur

2027 5051 2087 5091 se
2121 5036 2283 5090 habet
2306 5036 2373 5089 ad
2413 5035 2628 5089 Patrem
2660 5035 2847 5100 Filius,
2882 5037 2955 5092 ita
2992 5048 3045 5092 et
3079 5040 3145 5094 ad
3182 5039 3379 5096 Filium
3424 5042 3599 5113 Spiri-

2029 5139 2141 5192 tus,
2179 5130 2333 5196 juxta
2375 5130 2665 5184 verborum
2709 5130 3129 5196 connexiouem,
3173 5133 3331 5187 nobis
3372 5134 3426 5187 iu
3467 5137 3599 5204 bap-

2031 5223 2193 5278 tismo
2230 5224 2506 5279 traditam.
2537 5220 2691 5288 Quod
2726 5208 3046 5292 si‘Spiritus
3086 5223 3225 5280 Filio
3275 5229 3416 5280 serie
3461 5242 3598 5279 con-

2030 5316 2302 5379 nectitur,
2357 5313 2507 5369 Patri
2558 5326 2736 5369 antem
2794 5311 2985 5381 Filius,
3033 5323 3087 5369 et
3142 5313 3406 5385 Spiritus,
3449 5314 3602 5369 Patri

2032 5408 2264 5463 scilicet.
2309 5426 2328 5459 ι

2104 5499 2250 5556 Idem
2283 5500 2372 5554 ubi
2415 5514 2578 5569 supra
2623 5517 2636 5555 :
2677 5517 2695 5548 ε
2729 5498 2885 5555 Unus
2912 5506 3092 5553 autem
3122 5507 3177 5551 et
3208 5495 3443 5566 Spiritus
3475 5512 3606 5550 san-

2034 5604 2152 5652 ctus
2177 5593 2426 5649 uniPatri
2445 5609 2541 5664 pct‘
2569 5608 2731 5646 unum
2756 5588 2950 5644 Filium
2969 5590 3329 5648 connectitur.
3358 5606 3376 5640 ι
3405 5588 3607 5659 EtpOst
