4064 6262
3057 334 3124 342 .--σ-
3137 334 3186 341 ιι..

336 344 396 448 3t
1443 394 2493 462 AD\'ERFUSGB1ECOSL!B.I.
3133 386 3136 389 ’
3326 456 3337 466 ,
3512 405 3582 469 38

339 496 425 550 tio.
460 512 479 546 ι
527 493 586 550 Si
629 495 796 564 igitur
833 513 893 554 se
923 499 1154 557 invicem
1203 504 1490 563 continere
1520 511 1619 564 hoc
1647 519 1754 574 cst,
1787 519 1892 565 ter-
1922 508 1964 565 Α
1997 521 2121 565 stus
2156 509 2383 565 Iudaeos
2429 511 2732 581 alloquens,
2766 511 2827 567 Si
2865 520 3060 578 autem,
3097 515 3287 584 inquit.
3330 517 3382 570 in
3413 517 3580 586 digito

334 587 457 642 tiu-
487 602 555 639 ει
588 587 774 656 primo
796 605 889 659 per
915 592 1154 646 medium
1179 611 1304 651 esse
1327 615 1340 662 ;
1371 597 1528 652 aliter
1563 601 1763 668 quippe
1791 618 1896 656 non

331 684 469 730 esset
513 676 762 733 Trinitas
797 681 964 749 Deus,
1005 699 1180 754 neque
1216 688 1496 742 individua
1543 690 1756 760 Deitas;
1791 711 1896 750 una

329 769 466 821 enim
491 768 814 824 estiuminis
841 779 1268 845 eontemperatio
1289 779 1460 850 liquet
1479 783 1718 851 profecto
1749 801 1764 840 :
1790 801 1895 840 una

330 873 445 911 cum
472 861 1056 938 consubstantialitate
1082 871 1245 924 etiarn
1284 888 1642 940 perstntarutn
1686 879 1894 933 servari

329 946 594 1014 ordinem,
631 954 934 1009 secundum
969 971 1133 1027 quem
1168 963 1325 1018 tertia
1370 977 1453 1020 est
1493 981 1558 1020 ex
1593 969 1768 1038 prima
1802 985 1897 1040 per

327 1040 580 1097 malisin.

389 1135 676 1204 Nysseuus
703 1139 872 1195 etiam
899 1141 951 1196 in
979 1143 1122 1199 iibro
1154 1147 1230 1202 De
1264 1160 1447 1205 sancto
1475 1151 1675 1224 Spiritu
1711 1165 1894 1213 contra

323 1226 741 1296 Medonianos,
793 1233 1297 1294 incommutabilem
1351 1258 1709 1310 personarum
1757 1249 1894 1302 divi-

324 1332 509 1371 narum
549 1325 851 1376 secundum
899 1330 1194 1383 essentiam
1257 1334 1620 1405 ordinemque
1674 1338 1888 1393 illarum

323 1411 642 1468 adiutricem
677 1417 923 1480 tradens.
953 1436 1156 1491 epsque
1182 1425 1527 1490 insitnulans,
1553 1431 1645 1498 qtti
1674 1443 1892 1501 propter

323 1507 658 1572 persuptilem
696 1510 967 1576 ordinem,
1003 1515 1208 1584 liliiqtte
1245 1520 1653 1590 ntediationetn,
1714 1527 1893 1578 immi-

320 1599 598 1654 nutionem
633 1602 980 1660 introducere
1013 1609 1294 1671 auderent.
1329 1613 1537 1669 addidit
1577 1635 1591 1671 :
1639 1633 1660 1669 ι
1709 1618 1892 1672 Veluti

320 1687 362 1741 si
387 1689 514 1755 quis
550 1689 604 1742 iu
633 1691 811 1746 tribus
864 1693 1162 1751 luminibus
1203 1699 1436 1755 divisam
1468 1703 1686 1759 intuens
1729 1706 1888 1761 liam-

321 1793 490 1846 a.n;
519 1795 745 1836 causam
801 1800 931 1839 vero
981 1789 1124 1842 tertii
1174 1789 1396 1846 luminis
1441 1796 1670 1863 primam
1732 1797 1884 1852 ﬂam-

318 1886 448 1924 mam
477 1887 606 1928 esse
633 1889 1044 1946 supponamus;
1086 1897 1208 1950 qua:
1265 1899 1329 1939 ex
1366 1886 1750 1945 distributione
1789 1907 1885 1960 per

315 1964 555 2018 medium
603 1979 921 2034 supremum
968 1973 1279 2029 intendet-it.
1335 1976 1568 2044 Deinde,
1616 1982 1667 2034 in
1716 1986 1886 2051 prima

316 2053 531 2110 tiantma
561 2056 806 2112 calorem
844 2061 1123 2117 abundare
1151 2075 1341 2134 parat;
1393 2069 1443 2122 in
1481 2073 1887 2138 quuenti'vero

314 2146 656 2211 decrescere,
708 2165 940 2220 eamque
975 2153 1413 2213 immutationem
1455 2161 1508 2215 in
1555 2163 1735 2218 minus
1766 2182 1889 2220 vcr-

315 2256 468 2311 gere;
505 2245 722 2297 tertiam
757 2261 828 2299 ne
875 2247 1054 2316 ignem
1105 2251 1322 2334 quidem
1367 2253 1478 2323 jam
1510 2255 1638 2322 dici,
1673 2258 1885 2315 etiamsi

312 2334 564 2388 similiter
615 2336 825 2402 ardeat,
873 2347 928 2393 et
977 2339 1179 2404 luceat,
1231 2353 1282 2397 et
1328 2355 1527 2401 cuncta
1575 2363 1697 2419 qua:
1755 2361 1887 2405 sunt

312 2421 442 2490 ignis
486 2435 774 2491 operetur.
822 2445 841 2478 ι
1469 2485 1474 2488 .

374 2511 433 2566 Et
461 2529 535 2567 ex
570 2515 672 2569 hoc
709 2515 870 2585 igitur
899 2521 1147 2591 exemplo
1167 2523 1357 2593 liquot,
1386 2529 1604 2582 tertium
1623 2545 1685 2585 ex
1709 2534 1885 2602 primo

311 2615 398 2669 per
444 2604 698 2658 "mdium
741 2611 1109 2666 essentialiter
1147 2631 1268 2670 esse
1317 2617 1536 2674 habere.
1571 2619 1646 2676 Ex
1695 2625 1884 2678 distri-

311 2689 544 2749 butione
569 2695 722 2749 enim
747 2699 912 2752 medii
942 2715 1265 2771 supremum
1295 2707 1513 2763 incendi
1546 2711 1747 2767 dictum
1770 2725 1879 2782 est;

310 2791 463 2854 atque
544 2803 654 2842 una
701 2791 924 2858 quidem
973 2794 1205 2852 Dammae
1257 2802 1563 2857 substantia
1611 2815 1723 2872 est;
1777 2823 1885 2862 non

312 2882 510 2942 tamen,
562 2881 706 2946 quod
763 2887 1062 2941 secundum
1115 2892 1475 2947 substantiam
1539 2906 1622 2951 est
1673 2899 1727 2951 in
1775 2899 1884 2954 ullo

311 2968 466 3024 trium
518 2972 707 3029 minus
741 2974 1057 3047 inspicitur.

375 3059 644 3118 Summus
695 3068 863 3123 etiam
905 3072 1331 3143 Chrysostomus
1373 3077 1425 3132 in
1455 3080 1664 3150 psalmo
1705 3099 1877 3139 xcnt:

315 3173 332 3204 ι
367 3155 601 3211 Fentem
631 3161 851 3234 quidem
898 3165 1132 3233 appellat
1174 3165 1649 3234 Patr'ent,'ﬂutuen
1697 3189 1877 3233 autem
1908 3198 1951 3252 α

307 3243 528 3304 Fiiium.
561 3263 757 3317 aquam
792 3267 918 3307 vero
960 3254 1204 3309 ﬂuminis
1253 3256 1513 3328 Spiritum
1543 3275 1816 3330 sanctum,
1857 3285 1875 3318 ι

309 3342 689 3394 testimonium
720 3357 1008 3401 assumens
1051 3348 1286 3412 Domini,
1333 3353 1428 3420 qui
1463 3353 1540 3407 ait
1572 3372 1584 3407 :
1617 3354 1719 3420 Qui
1745 3357 1884 3410 bibe-

310 3428 375 3479 rit
389 3444 452 3482 ea:
468 3445 815 3502 «qumquam
829 3451 923 3504 ego
943 3437 1079 3491 dabo
1098 3439 1166 3502 ei,
1188 3457 1290 3494 non
1307 3443 1448 3496 sitiet
1470 3446 1523 3497 in
1541 3456 1793 3500 talentum
1815 3449 1879 3506 ¹⁸.

308 3517 455 3582 Quod
521 3536 812 3589 exponens
861 3527 1229 3605 Evangelia-tt,
1279 3531 1391 3586 Hoc
1439 3544 1634 3602 autem,
1684 3539 1880 3606 inquit,

307 3609 515 3664 dicebat
542 3612 606 3664 de
633 3611 838 3682 Spiritu
882 3634 1031 3686 quem
1067 3625 1332 3691 accepturi
1362 3634 1511 3679 erant
1537 3629 1800 3683 credentes
1827 3631 1882 3684 in

306 3715 416 3754 eum
446 3705 515 3758 ιδ.
548 3703 703 3760 Sicut
728 3723 855 3778 ergo
895 3726 1038 3778 aqua
1067 3712 1233 3769 tentis
1279 3731 1376 3785 per
1406 3719 1626 3773 ﬂuvium
1663 3729 1856 3775 natura

308 3791 433 3846 liter
451 3809 711 3861 manans,
748 3813 847 3866 per
890 3801 1068 3869 ipsum
1107 3804 1470 3860 substantiam
1501 3809 1683 3872 habet,
1717 3821 1881 3878 atque

306 3899 439 3940 cum
468 3888 672 3944 ordine
701 3906 811 3944 una
865 3902 920 3948 et
949 3894 1140 3950 eadem
1168 3912 1322 3967 aqua
1346 3900 1673 3966 substantia,
1709 3915 1880 3971 quatt-

312 3987 419 4032 tum
455 3981 514 4032 in
549 3980 811 4038 humanis
870 3984 1261 4056 fra-gilibttsque
1291 3990 1454 4044 rebus
1486 3993 1747 4061 possibile
1774 4003 1877 4058 est,

309 4081 576 4134 apparere
609 4070 870 4137 cera-itur,
913 4074 988 4126 ita
1008 4082 1061 4128 et
1097 4075 1164 4129 de
1204 4074 1426 4130 Fiiioac
1453 4087 1644 4133 sancto
1675 4071 1876 4148 Spﬂitu

305 4155 624 4216 dicendum.

372 4251 477 4304 Alii
505 4262 693 4307 autent
737 4262 1058 4308 sanctorum
1099 4255 1318 4311 Patrum
1363 4259 1564 4328 ignem,
1601 4261 1873 4316 ﬂammam

304 4350 360 4394 et
405 4342 611 4408 lucem,
661 4344 720 4397 in
745 4345 980 4414 imagine
1014 4345 1294 4421 Trinitatis
1333 4363 1766 4420 assumpserunt,
1809 4369 1874 4408 ex

306 4432 508 4500 quibus
538 4436 730 4488 eadem
755 4436 1013 4505 colligere
1050 4439 1193 4493 licet.
1222 4440 1417 4495 Beatus
1459 4442 1586 4495 item
1613 4443 1871 4514 Cyrillus,

303 4519 360 4572 in
406 4520 697 4577 Thesauris
743 4524 877 4590 sis,
929 4527 1187 4591 radicem,
1261 4544 1472 4582 ramum
1528 4523 1950 4602 fructumqueD
1979 4525 2231 4593 Ρνοίίηυε
2265 4525 2474 4579 Nam.“
2524 4544 2538 4580 ⁵

305 4623 402 4678 pro
444 4614 810 4669 similitudine
873 4620 1146 4684 sumpsit;
1193 4631 1354 4689 atque
1405 4621 1620 4677 Patrem
1668 4641 1873 4702 rosam,

303 4699 499 4757 ﬂorem.
552 4704 782 4772 Filium,
859 4707 1156 4778 odorisq-ue
1210 4707 1563 4780 fragrantiatn
1611 4699 1872 4785 Spiritum

300 4803 554 4850 sanctum
574 4797 865 4865 appellarit
888 4815 901 4864 ;
937 4799 1169 4870 Filiique
1202 4801 1465 4872 Spiritum
1485 4807 1556 4859 ita
1575 4809 1874 4874 cssedixit,

299 4886 462 4952 quasi
490 4902 756 4954 vaporem.
793 4905 864 4944 ει
906 4906 1068 4960 aqua,
1101 4908 1166 4949 ac
1198 4894 1364 4949 vviuti
1387 4897 1704 4977 qualitatem
1733 4902 1872 4970 ejus:

301 4971 462 5029 Sicut
489 4976 656 5044 igitur
691 4979 902 5038 fructus
931 4997 995 5036 ex
1031 4983 1213 5038 radice
1243 5000 1340 5054 per
1365 5001 1589 5041 ramum
1611 4971 1874 5045 naturali-

298 5073 380 5119 ter
424 5069 710 5138 prodiens,
763 5073 1129 5129 substantiam
1167 5093 1233 5132 es
1287 5078 1469 5135 radice
1512 5097 1607 5150 per
1656 5097 1868 5136 ramum

295 5159 530 5226 accipit,
581 5175 687 5214 non
723 5177 790 5217 ex
839 5166 1048 5230 radice,
1094 5168 1222 5222 sine
1245 5172 1458 5236 medio;
1499 5172 1708 5226 sublata
1743 5188 1872 5228 vero

295 5251 433 5304 rami
485 5253 861 5320 mediatione,
941 5256 1157 5311 fructus
1207 5271 1461 5316 constare
1506 5279 1612 5318 non
1647 5265 1866 5332 poterit,

296 5349 461 5408 atque
515 5359 623 5397 una
688 5355 741 5400 et
787 5348 1052 5402 naturalis
1103 5351 1338 5419 qualitas
1386 5363 1441 5414 et,
1484 5355 1621 5408 ordo
1655 5357 1865 5422 elucet;

296 5431 489 5486 itidem
525 5443 582 5486 et.
610 5436 678 5489 de
709 5447 897 5493 saneto
927 5437 1140 5507 Spiritu
1164 5442 1475 5510 dicendum,
1508 5445 1568 5499 in-
1599 5457 1862 5515 quantum

295 5524 539 5591 exempli
575 5529 832 5592 permittit
859 5531 1166 5588 infirmitas.

364 5610 575 5685 Beatus
607 5617 746 5672 idem
793 5620 1030 5691 Cyrinus
1062 5624 1116 5676 in
1167 5624 1450 5682 Thesauris
1487 5631 1601 5684 ait:
1647 5650 1665 5682 ι
1707 5632 1866 5688 Chri-

369 5789 417 5820 ³³
445 5786 609 5844 Joan.
645 5807 719 5858 tv,
751 5794 837 5848 i5:
917 5800 961 5832 ¹⁶
990 5798 1150 5855 Joan.
1177 5814 1274 5863 vn,
1311 5800 1398 5857 59.

1483 5805 1524 5838 ¹⁵
1558 5804 1690 5860 Luc.
1724 5823 1784 5873 tt,
1827 5809 1910 5876 l9,
1960 5809 2051 5866 90.

1981 599 2100 662 .Dri
2127 602 2280 670 ejicio
2308 604 2593 668 dcentonia,
2651 606 2886 673 pro/ceto
2909 607 3138 672 pervenit
3168 609 3217 658 in
3247 598 3335 660 vos
3363 624 3580 677 regnum
3606 636 3612 643 -

2002 692 2096 745 Dei
2125 694 2194 747 .¹⁵.
2229 693 2465 762 Digitum
2504 696 2610 749 hoc
2645 696 2696 750 in
2741 697 2858 751 loco
2891 699 3153 768 Spiritum
3193 711 3443 752 sanetum
3477 703 3574 764 ait,

2001 784 2414 852 quodammodo
2461 785 2646 839 divina
2694 789 2930 841 essentia
2986 799 3258 848 exttrtum,
3299 800 3461 857 atque
3510 804 3576 843 ex

1997 886 2056 924 ea
2091 873 2414 926 naturaliter
2441 874 2766 942 pendentem
2795 917 2811 938 ,
2837 921 2857 944 ,
2885 877 3026 930 sicut
3065 885 3115 931 et
3147 877 3352 946 digitus
3382 893 3444 929 cx
3477 877 3578 930 htt-

1997 975 2162 1013 mana
2204 961 2402 1029 pendet
2432 975 2620 1015 manu.
2655 960 2946 1016 Brachium
2981 964 3181 1032 quippe
3213 963 3327 1027 Dei,
3359 976 3408 1017 et
3445 963 3580 1018 dex-

1996 1057 2192 1112 teram,
2252 1047 2453 1102 Fili‘um
2507 1063 2678 1104 sacrae
2733 1048 2957 1104 Littera
3011 1051 3317 1119 appellant,
3371 1060 3431 1105 ιιι
3491 1059 3578 1105 est

1996 1138 2126 1193 illttd
2174 1155 2188 1192 :
2233 1136 2470 1194 Salvavit
2513 1140 2612 1193 sibi
2653 1142 2870 1194 dextera
2901 1141 3038 1208 ejus,
3065 1151 3112 1194 et
3157 1141 3425 1194 brachium
3455 1157 3579 1194 san-

1996 1240 2137 1284 ctum
2181 1230 2299 1299 ejus
2331 1230 2396 1284 ¹⁶.
2437 1232 2516 1286 Ac
2566 1247 2788 1286 rursum
2841 1249 2855 1286 :
2909 1233 3148 1295 Domine,
3194 1233 3459 1287 excelsum
3499 1242 3575 1286 cst

1996 1325 2270 1377 brachium
2313 1333 2480 1388 tuum,
2517 1335 2566 1378 et
2616 1326 2910 1379 nescierunt
2943 1343 2961 1380 :
2995 1328 3214 1380 scientes
3245 1338 3417 1380 autem
3451 1343 3578 1381 con-

1993 1417 2284 1486 fundentur
2324 1417 2389 1470 "'.
2429 1389 2584 1472 Sicu?
2613 1433 2744 1489 ergo
2783 1420 3070 1473 brachium
3119 1420 3437 1473 naturaliter
3474 1419 3570 1474 tuti

1993 1505 2207 1574 corpori
2241 1515 2557 1574 coaptatum
2597 1514 2701 1569 est,
2770 1517 2970 1561 cuncta
3028 1523 3291 1577 Operans,
3344 1523 3574 1576 qumque

1992 1600 2162 1654 menti
2194 1600 2306 1654 visa
2355 1598 2582 1663 fuerint,
2638 1601 2792 1667 ungit
2839 1610 3044 1662 autem,
3095 1612 3356 1653 consuete
3401 1599 3573 1668 digito

1993 1691 2062 1745 ad
2109 1691 2215 1746 hoc
2269 1701 2458 1757 utens;
2509 1695 2583 1743 ita
2631 1699 2686 1745 et
2733 1688 2966 1745 Verbum
3002 1692 3095 1745 Dei
3132 1709 3192 1746 ex
3231 1693 3372 1760 ipso.
3412 1701 3463 1744 et
3515 1693 3570 1743 in

1994 1782 2117 1852 ipso
2163 1783 2487 1836 naturaliter
2527 1791 2692 1852 atque
2754 1784 3118 1838 essentialiter
3145 1795 3477 1854 coaptatum,
3516 1791 3575 1834 ut

1992 1876 2064 1928 ita
2097 1873 2346 1938 dixerim,
2392 1885 2556 1942 atque
2616 1885 2863 1928 exortum
2919 1877 3226 1944 cogitamus
3268 1895 3281 1931 :
3327 1878 3379 1930 in
3431 1875 3572 1930 Filio

1965 1975 2176 2019 autem
2213 1966 2534 2018 natm-aliter
2584 1968 2732 2031 item,
2775 1976 2827 2019 et
2870 1969 3242 2026 essentialiter
3279 1977 3573 2036 penetran-

1993 2065 2099 2108 tem
2139 2070 2168 2108 a
2209 2053 2373 2108 Patre
2428 2054 2694 2124 Spiritum
2739 2067 3015 2118 sanctum,
3059 2072 3151 2125 per
3181 2073 3340 2126 quem
3383 2060 3569 2112 omnia

1991 2147 2262 2216 inungens
2289 2146 2613 2200 sanctiﬁcat.
2641 2143 2756 2199 Non
2788 2146 2954 2215 igitur
2977 2147 3186 2201 alienus
3227 2162 3290 2200 ac
3329 2157 3570 2202 remotus

1989 2251 2023 2290 a
2059 2235 2238 2289 divina
2286 2235 2528 2290 essentia
2567 2237 2782 2289 videtur
2820 2236 3062 2303 Spiritus
3105 2245 3351 2300 sanctus,
3383 2235 3476 2290 sed
3509 2237 3567 2289 in
3602 2251 3608 2258 '

1989 2325 2128 2394 ipsa,
2159 2333 2324 2394 atque
2349 2340 2412 2379 ex
2449 2326 2564 2393 ipsa
2613 2326 2942 2378 naturaliter
2984 2333 3070 2379 est
3101 2342 3114 2378 :
3154 2325 3298 2378 sicut
3334 2339 3514 2394 neque
3537 2338 3570 2378 a

1987 2433 2222 2487 corpore
2270 2418 2474 2488 digitus
2514 2417 2616 2487 ipsi
2679 2417 2867 2471 manui
2925 2418 3196 2484 ingenitus
3247 2427 3413 2485 atque
3460 2432 3566 2471 una

1989 2521 2236 2566 exortus.
2270 2512 2334 2563 Et
2355 2525 2552 2565 manus
2590 2527 2811 2566 rursum
2837 2511 2889 2562 in
2914 2524 3146 2578 corpore
3169 2523 3281 2563 non
3313 2509 3566 2577 alterius,

1987 2620 2150 2674 quam
2177 2604 2346 2672 ips-ius
2379 2602 2698 2657 substantiae
2735 2602 3025 2656 (assistens,
3049 2621 3072 2653 ι

2059 2694 2172 2748 Hoc
2217 2695 2266 2748 in
2304 2694 2428 2748 loco
2475 2710 2568 2763 per
2620 2693 2924 2763 Scriptnrze
2973 2695 3263 2763 imaginem
3312 2692 3568 2747 Ecclesiae

1987 2788 2248 2856 magister
2279 2787 2544 2848 Ostendit,
2576 2796 2626 2839 et
2661 2801 3018 2860 persottarum
3056 2787 3324 2852 ordinem,
3361 2802 3470 2856 quo
3499 2800 3567 2841 εί

1997 2879 2232 2934 invicem
2291 2877 2563 2947 pendent,
2619 2889 2743 2947 puta
2797 2892 2992 2932 manus
3045 2879 3300 2947 corpori,
3355 2877 3566 2946 digitus

1983 2981 2169 3026 autem
2219 2971 2402 3024 manui
2479 2969 2560 3023 vel
2613 2969 2840 3023 brachio
2879 2970 3154 3024 cohaerent
3213 2987 3227 3026 ;
3268 2971 3567 3024 secundum

1985 3081 2144 3133 quem
2177 3065 2424 3118 ordinem
2459 3063 2630 3117 etiam
2671 3063 2865 3117 tertius
2892 3078 2955 3117 es
2983 3053 3168 3132 primo
3195 3078 3290 3132 per
3323 3063 3561 3116 medium

1984 3165 2086 3219 est,
2125 3154 2590 3225 quemadmodum
2624 3164 2676 3207 et
2713 3154 2935 3223 digitus,
2969 3155 3206 3209 naturali
3241 3154 3307 3208 ad
3337 3169 3394 3208 se
3427 3168 3567 3207 cono

1995 3247 2248 3310 nexione,
2287 3254 2340 3300 et
2371 3246 2708 3308 substantia,
2746 3261 2810 3299 ac
2845 3245 3048 3300 virtute
3091 3247 3436 3315 pertingente
3468 3259 3565 3313 per

1991 3339 2305 3396 brachium.
2339 3335 2492 3391 Sicut
2523 3345 2576 3390 et
2604 3352 2836 3406 magnus
2867 3339 2942 3390 ait
2975 3337 3229 3399 Basilius,
3257 3337 3565 3391 naturalem

1990 3431 2292 3487 bonitatem
2358 3429 2674 3497 rcgiamque
2745 3428 3067 3497 dignitatem
3123 3443 3187 3481 ex
3247 3425 3406 3480 Patre
3467 3441 3567 3495 per

1990 3520 2338 3590 Unigenitum
2361 3519 2423 3572 ad
2452 3517 2719 3586 Spiritum
2739 3522 3062 3588 pertingere.
3097 3519 3280 3588 Neque
3315 3520 3416 3573 hoc
3467 3534 3568 3573 so-

1989 3613 2125 3674 lum,
2160 3612 2250 3664 sed
2292 3620 2344 3664 et
2379 3609 2561 3662 omnia
2602 3626 2664 3664 ex
2708 3609 2866 3662 Patre
2902 3625 2998 3678 per
3037 3611 3234 3664 Filium
3281 3611 3333 3664 in
3370 3620 3565 3664 sancto

1989 3702 2196 3770 Spitiltl
2240 3710 2295 3754 et
2345 3699 2608 3766 producta
2665 3714 2807 3760 esse,
2856 3708 2914 3753 et
2957 3713 3230 3766 constare,
3289 3705 3566 3773 theologia

1987 3793 2191 3848 docuit.
2247 3792 2430 3861 Ipsum
2478 3805 2610 3860 ergo
2652 3805 3012 3860 personarum
3064 3792 3318 3847 ordinem
3367 3797 3566 3850 doctor

1987 3884 2243 3947 ostendit,
2272 3897 2574 3952 earumque
2593 3883 3059 3937 consubstantiale
3089 3884 3216 3937 hinc
3248 3888 3568 3940 necessario

1989 3975 2312 4030 insinuavit.
2361 3974 2476 4032 Utta
2526 3977 2680 4029 enim
2712 3984 2796 4030 est
2845 3977 3119 4046 corporis,
3155 3986 3210 4030 et
3248 3978 3476 4043 brachii,
3506 3989 3562 4035 et

1986 4066 2143 4136 digiti
2204 4066 2472 4121 naturaiis
2499 4067 2921 4137 essentialisq-ue
2965 4069 3272 4123 substantia
3313 4084 3326 4120 :
3363 4084 3558 4139 quam-

1985 4163 2069 4214 vis
2095 4178 2272 4231 neque
2305 4176 2500 4216 manus
2526 4163 2601 4216 sit
2624 4163 2847 4231 digitus,
2880 4179 3059 4232 neque
3093 4163 3302 4233 digitus
3337 4179 3557 4229 manus,

1987 4257 2114 4326 quia
2150 4271 2340 4326 neque
2381 4271 2586 4311 manus
2632 4271 2732 4326 per
2753 4258 2988 4328 digitum
3035 4274 3252 4328 corpori
3305 4271 3562 4329 coaptat:

1983 4356 2086 4402 est.
2136 4345 2412 4411 Quocirca
2455 4355 2678 4402 ostenso
2731 4349 2899 4402 etiam
2943 4366 3043 4419 per
3073 4351 3214 4404 hanc
3263 4350 3562 4420 imaginem

1983 4449 2344 4502 personarum
2369 4436 2440 4488 ad
2471 4450 2530 4490 se
2572 4438 2802 4492 invicem
2831 4440 3048 4503 ordine,
3084 4441 3556 4498 consubsmntiale
3601 4446 3606 4451 '

2590 4525 2710 4582 Non
2738 4528 2923 4599 igitur,
2965 4528 3163 4598 inquit,
3197 4531 3407 4586 alienus
3463 4547 3558 4586 ne-

1974 4631 2080 4684 que
2118 4625 2359 4675 remotus
2392 4631 2421 4671 a
2473 4617 2662 4673 divi-na-
2726 4622 2968 4676 essentia
3025 4631 3107 4677 est
3144 4621 3379 4692 Spiritus
3426 4640 3556 4680 san-

1973 4715 2114 4761 ctus.
2164 4725 2186 4758 ι

2045 4818 2203 4875 Certe
2237 4829 2291 4874 et
2329 4821 2523 4878 beatus
2579 4824 2936 4891 Augustinus,
2977 4841 3138 4894 qucm
3190 4843 3458 4884 summum
3501 4843 3556 4887 et

1975 4909 2498 4966 excellentissimum
2528 4913 2805 4967 doctorem
2833 4915 3170 4970 uttiversales
3199 4918 3387 4987 synodi
3415 4937 3554 4988 prte-

1983 5001 2320 5066 dicaverunt,
2376 5003 2518 5057 sicut
2567 5021 2632 5058 ex
2683 5007 2850 5074 gestis
2897 5009 3252 5078 synodalibus
3313 5021 3551 5075 constat,

1981 5091 2272 5146 humanam
2331 5105 2564 5149 mentem
2601 5111 2699 5166 pro
2749 5098 2905 5154 Patre
2955 5103 3004 5154 in
3056 5102 3290 5172 imagine
3339 5109 3550 5171 sumit;

1985 5179 2219 5235 Verbum
2268 5193 2475 5246 autem,
2513 5189 2654 5255 quod
2683 5188 2904 5243 insitum
2965 5202 3128 5260 atque
3175 5195 3426 5249 intimum
3452 5188 3548 5249 di-

1980 5272 2144 5336 citur,
2183 5287 2281 5341 pro
2306 5273 2465 5340 Filio;
2494 5277 2586 5347 qui
2616 5287 2670 5332 et
2693 5282 2838 5348 apud
2866 5281 3128 5338 Joannem
3157 5288 3546 5355 evangelistam

1980 5365 2071 5418 Dei
2131 5363 2364 5420 Verbitm
2421 5369 2601 5425 dictus
2667 5383 2750 5426 est
2790 5390 2803 5426 :
2838 5373 3124 5445 Patrisque
3199 5378 3458 5441 definitio,
3494 5388 3550 5434 et

1977 5454 2231 5520 Verbum,
2263 5467 2316 5509 et
2347 5474 2565 5526 germen
2619 5477 2672 5516 et
2737 5465 2986 5522 voluntas
3027 5479 3076 5521 et
3123 5469 3463 5536 signaculum
3515 5483 3546 5523 a

1971 5547 2230 5618 Gregorio
2253 5551 2522 5622 Theologo
2555 5557 2852 5623 appellatus
2900 5572 2982 5615 etsi
3035 5562 3332 5614 secundum
3383 5575 3546 5631 quam

1985 5623 2219 5696 maxime
2280 5642 2567 5713 imaginem
2599 5649 2649 5700 itt
2684 5649 2901 5705 homine
2939 5651 3028 5705 Dei
3057 5655 3234 5721 imago
3281 5665 3546 5710 servetur.
3579 5645 3583 5648 ’

2167 5814 2209 5844 ¹⁶
2251 5815 2392 5870 l'sal.
2431 5834 2593 5880 xcvtt,
2642 5821 2688 5873 Ι.
2805 5827 2847 5856 ’⁷
2879 5826 3019 5880 Psal.
3067 5843 3216 5890 xuii,
3264 5830 3318 5885 4.
