4144 6296
377 345 407 405 ξ’
414 342 449 407 9
1654 338 1990 399 MANUELI

2092 337 2377 398 IALECE
2968 286 2999 293 μ
3252 396 3257 401 .
3583 334 3653 399 40

384 455 728 509 Voluntatem
766 465 898 506 vero
929 463 1047 519 qua:
1076 447 1401 505 naturaliter
1424 445 1678 503 omnibus
1714 449 1964 503 ratiuna-
2003 455 2042 511 Α
2077 447 2223 504 diuis
2255 450 2306 504 in
2337 450 2415 505 eis
2465 456 2568 515 est,
2607 448 2657 503 id
2692 447 2799 504 Deo
2849 449 3007 520 longe
3034 449 3252 521 dignius
3304 452 3651 521 ascribimus.

377 549 523 602 libus
573 555 626 599 et
649 543 1108 599 iutellectualibus
1143 543 1304 607 inest,
1350 540 1537 593 divino
1576 540 1803 608 Spiritui
1842 541 1977 594 assi-
2087 540 2225 595 llinc
2260 542 2405 595 enim
2437 542 2903 596 consubstantiale
2934 544 3241 596 divinarum
3272 559 3652 613 personarum,

378 649 531 705 gnat,
557 636 751 705 partim
782 634 998 703 quidem
1029 650 1094 686 ex
1119 632 1321 687 divinis
1348 631 1591 697 Litteris,
1614 631 1849 701 exempli
1876 632 1981 684 hu-
2084 632 2445 701 ordinemque
2477 633 2543 686 ad
2575 633 2803 687 invicem
2827 648 3015 688 earum
3050 634 3187 688 clam
3222 636 3485 700 tollimus,
3512 639 3655 692 sicut

374 732 465 800 jus
506 729 823 786 occasiones
851 739 1096 785 sumens.
1130 724 1350 793 partim,
1404 724 1533 792 quia
1577 722 1980 786 intellectualis,
2085 724 2139 779 in
2173 723 2344 788 fonte,
2378 734 2431 779 et
2460 725 2653 784 fluvio.
2689 734 2742 780 et
2773 726 2893 779 viva
2921 716 3061 794 aqua
3119 725 3301 781 habet.
3340 725 3479 782 llinc
3506 728 3654 782 ordi-

379 833 435 875 (δι
461 821 765 882 rationalis,
795 834 858 873 ac
884 817 1072 873 volens
1100 814 1245 870 Deus
1271 824 1325 869 et
1359 815 1560 870 dicitur
1581 821 1632 868 et
1658 822 1762 868 est.
1795 813 1982 883 Neque
2085 818 2169 872 nis
2198 817 2500 882 immobile,
2526 817 2853 893 nullatenus
2912 818 3294 886 personalibus
3351 820 3655 889 proprieta-

381 914 524 967 cnim
570 914 776 967 ratione
831 918 883 964 et
935 910 1217 964 voluntate
1247 907 1470 977 praedita
1525 923 1763 975 unquam
1789 916 1982 976 protu-
2084 910 2230 989 tibus
2263 910 2445 975 motis;
2481 924 2659 979 neque
2684 909 2827 963 enim
2859 909 3023 965 fontis
3046 894 3257 974 oculus,
3284 910 3406 965 fons
3431 911 3652 976 dicitur;

382 1001 562 1069 lisset,
615 1003 718 1056 nisi
776 1001 889 1055 hac
918 1000 1071 1071 prius
1117 1000 1170 1053 in
1202 1013 1261 1053 se
1318 998 1476 1067 longe
1526 997 1983 1054 excellentissime
2084 1016 2261 1068 neque
2292 1000 2435 1063 fons.
2473 1000 2695 1056 fluvius.
2732 999 2920 1071 Neque
2970 1016 3162 1056 rursus
3192 1003 3293 1067 sol,
3328 1002 3514 1056 radius
3563 1019 3655 1055 vo-

390 1095 637 1150 haberet.
2084 1100 2282 1155 catur;
2334 1107 2523 1157 neque
2580 1093 2763 1147 radius
2823 1107 2887 1146 ea
2930 1108 3050 1160 quae
3113 1108 3208 1161 per
3258 1093 3404 1146 hunc
3471 1101 3658 1148 manat

457 1184 932 1253 Quemadmodum
955 1180 1983 1247 veroPati-isdcfinitio,etVerhnmin-
2084 1192 2247 1252 atque
2270 1182 2593 1237 diffunditur
2619 1184 2730 1249 lux,
2791 1199 2915 1238 cum
2972 1192 3025 1238 et
3071 1183 3186 1249 ipse
3215 1190 3361 1237 certe
3421 1182 3494 1238 sit
3538 1183 3654 1236 lux.

384 1275 572 1337 situm,
599 1274 896 1328 essentiale
938 1288 1001 1328 ac
1033 1273 1391 1328 substantiale
1434 1281 1556 1327 est:
1590 1273 1661 1326 ita
1694 1282 1749 1326 et
1784 1272 1982 1339 hujtis-
2085 1274 2349 1328 Servandi
2407 1284 2585 1328 tamen
2652 1275 2862 1329 ordinis
2917 1290 3109 1339 causa,
3165 1260 3378 1344 singula
3427 1276 3659 1345 singulis

386 1366 537 1418 modi
598 1365 858 1419 voluntas
890 1372 997 1428 est,
1018 1364 1319 1418 secundum
1345 1360 1513 1432 qd‘am
1541 1364 1684 1418 Deus
1742 1364 1980 1434 seipsum
2085 1366 2306 1418 nomina
2338 1365 2631 1421 distributa
2689 1373 2743 1419 et
2773 1376 3022 1434 separata
3079 1375 3227 1421 sunt.
3268 1366 3423 1421 Sicut
3480 1382 3659 1435 neque

390 1458 528 1520 vult,
584 1456 726 1510 sicut
759 1465 813 1510 et
869 1457 1170 1510 secundum
1202 1454 1461 1510 .Verbum
1511 1470 1696 1515 suum.
1739 1455 1981 1523 seipsum
2083 1455 2244 1510 Pater
2278 1456 2447 1509 Filius
2482 1465 2585 1518 est.
2618 1471 2796 1525 neque
2851 1456 3020 1511 Filius
3052 1456 3230 1524 Pater,
3265 1474 3441 1529 neque
3485 1458 3659 1529 Spiri-

386 1547 658 1614 intelligit.
686 1545 904 1599 Nullum
942 1547 1089 1601 enim
1150 1554 1231 1600 est
1262 1546 1313 1599 in
1364 1545 1472 1599 Deo
1521 1545 1801 1600 accidens.
1851 1544 1983 1599 Ver-
2088 1560 2174 1605 tus
2200 1560 2424 1605 sanctus
2452 1548 2611 1603 Pater
2643 1560 2738 1604 aut
2768 1550 2961 1605 Filius.

385 1640 513 1692 bum
556 1640 723 1707 igitur
747 1639 863 1692 sine
894 1638 1072 1692 medio
1096 1652 1159 1691 ex
1187 1646 1367 1691 mente
1399 1637 1885 1691 :voluntasautem
1916 1652 1978 1690 ex
2157 1632 2332 1711 Atque
2389 1620 2607 1698 aliunde
2666 1644 2886 1713 quidem
2942 1659 3296 1712 personarum
3358 1648 3487 1700 unio
3523 1646 3659 1702 insi-

386 1740 568 1785 mente
596 1747 689 1801 per
711 1729 949 1784 Verbum
979 1739 1078 1783 est.
1110 1729 1449 1800 lmpossibile
1473 1738 1557 1784 est
1579 1729 1724 1783 enim
1749 1728 1982 1798 quemli-
2086 1742 2311 1786 nuatur.
2363 1733 2597 1788 Basilius
2658 1734 2859 1802 quippe
2917 1718 3153 1803 eximius
3228 1734 3381 1791 iridis
3413 1737 3659 1804 exemplo

388 1824 476 1876 bet
527 1823 807 1893 quodlibet
857 1832 947 1877 aut
993 1822 1402 1893 quomodolibet
1458 1822 1594 1876 velle
1621 1862 1633 1885 ,
1679 1820 1784 1874 nisi
1837 1820 1985 1888 prius
2021 1826 2061 1881 Β
2093 1840 2226 1879 usus
2254 1835 2359 1879 est.
2394 1822 2451 1878 ln
2481 1841 2607 1893 qua,
2634 1840 2756 1879 cum
2783 1825 2957 1879 unitio
3012 1826 3383 1894 discretioque
3409 1828 3655 1879 colorum

390 1914 715 1985 cogitaverit
771 1912 899 1983 quid
956 1914 1106 1969 velit.
1143 1912 1329 1982 Itaque
1360 1912 1615 1967 voluntas
1639 1927 1736 1982 per
1762 1914 1983 1965 verbum
2090 1914 2333 1970 suaviter
2384 1923 2438 1969 et
2466 1916 2678 1969 modice
2704 1926 2987 1985 appareat,
3014 1931 3120 1969 non
3155 1926 3334 1971 tamen
3370 1930 3659 1984 processus

398 2018 447 2060 et
481 2023 545 2060 ex
585 2006 751 2059 verbo
785 2007 1050 2076 procedit.
1101 2003 1225 2061 ldco
1267 2014 1321 2059 et
1352 2006 1507 2059 hrnta
1541 2004 1822 2069 animalia,
1857 2004 1984 2071 quia
2091 2008 2197 2063 ulla
2236 2008 2286 2061 in
2321 2008 2407 2062 bis
2435 2009 2577 2063 ratio
2614 2009 2925 2075 inspicitur.
2958 2008 3195 2063 Aliunde
3225 2017 3406 2064 autem
3439 2024 3659 2077 proces-

384 2100 553 2152 VCI‘bO
607 2107 659 2151 ει
695 2098 903 2151 “ilione
925 2106 1131 2161 εδιύιιῐν
1166 2111 1340 2163 ιιθίιυθ
1367 2096 1578 2159 νοιυιιίι
1619 2110 1797 2164 neque
1851 2095 1986 2149 velle
2088 2114 2185 2155 sus
2220 2114 2343 2159 cum
2376 2100 2570 2154 ordine
2636 2101 2939 2155 differentia
2999 2099 3296 2171 colligitur,
3366 2102 3445 2155 vel
3503 2101 3656 2169 plura

384 2191 665 2252 dicuntur,
692 2189 787 2243 sed
854 2188 1087 2242 naturali
1154 2196 1301 2241 motu
1344 2186 1792 2239 irrationabiliter
1829 2184 1983 2243 ferri.
2087 2203 2208 2243 esse
2240 2204 2304 2243 ex
2348 2203 2480 2251 uno,
2522 2188 2627 2242 alia
2658 2204 2781 2244 esse
2829 2204 2892 2243 ex
2932 2189 3059 2254 alio,
3120 2189 3173 2243 in
3211 2204 3373 2242 unam
3420 2188 3657 2257 aliquam

382 2282 657 2348 Quoniam
706 2281 870 2351 igitur
916 2280 1136 2333 verbum
1162 2280 1228 2332 ad
1298 2289 1534 2332 mentem
1597 2275 1848 2340 refertur,
1891 2291 1984 2325 vo-
2087 2279 2333 2334 veritatis
2371 2279 2787 2333 similitudinem
2820 2280 3106 2348 phantasia
3139 2280 3448 2348 colligente.
3482 2278 3659 2347 Opor-

389 2380 682 2445 luutasque
717 2374 1023 2428 necessario
1077 2388 1142 2426 ex
1179 2381 1356 2426 mente
1398 2385 1494 2439 per
1528 2368 1751 2422 verbum
1785 2369 1983 2436 prodit,
2092 2380 2165 2423 tet
2193 2370 2338 2424 enim
2368 2385 2488 2433 nos,
2520 2370 2763 2439 quandiu
2817 2371 2869 2424 in
2925 2371 3132 2426 umbris
3172 2373 3225 2424 et
3279 2371 3657 2441 aenigmatibus

398 2471 543 2540 quod
577 2467 919 2539 propositum
944 2474 1082 2531 erat,
1108 2465 1233 2519 hinc
1258 2465 1421 2517 etiam
1453 2471 1734 2517 ostensum
1761 2472 1866 2515 est.
2091 2464 2347 2526 vivimus,
2383 2463 2466 2519 his
2496 2464 2680 2528 rebus,
2720 2480 2839 2534 qua:
2865 2466 3020 2519 nobis
3066 2466 3309 2519 notiores
3349 2476 3494 2531 sunt,
3545 2466 3660 2517 vel-

461 2566 639 2631 Atque
692 2560 939 2629 exempla
986 2556 1235 2627 quidem,
1285 2571 1405 2626 qnze
1474 2555 1648 2609 sancti
1699 2560 1987 2607 as:umunt
2090 2558 2164 2609 uti
2230 2555 2553 2623 quibusdam
2617 2556 2963 2611 adminiculis
3011 2557 3076 2611 ad
3140 2557 3307 2611 Demn
3350 2557 3490 2610 niti:
3548 2571 3660 2610 cre-

390 2653 700 2724 bujusmodi
734 2662 882 2707 sunt.
934 2650 1087 2703 Sicut
1121 2658 1300 2701 autem
1354 2646 1557 2700 fluvius
1587 2645 1700 2716 (18)
1754 2651 1987 2699 nonest
2089 2648 2281 2699 dentes
2346 2647 2565 2715 quidem
2622 2647 2996 2716 principaliter
3037 2664 3101 2702 ac
3167 2648 3497 2710 necessario,
3576 2646 3659 2700 bis

389 2748 508 2801 sine
531 2747 708 2799 medio
747 2759 809 2799 ex
836 2744 1019 2805 oculo,
1055 2756 1232 2809 neque
1288 2739 1378 2793 lux
1409 2752 1531 2793 esse
1564 2738 1719 2795 aliter
1782 2747 1986 2806 posset,
2090 2751 2209 2806 qua:
2249 2736 2373 2790 inde
2401 2746 2644 2802 manant,
2674 2738 3000 2804 sententiis;
3066 2739 3492 2793 consolationem
3528 2753 3658 2792 vero

391 2840 491 2893 nisi
520 2854 583 2893 ex
607 2837 717 2891 sole
741 2852 835 2906 per
857 2838 1087 2899 radium,
1110 2812 1286 2899 ne'que
1316 2833 1435 2885 viva
1462 2844 1602 2901 aqua
1624 2845 1687 2884 ex
1705 2830 1850 2883 fonte
1872 2828 1988 2881 sine
2090 2829 2252 2880 etiam
2278 2841 2343 2881 ex
2394 2827 2477 2881 his
2513 2842 2632 2897 qua:
2658 2827 2933 2895 videntur,
2959 2837 3225 2898 quantum
3259 2829 3406 2893 licet,
3444 2830 3661 2897 capien-

394 2932 591 2994 medio,
621 2931 714 2985 sed
743 2946 836 2999 per
887 2928 1107 2982 nmium
1178 2934 1396 2989 manat,
1457 2938 1634 2991 neque
1666 2922 1875 2975 fructus
1920 2936 1987 2973 ex
2092 2926 2192 2980 tes,
2246 2929 2622 2990 quantumque
2682 2932 2947 2975 creatura:
3000 2921 3051 2975 in
3093 2937 3150 2976 se
3182 2921 3315 2991 ipsis
3359 2934 3657 2976 creatorem

393 3023 578 3076 radice
645 3022 765 3075 sine
785 3021 920 3072 rami
942 3018 1137 3071 medio.
1171 3017 1285 3070 lloc
1315 3016 1460 3070 enim
1502 3030 1683 3069 rerum
1739 3010 1986 3067 ordin'em
2092 3011 2305 3064 exiliter
2349 3011 2629 3066 insinuare
2697 3022 2968 3081 possunt:
3024 3013 3369 3081 visibiliaque
3417 3008 3662 3066 invisibi-

342 3148 350 3155 .
384 3128 458 3167 ac
520 3110 844 3165 substantize
919 3122 1237 3179 processum
1300 3104 1582 3160 confundit
1631 3113 1685 3159 et
1744 3102 1983 3172 perimit_
2022 3169 2057 3184 ﬂ
2094 3099 2197 3153 lem
2242 3101 2492 3155 vehicula
2526 3101 2775 3170 quaedam
2816 3103 2881 3156 ad
2914 3102 3144 3170 primam
3176 3102 3457 3156 veritatem
3508 3102 3660 3158 exhi-

387 3205 454 3259 ln
488 3205 597 3269 bis,
657 3211 711 3255 et
744 3202 799 3255 in
863 3169 1078 3255 ealteiis
1121 3214 1242 3268 qum
1290 3197 1694 3268 proposuimus,
1725 3196 1987 3264 exemplis
2019 3169 2059 3222 θ
2097 3192 2297 3246 brntia.

396 3297 585 3349 eadem
634 3278 876 3363 profecto
904 3294 1116 3347 ratione
1136 3300 1191 3344 ct
1234 3297 1458 3345 sanctus
1486 3287 1719 3357 Spiritus
1744 3286 1988 3340 rationa-
2086 3304 2091 3309 ι
2164 3281 2321 3337 Unde
2355 3291 2410 3337 et
2465 3282 2757 3353 Gregorius
2809 3281 3119 3352 Theologus
3159 3283 3273 3337 ait:
3305 3301 3323 3333 ι
3382 3281 3524 3337 Nihil
3576 3293 3662 3339 est

388 3386 577 3441 imiter
636 3401 697 3439 ex
742 3385 905 3440 Patre
935 3383 1054 3437 sine
1110 3382 1287 3436 medio
1348 3396 1452 3434 non
1502 3380 1721 3434 dicitur.
1771 3378 1989 3433 Tertius
2091 3372 2236 3442 quod
2264 3373 2394 3427 mihi
2435 3375 2674 3428 animant
2711 3374 2871 3429 sistat
2925 3374 3238 3443 inspicienti
3277 3377 3330 3428 in
3394 3376 3659 3445 exetnplis

395 3480 539 3534 enim
572 3494 601 3531 a
638 3477 803 3532 Patre
837 3476 1142 3532 secundum
1207 3466 1552 3544 personalem
1615 3470 1859 3525 ordinem
1895 3486 1995 3539 pu-
2095 3463 2169 3529 id,
2227 3468 2372 3536 quod
2438 3466 2725 3537 imaginari
2780 3475 2835 3521 et
2898 3468 3199 3535 conspicari
3261 3482 3444 3537 pergo,
3496 3487 3513 3520 ι
3554 3468 3658 3522 nisi

394 3572 568 3635 nitur,
599 3582 762 3638 atque
785 3584 880 3637 per
914 3566 1112 3621 Filium
1166 3580 1288 3620 esse
1313 3579 1377 3618 ac
1402 3561 1700 3633 procedere
1723 3577 1753 3615 a
1783 3560 1989 3615 theolo-
2091 3557 2215 3625 quis
2248 3573 2416 3612 unum
2459 3559 2662 3627 aliquid
2697 3574 2921 3613 sumens
2972 3573 3083 3628 pra:
3109 3559 3441 3628 gratitudiue
3492 3561 3660 3628 proji-

393 3668 477 3736 gis
501 3674 870 3720 asseveratur.
905 3663 1099 3717 Dicere
1133 3670 1317 3715 autem
1348 3674 1412 3712 ex
1448 3658 1607 3713 Patre
1631 3658 1749 3712 sine
1804 3656 1986 3711 medio
2089 3648 2196 3702 εἰει
2228 3649 2552 3725 t'eliqua._Si
2613 3651 2759 3705 enim
2792 3659 3013 3721 propter
3054 3651 3177 3717 illa,
3214 3664 3335 3720 qum
3374 3652 3657 3703 materiam

395 3775 523 3815 esse
551 3758 816 3829 Spiritum
850 3765 1099 3813 sanctum
1134 3770 1324 3809 eorum
1349 3762 1455 3814 est.
1492 3751 1583 3821 qui
1635 3765 1797 3805 unam
1848 3750 1985 3803 lucis
2088 3751 2249 3811 atque
2290 3742 2677 3797 universalilet‘
2714 3754 2896 3797 creata
2953 3752 3300 3811 sequuntur:
3352 3758 3527 3810 neque
3558 3758 3660 3797 es-

400 3851 924 3921 ceutemperantiam
958 3850 1243 3913 dividunt;
1291 3845 1548 3916 quodque
1605 3843 1825 3901 dicitur.
1876 3848 1987 3894 tres

398 3961 663 4015 personas
690 3959 749 3996 se
774 3942 1006 3996 invicem
1033 3939 1339 4002 continuere,
1392 3944 1706 4003 catenaeque
1745 3932 1985 3986 Trinita-

400 4047 508 4091 tem
533 4032 851 4091 assimilari.
882 4045 946 4084 ac
968 4038 1163 4085 caetera
1192 4025 1505 4098 bujusmodi
1541 4025 1787 4093 exempla
1823 4040 1838 4076 :
1865 4038 1987 4092 quae

410 4127 645 4197 quadam
697 4122 1025 4177 rectitudine
1104 4120 1353 4175 ordinem
1404 4117 1458 4170 in
1477 4125 1667 4171 sancta
1719 4112 1989 4168 Trinitate

404 4217 633 4287 intelligi
691 4215 903 4279 volunt,
942 4225 1118 4281 neque
1142 4211 1286 4265 enim
1342 4208 1498 4262 aliter
1542 4217 1843 4271 constaret;
1866 4220 1986 4259 om-

402 4314 534 4366 nino
572 4316 772 4378 negant
793 4304 998 4369 omnia,
1032 4316 1193 4372 atque
1224 4317 1252 4357 θ
1273 4299 1409 4355 Filio
1428 4299 1698 4368 Spiritum
1718 4301 1867 4369 juxta
1886 4297 1987 4350 tri-

404 4399 589 4469 anguli
620 4395 946 4466 positionem
980 4392 1252 4445 dirimunt
1296 4389 1449 4457 cujus
1509 4387 1681 4440 latera
1719 4385 1774 4439 in
1803 4384 1932 4439 base
1956 4398 1985 4437 a

2089 3831 2277 3883 sentiae
2340 3831 2705 3895 identitatem,
2744 3847 2924 3901 neque
2979 3832 3253 3896 ordinem,
3290 3848 3359 3886 ex
3394 3832 3482 3887 his
3538 3847 3659 3901 qua

2088 3921 2233 3975 dicta
2264 3930 2410 3988 sunt,
2462 3922 2730 3991 exemplis
2775 3921 2830 3977 in
2880 3922 2990 3977 Deo
3019 3924 3271 3991 aequabili
3310 3925 3659 3993 proportione

2089 4025 2403 4066 sumemus:
2456 4026 2803 4082 nequaquam
2853 4012 3035 4068 dicere
3100 4014 3370 4083 quispiam
3434 4014 3657 4084 poterit,

2089 4104 2226 4157 nihil
2258 4103 2371 4157 haec
2391 4103 2551 4158 nobis
2582 4103 2827 4172 exempla
2855 4106 3137 4174 prodesse,
3190 4106 3345 4176 quasi
3394 4104 3596 4161 frustra
3628 4123 3659 4160 a

2088 4194 2291 4277 sanctis
2322 4194 2527 4274 lueript
2560 4210 2624 4249 ac
2659 4194 2777 4251 sine
2822 4205 2972 4250 certa
3001 4196 3212 4251 ratione
3240 4206 3512 4265 suscepta.
3711 4178 3717 4183 ’

2159 4284 2251 4338 Sie
2291 4285 2454 4354 igitur
2483 4285 2681 4341 divinae
2712 4286 2997 4341 Trinitatis
3027 4285 3239 4352 ordine,
3275 4284 3505 4356 Filiique
3544 4302 3660 4342 tme-

2088 4377 2199 4442 dio,
2236 4377 2615 4447 multipliciter
2645 4392 2675 4431 a
2700 4376 3065 4433 sanctissimae
3090 4377 3352 4433 Ecclesiae
3381 4380 3659 4451 magistris

407 4506 466 4547 se
491 4487 974 4546 disterminautur.
1036 4483 1141 4536 Sed
1201 4483 1306 4536 hoc
1347 4479 1667 4550 praedictum
1726 4476 1989 4546 pervertit
2024 4505 2064 4559 υ
2094 4472 2375 4539 roborato,
2402 4480 2659 4536 constat,
2688 4473 2838 4541 quia,
2866 4473 2910 4526 si
2938 4473 3035 4542 qui
3075 4481 3388 4529 sanctorum
3431 4488 3659 4543 usquam

406 4582 680 4646 ordinem;
706 4586 762 4631 et
787 4574 993 4646 quzede
1039 4573 1141 4627 hoc
1185 4586 1216 4626 a
1258 4570 1466 4626 sanctis
1493 4567 1746 4622 Patribus
1794 4566 1989 4621 dicun-

411 4687 522 4739 tur,
543 4670 721 4728 aufert
745 4671 950 4723 omnia.
976 4667 1051 4722 Ita
1080 4663 1227 4719 enim
1260 4662 1509 4731 cogitare
1564 4659 1770 4725 licebit,
1790 4658 1993 4725 sectio-

376 4758 532 4819 Qiem
580 4781 645 4821 ac
696 4763 1018 4819 divisionem
1056 4756 1179 4812 Filii
1222 4754 1631 4824 etSpirilus,ac
1678 4749 1873 4805 Filiqu
1906 4764 1991 4803 co-

408 4859 581 4926 gitare
606 4856 723 4910 sine
752 4852 1003 4923 Spiritu;
1033 4858 1087 4905 et
1128 4864 1252 4903 cum
1298 4844 1497 4899 Filium
1532 4843 1798 4903 dicemus,
1818 4853 1996 4908 neque

410 4950 646 5003 invicem
676 4945 943 5002 contineri
979 4962 991 4998 :
1032 4951 1086 4998 et
1125 4938 1400 4995 contraria
1430 4935 1652 4989 omnino
1688 4942 1989 5001 sequentur

408 5040 595 5097 munia
630 5039 714 5092 bis
739 5052 859 5106 qua:
899 5052 927 5089 a
962 5035 1166 5089 sanctis
1198 5033 1340 5087 dicta
1371 5036 1534 5094 sunt;
1592 5024 1688 5081 sed
1740 5024 1791 5078 id
1850 5037 1985 5078 sane

415 5136 682 5203 ineptum,
712 5130 981 5184 insulsum
1012 5135 1172 5193 atque
1204 5125 1449 5193 impium.

484 5226 563 5281 Ne
588 5235 770 5280 tamen
816 5223 868 5277 id
914 5219 1219 5291 quempiam
1271 5213 1577 5278 conturbet,
1631 5211 1836 5275 nullus,
1871 5223 1993 5278 quae

415 5321 470 5375 in
504 5316 735 5374 materia
771 5317 1117 5380 contingunt,
1151 5308 1259 5361 Deo
1284 5306 1495 5360 tribuit.
1522 5304 1743 5357 Localia
1788 5301 1987 5371 quippe

417 5408 851 5480 temporaliaque
886 5399 1188 5463 intervalla,
1241 5407 1295 5451 et
1324 5410 1445 5466 qme
1494 5393 1662 5448 fluxui
1716 5407 1781 5446 ac
1845 5407 1987 5444 mor-

416 5502 617 5555 talitati
650 5511 777 5555 sunt
804 5494 1063 5560 obnoxia,
1097 5489 1337 5545 materiae
1363 5485 1742 5555 relinquimus.
1777 5481 1831 5537 Si
1860 5480 2019 5550 quid.

416 5606 600 5650 autem
635 5589 1001 5663 perfectionis,
1059 5595 1224 5656 atque
1253 5583 1320 5639 ad
1379 5582 1688 5637 Creatorem
1743 5575 1994 5631 similitu-

494 5776 609 5851 (l8)
654 5776 732 5847 lla
763 5757 925 5830 habet
959 5789 1061 5828 ms.

2096 4566 2282 4619 dixere
2322 4566 2598 4635 geminum
2639 4566 2875 4631 radium,
2904 4581 2968 4620 ac
2989 4566 3202 4633 gemina
3234 4566 3439 4622 lumina
3460 4565 3657 4631 Patris,

2098 4656 2319 4723 Filium,
2368 4673 2432 4712 ac
2460 4658 2761 4727 Spiritum:
2799 4674 3121 4728 ramumque
3153 4659 3443 4727 duplicem,
3490 4674 3554 4712 ac
3580 4674 3663 4712 se-

2097 4748 2275 4803 cunda
2302 4750 2496 4815 Patris,
2525 4750 2575 4803 id
2608 4752 2749 4819 quod
2773 4766 2803 4804 a
2846 4749 3111 4819 Gregorio
3136 4750 3412 4821 Theologo
3444 4752 3663 4820 quidam

2100 4842 2350 4896 versibus
2375 4841 2576 4895 dictum
2607 4843 2869 4907 referunt,
2894 4857 3007 4895 non
3038 4843 3399 4897 adversantur
3429 4843 3512 4895 his
3544 4856 3669 4910 qua:

2100 4933 2245 4987 dicta
2270 4941 2435 4997 sunt,
2490 4948 2664 5001 neque
2712 4934 2813 4987 sibi
2851 4936 3004 5003 ipsis,
3049 4950 3222 5003 neque
3268 4934 3497 4988 invicem
3527 4949 3664 4987 cou-

2042 5042 2055 5065 ί
2098 5026 2269 5080 traria
2300 5035 2448 5080 sunt.
2482 5023 2667 5095 Neque
2686 5025 2830 5079 enim
2859 5025 2937 5079 illi
2969 5026 3273 5081 divinarum
3310 5038 3663 5094 personarum

2097 5119 2162 5171 ad
2195 5116 2425 5171 invicem
2450 5117 2721 5183 ordinem,
2756 5132 3055 5187 earumque
3096 5131 3413 5186 processum
3454 5116 3664 5168 tradere

2099 5208 2484 5271 instituebant,
2534 5223 2658 5261 cum
2718 5209 2822 5262 ista
2856 5210 3125 5274 dicerent,
3184 5207 3278 5261 sed
3343 5205 3665 5275 simpliciter

2103 5310 2213 5354 tres
2250 5309 2463 5351 tantum
2501 5314 2621 5353 esse
2676 5315 2957 5369 personas.
3016 5298 3369 5366 causaliaque
3414 5312 3446 5350 a
3505 5296 3667 5350 Patre

2095 5406 2216 5443 esse
2262 5388 2458 5444 Filiqu
2502 5400 2554 5442 et
2582 5390 2843 5460 Spiritum
2871 5399 3142 5453 sanctum,
3168 5402 3497 5456 causamque
3525 5386 3670 5439 unde

2099 5493 2296 5535 cuncta
2331 5482 2630 5536 manarint.
2658 5480 2759 5535 Per
2788 5483 2902 5534 haec
2932 5482 3077 5534 enim
3112 5480 3349 5533 indicant
3383 5479 3566 5533 omnia
3598 5479 3664 5531 ad

2105 5574 2319 5629 l-‘atrem
2392 5572 2606 5628 referri.
2667 5570 2912 5642 Namque
2961 5572 3063 5626 sub
3110 5572 3339 5627 causalis
3394 5570 3665 5625 definitio-
