4064 6262
342 394 410 457 ll
1468 400 1871 463 ADVERSUS
1906 402 1922 459 1

2024 402 2226 465 ᾹΞΟΟΞ
2268 406 2409 467 LIB.
2454 408 2505 468 Ι.
3519 423 3589 486 49.

350 530 500 578 nem,
537 521 769 583 utraque
817 512 1096 570 deducunt
1123 514 1279 585 juxta
1330 517 1567 588 priorem
1628 522 1917 577 discretion
1950 523 1991 582 Α
2025 526 2491 581 consubstantiale
2517 527 2828 597 signiﬁcare
2859 530 2997 584 velle
3026 543 3319 597 asseveret,
3357 535 3591 605 primum

344 620 497 661 nem.

420 718 574 784 Quod
613 727 667 773 ct
699 716 986 789 Nysscnus
1021 719 1151 775 fecit
1184 721 1503 791 Gregorius,
1542 740 1714 781 unum
1748 726 1919 782 Deum

344 812 405 864 in
434 826 660 866 causam
720 820 775 865 et
800 813 1025 868 causale
1063 814 1399 880 discernens,
1429 819 1542 873 sive
1592 819 1647 873 in
1679 833 1920 888 causam,

343 914 408 957 et
459 904 604 972 quod
657 918 725 957 ex
784 918 973 959 causa.
1028 903 1233 961 Deinde
1289 907 1609 978 sulrjicieus,
1670 911 1919 981 ejusque,

344 995 495 1063 quod
527 1011 593 1048 ex
615 1009 781 1048 causa
805 1002 908 1061 est,
936 995 1098 1050 aliam
1136 1013 1329 1054 rursus
1361 1000 1721 1057 differentiam
1755 1002 1919 1056 intel-

345 1088 575 1157 ligentia
624 1086 997 1155 assequimur.
1047 1088 1293 1144 Alterum
1342 1091 1489 1147 enim
1532 1093 1918 1161 continenter;

347 1180 582 1233 alterum
649 1194 783 1234 vero
837 1194 935 1249 per
981 1194 1105 1234 eum
1156 1180 1336 1250 ipsum
1400 1184 1496 1253 qui
1549 1185 1918 1253 continenter,

343 1280 512 1339 atque
560 1271 795 1326 alterum
829 1273 1097 1343 genitum,
1137 1278 1439 1345 procedens
1473 1277 1726 1344 alterum,
1771 1289 1825 1333 et
1875 1280 1919 1335 si

346 1363 480 1430 quid
507 1364 830 1431 huiusmodi
859 1365 1099 1434 perfecte
1126 1368 1564 1424 discernentibus
1584 1370 1788 1425 dictum
1814 1380 1915 1425 est.

340 1452 508 1508 Juxta
539 1470 706 1522 quam
758 1470 890 1510 sane
921 1458 1219 1523 rationem,
1250 1468 1306 1515 et
1334 1461 1427 1529 qui
1466 1462 1706 1517 secunda
1739 1460 1920 1518 Patris

343 1544 485 1597 dixit
514 1542 742 1609 Filium,
768 1556 817 1599 et
851 1544 1116 1615 Spiritum
1152 1557 1401 1603 sanctum
1452 1549 1502 1604 id
1541 1550 1716 1605 solum
1750 1552 1921 1620 signi-

344 1636 512 1689 ﬁcare
542 1636 737 1701 voluit,
785 1651 816 1689 a
869 1635 1033 1692 Patre
1064 1638 1170 1693 ista
1222 1641 1460 1695 eattsalia
1495 1657 1637 1707 esse,
1686 1659 1922 1713 utraque

345 1728 452 1782 sub
481 1729 723 1783 causalis
754 1729 1040 1785 includens
1069 1730 1404 1787 deﬁnitione.
1430 1732 1564 1787 Nam
1590 1735 1743 1804 juxta
1772 1736 1919 1806 quod

342 1821 592 1875 causalis
624 1829 776 1882 sunt,
807 1821 1043 1875 secunda
1075 1823 1242 1876 etiam
1274 1837 1455 1878 causae
1474 1824 1630 1894 juxta
1662 1842 1919 1896 persona-
1947 1853 1996 1912 Β

346 1913 456 1966 lem
489 1912 739 1968 ordinem
770 1915 1138 1969 communiter
1165 1916 1271 1969 dici
1315 1927 1566 1985 possunt.

422 2021 528 2075 Sed
561 2021 705 2075 enim
741 2022 830 2074 hic
862 2022 979 2091 ipse
1022 2021 1075 2075 in
1107 2021 1230 2077 aliis
1270 2023 1374 2077 ista
1406 2024 1700 2093 perfectius
1719 2027 1917 2082 distin-

343 2128 547 2183 guens,
601 2111 679 2166 ait
718 2112 1089 2167 emanationis
1176 2113 1509 2183 habitusque
1566 2119 1631 2170 ad
1687 2116 1919 2172 invicem

343 2204 735 2269 diﬂ’erentiam,
791 2204 1209 2275 appellationem
1252 2222 1469 2276 quoque
1518 2206 1713 2263 fecisse
1761 2207 1922 2264 diﬂ'e-

344 2306 583 2351 rentem.
619 2297 970 2366 Rursumque
1006 2298 1056 2351 in
1095 2298 1343 2353 versibus
1376 2300 1453 2352 ait
1490 2317 1504 2355 :
1533 2317 1551 2351 ‹
1586 2296 1765 2353 Unum
1800 2316 1920 2357 esse

344 2386 525 2439 Deum
556 2401 621 2440 ex
654 2385 813 2441 Patre
865 2400 961 2455 per
1008 2386 1203 2442 Filium
1241 2390 1292 2443 in
1340 2402 1591 2445 sanctum
1629 2391 1916 2462 Spiritum,

342 2487 604 2531 manente
638 2477 845 2532 Deitate
878 2477 1115 2547 perfecta
1152 2480 1206 2534 in
1252 2481 1428 2537 tribus
1463 2482 1738 2552 perfectis.
1773 2504 1791 2536 ι
1843 2485 1920 2540 Ne

339 2570 400 2624 id
439 2571 681 2638 quidem,
730 2571 875 2639 quod
930 2570 1005 2625 ait
1067 2571 1433 2630 Damascenus
1471 2575 1606 2645 (19),
1656 2574 1919 2644 Spiritum

337 2674 595 2716 sanctum
656 2662 892 2715 medium
925 2675 1047 2717 esse
1094 2662 1323 2731 ingeniti
1354 2671 1409 2719 et
1432 2666 1623 2735 geniti,
1657 2668 1917 2736 praedicto

336 2753 650 2806 reluctatur
715 2752 915 2807 ordini.
971 2751 1157 2823 Neque
1202 2756 1345 2811 enim
1378 2770 1476 2825 per
1506 2757 1607 2812 hoc
1664 2758 1753 2814 ille
1794 2776 1920 2830 per-

339 2862 609 2901 sonarum
701 2846 947 2900 ordinem
1010 2846 1538 2925 substantialcjrgque
1598 2868 1919 2925 processum

344 2939 564 2992 tradere
602 2937 859 2992 intendit.

422 3056 691 3111 Caeterum
740 3071 863 3111 cum
903 3054 1143 3112 haeretici
1190 3053 1717 3111 consubstantialem
1769 3050 1917 3108 Patri

344 3148 552 3202 Filium
582 3145 672 3198 vix
703 3148 1119 3210 conﬁterentur,
1152 3146 1418 3215 Spiritum
1454 3155 1635 3199 autem
1667 3156 1919 3200 sanctum

2026 614 2247 683 quidem
2298 619 2602 674 secundum
2642 622 3109 679 consubstantiale
3163 628 3344 683 nullus
3395 629 3447 683 in
3484 628 3596 685 Deo
3666 623 3671 630 ’

2025 721 2385 775 personarum
2416 712 2553 767 ordo
2572 724 2677 768 εει.
2707 713 2841 769 Nam
2864 730 2926 770 ea
2962 717 3192 781 ratione,
3217 734 3321 788 qua
3349 724 3593 776 consub-

2027 799 2311 856 stantiales
2375 811 2538 867 sunt,
2608 819 2713 859 una
2782 821 2870 861 res
2935 816 3019 862 est
3104 808 3287 863 divina
3352 814 3590 868 essentia

2026 891 2305 948 individua
2377 896 2602 951 omnino
2649 906 2703 951 et
2750 898 3063 954 indiscreta.
3117 899 3594 961 Consubstantiale

2027 991 2231 1048 autem,
2286 986 2491 1040 nullam
2551 985 2778 1056 prorsus
2830 991 3215 1049 discretionem
3266 995 3592 1053 introducit.

2026 1074 2185 1129 Juxta
2210 1091 2339 1131 vero
2368 1093 2656 1147 processus
2691 1081 3162 1154 rationem,atque
3190 1100 3314 1140 eum
3345 1087 3437 1157 qui
3469 1088 3594 1143 inde
3647 1133 3656 1142 .

2025 1166 2295 1235 sequitur,
2329 1168 2601 1233 ordinem,
2633 1187 2993 1241 personarum
3055 1191 3319 1233 numerus
3351 1180 3596 1235 invectus

2023 1269 2080 1315 et
2102 1261 2381 1318 admissus
2408 1273 2510 1319 est.
2540 1263 2727 1335 itaque
2749 1268 2840 1336 qui
2863 1270 3355 1329 consubstantialis
3383 1276 3597 1331 ratione

2024 1352 2229 1409 dictum
2279 1365 2455 1426 putat,
2486 1373 2550 1411 ex
2588 1355 2747 1413 Patre
2786 1373 2883 1429 per
2924 1348 3121 1416 Filium
3160 1362 3427 1434 Spiritum
3470 1384 3598 1437 pro-

2026 1449 2239 1512 cedere,
2290 1451 2507 1506 unicam
2561 1450 2706 1505 illam
2754 1454 3075 1518 essentiam,
3126 1471 3349 1512 causam
3385 1459 3598 1515 discre-

2028 1537 2188 1593 tionis
2220 1540 2391 1608 ponit,
2420 1538 2561 1607 quod
2600 1541 2814 1608 proprie
2870 1542 3195 1597 Arianorum
3253 1558 3375 1612 est;
3435 1558 3598 1616 atque

2024 1630 2225 1685 omissa
2281 1631 2613 1687 discretione
2677 1634 2949 1700 personati
2981 1675 2995 1695 ,
3052 1645 3164 1690 tres
3213 1638 3483 1694 essentias
3529 1640 3597 1692 ab

2027 1720 2256 1776 invicem
2302 1721 2507 1777 divisas
2567 1725 2877 1780 necessario
2932 1725 3216 1794 fatebitur,
3273 1745 3336 1783 ae
3403 1740 3597 1799 praeter

2026 1829 2243 1869 omnem
2294 1815 2559 1870 rationem
2633 1818 2852 1873 causale
2926 1821 3082 1889 quasi
3135 1836 3354 1877 causam
3408 1832 3593 1893 ponet.

2025 1906 2235 1976 Quippe
2313 1907 2620 1975 huiusmodi
2714 1911 2995 1978 processio
3072 1914 3339 1969 naturalis
3431 1924 3597 1985 atque

2024 1996 2332 2052 essentialis
2376 2012 2497 2051 cum
2558 1997 2670 2060 sit,
2736 2013 2859 2066 quae
2921 2001 3295 2069 producuntur
3359 1981 3597 2059 consub-
3641 1981 3653 1995 ’

2024 2087 2295 2142 stantialia
2351 2086 2455 2143 sibi
2520 2088 2755 2144 invicem
2804 2092 3066 2147 ostendit.

2096 2200 2319 2268 Deinde,
2349 2202 2455 2257 etsl
2508 2202 2978 2259 consubstantiale
3012 2205 3218 2276 signari
3279 2207 3365 2263 Itis
3410 2210 3593 2266 verbis

2025 2290 2291 2344 veraciter
2320 2290 2546 2357 dicitur,
2596 2293 2969 2361 principaliter
3015 2304 3195 2351 tamen
3234 2313 3591 2367 personarum

2022 2382 2642 2438 ordocommendatur.
2700 2384 2824 2449 Per,
2862 2387 3032 2453 enim,
3063 2389 3351 2458 particula,
3405 2399 3465 2445 ut
3519 2393 3593 2447 ait

2024 2475 2258 2531 Basilius
2328 2476 2395 2530 ad
2472 2476 2915 2545 Amphilochium
2987 2482 3256 2547 scribens,
3332 2498 3593 2553 personas

2023 2568 2203 2638 primo
2254 2569 2536 2625 discernit.
2572 2570 2988 2640 Cousequenter
3032 2584 3213 2628 autem
3266 2578 3429 2631 etiam
3462 2594 3594 2632 con-

2024 2662 2384 2716 substantiale
2426 2662 2742 2716 introducit.
2779 2663 2934 2717 Sicut
2958 2665 3103 2718 enim
3135 2665 3329 2733 Filius,
3368 2669 3495 2737 quia
3526 2686 3592 2724 ex

2022 2753 2185 2808 Patre
2214 2762 2321 2819 est,
2363 2754 2568 2809 idcirco
2604 2754 2766 2809 etiam
2819 2756 2895 2808 illi
2940 2758 3425 2814 ceusubstantialis
3457 2771 3542 2816 est
3574 2781 3589 2816 :

1974 2876 1978 2881 λ
2024 2846 2096 2899 ita
2127 2856 2181 2900 et
2226 2845 2280 2899 in
2313 2854 2503 2900 sancto
2533 2847 2762 2915 Spiritu,
2794 2848 2921 2901 dum
2955 2864 3018 2902 ex
3056 2849 3213 2903 Patre
3256 2866 3350 2919 per
3393 2852 3591 2907 Filium

2024 2938 2350 2993 naturaliter
2386 2948 2549 3009 atque
2589 2940 2955 2995 essentialiter
3003 2955 3032 2995 a
3087 2943 3355 3013 theologis
3390 2948 3592 3000 asseri-

2026 3042 2134 3093 tur,
2206 3031 2405 3100 primo.
2461 3031 2575 3085 haec
2623 3046 2718 3100 per
2767 3029 2963 3085 Filium
3018 3036 3296 3103 processio
3365 3035 3593 3108 ejusque

2024 3122 2283 3178 discretio
2338 3120 2681 3187 insinuatur;
2722 3121 2919 3177 deinde
2960 3124 3123 3178 etiam
3154 3127 3595 3184 consubstantia-

344 3239 457 3293 boc
484 3237 695 3291 honore
754 3251 819 3290 ac
842 3207 1114 3306 dignm“,
1165 3207 1381 3304 p'enilus
1409 3249 1518 3290 non
1547 3235 1918 3304 dignarentur,
1947 3207 1992 3266 C
2030 3212 2197 3306 litatis
2219 3221 2444 3306 apparet
2474 3213 2638 3267 ratio.
2672 3212 2952 3270 Naturalis
2986 3216 3185 3286 quippe
3209 3228 3257 3271 et
3283 3220 3594 3276 essentialis

340 3329 528 3385 sancti
592 3326 787 3383 Patres
836 3327 984 3381 hunc
1029 3325 1199 3381 Deum
1252 3341 1439 3381 verum
1517 3341 1584 3380 ex
1637 3325 1749 3380 Deo
1796 3340 1924 3381 vero

340 3437 494 3487 esse,
525 3429 687 3492 atque
712 3434 778 3474 ex
807 3418 915 3474 Deo
942 3419 1248 3475 secundum
1283 3417 1600 3482 Scripturas
1629 3419 1923 3487 procedere

339 3514 607 3580 scientes,
665 3528 771 3567 non
826 3498 1131 3568 secundum
1190 3510 1501 3566 nativitatis
1546 3526 1918 3583 progressum,

340 3606 445 3658 sed
498 3606 798 3659 secundum
831 3617 1202 3672 processum:
1243 3602 1355 3669 Est,
1408 3602 1651 3668 aiebant,
1697 3603 1921 3671 quidam

342 3697 514 3749 etiam
546 3697 685 3751 alius
739 3696 1061 3751 substantiae
1095 3694 1307 3759 modus,
1354 3708 1645 3762 processus
1688 3695 1920 3757 scilicet,

345 3790 656 3843 secundum
710 3804 872 3858 quem
923 3788 1030 3842 alia
1077 3803 1310 3858 persona
1360 3796 1431 3843 ex
1475 3788 1584 3843 Deo
1616 3788 1834 3857 prodit;
1869 3797 1923 3843 et

345 3884 439 3938 hic
468 3891 573 3944 est,
629 3896 738 3949 quo
793 3882 1039 3950 procedit
1095 3880 1335 3951 Spiritus
1392 3892 1617 3936 sanctus
1668 3881 1917 3950 ejusdem

342 3974 606 4029 essentia:
633 3988 755 4026 cum
777 3973 937 4027 Patre
964 3981 1015 4027 et
1041 3972 1216 4037 Filio;
1247 3973 1360 4041 qui,
1416 3987 1590 4041 neque
1622 3972 1918 4041 ingenitus,

339 4081 529 4134 neque
556 4066 676 4119 sine
698 4058 863 4118 causa
891 4062 1215 4136 [principio]
1240 4080 1252 4115 :
1291 4078 1397 4117 non
1432 4063 1578 4117 enim
1612 4063 1773 4118 Pater
1801 4073 1917 4131 est;

343 4173 529 4228 neque
578 4172 802 4211 rursum
878 4158 1119 4234 genitus,
1172 4157 1301 4226 quia
1360 4171 1461 4211 nec
1513 4153 1704 4220 Filius,
1762 4157 1918 4226 juxta

337 4247 569 4303 scilicet
619 4246 927 4300 nativitatis
972 4245 1400 4315 processionem.
1435 4243 1645 4298 Idcirco
1680 4245 1917 4298 ntedium

339 4336 575 4408 ingeniti
605 4345 656 4390 et
684 4336 850 4405 geniti
889 4334 1155 4404 Spiritum
1186 4343 1437 4391 sanctum
1465 4318 1656 4388 docior
1690 4335 1802 4403 (‘20)
1830 4335 1919 4389 hic

340 4430 506 4483 dixit.
525 4426 850 4497 Ubicunque
867 4427 1009 4481 enim
1032 4426 1203 4481 tribus
1224 4425 1468 4480 terminis
1489 4425 1703 4495 positis,
1727 4426 1917 4480 tertius

342 4524 418 4574 ab
442 4532 676 4587 utroque
704 4518 1039 4584 reliquorum
1073 4517 1395 4587 denegatur,
1420 4517 1723 4573 secundum
1746 4518 1916 4571 diale-
1948 4551 1991 4605 ο

341 4612 504 4665 ctixae
536 4610 986 4665 consuetudinem
1026 4606 1239 4663 medius
1275 4608 1328 4662 in
1358 4608 1584 4662 aliorum
1624 4608 1913 4678 negatione

340 4718 469 4755 esse
492 4700 751 4755 cernitur.
789 4698 845 4751 Si
877 4700 1020 4752 enim
1056 4697 1319 4766 Spiritum
1352 4713 1379 4750 a
1411 4697 1573 4753 Patre
1605 4701 1906 4753 secundum

336 4804 469 4844 esse
495 4790 787 4858 putavisset
817 4788 951 4857 (‘21),
982 4803 1261 4857 nunquam
1284 4789 1464 4858 ipsum
1491 4789 1686 4844 ibidem
1712 4805 1806 4859 per
1827 4788 1915 4844 Fi-

338 4883 479 4935 lium
503 4881 645 4935 l‘atri
675 4880 931 4951 conjungi
957 4880 1205 4936 dixisset.
1236 4880 1349 4935 lloc
1372 4882 1517 4935 enim
1549 4885 1911 4951 quorumdam

338 4974 739 5042 malignitatem
773 4975 973 5044 arguit,
1014 4973 1447 5043 magistrumque
1475 4974 1578 5029 sibi
1606 4974 1707 5044 ipsi
1751 4984 1915 5045 atque

335 5065 465 5118 aliis
494 5065 806 5120 consentire
839 5067 1118 5121 evidenter
1147 5067 1405 5121 ostendit.
1446 5064 1524 5121 Ne
1559 5066 1663 5123 hoc
1692 5069 1908 5135 quidem

336 5172 586 5225 unquam
627 5158 873 5221 dixisset,
924 5158 1187 5226 Spiritum
1236 5169 1481 5214 sanctum
1520 5161 1786 5219 cxl’atre
1819 5177 1913 5231 per

336 5244 540 5303 Filium
565 5248 878 5317 procedere,
903 5249 1229 5319 Patremque
1263 5252 1648 5320 productorem
1676 5252 1911 5323 Spiritus

334 5355 436 5411 per
500 5339 738 5395 Verbum
802 5356 941 5397 esse.
1006 5340 1132 5395 llaec
1197 5342 1342 5397 enim
1412 5344 1756 5413 apertissime
1807 5347 1908 5402 sibi
1957 5346 1970 5358 '

335 5432 578 5488 invicem
608 5436 886 5489 contraria
925 5445 1074 5490 sunt.

412 5547 471 5601 Si
508 5545 632 5616 quis
687 5555 862 5601 tamen
900 5560 1216 5616 processum
1255 5562 1350 5617 per
1384 5546 1582 5601 Filium
1643 5549 1905 5620 Spiritus,

405 5773 529 5845 (I9)
568 5774 821 5828 Damasc.
851 5773 887 5826 1.
910 5788 949 5827 ιι
980 5768 1116 5828 Fide
1140 5776 1350 5832 ortltod.
1382 5792 1435 5832 c.
1468 5777 1552 5832 18.

406 5845 526 5919 (20)
562 5845 958 5899 Damasceuus.
1117 5897 1120 5899 Α
1458 5856 1461 5859 ’

672 5897 944 6001 Mog.
980 5939 1093 5999 Gn.
1117 5897 1305 6000 Cur.

2027 3304 2129 3359 ista
2182 3305 2460 3373 processio
2510 3320 2629 3360 esse
2688 3320 2785 3375 pro
2831 3306 3082 3363 confesso
3123 3309 3373 3365 habetur.
3439 3311 3595 3368 Unde

2024 3406 2078 3451 ct
2117 3412 2349 3467 magnus
2389 3396 2625 3452 Basilius
2659 3398 2713 3451 iu
2769 3398 2865 3454 lib.
2920 3400 3120 3455 Contra
3172 3401 3491 3468 Snbcllium,
3543 3418 3593 3460 et

2024 3488 2323 3554 Anomaeos,
2367 3489 2522 3559 cujus
2551 3489 2766 3543 initium
2796 3504 2879 3544 esr
2913 3507 2926 3543 :
2960 3491 3283 3546 Adrersamr
3309 3495 3594 3561 gentilitati

2023 3578 2356 3642 Judaismus,
2387 3594 2408 3629 ‹
2448 3577 2665 3631 Patrem
2742 3588 2797 3633 et
2850 3579 3072 3645 Filium,
3122 3583 3322 3650 inquit,
3370 3586 3595 3641 confite-

2025 3684 2170 3732 mur,
2211 3678 2420 3737 naturae
2469 3676 2650 3721 autem
2701 3669 2986 3725 identitate
3023 3674 3282 3740 quoniam
3320 3691 3387 3729 ex
3436 3676 3595 3731 Patre

2027 3761 2200 3816 Filius
2250 3768 2369 3827 est;
2443 3759 2632 3813 itidem
2688 3759 2853 3828 igitur
2902 3771 2957 3814 et
3010 3762 3062 3814 in
3104 3763 3240 3817 Filio
3297 3776 3350 3818 et
3405 3776 3594 3822 sancto

2024 3853 2230 3923 Spiritu
2261 3853 2575 3908 dicendum.
2602 3870 2621 3905 ι
2649 3851 2752 3919 Qui
2780 3852 2927 3906 enim
2953 3852 3142 3921 aequali
3173 3867 3339 3909 causa
3370 3857 3592 3923 prodiit,

2023 3947 2129 4002 hoc
2169 3955 2253 4002 est
2299 3946 2624 4001 naturaliter
2665 3954 2833 4016 atque
2913 3945 3300 4011 essentialiter,
3358 3958 3591 4013 constat,

2021 4039 2151 4105 quia
2200 4039 2444 4109 ejusdem
2481 4038 2645 4093 etiam
2696 4048 2911 4093 naturae
2963 4053 3089 4092 cum
3146 4042 3501 4108 producente,
3538 4055 3595 4094 et

2022 4148 2145 4187 cum
2184 4146 2271 4196 eo,
2307 4146 2403 4201 per
2436 4146 2598 4201 quem
2635 4129 2900 4199 procedit,
2928 4139 3029 4184 est.

2095 4247 2421 4315 Quanquam
2473 4243 2637 4299 etiam
2692 4243 2849 4311 juxta
2902 4241 3181 4310 proposita
3215 4240 3488 4309 exempla,
3541 4244 3587 4296 si

2020 4339 2144 4409 quis
2171 4352 2235 4393 ea
2264 4337 2426 4391 etiam
2453 4334 2917 4390 consubstantiale
2943 4334 3318 4389 tantummodo
3346 4334 3589 4389 iudicare

2021 4429 2322 4483 arbitratur
2353 4440 2477 4479 cum
2528 4433 2899 4494 consequente
2957 4439 3320 4493 processuum
3368 4425 3583 4487 ordine,

2021 4516 2607 4576 consubstantialitatis
2668 4530 2888 4584 quoque
2945 4514 3206 4568 rationem
3268 4513 3587 4569 introducit.

2024 4614 2180 4674 Nam,
2207 4625 2333 4665 cum
2369 4609 2629 4669 unitatem
2662 4607 2717 4661 itt
2748 4606 3035 4668 Trinitate,
3076 4616 3129 4661 et
3163 4604 3486 4661 Trinitatem
3534 4605 3592 4658 in

2023 4705 2231 4759 unitate
2281 4701 2504 4757 credere
2538 4713 2754 4756 summa
2807 4698 2929 4753 fidei
2980 4706 3181 4775 nostrae
3226 4696 3319 4759 sit,
3350 4698 3463 4750 haec
3496 4711 3595 4766 per

2023 4794 2228 4855 omnia,
2256 4807 2376 4860 quae
2400 4806 2429 4844 a
2460 4790 2741 4860 magistris
2771 4789 2917 4845 dicta
2961 4796 3114 4850 sunt,
3147 4787 3308 4840 simul
3341 4786 3593 4862 inl'crun:
3659 4796 3665 4801 '

2022 4898 2129 4952 tur,
2156 4901 2218 4941 ac
2246 4901 2305 4940 sc
2332 4883 2566 4938 invicem
2594 4891 2803 4946 tenent,
2856 4889 2934 4945 ut,
2968 4879 3061 4949 qui
3095 4878 3322 4932 alterum
3352 4879 3594 4934 confessi

2022 4980 2246 5043 fuerint,
2300 4987 2356 5032 et
2408 4977 2677 5047 reliquum
2729 4974 2894 5027 etiam
2952 4973 3340 5025 conﬁteantur.
3395 4969 3460 5024 Et
3511 4972 3595 5026 sic

2021 5071 2396 5143 principaliter
2446 5073 2606 5132 ordo,
2660 5076 3057 5134 consequenter
3113 5072 3292 5117 autem
3352 5065 3592 5119 consult-

2020 5159 2370 5225 stautialitas,
2398 5168 2458 5211 ut
2498 5157 2821 5229 dictumest,
2853 5154 2906 5208 in
2956 5152 3208 5224 personis
3260 5153 3433 5207 lucide
3492 5169 3595 5231 ap-

2021 5263 2191 5326 paret.

2090 5369 2319 5423 Constat
2358 5374 2538 5419 autern
2573 5379 2638 5418 ex
2674 5363 2761 5418 his
2811 5378 2930 5430 qua:
2963 5362 3109 5415 dicta
3146 5369 3295 5425 sunt,
3344 5375 3440 5413 eos
3491 5358 3589 5427 qui

2021 5475 2116 5529 per
2155 5459 2353 5514 Filium
2389 5456 2681 5527 procedere
2715 5458 2786 5509 ita
2821 5456 3045 5523 inteliigi
3079 5454 3287 5516 volunt,
3324 5449 3589 5518 exemplis

2018 5553 2133 5608 suis
2166 5559 2403 5613 utentes,
2451 5559 2512 5604 ut
2560 5549 2651 5603 lux
2691 5563 2785 5617 per
2840 5548 3063 5611 vitrum,
3095 5552 3191 5599 aut
3226 5556 3430 5604 aerem,
3479 5540 3585 5604 vel,

2094 5783 2206 5854 (9|)
2250 5783 2364 5838 lloc
2404 5790 2507 5846 est,
2532 5794 2652 5835 esse
2689 5774 3055 5833 existitnasset
3087 5767 3409 5825 secundum.

3123 5925 3163 5982 2
