4144 6296
578 379 652 443 43
1096 432 1119 444 -

1832 377 2228 436 MANUELIS
2270 377 2578 438 CALECt-‘E
3760 376 3829 439 ἐξ

580 499 727 552 sicut
756 511 897 565 aqua
938 510 1033 565 per
1090 495 1357 559 canalem,
1408 503 1504 549 aut
1567 495 1730 549 homo
1782 509 1880 563 per
1917 495 2164 563 januam,
2198 495 2555 565 Acontingit.
2629 495 2780 551 Umts
2839 496 2982 550 enim
3037 496 3260 549 omnino
3341 510 3405 548 ac
3468 508 3682 565 semper
3740 497 3829 551 hic

582 587 860 643 contraria
928 587 1152 642 omnino
1211 585 1335 641 fidei
1395 586 1723 641 confessioni
1801 600 1868 641 ae
1958 587 2163 640 sanctis

583 677 839 731 Patribus
873 678 1100 731 sentire.
1141 676 1221 728 Illi
1252 675 1397 730 enim
1435 690 1531 744 per
1565 675 1758 728 Filium
1789 673 2158 728 essetttiaiitcr

587 770 881 838 procedere
913 769 1205 824 alIirmant.
1250 766 1341 822 lati
1370 777 1580 831 autem,
1613 765 1979 820 essentialiter
2008 764 2155 832 quod

582 865 810 926 dicitur,
838 871 892 916 et
921 861 1264 921 naturaliter.
1293 875 1387 929 per
1409 875 1471 913 ea
1508 873 1633 927 quas
1655 858 1910 917 afferunt,
1936 856 2158 911 tollunt.

585 957 770 1025 Neque
807 956 953 1009 enim
1016 952 1340 1007 naturaliter
1431 962 1596 1020 atque
1651 949 2037 1011 essentialiter,
2078 950 2160 1003 νει

582 1060 724 1112 aqua
761 1061 857 1113 per
890 1041 1378 1110 canalem-prodit,
1412 1041 1491 1094 vel
1548 1040 1711 1094 homo
1756 1053 1852 1108 per
1904 1040 2156 1107 januam.

584 1137 667 1191 vel
723 1152 817 1205 per
875 1150 1080 1196 aerem,
1142 1146 1235 1187 aut
1288 1133 1484 1186 vitrum
1525 1131 1690 1186 etiam
1745 1131 1860 1185 lux.
1900 1130 2161 1196 Quinimo

581 1244 764 1296 neque
797 1228 1046 1281 ordinem
1091 1227 1192 1280 ista
1225 1226 1536 1279 divinarum
1567 1238 1926 1292 personarum
1958 1224 2161 1278 subin-

583 1322 830 1383 sinuant,
896 1334 1075 1386 neque
1130 1332 1499 1387 processum.
1539 1318 1677 1370 Sunt
1730 1316 1875 1372 enim
1937 1316 2162 1370 alterius

584 1411 815 1465 omnino
882 1410 1223 1473 substantiw,
1256 1410 1348 1477 qui
1385 1408 1436 1460 in
1470 1407 1736 1474 exemplis
1785 1417 2159 1471 assumuntur,

585 1502 881 1571 nullusque
903 1503 955 1555 in
979 1504 1058 1558 eis
1094 1515 1384 1570 processus
1419 1500 1686 1555 naturalis
1712 1498 2019 1568 inspicitur.

656 1616 929 1680 Quocirca
970 1630 1149 1685 neque
1204 1615 1294 1668 lux
1345 1628 1441 1683 per
1472 1628 1653 1667 aerem
1688 1611 1924 1680 proprie,
1960 1610 2054 1665 sed
2106 1611 2158 1663 in

586 1727 713 1767 aere
762 1710 993 1764 dicenda
1047 1716 1151 1763 est.
1205 1706 1442 1761 Sanctus
1483 1714 1664 1759 autem
1718 1703 1958 1774 Spiritus
1992 1713 2049 1757 et
2106 1705 2157 1756 in

2266 600 2558 655 processus
2609 599 2709 642 est.
2771 587 2884 641 Deo
2936 588 3082 642 enim
3140 586 3274 641 nihil
3331 601 3569 655 unquam
3628 603 3827 643 novum

2263 678 2460 731 accidit
2523 694 2619 751 per
2665 695 2933 734 summam
2988 679 3134 734 illius
3189 677 3589 747 simplicitatem
3665 689 3830 748 atque

2264 768 2674 839 perfectionem.
2717 770 2998 825 Creaturis
3037 784 3187 831 vero,
3235 769 3376 823 idetn
3409 768 3725 836 temporalis
3776 778 3831 822 rt

2261 872 2506 931 apparet,
2554 873 2607 917 et
2648 863 2883 930 dicitur;
2918 878 3051 925 non,
3083 861 3227 932 quod
3262 861 3339 916 illi
3364 870 3577 930 tempus
3606 862 3831 929 adjicia-

2262 964 2370 1015 tur,
2403 955 2496 1009 sed
2547 955 2657 1011 illis
2686 955 2889 1025 potius,
2915 969 3035 1024 qua:
3070 955 3371 1010 secundum
3427 961 3635 1022 tempus
3662 969 3830 1023 agno-

2259 1057 2440 1107 scunt,
2469 1054 2631 1116 atque
2660 1047 2985 1116 suscipiunt.

2331 1157 2517 1227 Itaque
2550 1159 2848 1213 Secundum
2884 1159 2934 1212 id
2964 1157 3211 1228 quidem,
3244 1158 3390 1228 quod
3425 1158 3624 1213 dicitur
3654 1179 3667 1214 :
3697 1182 3714 1213 ι
3753 1162 3829 1217 Ex

2260 1263 2388 1313 quo,
2423 1267 2441 1299 ι
2474 1249 2668 1304 unicus
2693 1260 2807 1314 est;
2851 1250 3148 1305 secundum
3173 1234 3379 1316 autem,
3406 1251 3555 1320 quod
3582 1252 3827 1310 dicitur:

2266 1355 2284 1388 ι
2321 1338 2377 1391 In
2437 1340 2605 1407 quod,
2660 1358 2678 1391 ι
2723 1341 2971 1408 geminus
3024 1350 3110 1395 est
3161 1340 3475 1411 huiusmodi
3517 1358 3827 1411 processus.

2263 1428 2440 1483 Unice
2479 1431 2625 1484 enim
2683 1445 2748 1485 ac
2781 1432 3132 1501 singulariter
3167 1434 3505 1502 procedit‘ex
3543 1434 3700 1489 Patre
3736 1454 3833 1505 ptl'

2260 1519 2456 1574 Filium
2478 1523 2780 1591 procedens
2799 1523 2947 1577 velut
2977 1539 3043 1577 ex
3074 1538 3184 1578 uno
3216 1524 3505 1593 principio,
3526 1527 3828 1582 secundum

2263 1612 2480 1665 unicum
2543 1613 2692 1666 illum
2793 1628 2857 1668 ac
2918 1614 3220 1682 simplicem
3289 1629 3603 1681 processum
3668 1631 3829 1670 suum

2263 1703 2557 1773 procedere
2611 1706 2866 1769 dicatur;
2929 1706 3139 1774 adjecta
3200 1715 3377 1760 tamen
3435 1717 3708 1773 creatura,
3762 1708 3830 1763 ad

584 1803 846 1867 Filioest,
868 1816 921 1858 et
939 1816 1035 1871 per
1060 1797 1475 1868 Filinmprodit.
1506 1796 1621 1851 Non
1648 1797 1812 1866 igitur
1839 1785 2148 1849 istiusmodi
2194 1837 2232 1890 Β
2262 1812 2424 1865 quam
2485 1798 2931 1852 sanetilicandam
2974 1799 3267 1867 procedere
3316 1799 3537 1859 dicitur.
3599 1810 3728 1854 tunc
3784 1801 3831 1855 is

512 1949 521 1958 ,
586 1896 860 1964 exempla,
884 1894 984 1947 vel
1016 1891 1326 1946 divinarum
1360 1902 1717 1958 personarum
1775 1885 2047 1948 ordinem,
2076 1887 2155 1937 vel
2194 1867 2232 1890 ”

583 1984 1207 2044 consubstantialitatem
1268 1981 1535 2034 indicant.
1568 1978 1783 2054 Iino,-si
1814 1977 2032 2046 quidem
2078 1976 2159 2030 eis

582 2082 744 2136 fidem
794 2079 993 2132 habere
1051 2072 1402 2137 voluerimus,
1472 2069 1888 2124 ministrationis
1918 2066 2154 2121 cilicium

585 2170 723 2225 Filio
794 2167 1189 2229 attrihuetnus,
1247 2162 1349 2227 sic,
1425 2170 1483 2215 ut
1556 2160 1718 2214 etiam
1783 2158 2156 2227 proportionis

585 2265 801 2316 ratione
858 2257 1098 2312 ministri
1150 2255 1376 2323 impleat.
1432 2267 1654 2305 munus.
1722 2249 1919 2303 Verum
1969 2249 2075 2302 hoc
2104 2259 2157 2302 ct

586 2346 835 2419 ineptum
866 2358 970 2412 est,
1001 2356 1058 2400 et
1093 2347 1344 2413 impium.
1386 2342 1461 2396 Ea
1496 2341 1686 2411 igitur,
1712 2339 2155 2409 quandoquidem

588 2445 647 2496 in
686 2441 825 2511 ipsis
876 2439 1023 2492 nulla
1077 2436 1306 2501 unitatis
1357 2436 1520 2499 ratio,
1555 2435 1736 2490 nullus
1783 2434 1919 2490 ordo
1953 2444 2057 2498 est,
2101 2444 2160 2487 ut

588 2533 774 2594 noxia,
799 2529 1047 2597 nihilque
1075 2529 1142 2582 ad
1198 2528 1250 2582 id
1301 2527 1447 2595 quod
1503 2527 1906 2596 proposuimus,
1944 2540 2158 2581 accom-

589 2625 804 2680 modata
840 2621 1162 2692 rejiciantur
1200 2638 1213 2673 :
1244 2619 1409 2689 idque
1436 2620 1558 2674 ideo
1598 2618 1859 2684 maxime,
1895 2618 2154 2690 quoniam

587 2716 671 2773 eis
724 2714 909 2769 nullus
967 2721 1285 2768 sanctorum
1341 2725 1472 2765 usus
1518 2707 1742 2763 esu-Et
1789 2709 1921 2762 illud
1976 2720 2154 2763 autem

545 2809 757 2867 .simul
792 2813 1038 2875 apparet,
1095 2803 1355 2872 Spiritum
1396 2810 1669 2866 sanctum,
1722 2815 1828 2854 non
1882 2799 2011 2868 quia
2062 2815 2158 2870 per

588 2900 787 2956 Filium
837 2903 997 2952 datur
1050 2908 1105 2951 et
1129 2899 1396 2954 mittitur.
1456 2894 1577 2947 ideo
1618 2894 1780 2947 etiam
1833 2908 1928 2961 per
1956 2890 2154 2947 Filium

591 2994 887 3060 procedere
946 2984 1276 3040 asseverari.
1337 2982 1459 3036 Dari
1496 2978 1688 3043 enim,
1742 2983 1883 3051 quod
1933 2981 2154 3045 dicitur,

590 3084 890 3151 temporale
938 3090 1052 3145 est;
1085 3079 1382 3147 procedere
1408 3087 1614 3139 autem,
1648 3086 1935 3130 aeternum.
1970 3073 2156 3142 Neque

2268 1887 2358 1951 qui
2388 1878 2454 1938 e'x
2503 1884 2663 1941 Patre
2693 1901 2790 1956 per
2824 1886 3020 1940 Filium
3054 1888 3319 1956 procedit,
3351 1904 3413 1941 ex
3457 1888 3635 1948 Patre.
3663 1889 3827 1943 etiam

2266 1992 2361 2046 per
2390 1976 2587 2030 Filium
2632 1977 2771 2031 mitti
2822 1986 2985 2047 atque
3030 1978 3223 2041 donari
3270 1979 3613 2047 intelligitur.
3655 1982 3832 2050 Atque

2267 2069 2354 2123 ille
2410 2076 2556 2122 totus
2596 2085 2660 2122 ex
2723 2068 2883 2125 Patre
2944 2085 3041 2145 per
3087 2060 3284 2124 Filium
3351 2072 3528 2126 sancti
3591 2070 3830 2138 Spiritus

2266 2176 2564 2230 processus
2598 2164 2665 2216 ad
2696 2144 3025 2227 creaturam,
3061 2163 3254 2217 missio
3311 2171 3563 2227 vocatur,
3599 2178 3724 2233 qua:
3775 2163 3828 2217 in

2241 2263 2507 2321 .tempore
2539 2253 2595 2307 tit
2629 2261 2849 2322 propter
2884 2263 3217 2320 creaturam,
3258 2270 3376 2322 quze
3411 2254 3697 2324 temporali
3742 2253 3826 2307 sui

2267 2342 2680 2411 participatione
2730 2342 2954 2405 fruitur,
3026 2346 3305 2412 temporali
3358 2344 3450 2398 illo
3494 2344 3672 2412 spatio
3720 2358 3829 2397 non

2266 2432 2394 2496 Deo,
2427 2434 2521 2488 sed
2550 2433 2705 2489 nobis
2750 2426 3044 2503 applicato.
3077 2434 3140 2488 Et
3167 2444 3253 2489 est
3290 2450 3431 2490 unus
3464 2437 3705 2504 quidem,
3733 2435 3828 2489 sed

2266 2526 2477 2580 ratione
2508 2526 2787 2583 differens.
2843 2526 3029 2597 Neque
3083 2528 3253 2592 enim,
3286 2528 3413 2596 quia
3456 2528 3831 2595 temporaliter

2264 2619 2562 2687 accipimus
2617 2633 2739 2682 nos,
2794 2618 2920 2672 ideo
2982 2619 3278 2685 temporale
3335 2617 3542 2684 aliquid
3607 2622 3659 2669 in
3720 2617 3831 2670 Deo

2264 2711 2444 2764 dicere
2469 2710 2754 2770 debemus,
2800 2707 3227 2776 imbecillitatem
3260 2705 3595 2758 conditionis
3630 2716 3836 2760 nostra!

2266 2798 2339 2853 illi
2376 2800 2732 2869 applicantes.
2787 2795 2996 2863 Neque,
3046 2794 3091 2847 si
3141 2794 3267 2860 quis
3320 2794 3581 2845 hactenus
3625 2806 3826 2856 caecus,

2264 2906 2411 2944 nunc
2444 2886 2675 2958 primum
2719 2885 2990 2952 reSpicere
3038 2898 3101 2936 ac
3130 2882 3267 2937 solis
3297 2881 3466 2936 radiis
3489 2882 3650 2950 empit
3682 2879 3824 2933 frui:

2265 2983 2385 3036 ideo
2435 2980 2599 3034 etiam
2657 2979 2737 3029 vel
2779 2992 2843 3029 ex
2879 2975 2992 3029 sole
3048 2975 3255 3037 radius,
3291 2973 3373 3027 vel
3414 2989 3476 3025 ea
3539 2974 3689 3026 radio
3735 2974 3827 3025 lux

2265 3089 2411 3126 tmnc
2449 3084 2672 3122 manare
2725 3068 2911 3135 carpit.
2944 3064 3174 3119 Constat
3211 3064 3407 3134 quippe
3439 3072 3492 3119 et
3519 3073 3816 3129 antequam

590 3173 852 3245 possihi’e
904 3181 1006 3233 est,
1055 3167 1201 3237 quod
1251 3167 1547 3234 temporale
1595 3165 1690 3229 sit,
1738 3166 1788 3218 id
1821 3165 1962 3234 ejus,
2012 3165 2155 3233 quod
2188 3180 2231 3236 (ς
2266 3176 2441 3215 urceus
2468 3159 2766 3227 aspiceret.
2793 3156 2894 3208 soli
2925 3166 2980 3208 et
3016 3153 3228 3207 radium
3284 3163 3338 3209 et
3372 3154 3546 3207 lucem
3578 3155 3831 3208 similiter

592 3280 759 3336 supra
793 3274 1005 3330 tempus
1049 3276 1155 3322 est,
1188 3274 1409 3313 causam
1450 3272 1591 3311 esse.
1630 3256 1817 3324 Itaque
1858 3255 2155 3309 secundum

574 3346 1008 3414 “ειι1›ειιιιιιιιι1ειιι
1036 3365 1347 3419 processum
1374 3364 1535 3403 suum
1563 3362 1625 3400 ex
1654 3345 1810 3398 Patre
1844 3359 1938 3412 per
1964 3342 2157 3399 Filium

592 3448 886 3519 procedere
940 3453 1162 3497 sanctus
1219 3440 1457 3510 Spiritus
1509 3436 1810 3500 asseritur;
1852 3435 2160 3489 substantia

593 3539 814 3609 quippe,
859 3535 1002 3589 sicut
1022 3542 1077 3588 et
1100 3523 1405 3602 processio,
1440 3539 1642 3581 :cterua
1669 3535 1774 3580 est.

664 3651 798 3706 Illud
824 3659 1002 3704 autem
1032 3662 1137 3700 una
1168 3644 1505 3704 insinuatur,
1538 3640 1688 3694 illunt
1723 3656 1754 3695 a
1788 3640 1927 3696 Filio
1955 3642 2160 3697 idcirco

592 3746 710 3800 dari
798 3754 854 3798 et
918 3740 1081 3807 mitti,
1154 3739 1304 3808 quia.
1376 3734 1682 3789 secundum
1747 3735 2157 3790 substantialem

593 3847 909 3907 processum
951 3844 1135 3892 suum,
1177 3827 1341 3880 etiam
1404 3840 1497 3891 per
1532 3824 1708 3890 ipsum
1759 3821 1965 3876 est.‘Ut
2015 3827 2158 3876 enim

593 3935 788 3981 contra
815 3925 1002 3977 Arium
1035 3921 1287 3973 scribens
1321 3928 1550 3982 magnus
1579 3912 1915 3967 Athanasius
1943 3913 2121 3980 inquit
2149 3931 2161 3965 :

601 4038 620 4069 ι
668 4019 712 4070 Α
760 4030 870 4085 quo
920 4012 1039 4067 dati
1087 4008 1377 4077 oportebat
1431 4005 1695 4071 Spiritum
1749 4004 1854 4058 nisi
1908 4006 1975 4058 ab
2024 4008 2163 4074 ipso,

595 4107 755 4177 cujus
806 4104 930 4158 est?
982 4102 1134 4156 Alias
1185 4099 1387 4168 quippe
1422 4097 1672 4149 minister
1713 4104 1856 4148 esset
1893 4095 2083 4159 Filius,
2119 4100 2166 4151 si
2196 4134 2210 4145 ρ

596 4198 740 4269 quod
799 4211 908 4251 non
977 4208 1074 4265 per
1133 4208 1193 4246 se
1241 4190 1562 4244 natm-aliter
1627 4187 1971 4257 procederet,
2036 4193 2165 4243 dare

595 4295 891 4346 diceretur.
933 4304 951 4338 ι
1011 4283 1187 4339 Simul
1220 4284 1383 4336 etiam
1421 4282 1575 4335 fateri
1633 4294 1977 4347 cogeremur,
2026 4279 2164 4333 Filio

597 4391 653 4437 et
688 4379 919 4451 Spiritui
974 4385 1168 4431 sancto
1221 4373 1594 4442 temporaliter
1626 4372 1833 4440 aliquid
1867 4371 2117 4425 accidere
2152 4388 2166 4423 :

599 4472 679 4528 illi
710 4471 939 4529 scilicet.
968 4467 1100 4521 dare
1119 4506 1134 4530 ,
1170 4463 1297 4518 huic
1324 4463 1462 4517 dari.

674 4588 846 4642 Porro
876 4583 952 4646 id,
984 4593 1095 4648 quo
1138 4581 1343 4648 posito,
1409 4575 1613 4643 ineptia
1645 4571 1803 4625 simul
1861 4582 1915 4625 et
1946 4572 2169 4623 mcmia-

599 4683 747 4737 cinm
805 4675 1076 4746 sequitur,
1120 4672 1363 4746 ineptum
1401 4670 1506 4753 ‘sit
1559 4675 1614 4717 et
1661 4665 1890 4717 mendax
1952 4678 2174 4718 necesse

602 4784 704 4828 est.
753 4770 831 4823 Ex
877 4782 989 4837 quo
1042 4764 1216 4832 liqu'et
1249 4775 1355 4814 non
1389 4772 1512 4811 esse
1539 4756 1814 4824 geminum
1854 4769 2167 4822 processum

605 4864 884 4935 Spiritus;
978 4856 1331 4925 temporalem
1424 4853 1654 4903 alterum
1732 4849 1994 4909 alterum,
2056 4848 2173 4900 sine

606 4967 873 5021 tempore.
900 4950 1147 5004 Primum
1189 4944 1432 5013 quidem,
1465 4940 1593 5007 quia
1630 4937 1811 4990 nullus
1857 4946 2168 4990 sanctorum

606 5050 827 5101 Patrum
859 5043 962 5095 hoc
992 5037 1127 5091 dixit
1152 5054 1169 5102 ;
1195 5034 1408 5099 deinde,
1466 5031 1617 5098 quia,
1658 5030 1702 5081 si
1737 5028 1788 5080 id
1824 5027 2079 5081 concedat
2125 5041 2170 5087 r,

605 5138 791 5205 inepta
850 5141 905 5185 et
938 5128 1159 5196 indigna
1206 5125 1436 5195 plurima
1468 5128 1769 5190 emet-gent.
1809 5120 1914 5172 Sed
1977 5119 2171 5170 unicus

605 5243 740 5283 sane
807 5234 1100 5294 processus
1179 5230 1342 5286 atque
1403 5227 1638 5267 aeternus
1691 5220 1809 5273 cst,
1871 5209 2167 5263 secundum

600 5336 767 5394 quem
834 5334 900 5373 ex
970 5317 1135 5370 Patre
1202 5326 1300 5381 per
1366 5307 1561 5362 Filium
1634 5316 1861 5359 sanctus
1929 5308 2172 5373 procedit

604 5414 863 5487 Spiritus.
927 5405 1206 5468 Creatoris
1250 5410 1428 5457 autem
1484 5414 1606 5468 quae
1662 5408 1801 5464 apta:
1873 5411 1937 5449 ac
1993 5398 2168 5465 digna:

606 5508 831 5571 luerim,
865 5502 930 5557 ad
974 5495 1286 5567 huiusmodi
1324 5505 1613 5563 processus
1643 5489 1962 5558 capiendam
1999 5500 2174 5540 nonor

609 5614 732 5655 nem
788 5607 952 5664 atque
1006 5588 1449 5648 illustrationem,
1486 5583 1727 5652 prodire,
1761 5594 1825 5633 ac
1881 5579 2083 5643 lucere,
2118 5587 2172 5632 et

604 5689 888 5764 profundi,
924 5701 987 5740 ac
1037 5682 1155 5738 dari
1188 5694 1282 5750 per
1311 5675 1509 5732 Filium
1542 5676 1761 5738 dicitur,
1801 5680 1963 5743 atque
2019 5681 2171 5739 tunc,

599 5786 752 5858 quod
803 5784 854 5836 in
890 5782 1070 5850 seipso
1126 5785 1384 5831 a-ternum
1438 5781 1539 5836 est,
1605 5770 1711 5825 illis
1791 5766 2170 5837 temporaliter

2266 3269 2295 3307 a
2321 3252 2532 3313 fuisse,
2567 3248 2887 3314 radiumque
2921 3245 3176 3298 similiter
3202 3245 3587 3314 perstrinxisse
3621 3246 3832 3308 fulgore
3906 3263 3910 3266 ‘

2266 3341 2472 3396 oculos.

2339 3431 2605 3500 Quocirca
2640 3428 2802 3482 etiam
2854 3427 3180 3481 mirabilium
3234 3435 3477 3494 patrator
3511 3425 3832 3496 Gregorius,

2269 3529 2323 3582 in
2379 3527 2539 3588 libro,
2593 3524 2751 3591 cujus
2807 3522 3019 3575 initium
3074 3528 3156 3572 est
3192 3537 3205 3572 :
3248 3519 3615 3572 Inimicissimi
3675 3530 3834 3587 atque

2267 3619 2423 3673 alieni
2456 3618 2518 3670 ub
2572 3614 2867 3682 apostolica
2901 3612 3664 3682 confessione,processionent
3696 3613 3834 3665 hane

2268 3726 2624 3768 emissionem
2681 3709 3068 3776 sempiternam
3124 3703 3435 3772 appellavit.
3481 3704 3644 3772 Atqui
3705 3704 3833 3757 huic

2270 3816 2547 3869 nunquam
2576 3806 2715 3851 esset
2747 3794 3060 3863 temporalis
3092 3795 3397 3847 attentius.
3430 3791 3521 3844 Ait
3548 3792 3784 3861 denique
3816 3809 3830 3844 :

2277 3912 2294 3941 ι
2332 3892 2608 3957 lugenitus
2641 3885 2860 3953 quidem
2908 3884 3069 3936 Pater
3105 3898 3228 3935 eum
3263 3885 3354 3942 sit,
3396 3881 3611 3948 genitus
3648 3894 3830 3936 autem

2268 4000 2332 4038 ex
2397 3982 2552 4033 Patre
2608 3977 2799 4037 Filius,
2855 3985 3191 4041 sanctusque
3230 3973 3468 4037 Spiritus
3522 3988 3587 4028 ex
3651 3974 3830 4031 Patris

2269 4074 2499 4127 essentia
2534 4069 2866 4136 sempiterno
2902 4080 2993 4132 per
3036 4063 3232 4116 Filium
3269 4064 3525 4119 emissus.
3563 4084 3581 4115 ι

2342 4187 2446 4241 Sed
2502 4196 2556 4240 et
2616 4183 2900 4249 theologus
2943 4178 3260 4247 Gregorius,
3294 4179 3347 4231 in
3395 4179 3531 4233 libro
3562 4195 3722 4249 quem
3768 4181 3835 4234 ad

2275 4278 2542 4332 lleroncm
2576 4274 2961 4345 philusuplium
2998 4271 3239 4338 SCI'Ilhil,
3274 4272 3628 4326 emissionem
3661 4274 3834 4328 sancti

2272 4373 2506 4442 Spiritus
2552 4367 2821 4437 propriam
2870 4365 3051 4427 dixit;
3097 4364 3392 4432 temporale
3459 4376 3642 4418 autem
3699 4381 3838 4418 nun-

2278 4479 2439 4533 quam
2472 4475 2593 4514 esse
2626 4459 2825 4533 poterit
2860 4456 3032 4509 sancti
3068 4454 3305 4523 Spiritus
3340 4457 3641 4524 proprium.
3676 4455 3839 4510 Certe

2276 4530 2420 4609 enim
2456 4554 2522 4616 si,
2553 4530 2812 4619 quoniam
2842 4564 2869 4602 a
2899 4546 3036 4601 Filio
3072 4548 3234 4600 datur
3268 4555 3323 4600 et
3353 4547 3606 4610 mittitur,
3639 4530 3839 4602 idciico

2275 4648 2443 4699 etiam
2495 4657 2588 4712 per
2627 4655 2750 4693 eum
2810 4640 3103 4708 procedere
3160 4636 3393 4697 dicitur,
3449 4638 3620 4700 uestri
3675 4638 3839 4707 igitur

2273 4748 2440 4788 causa
2501 4730 2858 4785 substantiam
2922 4724 3114 4786 habet,
3181 4723 3479 4777 secundum
3540 4741 3702 4794 quam
3772 4741 3840 4780 ex

2272 4827 2433 4882 Patre
2483 4838 2575 4893 per
2624 4819 2818 4874 Filium
2855 4828 2957 4871 est.
3012 4816 3113 4869 Sed
3167 4824 3221 4868 et
3269 4830 3428 4883 quem
3486 4817 3840 4870 introducunt

2277 4914 2651 4983 temporalem,
2687 4909 2936 4979 sequitur
2968 4916 3027 4960 ιιι
3053 4916 3106 4960 ct
3153 4905 3266 4972 ipse
3317 4915 3536 4974 propter
3583 4919 3680 4958 nos
3710 4915 3842 4958 sub.

2276 5009 2528 5063 stantiam
2589 5008 2805 5057 haheat.
2860 4998 3013 5065 Quod
3074 4999 3117 5051 si
3182 4998 3363 5063 datur,
3420 5008 3537 5050 erat
3621 4997 3839 5065 utique,

2277 5098 2494 5167 quando
2550 5110 2654 5146 non
2706 5100 2860 5154 erat;
2908 5105 3237 5157 rursumque
3288 5103 3411 5140 cum
3467 5086 3664 5151 fuerit,
3719 5106 3842 5141 esse

2279 5189 2525 5242 desistet.
2569 5183 2674 5237 Sed
2726 5186 2837 5236 haec
2891 5182 3053 5250 impia
3109 5189 3255 5233 sunt.
3313 5178 3427 5230 Non
3476 5193 3645 5247 ergo,
3692 5179 3840 5245 quod

2280 5282 2621 5352 proponitur,
2659 5291 2845 5328 terunt
2886 5283 2988 5327 est.
3042 5273 3305 5325 Pratterea
3338 5281 3391 5325 et
3421 5271 3655 5324 eximius
3684 5269 3841 5325 Basi-

2278 5375 2381 5426 lius
2412 5372 2463 5422 iu
2508 5370 2601 5421 lib.
2635 5366 2699 5420 IV
2734 5365 3097 5430 Quusliuuum
3129 5362 3204 5412 ait
3236 5375 3249 5411 ε
3289 5378 3308 5409 ι
3344 5358 3461 5413 Non
3492 5360 3543 5413 in
3574 5371 3837 5430 tempore,

2278 5467 2422 5534 quod
2470 5462 2667 5531 prodiit
2730 5477 2791 5513 ex
2868 5458 2999 5518 Deo,
3068 5452 3294 5522 prodiit,
3347 5452 3453 5507 etsi
3499 5451 3554 5506 in
3600 5462 3844 5527 tempore

2280 5556 2466 5612 ellieax
2500 5554 2647 5608 illius
2682 5550 2825 5604 actio
2864 5548 3155 5609 reddatur,
3194 5561 3211 5592 ι
3245 5545 3574 5596 mentionem
3630 5544 3841 5599 scilicet

2278 5650 2343 5703 de
2377 5656 2562 5702 sancto
2593 5643 2809 5711 Spiritu’
2836 5638 3062 5691 faciens.

2354 5763 2616 5830 Quoniam
2673 5762 2839 5832 igitur
2886 5757 3121 5828 Spiritus
3171 5764 3395 5812 sanctus
3426 5771 3489 5813 ex
3540 5755 3694 5810 Patre
3750 5770 3842 5826 per
