4144 6296
2641 283 2684 306 δ

285 371 351 433 45
573 378 579 381 “
1416 354 1813 415 ADVERSUS
1852 349 1883 410 Ε

1986 346 2168 408 ECOS
2210 346 2351 407 LIB.
2395 347 2441 405 1.
2641 287 2684 306 ἡ
3474 287 3538 398 16

277 493 490 545 Fanum
525 481 871 540 naturaliter.
909 487 960 530 et
1004 473 1388 534 csseutialiter;
1420 480 1474 525 et
1504 479 1705 524 interire
1733 482 1858 536 pro-
1894 471 1933 522 Λ
1965 461 2124 515 Patre
2172 469 2227 515 et
2273 459 2406 513 Filio
2439 465 2642 511 nauita!
2699 464 2861 526 atque
2893 471 2996 510 ess:
3019 455 3144 509 ntia:
3194 464 3296 508 est.
3345 454 3414 508 At
3462 454 3538 518 id,

282 584 494 639 cedere
532 594 558 628 a
609 572 872 640 theologis
922 568 1217 628 asseritur,
1280 565 1425 633 quod
1457 572 1641 617 autem
1681 574 1867 629 proce—

297 676 436 725 dere
507 669 745 727 dieitur,
803 675 1095 730 prore~sus
1169 658 1379 712 ratione
1457 655 1607 708 illum
1669 652 1869 705 habere

293 761 666 819 substantiam
721 758 960 820 indicat,
1021 755 1165 808 sicut
1217 751 1380 805 etiam
1439 747 1612 817 gigni,
1667 744 1868 797 Filium

299 840 606 908 nativitatis
653 850 867 903 ratione
900 844 1238 907 subsistere;
1278 854 1441 894 omne
1487 847 1690 900 autem,
1723 835 1870 903 quod

295 962 394 1014 per
451 942 670 1010 aliquod
730 937 1091 995 essentialiter
1141 933 1504 990 substantiam
1559 931 1754 991 habet,
1805 941 1871 980 ex

300 1037 391 1089 illo
429 1035 592 1088 etiam
625 1043 706 1087 est
732 1050 746 1086 :
776 1039 992 1087 constat
1017 1028 1287 1097 profecto,
1322 1024 1586 1093 Spiritum
1619 1030 1868 1075 sanctum

297 1142 363 1179 ex
398 1125 536 1178 Filio
589 1137 710 1177 esse
803 1131 966 1190 atque
1009 1119 1326 1188 procedere.
1358 1115 1466 1168 Aut
1525 1112 1669 1167 enim
1729 1109 1873 1180 quod

293 1217 524 1280 dicitur,
559 1231 671 1284 per,
711 1211 849 1266 nihil
901 1211 953 1263 in
1011 1208 1186 1263 sancti
1239 1204 1477 1274 Spiritus
1526 1201 1874 1272 proccssione

299 1308 648 1362 commendat
678 1346 692 1366 ,
737 1313 835 1357 aut
880 1298 1229 1354 commendat
1266 1297 1508 1366 quidem,
1544 1295 1637 1348 sed
1671 1295 1874 1362 imper-

306 1401 508 1452 fectum
545 1395 770 1464 aliquid,
801 1404 893 1447 aut
931 1391 1284 1454 instrumenti
1317 1389 1499 1456 implet
1527 1387 1726 1462 vicem,
1756 1393 1872 1447 aut,

305 1492 448 1542 sicut
475 1505 570 1556 per
601 1489 805 1550 locum,
838 1494 930 1537 aut
962 1495 1200 1548 tempus,
1235 1489 1325 1534 aut
1366 1488 1514 1540 certe
1549 1494 1645 1548 per
1675 1477 1870 1532 Filium

307 1581 651 1638 naturaliter.
679 1589 732 1632 et
766 1591 1056 1646 processus
1099 1575 1337 1636 ratione,
1368 1583 1530 1641 atque
1567 1568 1874 1624 essentiali-

310 1684 396 1727 tcr
433 1673 720 1742 procedere
773 1670 1036 1739 Spiritum
1089 1677 1340 1722 sanctum
1384 1664 1684 1719 secundum
1735 1677 1876 1729 pro-

311 1768 490 1833 prium
540 1765 757 1816 modum
809 1761 1133 1816 substantia:
1187 1757 1554 1812 commendat.
1607 1753 1710 1806 Sed
1751 1766 1876 1805 cum

303 1869 495 1909 etetera
532 1855 582 1907 in
621 1863 833 1915 sancta,
865 1862 1030 1921 atque
1065 1847 1607 1918 supersubslantiali,
1641 1852 1694 1897 et
1743 1843 1876 1895 sim-

307 1947 432 2014 plici
469 1945 735 1998 Trinitate
784 1957 1056 2009 nusquam
1110 1941 1290 1992 locum
1350 1939 1623 1998 habeant,
1660 1935 1881 1987 omnino

303 2033 618 2085 necessario
660 2028 1010 2098 relinquitur,
1041 2036 1100 2080 ut
1143 2027 1415 2085 dicamus,
1449 2039 1560 2089 per,
1608 2037 1636 2074 a
1680 2019 1882 2073 sanctis

295 2123 568 2182 .l‘atribus
599 2138 708 2174 non
762 2121 964 2174 frustra
999 2120 1288 2181 insertum,
1321 2126 1482 2184 atque
1512 2114 1562 2168 id
1600 2129 1704 2166 una
1737 2127 1884 2166 com-

308 2217 587 2277 mendare,
614 2214 755 2282 quod
791 2229 856 2267 ex
887 2213 1045 2266 Patre
1074 2226 1169 2279 per
1211 2208 1407 2263 Filium
1439 2205 1884 2261 substantialiter

291 2286 458 2369 'juxta
513 2317 676 2354 unam
762 2300 1124 2368 eamdemque
1181 2298 1588 2368 processionem
1637 2295 1884 2364 procedit

304 2394 546 2464 Spiritus
601 2404 844 2449 sanctus.
895 2394 1128 2447 Prorsus
1185 2392 1330 2446 enim
1362 2430 1378 2452 .
1427 2405 1540 2458 per,
1575 2388 1632 2441 in
1680 2387 1882 2455 quibus

302 2489 628 2550 assumitur,
663 2485 988 2556 prtccedenti
1019 2499 1198 2539 causae
1223 2482 1506 2538 concurrit
1531 2481 1596 2534 ad
1633 2481 1879 2534 eamdem

303 2577 674 2639 efﬁcientiam,
703 2593 866 2645 quam
898 2576 990 2628 illa
1022 2573 1447 2644 spectat.Atque
1474 2571 1577 2624 hoc
1603 2569 1710 2623 late
1739 2577 1884 2638 patet

305 2669 523 2738 singula
555 2668 992 2736 inspicientibus.

381 2758 518 2814 Nam
550 2775 676 2814 eum
714 2759 927 2813 fructus
952 2773 1016 2812 ex
1048 2756 1230 2811 radice
1257 2771 1350 2824 per
1385 2771 1598 2810 ramum
1634 2753 1882 2823 prodeat,

308 2853 680 2920 ramusjuxta
729 2849 1047 2905 scminalem
1093 2857 1305 2902 natura:
1344 2847 1634 2909 rationem,
1677 2859 1796 2914 quae
1830 2843 1885 2896 in

310 2939 498 2994 radice
536 2950 621 2994 est
657 2941 722 2992 ad
759 2938 1103 2993 efficientiam
1132 2951 1424 3006 processus
1453 2935 1730 2989 fructuum
1761 2949 1884 2986 (um

312 3033 498 3086 radice
559 3030 862 3086 contendit.
927 3030 1107 3097 Atque
1165 3029 1218 3080 in
1286 3026 1564 3096 praedictis
1631 3025 1887 3079 omnibus

309 3124 616 3192 exemplis,
655 3122 743 3192 qui
799 3122 1075 3190 ingenium
1132 3133 1391 3173 exercere
1438 3117 1689 3179 voluerit,
1744 3117 1881 3170 idem

307 3231 572 3283 apparere
600 3215 914 3286 perspiciet.
951 3213 1058 3267 Sed
1095 3212 1146 3266 in
1189 3211 1278 3265 his
1323 3226 1566 3281 quoque,
1600 3211 1652 3262 in
1687 3208 1887 3278 quibus

314 3324 406 3361 ars
441 3320 721 3377 Operatur,
775 3324 948 3374 serra,
984 3309 1134 3362 verbi
1182 3308 1380 3376 gratia,
1413 3321 1508 3374 per
1537 3320 1700 3374 quam
1739 3303 1890 3356 faber

311 3400 544 3465 gradum
592 3402 833 3469 ligneum
887 3400 1056 3462 facit,
1097 3401 1161 3454 ad
1198 3400 1374 3464 illum,
1409 3413 1515 3451 non
1552 3399 1618 3451 ad
1661 3395 1890 3450 alterius

319 3483 536 3554 generis
591 3491 838 3545 cliectum
887 3492 1084 3546 artifici
1123 3499 1473 3559 cooperatur.
1511 3488 1696 3557 Neque
1743 3488 1888 3540 enim

323 3574 398 3625 illi
447 3577 511 3628 ad
545 3581 970 3635 calefaciendum
1035 3582 1149 3635 sive
1183 3580 1545 3634 dealbandum
1573 3578 1893 3646 cooperabi-

317 3675 430 3730 tur,
465 3667 621 3738 idque
654 3689 745 3740 per
780 3676 924 3741 quod
977 3673 1216 3726 trahitur
1247 3670 1527 3728 machina,
1557 3667 1794 3720 trahenti
1829 3665 1895 3720 ad

318 3763 744 3827 pertractionem
782 3763 966 3815 oneris
1000 3761 1408 3832 cooperabitur.

391 3853 470 3904 Ac
507 3854 549 3906 si
591 3854 811 3924 quidem
863 3871 1019 3910 serra
1046 3856 1208 3909 homo
1240 3863 1405 3919 esset,
1443 3855 1585 3909 sicut
1618 3862 1674 3909 et
1717 3853 1885 3920 faber,

306 3953 363 4000 et
399 3945 545 3999 idem
598 3951 782 4010 homo,
813 3947 1272 4017 quemadmodum
1312 3948 1363 4001 in
1410 3945 1572 4002 Patre
1637 3956 1693 4001 et
1753 3946 1893 4002 Filio

299 4039 445 4092 idem
503 4048 586 4094 est
631 4039 795 4106 Deus,
851 4048 1066 4094 secaret
1101 4049 1154 4093 ct
1205 4040 1344 4110 ipsa,
1387 4041 1532 4094 sicut
1587 4049 1640 4094 et
1690 4039 1885 4094 faber:

307 4131 572 4200 quodque
600 4146 695 4200 per
718 4146 926 4185 serram
958 4131 1127 4193 fieret,
1156 4131 1295 4184 idem
1324 4140 1490 4195 esset,
1514 4132 1659 4201 quod
1690 4148 1720 4185 λ
1741 4148 1890 4188 serra

319 4226 494 4279 fieret.
538 4225 592 4278 Si
619 4233 799 4276 autem
838 4224 890 4276 in
927 4223 1127 4291 quibus
1158 4233 1238 4276 est
1274 4232 1468 4277 natura
1517 4224 1794 4292 diflereus,
1828 4242 1890 4280 ea

318 4333 418 4387 per
449 4333 571 4386 qua:
601 4317 806 4386 aliquid
840 4317 932 4378 fit,
969 4323 1338 4384 cooperantur
1379 4317 1462 4370 his
1496 4317 1587 4385 qui
1625 4332 1683 4372 se
1715 4318 1890 4385 primo

320 4419 565 4471 movent,
590 4424 652 4462 ac
674 4424 770 4477 pro
799 4407 960 4462 modo
985 4424 1086 4462 suo
1111 4423 1216 4461 una
1247 4422 1408 4463 causa
1439 4408 1573 4462 fiunt
1597 4426 1610 4461 :
1641 4409 1721 4463 vel
1748 4411 1891 4465 sicut

1970 554 2117 624 quod
2147 553 2372 614 dicitur,
2411 566 2505 618 per
2553 548 2749 603 Filium
2784 548 2963 602 omnia
3003 547 3267 616 producta
3313 561 3455 608 esse,
3487 556 3545 600 et
3604 535 3610 541 ’

1971 647 2167 701 Filium
2201 659 2364 698 uuam
2412 658 2535 698 eum
2569 642 2727 695 Patre
2758 656 3000 702 causam,
3043 654 3319 708 unumque
3347 639 3543 693 condi-

1969 749 2144 792 torem
2177 733 2752 802 commeudat.ltaque
2772 731 2928 799 longe
2961 732 3154 795 magis,
3183 732 3324 796 quod
3345 729 3544 783 dicitur

1976 845 2070 899 per
2099 826 2298 881 Filium
2335 827 2650 895 procedere,
2682 824 2859 892 ipsum
2893 836 3112 890 quoque
3145 821 3338 875 Filium
3373 836 3543 874 unum

1975 941 2100 980 cum
2146 924 2305 978 Patre
2358 923 2743 990 productorcm
2798 931 2954 979 esse.
3007 919 3344 978 necessario
3383 917 3542 970 fateri

1975 1027 2168 1087 ceget:
2202 1031 2379 1084 eoque
2420 1015 2612 1081 magis,
2641 1029 2748 1081 quo
2775 1021 2828 1066 et
2860 1027 2953 1080 per
2983 1010 3222 1065 Verbum
3257 1010 3548 1078 productiu-

1980 1111 2220 1180 Spiritus
2275 1107 2494 1160 dicitur.
2547 1105 2680 1158 Nam
2734 1105 2779 1157 si
2838 1103 2994 1157 l‘atcr
3042 1102 3194 1156 solus
3250 1102 3548 1168 productor

1976 1210 2142 1264 esset,
2187 1215 2250 1254 ac
2300 1199 2602 1268 producere
2653 1197 2730 1250 illi
2791 1193 3153 1249 substantiale
3205 1201 3389 1254 esset,
3440 1207 3546 1244 non

1977 1295 2276 1366 productor
2307 1308 2402 1360 per
2444 1258 2678 1343 V’tBI'illlln
2730 1289 2910 1343 dictus
2945 1288 3155 1341 fuisset.
3205 1286 3346 1349 Ome
3399 1283 3547 1338 enim

1977 1386 2353 1445 Substantialia
2411 1399 2768 1453 personarum
2811 1392 2960 1441 sunt,
2993 1381 3307 1433 communia
3338 1378 3547 1433 exteris

1975 1500 2097 1539 esse
2143 1500 2248 1537 non
2307 1491 2554 1548 possunt.
2609 1478 2849 1546 Exempli
2901 1494 3063 1532 causa
3093 1520 3106 1543 ,
3149 1478 3194 1529 si
3245 1486 3395 1546 pater
3450 1491 3547 1542 per

1979 1575 2216 1642 aliquem
2271 1583 2428 1640 pater
2460 1582 2626 1631 esset,
2659 1569 2958 1639 pateruitas
3007 1569 3152 1622 illius
3192 1567 3550 1624 substantiale

1977 1678 2099 1717 esse
2127 1677 2236 1715 non
2267 1671 2473 1730 posset.
2508 1661 2610 1712 Sed
2638 1662 2704 1713 de
2734 1659 2819 1713 liis
2849 1668 3034 1727 postea
3071 1658 3302 1712 dicetur.

2053 1773 2209 1827 Nune
2236 1772 2474 1842 Cyrillus
2520 1769 2862 1824 admirabilis
2895 1770 3219 1822 auctoritate
3249 1781 3369 1831 sua,
3399 1767 3544 1836 quod

1984 1864 2369 1934 proposuimus
2399 1903 2413 1924 ,
2469 1862 2710 1916 roboret.
2766 1862 2816 1915 is
2873 1862 3018 1915 enim
3075 1862 3128 1913 in
3179 1860 3422 1915 secundo
3480 1858 3546 1911 ad

1980 1954 2260 2009 Hermiam
2290 1953 2455 2015 libro,
2495 1953 2574 2006 sic
2607 1953 2720 2004 ait:

2062 2084 2078 2115 ι
2120 2063 2381 2118 Sanctum
2430 2073 2610 2117 autem
2659 2063 2920 2132 Spiritum
2973 2061 3145 2125 dicrs,
3188 2061 3277 2130 qui
3325 2075 3389 2115 ex
3441 2060 3554 2114 Duo

1985 2154 2144 2210 Patre
2176 2173 2271 2224 per
2303 2155 2497 2211 Filium
2533 2155 2853 2208 naturaliter
2881 2152 3247 2222 profunditur,
3280 2168 3366 2220 ac,
3409 2151 3554 2208 sicut

1983 2246 2037 2300 in
2082 2247 2250 2316 ﬁgura
2283 2245 2661 2315 respirationis
2696 2245 2808 2299 oris
2836 2244 3008 2298 nostri
3042 2259 3195 2299 suam
3231 2244 3390 2298 nobis
3422 2245 3553 2297 sul.

1983 2338 2237 2392 stantiam
2271 2339 2494 2392 indicat.
2541 2357 2558 2390 ν

2056 2450 2111 2501 Si
2173 2449 2333 2517 igitur
2391 2448 2559 2516 figura
2625 2449 3002 2518 respirationis
3061 2448 3173 2502 oris
3229 2448 3399 2501 nostri
3453 2462 3553 2517 pro

1983 2542 2237 2609 exemplo
2293 2553 2506 2611 sumpta
2550 2531 2654 2602 est,
2692 2541 2837 2610 quod
2906 2557 2999 2608 per
3059 2540 3254 2594 Filium
3317 2541 3554 2608 Spiritus

1985 2635 2242 2703 procedat
2271 2653 2283 2686 :
2319 2650 2380 2688 os
2412 2634 2556 2686 enim
2595 2633 2770 2686 Patris
2798 2632 2989 2685 Filium
3022 2633 3192 2685 sancti
3216 2631 3405 2685 Patr-es
3435 2646 3556 2684 esse

1985 2725 2178 2791 aiunt;
2209 2707 2294 2779 vel
2332 2725 2494 2779 etiam
2531 2734 2750 2791 propter
2788 2725 3171 2778 insufllationis
3205 2725 3348 2778 illius
3380 2723 3553 2787 signi-

1989 2818 2332 2878 ficationem,
2385 2815 2603 2885 quando
2664 2815 2946 2869 insufllans
2995 2816 3256 2884 Spiritum
3305 2825 3554 2870 sant-tum

1986 2907 2271 2977 discipulis
2304 2907 2567 2960 Dominus
2607 2905 2788 2958 dedit:
2830 2906 2972 2959 sicut
2999 2905 3050 2958 in
3093 2906 3559 2975 consequentibus

1987 2996 2412 3062 monstrabitur;
2451 2995 2554 3049 hoc
2585 3006 2762 3050 autem
2793 2995 3063 3065 propriam
3098 2995 3256 3050 nobis
3297 2997 3556 3050 substan-

1988 3090 2118 3143 tiam
2179 3089 2484 3160 significat:
2524 3097 2770 3148 constat,
2818 3089 2979 3157 quia.
3040 3089 3152 3141 sive
3210 3105 3304 3157 per
3361 3089 3558 3143 Filium

1911 3167 1957 3229 Ο
1991 3184 2287 3253 procedere
2351 3183 2688 3245 dixerimus,
2737 3181 2852 3236 sive
2901 3179 3281 3236 insufﬂatiouis
3333 3183 3559 3251 figuram

1988 3279 2415 3346 susceperimus,
2450 3293 2512 3329 ex
2541 3286 2773 3344 utroque
2803 3277 2998 3330 borum
3033 3276 3272 3344 Spiritus
3307 3277 3562 3330 substan-

1993 3370 2145 3432 tiam,
2193 3378 2299 3422 taui
2355 3370 2628 3438 praecipuo
2699 3367 2924 3421 doctore
2980 3373 3226 3421 tradente
3279 3367 3560 3422 docemur.

1992 3461 2085 3515 Sin
2134 3469 2316 3514 autem
2371 3461 2472 3512 ista
2524 3476 2651 3512 vero
2685 3459 3158 3512 consentientibus
3198 3459 3369 3514 initiis
3413 3459 3561 3523 fidei,

1993 3553 2427 3620 doctoribusque
2457 3553 2651 3614 sacris,
2679 3560 2732 3604 et
2763 3552 3016 3608 omnibus
3044 3553 3115 3605 ita
3149 3554 3560 3616 attestantibus,

1997 3657 2292 3709 verumque
2324 3642 2546 3694 omnino
2587 3644 2996 3708 comprobatur,
3035 3644 3177 3712 quod
3218 3661 3312 3712 per
3345 3646 3560 3714 aliquod

1997 3731 2358 3787 substantiam
2407 3731 2621 3795 habeat,
2653 3731 2701 3783 id
2735 3733 2896 3784 etiam
2947 3745 3011 3784 ex
3066 3733 3182 3797 ipso
3218 3749 3275 3786 cs
3309 3749 3362 3798 (ι,
3397 3735 3565 3802 liquet

1999 3822 2269 3888 profecto,
2319 3823 2422 3874 nisi
2470 3821 2593 3891 quis
2647 3823 2872 3875 omnino
2924 3821 3208 3891 impudens
3257 3837 3378 3875 esse
3416 3825 3564 3881 Vt'lil.

1999 3911 2259 3981 Spiritum
2285 3921 2532 3966 sanctum
2557 3929 2620 3966 cx
2650 3911 2788 3964 Filio
2813 3927 2964 3966 esse:
2995 3913 3436 3982 quandoquidem
3473 3928 3566 3980 per

1996 4006 2173 4074 ipsum
2209 4005 2573 4059 substantiam
2614 4005 2795 4068 liabet,
2821 4019 2882 4057 ac
2915 4020 3008 4074 per
3052 4005 3226 4074 ipsum
3262 4007 3525 4075 procedit.

2063 4136 2332 4191 Caeterum
2363 4152 2464 4190 nos
2499 4151 2563 4189 ex
2597 4136 2804 4190 sanctis
2836 4134 3086 4190 Patribus
3121 4136 3365 4204 apertius
3393 4138 3566 4192 doce-

1994 4227 2210 4292 bimus,
2266 4244 2379 4296 per,
2429 4237 2482 4281 et
2535 4244 2622 4295 es,
2670 4229 2723 4280 in
2760 4229 2958 4281 divinis
3017 4230 3179 4283 rebus
3221 4230 3559 4284 tantumdem

1997 4318 2200 4379 valere,
2248 4318 2340 4384 qui
2391 4317 2494 4371 ista
2547 4317 2602 4370 in
2644 4317 2728 4370 bis
2780 4316 3151 4371 indifferentr
3182 4319 3451 4386 accipere,
3502 4329 3562 4374 ut

1997 4411 2168 4479 pium,
2203 4419 2570 4463 monuerunt:
2607 4411 2768 4465 aliter
2799 4419 2976 4462 autem
3025 4411 3348 4480 intelligere,
3387 4413 3560 4465 luere-

319 4499 953 4564 instruiueuta,velalias
987 4499 1403 4567 quomodolibet
1425 4499 1672 4566 juvantia
1723 4509 1887 4569 atque
1923 4514 1965 4568 ι)
1996 4503 2114 4554 tica:
2164 4502 2513 4571 malignitatis
2578 4516 2695 4555 esse
2723 4502 3044 4554 docuerunt.
3089 4500 3149 4554 lli
3182 4503 3325 4555 enim
3358 4518 3566 4571 praepo-

309 4592 655 4660 couf'ez'cntia
687 4611 700 4645 :
738 4591 909 4644 multo
955 4591 1129 4659 magis
1182 4593 1234 4644 in
1285 4591 1444 4644 Patre
1495 4603 1549 4643 et
1581 4591 1736 4654 Filio,
1801 4593 1893 4646 ubi

315 4683 564 4752 perfecta
613 4685 866 4737 idea-titus
915 4692 1080 4752 atque
1125 4683 1646 4737 ineommutabilitas
1677 4696 1729 4738 et
1770 4683 1895 4738 Filii

314 4779 380 4829 ad
421 4775 687 4840 Patrem;
729 4786 805 4840 et,
852 4791 1003 4845 requa
1046 4775 1228 4829 Deitas
1261 4775 1564 4830 secundum
1619 4759 1890 4838 eani‘dem,

311 4879 370 4918 ct
429 4868 656 4920 unicam
717 4869 890 4919 sancti
945 4868 1186 4935 Spiritus
1247 4882 1314 4922 ex
1359 4867 1521 4924 Patre
1557 4885 1652 4938 per
1684 4871 1887 4934 Filium

311 4955 741 5013 siilzstantialein
775 4958 1206 5023 processienem,
1237 4960 1351 5027 ipse
1380 4959 1550 5013 Filius
1580 4960 1890 5012 communi-

309 5053 456 5104 cabit
498 5047 678 5111 l’atri,
747 5061 854 5100 nan
914 5047 1404 5104 instrumentaliter
1455 5065 1551 5104 seu
1599 5051 1888 5114 serviliter,

309 5144 406 5197 sed
437 5141 1020 5205 essentiafiter,atque
1053 5141 1392 5203 naturaliter,
1413 5149 1598 5210 utpote
1626 5140 1908 5195 naturaliS'

308 5236 354 5287 ei
383 5251 504 5304 qua:
533 5231 982 5287 substantialitcr
1020 5230 1178 5282 insita
1209 5230 1284 5282 illi
1335 5240 1417 5284 est
1445 5233 1639 5286 virtus.
1674 5231 1806 5285 Nam
1844 5232 1889 5285 si

307 5332 361 5382 in
397 5330 480 5383 liis
507 5339 638 5396 quae
671 5325 880 5375 minora
913 5330 1058 5384 sunt,
1086 5337 1179 5388 per
1215 5323 1460 5374 eamdem
1489 5331 1650 5390 atque
1681 5327 1896 5375 unicam

310 5437 432 5474 cum
477 5421 648 5473 Patre
703 5415 810 5466 vim
863 5415 1026 5466 etiam
1088 5411 1226 5465 Filio
1282 5411 1504 5466 reddere
1544 5413 1805 5476 creditur,
1844 5415 1896 5467 in

309 5515 502 5581 quibus
571 5508 764 5575 utique
836 5507 1159 5560 substantiae
1214 5514 1298 5559 cst
1369 5503 1580 5558 infinita
1638 5505 1894 5570 varietas,

313 5607 479 5658 multo
527 5601 712 5669 magis
766 5601 818 5651 in
863 5608 1051 5651 sancto
1083 5597 1310 5666 Spiritu,
1351 5598 1441 5667 qui
1495 5599 1734 5668 ejusdem
1769 5617 1892 5655 cum

385 5816 429 5846 ¹⁸
463 5815 609 5870 Gen.
647 5824 720 5874 iv,
761 5809 812 5862 1.
898 5810 952 5841 ἐ’
982 5805 1155 5861 Exod.
1190 5824 1273 5874 η,
1309 5808 1395 5861 ‘25.

1997 4594 2256 4648 sitionum
2305 4592 2644 4653 dilIerentia,
2679 4591 2993 4647 differentes
3046 4595 3207 4647 ctiam
3255 4604 3478 4650 naturas
3511 4599 3563 4648 in

1995 4695 2181 4739 sancta
2225 4682 2496 4736 Trinitate
2547 4683 3005 4737 subiutrmlncere
3054 4687 3440 4740 moliebantur.
3479 4689 3567 4741 Ait

1995 4775 2138 4827 enim
2177 4773 2472 4843 praeclarus
2503 4771 2738 4825 Basilius
2771 4774 2824 4824 in
2863 4774 2967 4834 his,
3011 4789 3130 4843 qua:
3170 4776 3233 4827 ad
3281 4776 3565 4844 Amphilo-

1995 4868 2180 4920 cliium
2221 4867 2444 4935 scripsit
2475 4881 2489 4920 :
2526 4882 2546 4915 ‹
2597 4864 2712 4917 Non
2772 4864 2946 4919 solum
3005 4867 3056 4917 in
3109 4865 3310 4920 divinis
3343 4866 3566 4926 Litteris

2003 4972 2134 5014 usus
2166 4973 2355 5011 vocum
2388 4966 2771 5018 immutantur,
2800 4957 2891 5010 sed
2912 4955 3024 5025 jam
3057 4958 3175 5010 aliae
3221 4974 3317 5028 pro
3339 4961 3563 5016 aliarum

2000 5048 2403 5117 significatione
2459 5055 2740 5115 ponuntur
2777 5047 3000 5116 sa‘pius,
3044 5057 3206 5117 atque
3255 5067 3317 5105 ex
3365 5069 3461 5107 sua
3511 5057 3564 5108 iu

2000 5138 2234 5190 alienam
2273 5147 2579 5191 transeunt.
2618 5135 2858 5208 Denique
2899 5138 2950 5192 in
2989 5139 3074 5192 his
3117 5124 3422 5208 pur-titulis,
3452 5161 3566 5210 per,

1999 5238 2052 5283 et
2079 5245 2164 5296 ex,
2193 5228 2357 5284 altera
2381 5230 2607 5284 alterius
2630 5246 2772 5298 saepe
2799 5231 3246 5301 significationem
3289 5236 3475 5295 sumit,
3510 5246 3569 5286 ut

1999 5333 2079 5377 est
2107 5322 2237 5377 illud
2263 5339 2279 5377 :
2319 5321 2533 5376 Possedi
2569 5322 2824 5376 hominem
2843 5339 2934 5390 per
2957 5322 3121 5376 Deum
3157 5325 3222 5389 ",
3247 5325 3389 5392 quod
3427 5324 3565 5375 idem

1998 5428 2100 5482 est,
2121 5432 2182 5470 ac
2207 5417 2250 5470 si
2280 5415 2530 5480 dixisset,
2553 5430 2616 5468 ex
2653 5416 2782 5467 Deo.
2809 5415 2985 5483 Atque
3019 5416 3145 5467 alibi
3183 5408 3209 5466 ε’
3233 5415 3567 5477 Qua‘cmtque

1998 5509 2268 5563 mandavit
2305 5507 2509 5578 Moyses
2548 5507 2740 5561 Israeli
2769 5522 2858 5572 per
2889 5517 3204 5571 prwccptum
3251 5501 3463 5551 Damim‘
3499 5503 3563 5552 ".

1999 5601 2073 5656 Ac
2106 5616 2348 5656 rursum:
2381 5599 2564 5652 Nonne
2594 5612 2686 5663 per
2716 5595 2878 5664 Deum
2904 5603 2979 5645 est
3008 5595 3190 5641 horum
3225 5586 3518 5640 declat-alio
3540 5589 3566 5641 .'
