4144 6296
627 327 693 388 Π

628 442 734 494 Per
771 437 964 500 Deum,
1015 434 1175 492 dixit.
1219 447 1318 502 pro
1366 446 1433 488 eo
1470 432 1615 500 quod
1669 441 1776 495 est,
1808 446 1871 484 ea:
1917 433 2043 484 Deo.
2082 448 2098 481 ι
2150 426 2211 480 Et
2241 431 2284 485 Α

632 537 744 588 lizec
773 530 994 600 quidem
1025 525 1277 579 Basilius.

707 624 944 678 Sanctus
989 628 1166 674 autem
1217 617 1452 687 Cyriilus
1505 617 1555 670 in
1593 619 1783 686 quinto
1815 617 1880 672 ad
1925 615 2196 672 Hermiam

633 718 701 773 ait
732 733 746 769 :
783 733 802 766 ‹
841 713 982 780 Quid
1009 721 1188 764 autem
1217 710 1240 762 ?
1270 709 1461 762 Nonne
1487 710 1816 762 credendum
1843 718 1928 763 est
1955 707 2153 764 dicenti
2181 725 2194 761 :

634 809 741 878 Ego
768 823 884 862 sum
914 806 1017 868 via,
1037 803 1232 858 veritus
1276 810 1326 854 et
1357 801 1461 854 vita
1492 800 1538 829 ²⁰
1561 800 1584 851 ?
1610 800 1700 868 qui
1727 815 1849 853 cum
1882 801 1955 854 ita
1988 809 2192 869 aperte,

629 917 693 955 ac
731 892 1082 969 singulariter
1131 896 1372 962 seipshm
1415 891 1576 944 vitam
1625 907 1744 945 esse
1793 891 1958 957 dicat,
2019 907 2199 946 nonne

635 995 850 1047 Patrem
910 1005 976 1044 ac
1027 988 1196 1039 Deum
1246 986 1348 1038 hoc
1398 984 1574 1051 ipsum
1630 997 1856 1036 munere
1905 985 2200 1036 excludere

629 1086 960 1143 videbimur,
978 1080 1081 1134 nisi
1108 1079 1299 1131 ambos
1321 1075 1618 1130 uuiusesse
1640 1083 1846 1128 natura:
1867 1077 2202 1140 dederimus,

629 1195 691 1231 ac
722 1193 817 1244 per
851 1183 1144 1239 utrumque
1175 1169 1230 1222 in
1282 1183 1380 1221 uos
1443 1167 1721 1235 aequaliter
1752 1168 1916 1218 vitam
1957 1183 2199 1231 manare,

631 1271 816 1336 idque-
855 1281 964 1319 non
1013 1263 1170 1329 quasi
1227 1276 1291 1314 ex
1348 1259 1581 1320 duobus,
1623 1257 1715 1312 sed
1759 1259 1910 1329 quasi
1967 1274 2034 1313 ex
2089 1275 2198 1312 uno

629 1360 811 1413 omnia
849 1356 1157 1408 viviﬁcante
1194 1353 1320 1404 Deo.
1367 1369 1385 1400 i

701 1447 843 1502 Idem
877 1449 928 1500 in
960 1453 1115 1500 sesto
1148 1444 1212 1497 ad
1249 1441 1567 1496 "llermiam:
1609 1462 1629 1493 ι
1661 1441 2039 1508 Quodcunque
2068 1457 2200 1496 sane

628 1560 656 1594 τι
692 1540 854 1596 Patre
906 1548 1118 1609 gestum
1154 1536 1340 1598 fuerit,
1377 1537 1428 1590 id
1478 1537 1700 1590 omnino
1747 1534 1869 1588 Filii
1915 1533 2200 1590 eﬂicientia

627 1647 708 1690 est
739 1653 752 1687 :
783 1643 834 1689 et.
866 1634 1236 1704 quodcunque
1264 1629 1471 1684 dictum
1513 1627 1678 1682 fuerit
1709 1643 1806 1697 per
1845 1626 2042 1681 Filium
2074 1644 2198 1698 per-

627 1727 738 1789 lici;
782 1725 887 1778 hoc
938 1737 1166 1792 prorsus
1228 1720 1389 1773 Pater
1421 1718 1631 1773 elici-it:
1681 1718 1865 1772 omnia
1913 1718 2056 1772 enim
2103 1734 2201 1788 per

628 1819 823 1873 ambos
852 1817 1139 1887 inqualiter
1168 1815 1322 1866 iiunt.
1365 1831 1385 1863 ›

699 1914 844 1968 Ideni
883 1912 936 1964 in
967 1909 1200 1980 quadam
1235 1906 1301 1960 ad
1340 1904 1651 1961 Nestorium
1687 1905 1916 1975 epistola
1952 1922 1966 1958 :
2005 1922 2025 1956 ι
2061 1903 2200 1970 Quia

625 2015 756 2071 ergo
775 2013 940 2055 carne
961 2005 1200 2066 sumpta,
1232 2005 1285 2048 et
1314 1993 1488 2049 Filius
1511 1995 1746 2048 hominis
1767 2003 1851 2048 est
1876 1994 2201 2063 appellatus,

626 2091 790 2146 fateri
851 2103 1073 2142 necesse
1122 2094 1223 2147 est,
1278 2085 1428 2136 illum
1471 2097 1568 2151 per
1618 2098 1838 2136 carnem
1871 2098 1936 2135 ex
1975 2083 2203 2136 muliere

627 2182 930 2252 genitunm
965 2176 1030 2230 Et
1063 2184 1184 2244 post
1216 2187 1424 2250 pauca:
1463 2191 1480 2222 ι
1522 2171 1783 2234 Verbum,
1817 2173 1959 2240 quod
1994 2188 2059 2226 ex
2092 2173 2202 2226 Deo
2233 2174 2235 2176 ’

629 2273 791 2326 Patre
825 2279 930 2331 est,
961 2284 1027 2321 ex
1060 2273 1246 2319 sancta
1294 2261 1512 2332 Virgine
1555 2262 1821 2315 nascitur.
1867 2280 1884 2311 ι
1920 2261 2200 2330 Itemque:

635 2381 653 2411 ι
693 2361 864 2416 Natus
901 2370 1004 2422 εει,
1039 2357 1339 2410 secundum
1375 2368 1497 2413 nos,
1533 2368 1599 2405 ex
1634 2353 1883 2405 muliere.
1929 2369 1947 2401 i
1984 2349 2111 2404 Item
2150 2353 2202 2403 in

630 2467 880 2509 sermone
912 2449 1099 2502 habito
1130 2459 1312 2499 coram
1345 2444 1670 2512 imperatore
1695 2441 2022 2508 Theodosio,
2047 2445 2205 2511 cujus

629 2544 844 2598 initium
906 2548 1047 2594 est:
1102 2537 1360 2590 Humana:
1421 2535 1605 2606 gloria!
1681 2550 1984 2601 supremum
2053 2535 2206 2603 [iisii-

636 2639 778 2708 gium
813 2649 830 2686 :
863 2630 1130 2693 Verbum,
1182 2629 1353 2698 inquit
1379 2667 1394 2692 ,
1449 2627 1590 2697 quod
1635 2643 1697 2680 ex
1758 2625 1868 2681 Deo
1900 2625 2060 2682 Patre
2101 2637 2203 2691 est,

635 2723 1040 2780 manifestatum
1087 2729 1172 2774 est
1222 2719 1274 2772 iu
1328 2733 1514 2773 carne.
1569 2716 1767 2773 Natum
1800 2727 1884 2773 est
1919 2719 2064 2772 enim
2112 2733 2206 2787 per

609 2811 882 2872 sanctam
939 2813 1034 2868 Dei
1082 2810 1414 2866 Geuitrirem
1470 2811 1771 2881 virginem,
1827 2810 2000 2866 forma
2061 2811 2204 2866 servi

633 2919 936 2978 assumpta.
979 2925 996 2957 ι
2124 2980 2126 2982 γ

705 3001 939 3052 Sanctus
967 2993 1348 3050 itemJoanues
1380 2993 1748 3049 Damascenns
1778 3012 1791 3047 :
1840 3013 1857 3045 ι
1893 2995 2056 3049 Deum
2113 3011 2203 3066 ge-

637 3090 831 3154 nuisti,
868 3101 1040 3142 mater
1069 3099 1284 3152 sancta,
1319 3089 1662 3139 incariiatum
1705 3103 1769 3139 cx
1817 3096 1890 3142 te.
1923 3106 1940 3138 ι
1978 3087 2044 3143 Et
2081 3105 2202 3144 rur-
2237 3091 2278 3148 C

636 3200 757 3238 sum
789 3199 801 3234 :
844 3199 862 3232 ί
901 3179 1006 3234 Per
1057 3191 1128 3244 te,
1183 3189 1353 3232 mater
1391 3178 1552 3246 Virgo
1584 3186 1798 3244 sancta,
1850 3180 1938 3232 lux
1976 3192 2058 3234 est
2087 3182 2204 3235 orbi

639 3273 872 3328 ietltiila.
912 3291 928 3323 t

705 3371 783 3420 Ac
821 3381 1036 3419 rursum
1065 3378 1078 3415 :
1117 3381 1135 3412 ι
1175 3362 1248 3423 Ex
1281 3374 1330 3415 te
1362 3376 1598 3416 massam
1629 3376 1797 3416 meam
1826 3363 2074 3432 sumpsit.
2113 3383 2134 3416 ι

710 3459 946 3512 Sanctus
1003 3451 1276 3511 Maximus
1340 3455 1406 3508 ἱιι
1467 3454 1697 3524 dial03is
1757 3455 2018 3509 ailveI'SIis
2065 3457 2211 3509 Ano-

637 3563 886 3616 niosum,
953 3548 1240 3612 t'Muudis.
1307 3547 1523 3616 lnquit,
1575 3547 1770 3601 munda
1829 3557 1956 3602 sunt
2001 3549 2205 3606 omnia.

634 3642 882 3712 Namque
926 3641 1067 3712 apud
1103 3640 1378 3711 nosjuxta
1424 3653 1593 3694 sacrae
1623 3637 1917 3709 Scriptura
1950 3641 2205 3698 intentio-

638 3753 783 3803 nem,
823 3751 1114 3806 perquam,
1164 3736 1302 3788 idem
1352 3741 1438 3788 est
1472 3731 1638 3802 quod,
1674 3747 1756 3793 ea:
1795 3749 1918 3801 quo.
1965 3733 2209 3802 Denique

636 3831 768 3884 dicit
795 3827 856 3882 Β.
892 3826 1092 3880 Paulus
1120 3843 1134 3879 :
1169 3823 1373 3877 Fidelis
1403 3823 1567 3887 Deus,
1596 3837 1685 3890 per
1705 3837 1858 3890 quem
1886 3824 2056 3876 vocati
2084 3835 2208 3876 estis

637 3922 691 3976 iii
723 3920 1139 3972 communionem
1172 3912 1306 3967 Filii
1333 3913 1444 3981 ejus
1471 3913 1572 3966 “.i

720 4011 887 4064 Divus
941 4019 1122 4062 autem
1195 4006 1622 4074 Chrysostomus
1668 4019 1831 4073 Super
1857 4003 2206 4071 Evaiigelium

641 4095 895 4160 Joannis,
925 4110 1048 4148 cum
1096 4100 1415 4162 exponeret,
1450 4090 1594 4160 quod
1630 4091 1865 4145 dicitur:
1904 4087 2097 4144 Omnia
2118 4106 2210 4158 per

640 4190 812 4256 ipsum
846 4188 988 4256 [acta
1039 4194 1184 4250 sunt,
1236 4183 1350 4237 ait:
1394 4201 1412 4235 ι
1447 4180 1710 4247 Verbum,
1763 4197 1828 4235 ea:
1889 4199 2016 4253 quo,
2065 4185 2209 4253 quod

641 4280 811 4334 veluti
843 4278 1012 4332 solius
1037 4275 1214 4330 Patris
1235 4275 1568 4346 praeipuum
1608 4291 1672 4331 ac
1689 4275 1967 4344 singulare
1985 4277 2207 4342 asserta,

643 4369 807 4422 etiam
845 4369 909 4421 de
941 4365 1081 4420 Filio
1117 4364 1319 4421 Paulus
1352 4365 1580 4435 loquens
1606 4367 1826 4436 posuit:
1862 4365 1947 4419 Ex
1976 4382 2100 4435 quo,
2130 4368 2212 4420 iii-

643 4459 863 4526 quiens,
887 4470 1038 4508 umne
1059 4470 1249 4524 corpus
1293 4471 1385 4523 per
1411 4467 1577 4508 nexus
1628 4463 1676 4506 et
1690 4454 1972 4522 juncturas
2001 4471 2212 4524 compa-
2246 4441 2292 4499 υ

644 4561 784 4603 ctum
837 4557 886 4602 et
939 4562 1233 4601 connexum
1285 4549 1472 4600 crescit
1521 4546 1577 4600 in
1625 4557 1964 4612 augmentum
2019 4545 2114 4601 Dei
2149 4549 2214 4600 ".

644 4642 833 4709 Neque
869 4639 971 4694 hoc
1012 4640 1131 4695 solo
1167 4646 1494 4701 contentus,
1531 4636 1748 4692 aliunde
1795 4653 2014 4707 quoque
2060 4638 2218 4692 nobis

644 4747 741 4786 ora
779 4731 1038 4793 obstruit.
1097 4730 1262 4794 istud,
1307 4745 1398 4798 per
1431 4745 1607 4792 quem,
1641 4731 1784 4799 quod
1821 4732 2217 4785 imminutionis

647 4837 770 4877 esse
818 4822 977 4885 dicis,
1026 4819 1172 4874 Patri
1227 4822 1536 4890 assignans.
1571 4816 1776 4873 Fidelis
1803 4820 1971 4886 enim,
2018 4819 2213 4888 inquit,

647 4914 788 4966 Deus
818 4923 894 4967 est
915 4929 1007 4976 per
1035 4928 1186 4981 quem
1208 4913 1377 4966 vocati
1397 4909 1520 4964 estis
1550 4911 1602 4964 in
1625 4912 2043 4964 continuationem
2075 4909 2206 4963 Filii

647 5005 837 5074 ipsius.
887 5002 952 5056 Et
994 5020 1252 5057 rursum:
1297 5003 1400 5057 Per
1453 5003 1774 5074 uoluntatem
1820 5001 1912 5056 Dei
1936 5002 2004 5056 “.
2037 5003 2213 5071 Atque

648 5098 757 5150 alio
792 5098 842 5150 in
875 5097 992 5149 loco
1017 5136 1030 5148 .
1066 5094 1332 5159 Quoniam
1357 5113 1422 5149 ea:
1467 5098 1604 5163 ipso,
1640 5104 1687 5148 et
1735 5111 1824 5162 per
1852 5095 2044 5163 ipsum,
2073 5103 2123 5146 et
2163 5095 2215 5144 ιη

649 5205 764 5258 ipso
801 5200 922 5240 sunt
960 5189 1137 5240 omnia
1169 5185 1236 5238 “.
1269 5185 1457 5253 Neque
1501 5185 1640 5240 Filio
1675 5189 1847 5240 solum
1901 5184 2218 5240 attribuitur

647 5297 712 5335 ex
744 5296 870 5350 quo,
916 5281 1012 5334 sed
1039 5293 1091 5333 et
1121 5277 1350 5347 Spiritui
1386 5288 1597 5332 sancto.
1627 5279 1717 5332 Ait
1748 5280 1891 5332 enim
1919 5281 1985 5335 ad
2016 5277 2216 5347 Josepli

720 5432 764 5496 λθ
787 5464 945 5520 Joaii.
971 5476 1080 5520 xw.
1110 5459 1163 5514 6.
1241 5459 1282 5488 ’ί
1315 5455 1334 5508 l
1366 5456 1492 5511 Cor.
1528 5484 1562 5522 ι,
1595 5456 1650 5511 9.

1727 5458 1772 5489 “
1800 5458 2010 5515 Coloss.
2043 5474 2105 5526 ii,
2146 5460 2230 5514 l9.

653 5537 698 5566 τε
726 5535 884 5589 .loaii.
920 5549 1028 5596 xw,
1074 5530 1158 5584 14.
1239 5530 1282 5560 ²⁷
1317 5527 1447 5582 Luc.
1479 5545 1588 5593 vni,
1624 5531 1723 5584 64.-

1896 313 2291 378 MANUELIS
2331 313 2636 375 CALEC/E

2315 426 2586 496 angelus:
2636 427 2719 481 Ne
2771 430 2961 482 timeas
3025 433 3258 497 accipere
3325 432 3556 490 Mariam
3614 445 3945 517 conjuge»;

2311 523 2479 580 tuam,
2507 517 2646 584 quod
2685 520 2822 572 enim
2850 521 2901 572 iii
2931 535 2991 573 ea
3028 532 3212 575 natum
3239 534 3342 589 est,
3369 541 3434 579 ex
3459 527 3665 598 Spiritu
3713 553 3943 594 sancio

2305 617 2384 661 est
2407 608 2474 662 ⁸⁵.
2515 627 2534 659 ι
3123 615 3126 618 ’
3260 626 3265 632 ·
3853 661 3856 663 λ

2385 700 2620 757 Sanctus
2651 715 2909 772 pranerea
2939 706 3176 778 Cyrillus
3193 713 3258 765 ad
3288 712 3587 772 Palladium
3611 722 3934 792 scribens,

2313 807 2410 861 per
2431 792 2914 864 interrogationem
2964 813 3027 852 ac
3048 805 3481 872 responsionem,
3505 807 3618 863 iure
3649 811 3706 864 in
3752 818 3940 884 prin-

2311 888 2454 955 cipio
2484 888 2648 953 libri,
2683 906 2845 958 quem
2907 891 3225 961 inscripsit,
3282 895 3360 949 De
3401 899 3671 966 spirituali
3723 909 3934 973 cultu,

2311 982 2430 1036 ait:
2469 1000 2488 1032 ι
2528 981 2813 1037 Variabilis
2845 983 3090 1046 profecto
3129 986 3365 1056 Spiritus
3396 1006 3502 1045 non
3539 1003 3642 1048 est.
3679 998 3838 1066 Aut,
3878 1003 3931 1054 si

2313 1073 2440 1127 huic
2483 1077 2675 1129 morbo
2709 1076 3034 1132 variatiouis
3084 1081 3358 1146 subditur,
3388 1085 3454 1136 ad
3504 1085 3676 1150 ipsam
3752 1093 3927 1146 divi-

2312 1180 2437 1218 nam
2501 1175 2752 1220 naturam
2798 1167 2914 1233 hinc
2967 1172 3174 1225 macula
3230 1174 3554 1242 reﬂectitur,
3608 1179 3919 1248 siquidem

2316 1256 2410 1310 lfei
2438 1272 2501 1311 ac
2535 1257 2710 1312 Patris
2737 1268 2840 1326 est,
2880 1264 3008 1329 quin
3035 1265 3197 1318 etiam
3231 1264 3376 1333 Filii,
3406 1282 3529 1322 cum
3561 1285 3624 1322 ex
3657 1281 3925 1344 utroque

2312 1349 2711 1422 essentialiter,
2744 1353 2954 1407 scilicet
2985 1370 3049 1409 ex
3091 1356 3252 1412 Patre
3283 1374 3380 1428 per
3417 1358 3614 1415 Filium
3655 1366 3922 1432 profun-

2309 1439 2471 1493 datur
2493 1440 2748 1508 Spiritus.
2789 1461 2808 1495 ι

2386 1531 2571 1601 Neque
2619 1549 2750 1588 sane
2781 1535 2970 1592 multis
3017 1539 3197 1595 verbis
3229 1544 3495 1613 agendum
3552 1556 3657 1613 est,
3714 1560 3784 1604 ut.
3842 1569 3914 1607 ea

2309 1637 2675 1692 exponantur,
2737 1643 2859 1696 quin
2896 1639 3025 1684 sunt
3070 1634 3432 1700 apertissima.
3465 1637 3697 1695 Constat
3728 1646 3904 1698 enim

2309 1729 2373 1768 ex
2411 1716 2513 1777 his,
2542 1733 2663 1786 qlia:
2690 1717 2836 1773 dicta
2870 1732 3022 1786 sunt,
3048 1741 3160 1792 per,
3194 1735 3246 1779 et
3275 1743 3360 1791 ex,
3402 1730 3455 1781 in
3487 1731 3686 1786 divinis
3719 1738 3912 1793 rebus

2306 1808 2640 1861 tantumdem
2695 1810 2896 1865 valere.
2943 1812 3008 1866 Et
3059 1817 3316 1885 quoniam
3371 1819 3608 1888 Spiritus
3661 1837 3917 1884 sanctus

2304 1911 2367 1950 ex
2407 1895 2571 1953 Patre
2607 1916 2704 1968 per
2735 1900 2931 1958 Filium
2968 1908 3239 1975 procedit,
3273 1925 3335 1964 ex
3390 1909 3526 1966 Filio
3557 1916 3719 1970 etiam
3761 1934 3914 1987 pro-

2263 2031 2270 2037 .
2303 1987 2467 2040 cedit.
2512 1987 2574 2041 Et
2608 1990 2741 2043 illud
2765 1992 2929 2045 simul
2970 2005 3210 2058 constat,
3247 2013 3342 2053 eos
3380 2001 3474 2069 qui
3506 2002 3716 2070 dicunt,
3767 2023 3906 2075 per,

2305 2087 2358 2130 et
2395 2094 2478 2141 ex,
2520 2091 2650 2133 tunc
2703 2089 2915 2135 tantum
2965 2085 3317 2154 aaquivalere,
3365 2105 3488 2144 cum
3539 2093 3592 2147 iu
3629 2106 3904 2154 creatura

2305 2179 2686 2233 assumuntur,
2716 2179 2774 2222 ut
2806 2170 2938 2225 illud
2964 2190 2976 2225 :
3003 2172 3107 2226 Per
3122 2174 3324 2229 Filium
3356 2183 3535 2234 omnia
3558 2183 3704 2251 facta
3735 2202 3901 2258 sunt,

2309 2257 2450 2310 idem
2469 2272 2610 2319 esse,
2637 2274 2701 2313 ac
2732 2260 2776 2315 si
2803 2261 3096 2328 diceretur,
3124 2279 3192 2319 ex
3221 2265 3382 2332 Filio,
3414 2271 3466 2326 in
3499 2272 3756 2335 increatis
3786 2257 3903 2337 au;

2309 2356 2414 2401 tem
2446 2359 2669 2418 negant,
2701 2368 2808 2406 non
2841 2361 2988 2407 recte
3034 2357 3321 2426 arbitrari;
3351 2363 3511 2420 divus
3549 2369 3692 2425 enim
3711 2372 3904 2443 Cyril-

2309 2439 2392 2493 lus
2422 2439 2689 2508 Spiritum
2726 2443 2911 2532 Patris.
2927 2455 2979 2498 et
3004 2445 3126 2501 Filii
3159 2453 3523 2512 essentialiter
3543 2475 3608 2514 ex
3631 2439 3897 2532 utroque,

2311 2532 2562 2594 videlicet
2604 2549 2670 2588 ex
2708 2535 2868 2590 Patre
2915 2551 3008 2606 per
3055 2539 3248 2595 Filium
3283 2546 3531 2613 profundi
3563 2553 3893 2612 declaravit.

2311 2623 2501 2694 Liquet
2551 2625 2712 2693 item,
2760 2644 2884 2682 eum
2939 2629 3236 2689 identidem
3286 2650 3477 2703 putare
3524 2657 3586 2693 ex
3621 2653 3885 2712 utroque,

2311 2719 2470 2772 Patre
2495 2719 2726 2788 scilicet,
2760 2732 2815 2777 et
2843 2721 2984 2778 Filio
3016 2725 3281 2795 Spiritum
3309 2730 3508 2792 dicere,
3537 2742 3588 2784 et
3618 2749 3681 2785 ex
3717 2733 3886 2790 Patre

2310 2826 2405 2879 per
2433 2811 2652 2874 Filium,
2687 2821 2744 2867 ut
2785 2814 2992 2869 dictum
3025 2829 3129 2872 εει.
3163 2817 3267 2872 Sed
3300 2827 3355 2873 et
3393 2818 3624 2876 Basilius
3647 2825 3887 2880 eximius

2311 2900 2363 2952 iii
2411 2899 2444 2953 5
2491 2917 2542 2956 c.
2609 2901 2674 2956 ad
2719 2905 3161 2974 Amphilochium
3212 2911 3560 2978 particulam,
3610 2929 3699 2980 ex,
3740 2913 3886 2968 Filio

2312 3002 2616 3056 congruere
2669 2991 2996 3055 ostendens,
3031 2993 3162 3046 illud
3205 2996 3435 3063 allegat:
3474 2997 3556 3050 Ea:
3586 3017 3699 3053 meo
3737 3004 3886 3056 acci-

2311 3079 2515 3144 piet“,
2577 3091 2740 3148 atque
2803 3082 2996 3137 illud:
3055 3083 3286 3154 Cognovi
3349 3088 3595 3142 virtutem
3662 3109 3728 3146 ea:
3803 3111 3886 3149 me

2315 3170 2486 3222 exisse
2514 3171 2578 3223 ν’.
2623 3171 2872 3242 Ipsique,
2924 3176 3012 3230 cui
3062 3178 3481 3247 contradicunt,
3550 3187 3776 3250 gratiam
3829 3196 3883 3242 et

2315 3260 2658 3317 etiicientiani
2699 3265 2998 3322 iiicreatam
3034 3271 3389 3334 arbitrantes.
3425 3290 3519 3343 per
3558 3275 3778 3341 Filium,
3804 3291 3886 3334 at-

2315 3372 2421 3425 que
2449 3372 2514 3411 ex
2562 3354 2698 3412 Filio
2729 3362 3027 3428 procedere
3060 3361 3378 3419 ditl‘ereiiter
3433 3365 3888 3439 conﬁtentur..Et

2316 3449 2366 3501 id
2425 3458 2691 3519 praterea
2741 3461 2976 3516 constat,
3035 3467 3130 3508 eos
3187 3457 3304 3523 qui,
3355 3473 3468 3526 per,
3506 3461 3887 3515 tantummodo

2315 3539 2455 3599 Filio
2494 3545 2806 3614 assignant,
2857 3560 2957 3609 ex,
3013 3547 3363 3611 auferentes,
3408 3549 3672 3604 minorem
3725 3551 3886 3608 Patre

2317 3634 2514 3692 Filium
2546 3637 2863 3693 necessario
2889 3639 3161 3694 dicturos.
3185 3636 3297 3693 Hoc
3329 3641 3532 3711 quippe
3563 3643 3885 3699 minutioiiis

2316 3731 2532 3798 signum
2577 3731 2860 3785 haereticos
2889 3745 3130 3796 sumere,
3165 3730 3595 3797 Clirysostomus
3627 3737 3722 3788 ait.
3766 3735 3884 3790 Non

2317 3819 2502 3884 igitur,
2534 3833 2648 3886 per,
2681 3827 2874 3872 sancto
2907 3819 3136 3888 Spiritui
3170 3823 3415 3886 reddere,
3453 3824 3558 3877 ulla
3593 3831 3887 3884 necessitas

2316 3919 2494 3980 coget.
2528 3907 2720 3979 Neque
2759 3908 2908 3963 enim
2941 3910 3122 3965 dictus
3161 3920 3245 3964 est
3277 3911 3450 3968 Filius
3501 3931 3564 3968 ex
3599 3916 3759 3973 Patre
3791 3937 3886 3990 per

2322 3999 2586 4069 Spiritum
2652 4001 2843 4065 nasci,
2886 4014 3060 4069 neque
3106 4000 3304 4055 Filium
3353 4020 3417 4058 ex
3468 4002 3678 4075 Spiritu
3750 4005 3886 4066 ratio

2319 4091 2717 4161 qualiscunque
2755 4094 2940 4147 dicere
2981 4095 3194 4165 urgebit
3703 4117 3714 4127 ·
3779 4103 3788 4110 “

2390 4179 2680 4247 Ριωιθνθει,
2736 4182 2988 4251 plurimis
3038 4185 3089 4238 in
3131 4186 3264 4241 locis
3312 4191 3706 4258 opusculorum
3758 4209 3885 4249 suo-

2317 4287 2436 4328 rum
2471 4273 2646 4329 sancti
2683 4273 2896 4340 Patres,
2928 4292 2993 4330 ex
3021 4275 3158 4332 Filio
3191 4294 3310 4333 esse
3339 4289 3588 4336 sanctum
3623 4282 3885 4353 Spiritum

2319 4370 2728 4422 commendant.
2777 4367 2858 4422 Ae
2901 4369 3139 4438 primum
3180 4370 3480 4440 Gregorius
3544 4373 3886 4446 Tlieologus,

2318 4458 2372 4512 in
2409 4457 2507 4514 lib.
2542 4458 2618 4513 De
2654 4457 2862 4529 Spiritu
2887 4470 3093 4527 sancto,
3113 4477 3142 4514 a
3172 4465 3450 4520 contrario
3481 4467 3746 4521 rationem
3781 4469 3891 4523 for-

2317 4566 2516 4606 mans:
2555 4570 2576 4604 ι
2615 4551 2756 4619 Quid
2803 4567 2934 4621 ergo
2977 4554 3131 4609 deest
3180 4554 3432 4624 Spiritui,
3476 4573 3544 4611 ne
3574 4556 3746 4614 Filius
3777 4561 3890 4615 sit?

2316 4640 2418 4693 nisi
2471 4641 2617 4695 enim
2651 4641 2855 4712 aliquid
2887 4643 3121 4706 deesset,
3156 4641 3328 4698 Filius
3365 4645 3610 4714 profecto
3663 4661 3834 4705 esset.
3865 4668 3884 4702 ο

2316 4730 2428 4786 llac
2477 4745 2662 4787 autem
2717 4733 3029 4803 objections
3075 4735 3274 4803 posita,
3307 4738 3574 4804 protinus.
3608 4739 3888 4811 adjungit:

2323 4840 2340 4869 ι
2390 4819 2509 4876 Non
2554 4822 2629 4876 illi
2662 4824 2944 4893 quippiam
2977 4824 3170 4878 deesse
3215 4823 3476 4881 dicimus.
3510 4825 3655 4882 Deus
3685 4832 3890 4900 quippe

2324 4913 2526 4968 nullius
2561 4929 2727 4984 egens
2774 4925 2896 4980 est;
2927 4914 3021 4970 sed
3073 4917 3456 4982 emanatiouis,
3484 4929 3542 4972 ut
3585 4920 3658 4972 ita
3687 4919 3888 4988 dicam,

2323 5005 2644 5075 habitusque
2673 5007 2737 5060 ad
2771 5007 3001 5061 invicem
3033 5008 3360 5075 diﬂereiitia,
3393 5010 3733 5077 ditferentem
3769 5013 3891 5066 illo-

2323 5111 2442 5149 rum
2480 5099 2896 5166 appellationem
2952 5099 3102 5156 fecit.
3161 5119 3181 5153 ι
3238 5099 3393 5155 Hunc
3439 5109 3618 5156 autem
3654 5103 3781 5158 Filii
3826 5107 3890 5158 ad

2325 5190 2588 5259 Spiritum
2633 5201 2884 5246 sanctum
2937 5194 3182 5248 habitum
3220 5193 3355 5263 (22),
3389 5203 3553 5263 atque
3602 5209 3633 5248 e
3678 5205 3911 5261 contra,-

2328 5281 2604 5350 Nyssenus
2631 5283 2794 5337 etiam
2826 5283 3153 5354 Gregorius,
3205 5292 3374 5352 Super
3421 5285 3672 5338 oratione
3716 5285 3894 5339 Domi-

2307 5464 2350 5493 ’³
2384 5461 2400 5514 ι
2429 5462 2552 5519 Cor.
2584 5479 2622 5529 I,
2657 5466 2710 5519 1.

2787 5466 2832 5497 ³⁵
2861 5463 3076 5519 Coloss.
3112 5478 3168 5528 ιι,
3205 5463 3290 5518 ιδ.
3387 5465 3430 5496 ³⁸
3470 5463 3656 5518 Matth.
3717 5480 3753 5528 ι,
3803 5461 3889 5515 ‘20.

722 5718 831 5785 (~22)
899 5717 1036 5785 Lege
1085 5716 1468 5774 Bellarmiunm
1534 5715 1568 5768 l.
1636 5731 1669 5770 ii
1727 5713 1798 5766 De
1861 5678 2089 5780 Christo,
2155 5729 2203 5767 c.
2247 5713 2337 5765 ‘25.
