4144 6296
303 333 386 400 49
1321 352 1327 358 ’
1450 340 1854 401 ADVERSUS
1889 343 1906 400 (

2007 341 2207 402 ιΕΕΟΞ
2242 342 2390 402 LIB.
2439 342 2489 400 Ι.
3505 342 3577 403 50

303 454 437 508 nica
483 452 719 509 allirmat
746 455 980 512 dicens:
1015 475 1033 508 ι
1075 455 1247 511 Filius
1275 466 1455 511 autem
1504 459 1681 512 sancti
1724 458 1895 529 Spiri-
1930 470 1980 530 Α
2078 458 2143 512 Ει
2205 440 2467 529 quoniam
2524 460 2867 530 pracogitari
2935 461 2990 513 in
3051 469 3242 512 sancta
3309 457 3581 513 Triuitne

306 553 406 600 tus
433 561 543 600 nec
572 556 676 612 est,
694 562 811 603 nec
842 549 1081 613 dicitur;
1107 563 1280 618 neque
1304 551 1727 606 conversionem
1758 552 1907 607 acci-

307 639 397 707 pit
430 639 683 706 habitus,
726 640 828 695 ista
858 644 1273 712 consequentia.
1315 660 1334 694 ι

384 752 671 818 Quoniam
720 755 885 824 igitur
950 768 1176 827 propter
1228 759 1481 812 materia:
1534 755 1905 811 omnimodam

230 906 241 913 ,
310 845 685 908 amotionem,
729 864 1106 919 suprema:th
1153 851 1301 905 illius
1349 850 1604 905 essentia:
1654 848 1910 903 identita-

314 945 430 991 tem
492 948 655 1006 atque
698 940 1340 1006 incommutabilitatem,
1392 958 1571 1013 neque
1601 940 1904 997 secundum

315 1027 533 1097 majus,
568 1041 662 1084 aut
692 1033 899 1096 minus,
933 1035 1263 1104 primumve,
1296 1044 1393 1090 aut
1424 1043 1785 1105 postremum,
1818 1047 1907 1086 ne-

315 1134 434 1186 que
461 1123 763 1177 secundum
788 1126 947 1179 aliam
979 1128 1145 1181 ullam
1174 1128 1527 1182 eminentiam
1555 1128 1689 1181 ordo
1744 1136 1905 1198 atque

318 1208 551 1266 habitus
592 1213 645 1266 in
679 1215 883 1269 divinis
934 1218 1186 1284 personis
1217 1233 1246 1271 a
1279 1218 1549 1288 theologis
1596 1219 1901 1288 accipitur:

315 1316 505 1370 neque
530 1307 676 1360 enim
706 1306 789 1361 fas
827 1318 932 1372 est,
970 1309 1285 1373 huiusmodi
1327 1311 1489 1366 rebus
1519 1311 1696 1366 locum
1730 1313 1900 1366 ullum

321 1391 381 1443 in
416 1391 531 1447 Deo
560 1408 726 1461 esse;
764 1398 939 1449 solum
989 1408 1169 1453 autem
1198 1401 1499 1455 secundum
1554 1402 1895 1467 relationem,

324 1498 691 1556 causamque,
725 1498 776 1542 et
810 1491 1028 1545 causale
1068 1493 1388 1561 suscipitur,
1435 1493 1895 1563 quemadmodum

326 1572 383 1624 in
425 1571 584 1627 Patre
635 1590 698 1629 ac
735 1575 892 1643 Filio,
925 1580 1118 1633 relatio
1176 1590 1228 1635 et
1276 1581 1492 1637 habitus
1539 1593 1593 1637 et
1640 1583 1894 1650 traditur,

324 1673 381 1715 et
414 1666 698 1729 creditur;
732 1667 824 1722 sed
862 1679 917 1723 et
957 1671 1009 1724 in
1065 1672 1222 1725 Patre
1272 1689 1335 1728 ac
1369 1674 1575 1745 Spiritu
1621 1675 1896 1739 similiter,

319 1755 481 1824 juxta
526 1759 727 1813 scilicet
774 1760 1029 1817 traditam
1085 1763 1441 1819 diﬂ‘ercntiam
1506 1781 1897 1835 processuum,
1935 1808 1975 1867 Β

326 1844 499 1867 .,,,,,.
1013 1861 1023 1867 ,
1529 1857 1561 1867 _.

320 1844 544 1913 liquet,
616 1850 745 1917 quia
797 1852 959 1905 etiam
1010 1853 1245 1909 traditus
1298 1869 1327 1907 a
1388 1857 1594 1910 sanctis
1646 1855 1791 1909 Filii'
1837 1870 1901 1911 ac

324 1936 571 2004 Spiritus
599 1941 665 1991 ad
702 1940 937 1995 iniicem
972 1944 1213 2007 habitus,
1247 1945 1437 1999 eadem
1466 1947 1678 2000 ratione
1714 1962 1902 2002 neces-

321 2029 479 2080 sario
509 2031 774 2097 redditur,
802 2042 862 2086 ut
889 2045 981 2087 aut
1008 2035 1205 2089 Filium
1239 2035 1497 2106 Spiritus,
1518 2047 1611 2091 aut
1637 2037 1899 2107 Spiritum

326 2120 459 2175 Filii
505 2138 727 2178 causam
772 2128 1067 2192 fateamur,
1108 2132 1361 2195 maxime,
1399 2133 1548 2201 quia,
1588 2140 1646 2187 ut
1692 2132 1899 2188 dictum

322 2223 433 2278 est,
478 2215 694 2270 divinas
768 2234 1031 2287 personas
1085 2222 1136 2275 in
1189 2224 1303 2277 sola
1361 2239 1525 2279 causa
1587 2225 1902 2295 causalique

321 2304 568 2360 discerni
598 2307 1077 2377 deprehendimus.
1114 2312 1264 2367 Alias
1303 2315 1448 2369 enim
1479 2315 1545 2369 ad
1577 2316 1900 2371 alterutrum

323 2395 502 2452 Filius
575 2413 639 2453 ac
690 2399 928 2470 Spiritus
987 2403 1337 2460 habitualiter
1383 2421 1491 2459 non
1541 2405 1895 2477 referrentur,

324 2504 509 2559 neque
568 2491 799 2549 traditus
860 2506 1178 2551 servaretur
1215 2500 1459 2555 habitus.
1507 2502 1670 2571 Atqui
1728 2502 1899 2559 Filius

325 2580 559 2637 sanctus
602 2582 838 2653 Spiritus
883 2602 1058 2657 neque
1090 2600 1202 2652 est,
1239 2606 1416 2661 neque
1445 2592 1687 2659 dicitur;
1723 2608 1901 2663 neque

326 2674 605 2727 convertit
648 2674 868 2732 habitus
916 2679 1017 2733 ista
1053 2676 1471 2752 consequentia.
1519 2683 1703 2753 Neque
1753 2685 1899 2739 enim

324 2760 485 2825 juxta
537 2765 844 2833 expositum
904 2767 1050 2825 illius
1103 2771 1425 2827 substantiae
1468 2787 1789 2843 processum
1834 2790 1901 2829 ex

331 2851 493 2908 Patre
522 2871 618 2922 per
648 2855 911 2926 Spiritum
942 2862 1215 2918 nascitur.
1249 2865 1522 2931 Quocirca
1576 2882 1754 2936 neque
1781 2866 1901 2923 Filii

330 2956 503 2997 causa
543 2942 780 3014 Spiritus
818 2958 921 3003 est.

402 3051 695 3126 Reliquum
724 3070 809 3114 est
838 3060 1007 3130 igitur
1030 3062 1227 3118 Filium
1261 3067 1438 3123 sancti
1472 3067 1710 3138 Spiritus
1744 3070 1900 3127 fateri

330 3156 579 3210 causam,
614 3151 748 3220 quia
802 3152 983 3208 dictus
1011 3166 1187 3209 estex
1222 3155 1382 3212 Patre
1417 3174 1511 3228 per
1536 3157 1731 3215 Filium
1771 3179 1900 3234 pro-

330 3237 548 3304 cedere,
580 3244 882 3299 secundum
917 3247 1125 3301 scilicet
1153 3250 1567 3305 substantialem
1600 3253 1747 3309 illius
1770 3271 1899 3324 pro-

332 3346 551 3388 cessum
580 3353 594 3389 :
622 3338 776 3406 juxta
824 3355 985 3410 quem
1038 3350 1093 3395 et
1150 3358 1449 3412 processus
1496 3346 1726 3413 ratione,
1756 3364 1899 3416 esse,

336 3417 532 3484 habet,
569 3436 621 3479 et
662 3431 796 3483 ordo
838 3431 905 3485 ad
939 3432 1296 3500 alterutrum,
1330 3448 1384 3490 et
1424 3437 1676 3505 habitus,
1714 3457 1775 3495 ac
1809 3457 1902 3510 per

338 3521 680 3583 consequens
709 3519 964 3576 discretio
989 3534 1256 3580 servatur.
1290 3526 1448 3582 Unde
1480 3531 1671 3583 merito
1700 3533 1901 3586 dictum
1938 3528 1943 3534 ’

337 3608 460 3663 est,
502 3619 609 3658 non
656 3613 898 3664 converti
952 3613 1172 3667 habitus
1224 3616 1382 3669 istam
1436 3622 1905 3687 consequentiam,

337 3694 814 3774 quandoquidem.
853 3718 1029 3771 neque
1074 3719 1431 3773 personarum
1490 3724 1779 3777 processus
1847 3730 1910 3770 ac

338 3788 643 3845 substantia
672 3794 1035 3850 convertitur.
1062 3795 1248 3866 Neque
1274 3799 1418 3853 enim
1452 3800 1623 3857 Filius
1651 3820 1714 3857 ex
1747 3803 1909 3862 Patre

335 3892 433 3946 per
484 3879 746 3949 Spiritum
798 3887 1063 3942 nascitur.
1101 3887 1177 3942 Ex
1213 3906 1322 3960 quo
1366 3907 1501 3947 sane
1551 3896 1903 3953 manifestum

337 3981 444 4039 est,
479 3975 640 4030 etiam
685 3994 749 4032 ex
794 3977 936 4033 Filio
979 3979 1071 4035 Dei
1120 3983 1419 4053 procedere
1475 3986 1744 4056 Spiritum
1778 4006 1907 4047 san-

334 4074 505 4121 CLIII“.

404 4181 684 4253 Nyssenus
719 4195 976 4256 prazterea
1006 4187 1300 4258 Gregorius
1339 4191 1391 4244 in
1434 4206 1609 4258 primo
1640 4194 1908 4259 Quaestio-

338 4292 467 4329 num
509 4278 770 4333 adversus
804 4278 1154 4346 Eunoniium,
1184 4282 1325 4335 circa
1379 4282 1537 4336 finem
1562 4324 1576 4347 ,
1606 4300 1729 4338 cum
1766 4300 1907 4354 pra:-

339 4367 599 4431 misisset,
631 4368 745 4422 sola
777 4383 958 4423 causae
989 4370 1199 4425 ratione
1226 4368 1441 4424 Patrem
1472 4370 1609 4426 Filio
1642 4372 1906 4443 praeferri,

341 4458 580 4511 addidit:
621 4478 638 4511 ι
681 4459 826 4512 Idem
864 4472 918 4515 et
963 4462 1030 4515 de
1073 4470 1265 4515 sancto
1310 4464 1514 4531 Spiritu
1570 4466 1728 4521 nobis
1774 4481 1905 4521 sen-

339 4548 606 4605 tiendum.
663 4550 792 4607 Solo
846 4553 1048 4621 quippe
1097 4553 1288 4608 ordine
1329 4554 1609 4610 ditIerunt.
1662 4556 1729 4610 llt
1762 4558 1906 4613 enim

339 4640 691 4711 coujuugitur
719 4644 865 4697 Patri
896 4643 1092 4706 Filius.
1130 4656 1296 4714 atque
1323 4660 1387 4699 ex
1422 4661 1489 4700 eo
1526 4661 1647 4703 esse
1678 4649 1907 4715 habens,

339 4734 662 4788 substantia:
693 4744 868 4789 tamen
903 4739 1114 4791 ratione
1146 4739 1414 4806 posterior
1446 4755 1554 4794 non
1584 4750 1670 4795 est
1702 4756 1717 4793 :
1749 4742 1824 4797 ita
1857 4752 1912 4797 et

342 4820 637 4892 Unigenito
678 4824 920 4893 jungitur
956 4826 1196 4895 Spiritus
1250 4841 1475 4886 sanctus
1501 4870 1517 4895 ,
1550 4831 1667 4885 sola
1708 4832 1911 4902 quippe

337 4932 517 4971 causai
554 4916 765 4969 ratione
790 4919 1127 4986 prazspicitur
1178 4936 1241 4977 ac
1269 4922 1558 4992 praefertur
1586 4921 1756 4978 Filius
1781 4928 1909 4981 sub.

339 5011 564 5067 stantia:
599 5009 860 5080 Spiritus.
905 5029 924 5061 ι

409 5124 646 5192 Deinde,
712 5140 780 5178 ne
827 5125 953 5194 quis
1001 5142 1068 5180 ex
1119 5127 1271 5182 hisce
1314 5131 1496 5187 verbis
1554 5132 1706 5200 prius
1751 5141 1913 5201 atque

339 5218 637 5283 posterius.
674 5217 866 5271 localia
899 5218 1064 5271 etiam
1104 5219 1349 5287 quaedam
1378 5237 1442 5277 ac
1473 5225 1796 5292 temporalia
1833 5227 1913 5279 in-

341 5314 570 5366 tervalla
598 5309 707 5363 Deo
732 5311 980 5366 accidere
1010 5313 1391 5380 arbitraretur,
1419 5330 1487 5369 ex
1518 5333 1627 5385 quo
1660 5319 1914 5373 substan-

341 5402 424 5455 tiae
470 5402 855 5467 indivisibile,
896 5413 1062 5471 atque
1115 5404 1399 5467 identitas,
1451 5406 1912 5481 singularitasque

342 5493 652 5555 tolleretur,
688 5502 911 5548 secutus
941 5495 1192 5564 adjunin
1223 5514 1237 5550 :
1285 5514 1303 5547 t
1347 5496 1699 5567 Tetuporalcs
1731 5514 1909 5556 autent

345 5599 500 5642 morae
538 5590 600 5639 in
640 5593 841 5639 aeterna
872 5586 1001 5652 vita,
1035 5588 1213 5642 locum
1257 5604 1363 5642 non
1412 5590 1613 5646 habent
1644 5633 1659 5658 ,
1700 5606 1755 5649 ut
1789 5612 1911 5650 cum

346 5692 515 5736 causa:
554 5681 696 5735 ratio
721 5678 963 5750 prwfcrri
991 5681 1223 5746 dicatur,
1253 5684 1307 5735 in
1341 5684 1487 5740 nullo
1515 5697 1692 5743 tamen
1724 5702 1909 5744 saneta

351 5768 591 5830 'l‘rinitas
618 5772 721 5829 sibi
756 5772 963 5829 discors
993 5789 1112 5830 esse
1147 5775 1340 5846 possit.
1386 5794 1406 5832 ι

2007 552 2154 621 quid
2190 551 2414 615 dicitur,
2465 567 2655 605 eorum
2703 561 2805 616 est,
2845 552 2897 604 in
2943 552 3144 621 quibus
3198 552 3460 619 cogitatio
3525 562 3573 602 et

2009 644 2227 698 habitus
2257 644 2505 698 videlicet
2540 645 2838 698 secundum
2875 658 3143 713 personas
3169 653 3250 698 est
3278 659 3292 707 ;
3320 643 3580 713 cogitatui

2011 744 2191 788 autem
2262 742 2317 789 et
2361 735 2613 799 habitus,
2665 737 2718 789 in
2764 736 2967 805 quibus
3013 736 3271 789 discretio
3319 746 3423 799 est,
3455 750 3580 789 esse

2008 825 2187 890 solet;
2221 825 2487 881 discretio
2524 841 2654 881 vero
2687 827 2740 880 in
2781 827 2897 881 sola
2926 842 3117 887 causa.
3144 836 3197 880 et
3229 828 3438 881 causali
3470 836 3575 890 est,

2010 925 2174 986 atque
2206 916 2506 987 accipitur;
2544 918 2822 987 colligitur
2859 918 3004 987 jam,
3047 918 3388 987 praeogitari
3431 919 3578 987 quod

2008 1008 2231 1073 dicitur,
2245 1009 2420 1062 solum
2451 1010 2750 1063 secundum
2778 1024 3001 1064 causam
3057 1018 3110 1063 et
3138 1009 3286 1077 quod
3312 1023 3379 1061 ex
3410 1022 3576 1061 causa

2004 1110 2111 1163 est,
2147 1100 2199 1153 in
2251 1110 2438 1153 sancta
2487 1115 2551 1154 ac
2606 1100 2917 1155 beatissima
2966 1098 3239 1154 Trinitate
3283 1113 3313 1151 a
3373 1099 3589 1153 sanctis

2009 1190 2269 1250 Patrihus
2294 1192 2425 1245 dici.

2079 1282 2196 1347 llic,
2237 1284 2282 1339 si
2330 1285 2454 1353 quis
2498 1298 2713 1339 rursum
2750 1298 2929 1353 priora
2981 1283 3182 1337 inferat
3213 1293 3273 1336 ut
3311 1296 3577 1350 quoniam

2005 1376 2213 1432 scilicet
2252 1377 2435 1441 Pater,
2472 1386 2527 1431 et
2560 1376 2718 1429 Pater
2767 1386 2820 1429 et
2844 1376 3140 1443 produrtor
3171 1383 3274 1440 est,
3307 1374 3583 1442 Paterqne

2003 1470 2069 1522 ad
2103 1468 2301 1522 Filium
2341 1468 2691 1522 continenter
2718 1468 3009 1523 redditur:
3046 1469 3345 1537 productor
3383 1467 3449 1520 ad
3496 1467 3571 1529 id,

2002 1563 2145 1631 quod
2185 1561 2526 1631 producitur,
2560 1561 2818 1625 refertur,
2850 1576 2975 1615 cum
3005 1577 3071 1613 ex
3132 1559 3293 1613 Patre
3331 1557 3572 1626 Spiritus

2001 1654 2235 1714 dicatur,
2260 1651 2455 1707 Filium
2480 1663 2601 1706 ante
2620 1669 2782 1722 quam
2808 1654 3046 1713 Patrem,
3066 1651 3307 1720 cogitare
3331 1649 3567 1719 compel-

2005 1747 2190 1811 limur,
2222 1762 2288 1801 eo
2322 1747 2465 1817 quod
2516 1746 2696 1799 Patris
2724 1762 2922 1800 nomen
2955 1746 3019 1799 ad
3056 1744 3252 1798 Filium
3288 1743 3572 1807 redditur;

2004 1840 2203 1907 quippe
2228 1854 2383 1893 mens
2414 1847 2622 1904 nostra,
2656 1854 2775 1908 qua:
2802 1840 2869 1891 ad
2906 1839 3139 1891 invicem
3171 1836 3395 1891 relativa
3422 1847 3571 1898 sunt,

2004 1931 2167 1983 simul
2208 1930 2452 2000 cogitare
2491 1932 2797 1984 consuevit.
2832 1929 3067 1998 Spiritus
3096 1928 3240 1981 enim
3274 1942 3341 1980 ex
3394 1927 3574 1987 Patre,

2005 2036 2113 2074 non
2170 2024 2471 2077 secundum
2522 2025 2666 2091 quod
2714 2022 2895 2085 Pater,
2926 2022 3020 2076 sed
3074 2022 3375 2075 secundum
3429 2020 3573 2088 quod

2003 2113 2303 2183 productor
2324 2122 2430 2177 est,
2458 2112 2683 2168 dicitur.
2712 2113 2950 2182 Spiritus
2975 2112 3120 2166 enim
3147 2111 3299 2180 juxta
3325 2121 3572 2164 sanctum

2004 2205 2320 2272 Maximum,
2353 2205 2568 2261 Patrem
2622 2221 2727 2259 non
2762 2206 2947 2259 habet.
2994 2204 3128 2259 Cum
3172 2221 3302 2258 vero
3332 2204 3577 2273 Spiritus

2001 2314 2063 2353 ex
2113 2300 2447 2368 productore
2490 2298 2718 2361 dicitur,
2754 2297 3081 2365 productum
3140 2296 3405 2366 Spiritum
3450 2305 3577 2348 ante

2000 2388 2201 2443 Filium
2236 2389 2478 2460 cogitare
2528 2389 2841 2445 necessario
2875 2390 3144 2457 cogimur,
3176 2388 3321 2455 quod
3368 2387 3577 2456 produ-

2004 2480 2171 2535 ctoris
2199 2493 2397 2534 nomen
2419 2479 2485 2533 ad
2516 2480 2840 2549 productum
2872 2479 3178 2543 referatur;
3208 2494 3303 2546 per
3334 2478 3577 2532 medium

2002 2562 2181 2623 autem
2232 2570 2641 2639 productorem,
2688 2579 2743 2624 et
2787 2570 3006 2625 Patrem
3046 2569 3232 2635 simul,
3283 2578 3336 2625 et
3370 2567 3570 2623 Filium

2002 2659 2187 2714 animo
2209 2675 2446 2716 versare.

2072 2752 2129 2807 Si
2179 2754 2303 2821 quis
2356 2753 2520 2822 igitur
2572 2753 2689 2807 hare
2748 2761 2802 2808 et
2836 2752 3153 2823 hujusniodi
3196 2751 3265 2805 de
3315 2765 3382 2805 co
3429 2750 3575 2819 quod

2004 2844 2347 2913 praecogitari
2378 2844 2600 2910 dicitur,
2635 2847 2855 2909 asserit,
2890 2859 2982 2913 per
3013 2859 3135 2912 quae
3164 2843 3281 2897 haec
3332 2842 3576 2895 habitum

2003 2951 2067 2991 ac
2110 2936 2499 2991 discretionem
2547 2934 2673 2990 Filii
2722 2947 2777 2990 et
2833 2936 3094 3006 Spiritus,
3127 2951 3499 3004 causamque,
3528 2946 3582 2990 et

2002 3028 2147 3096 quod
2178 3042 2243 3082 ex
2276 3042 2442 3082 causa
2474 3036 2583 3093 est,
2623 3041 2730 3081 una
2763 3028 3056 3083 excludere
3092 3028 3320 3081 nititur:
3357 3028 3443 3082 hic
3481 3043 3577 3081 nc-

1926 3140 1971 3202 ρ
2006 3117 2250 3172 cessario
2288 3130 2537 3187 cogetur,
2583 3118 2879 3184 aliquando
2930 3118 3149 3187 quidem
3188 3118 3452 3188 Spiritum
3512 3134 3577 3170 cx

2008 3209 2170 3263 Patre
2197 3224 2293 3279 per
2329 3208 2368 3262 F
2373 3209 2529 3263 ilium
2560 3211 2853 3279 procedere
2904 3210 3086 3275 fateri,
3119 3211 3415 3281 aliquando
3451 3226 3579 3263 vero

2008 3300 2206 3355 Filium
2241 3316 2305 3355 ex
2354 3302 2704 3370 productore,
2736 3318 2833 3373 per
2862 3306 3185 3373 productum
3234 3305 3400 3373 gigni.
3467 3304 3581 3356 luto

2010 3393 2061 3447 id
2098 3394 2315 3463 quidem
2348 3405 2533 3464 aperte
2560 3410 2613 3449 et
2638 3396 2850 3459 dicunt.
2876 3406 2931 3451 et
2961 3396 3229 3451 scribunt.
3260 3393 3404 3448 Nihil
3432 3396 3578 3448 enim

2012 3488 2305 3554 prohibere
2332 3487 2488 3555 juxta
2520 3488 2999 3542 ratiocinationem
3046 3502 3203 3542 suam
3230 3486 3378 3541 Patri
3417 3486 3580 3540 etiam

2014 3574 2209 3627 Filium
2241 3590 2579 3644 pra‘pouere.
2614 3580 2786 3645 Atque
2823 3580 2925 3633 hac
2953 3581 3188 3643 ratione,
3219 3590 3273 3634 et
3308 3596 3403 3650 per
3445 3580 3582 3633 iuvi-

2016 3681 2134 3719 cem
2169 3675 2221 3720 et
2248 3682 2313 3719 ex
2350 3667 2578 3720 invicem
2606 3679 2786 3721 erunt.
2829 3668 2937 3723 Sed
2965 3671 3112 3724 enim
3149 3675 3251 3725 hoc
3282 3683 3336 3725 et
3362 3673 3582 3737 falsum,

2016 3765 2069 3810 ct
2115 3757 2495 3826 blasphemum
2536 3772 2681 3823 esse,
2734 3774 2899 3829 supra
2949 3758 3063 3830 jam
3113 3760 3450 3814 declaratum
3477 3773 3581 3815 cst.

2017 3847 2125 3903 Ilac
2152 3850 2296 3903 enim
2334 3849 2586 3905 ratione:
2627 3867 2733 3905 non
2786 3850 2915 3921 quia
2962 3850 3137 3906 Filius
3171 3867 3237 3905 cx
3289 3851 3449 3904 Patre
3480 3862 3583 3913 est,

2013 3940 2218 3995 idcirco
2263 3956 2328 3995 ex
2372 3940 2532 3996 Patre
2560 3956 2685 3998 esse
2714 3944 2940 4007 dicitur,
2970 3959 3148 4013 neque
3177 3945 3305 4013 quia
3342 3942 3584 4011 Spiritus

2013 4040 2237 4087 sanctus
2274 4048 2346 4105 ex
2372 4030 2532 4087 Patre
2575 4048 2672 4101 per
2713 4033 2910 4087 Filium
2960 4036 3225 4104 procedit,
3276 4034 3582 4089 secundum

2014 4125 2426 4179 substantialem
2463 4125 2585 4195 ejus
2653 4136 3027 4197 aeternumque
3069 4141 3386 4196 processum
3411 4165 3427 4192 ,
3463 4126 3587 4181 ideo

2012 4217 2082 4270 ita
2111 4218 2407 4285 procedere
2442 4233 2472 4271 a
2506 4218 2774 4287 theologis
2810 4220 3094 4284 asset-itur,
3133 4221 3223 4273 sed
3280 4221 3410 4290 quia
3441 4220 3584 4274 dici-

2013 4315 2121 4370 tur,
2154 4308 2276 4361 ideo
2317 4324 2374 4363 se
2403 4308 2477 4361 ita
2511 4308 2717 4363 habet:
2748 4308 3031 4377 dictioque
3065 4321 3248 4363 nostra
3306 4310 3381 4363 rei
3417 4325 3584 4364 causa

2013 4408 2117 4464 est,
2147 4414 2211 4453 ac
2234 4414 2332 4466 pro
2358 4401 2589 4454 arbitrio
2614 4400 2871 4455 dictionis
2917 4416 2980 4454 ac
3012 4401 3311 4471 phantasia:
3359 4411 3579 4465 nostra),

1932 4479 2305 4545 Dimmobilis
2376 4502 2722 4561 aeternusque
2802 4508 3160 4562 personarum
3232 4496 3369 4546 ordo
3447 4493 3585 4546 alias

2015 4583 2171 4635 aliter
2199 4583 2443 4649 habebit,
2474 4584 2770 4654 simulque,
2819 4600 2887 4638 ne
2924 4585 3182 4639 discretio
3208 4586 3424 4653 quidem
3460 4584 3581 4638 l-‘ilii

2015 4686 2079 4725 ac
2136 4672 2374 4741 Spiritus
2424 4674 2701 4729 reddetur.
2755 4676 2864 4730 Sed
2928 4676 3031 4730 ista
3102 4692 3233 4730 sane
3297 4690 3351 4729 et
3403 4678 3582 4743 inepta

2018 4764 2266 4818 simulet
2308 4764 2614 4831 perniciosa
2654 4775 2803 4819 sunt.

2092 4856 2356 4921 Qquii-ca
2385 4858 2546 4910 etiam
2583 4858 2886 4913 rectissime
2920 4860 3141 4924 dicitur,
3179 4860 3386 4912 ordinis
3424 4866 3582 4916 istam
3616 4868 3625 4881 ’

2020 4951 2315 5004 novitatem
2350 4951 2666 5004 substantia:
2692 4952 2862 5020 ipsius
2918 4954 3266 5007 ahol.tiuncui
3304 4969 3447 5021 esse,
3509 4967 3587 5010 to-

2018 5044 2234 5112 tiusque
2269 5044 2391 5096 fidei
2425 5044 2833 5113 abnegationem
2861 5064 2873 5099 :
2924 5049 3260 5117 aequalisque
3289 5048 3585 5117 impietatis

2014 5151 2160 5200 esse,
2190 5136 2453 5204 Spiritum
2494 5148 2743 5191 sanctum
2790 5151 3096 5194 creaturam
3125 5144 3396 5205 CUltli‘Cl'i,
3431 5160 3588 5195 cuui-

2016 5245 2124 5298 que
2162 5231 2244 5283 vel
2294 5228 2440 5284 Patri
2501 5243 2595 5285 aut
2646 5231 2786 5287 Filio
2847 5250 3183 5303 praeponere,
3250 5252 3356 5290 non
3410 5237 3585 5291 solum

2019 5332 2284 5392 tempore,
2316 5324 2410 5378 sed
2438 5327 2650 5381 ordine.
2696 5326 2752 5380 ld
2813 5329 3015 5398 quippe
3071 5329 3271 5394 aufert,
3307 5330 3450 5381 unde
3482 5335 3589 5385 est,

2019 5415 2232 5469 sublato
2267 5431 2417 5483 vero,
2451 5420 2593 5473 unde
2618 5430 2723 5484 est,
2768 5427 2821 5471 et
2853 5422 3127 5488 quomodo
3160 5434 3261 5483 est,
3302 5418 3461 5472 simul
3495 5432 3592 5470 au-

2023 5507 2244 5575 feretur,
2270 5524 2333 5565 ac
2369 5526 2595 5580 persona
2625 5526 2746 5567 esse
2786 5511 3014 5567 desinet.
3050 5511 3274 5572 Deinde,
3322 5509 3448 5577 quid
3516 5506 3596 5558 die

2024 5600 2167 5653 cturi
2198 5610 2348 5666 sunt,
2381 5617 2504 5655 cum
2541 5600 2699 5653 Pater
2752 5612 3027 5654 asseratur
3058 5603 3356 5653 scum-lum
3412 5606 3597 5653 caus?-

2019 5689 2282 5744 rationcni
2310 5700 2435 5745 ante
2470 5689 2698 5751 Filium,
2733 5694 2914 5738 mente
2969 5686 3181 5753 concipi
3244 5701 3406 5756 atque
3448 5694 3593 5747 cog!—

2024 5778 2286 5835 tari?liie
2313 5780 2460 5835 cnitn
2515 5778 2616 5832 ista
2668 5776 2880 5827 illorum
2946 5775 3213 5833 cxpusitio
3249 5779 3427 5835 locum
3488 5774 3601 5824 ιιι)ιι
