4144 6296
576 353 644 420 5i

1833 362 2229 427 MANUELIS
2268 370 2573 435 CALECI‘E

3799 383 3888 450 52

573 459 760 517 habet.
797 460 886 517 Ait
913 461 1060 517 enim
1092 461 1283 518 doctor
1333 462 1444 534 (Q5)
1473 485 1485 521 :
1527 484 1546 516 ι
1579 465 1694 533 Qua
1755 477 1965 523 ratione
1992 468 2134 524 Patet

2327 480 2460 535 Cum
2496 482 2678 553 itaqe
2719 497 2818 551 pro
2843 486 3101 543 confesso
3149 488 3430 554 habeatur,
3472 492 3726 548 causale
3793 497 3882 551 illi

572 561 701 608 ante
732 554 1028 622 cogitatur,
1053 568 1215 622 quam
1241 553 1410 611 Filius
1431 595 1445 622 ,
1471 557 1656 612 eadem
1713 559 1923 614 ratione
1949 558 2144 616 Filium

569 655 698 702 ante
751 645 1013 716 Spiritum
1073 656 1323 703 sanctum
1377 652 1628 720 cogitari.
1697 671 1714 703 ι
1776 654 1938 723 Atqui
1985 652 2150 708 Pater

569 753 750 794 caulae
799 740 1146 811 causalisque
1170 742 1381 796 ratione
1408 752 1534 798 ante
1592 743 1784 798 Filium
1854 745 2143 815 cogitatur.

569 833 918 891 Praemissum
953 844 1036 890 est
1085 846 1292 903 autem,
1319 846 1374 892 et
1422 838 1616 891 Filium
1677 847 1804 893 ante
1871 838 2141 908 Spiritum

571 935 824 982 sanctum
855 942 1036 982 causae
1080 928 1294 981 ratione
1339 928 1564 996 cogitari
1602 938 1729 982 ante
1764 929 2048 998 Spiritum,
2081 947 2142 986 ea

568 1020 784 1075 scilicet
823 1034 1012 1084 causa,
1044 1035 1208 1088 quam
1240 1020 1356 1088 ipse
1383 1018 1543 1072 habet
1593 1021 1658 1074 ad
1705 1020 1990 1088 Spiritum,
2059 1039 2145 1078 sc-

566 1112 802 1166 cundum
837 1127 1000 1179 quam
1061 1109 1386 1179 proceditex
1416 1107 1575 1163 Patre
1633 1123 1726 1177 per
1770 1109 2002 1177 Filium;
2032 1127 2140 1166 non

567 1215 749 1258 tamen
782 1203 1084 1256 secundum
1112 1216 1230 1256 eam
1259 1216 1422 1270 quam
1451 1202 1609 1255 habet
1641 1199 1796 1255 Pater
1823 1203 1888 1256 ad
1920 1202 2138 1258 Filium.

566 1297 684 1350 Hoc
718 1295 866 1350 enim
898 1309 1052 1346 mens
1087 1291 1323 1346 humana
1353 1307 1456 1345 non
1481 1294 1656 1360 capit;
1712 1308 1886 1361 neque
1916 1296 2142 1364 cogitari

565 1386 764 1441 Filium
797 1396 920 1440 ante
950 1384 1209 1454 Spiritum
1266 1392 1510 1438 sanctum
1554 1383 1634 1438 fas
1667 1393 1774 1446 cst,
1837 1393 1895 1437 ut
1951 1387 2142 1440 doctor

565 1475 661 1533 ait.
690 1473 957 1540 Quoniam
994 1475 1156 1543 igitur
1184 1472 1372 1527 eadem
1413 1473 1636 1527 omnino
1667 1473 1881 1527 ratione
1939 1489 2142 1540 pratco-

562 1569 767 1637 gitatur
792 1579 916 1622 ante
975 1567 1170 1621 Filium
1231 1567 1409 1632 Pater;
1460 1575 1623 1635 atque
1679 1576 1808 1620 ante
1877 1564 2137 1635 Spiritum

563 1659 754 1724 Filios,
811 1667 1049 1725 constat,
1109 1660 1368 1728 quoniam
1447 1656 1618 1714 Filius
1676 1656 1912 1726 Spiritus
1963 1660 2139 1713 sancti

562 1763 729 1805 causa
755 1757 860 1802 est.

635 1841 870 1897 Sanctus
893 1841 1021 1897 item
1036 1841 1387 1904 Athanasius,
1407 1840 1575 1895 iulib.
1605 1841 1623 1895 Ι
1653 1840 1849 1894 Contra
1879 1841 2128 1906 Arianos,
2162 1825 2203 1879 Β

563 1942 688 2004 post
728 1933 895 1989 multa
927 1935 1005 1990 sic
1037 1934 1152 1988 ait:
1195 1952 1213 1984 ι
1254 1932 1514 1986 Dominus
1551 1933 1806 1988 deitatem
1861 1941 1915 1987 et
1963 1932 2134 2003 maje-

563 2035 773 2082 sta-tem-
817 2041 970 2082 suam
1028 2024 1312 2093 discipulis
1369 2022 1686 2090 ostendens,
1744 2037 1853 2076 non
1903 2022 2015 2090 jam
2048 2037 2131 2077 se-

561 2121 740 2189 i-psum
778 2119 1064 2180 minorem,
1118 2117 1211 2171 sed
1271 2115 1530 2184 majorem
1583 2121 1639 2169 et
1697 2113 1962 2184 aequalem
2011 2128 2131 2168 esse

563 2209 901 2279 signiﬁcans,
933 2209 1097 2262 dabat
1157 2207 1374 2277 quidem
1441 2205 1704 2275 Spiritum
1771 2217 2016 2261 sanctum
2078 2213 2132 2259 et

562 2302 816 2356 dicebat:
849 2301 961 2370 Ego
989 2301 1154 2370 ipsum
1198 2301 1425 2364 mittant,
1447 2308 1494 2352 et
1531 2313 1852 2368 qutccuttque
1881 2297 2127 2363 audierit,

563 2394 802 2463 loquetur
823 2393 890 2450 ³⁸.
921 2411 939 2445 ι

638 2485 701 2540 Et
729 2485 915 2554 paucis
946 2484 1262 2555 interiectis,
1308 2497 1545 2552 quonam
1580 2482 1741 2536 modo
1793 2479 1947 2535 Pater
1994 2479 2130 2534 Filio

561 2578 632 2631 s't
672 2576 845 2645 major
868 2590 1144 2644 exponens
1173 2575 1286 2630 ait:
1327 2591 1345 2626 ι
1374 2573 1635 2643 Majorem
1683 2588 1742 2628 se
1781 2571 1995 2626 Patrem
2027 2569 2128 2625 Do-

563 2669 744 2722 minus
777 2667 936 2731 dixit,
971 2682 1078 2722 non
1113 2665 1492 2736 magnitudine
1514 2667 1721 2735 aliqua.
1758 2665 1839 2718 vel
1859 2673 2126 2732 tempore,

560 2761 657 2815 sed
692 2760 815 2829 quia
845 2775 909 2815 ex
949 2760 1066 2830 ipso
1101 2760 1260 2814 Patre
1294 2769 1456 2814 natus
1487 2767 1592 2815 est.
1639 2777 1657 2810 ι
1701 2757 1808 2812 Sed
1846 2768 1901 2811 et
1935 2755 2130 2810 Dama-

559 2867 758 2908 scenns
787 2851 841 2906 in
881 2851 1117 2922 capitulo
1151 2852 1214 2906 de
1254 2860 1441 2905 sancta
1475 2848 1760 2912 Trinitate,
1813 2847 1967 2915 cujus
2026 2845 2130 2899 ini-

559 2945 704 2998 tium—
722 2953 805 3000 est
828 2962 840 2997 :
865 2935 1140 2998 credimus
1165 2942 1327 3012 igitur
1347 2943 1402 2994 in
1426 2957 1590 2993 unum
1620 2941 1806 2999 Deum.
1840 2937 2128 3006 «majorem

561 3033 776 3088 Patrem
815 3031 976 3096 Filio,
1015 3047 1195 3086 causa:
1227 3030 1594 3095 rationenait.
1628 3029 1684 3084 Si
1735 3029 1898 3099 igitur
1931 3037 1989 3083 ut
2044 3029 2128 3082 di-

561 3137 708 3180 ctum
741 3135 843 3187 est,
875 3123 1032 3179 Pater
1063 3121 1202 3176 Filio
1232 3138 1411 3178 causa:
1439 3122 1650 3176 ratione
1681 3121 1849 3190 major
1875 3129 1977 3186 est,
2004 3136 2134 3176 san-

559 3227 791 3286 ctusque
829 3214 1160 3269 Athanasius
1217 3215 1478 3283 majorem
1506 3214 1708 3282 Spiritu
1735 3213 1932 3267 Filium
1967 3213 2129 3279 dixit,

559 3318 778 3364 constat
809 3307 1073 3378 profecto,
1101 3307 1229 3360 dum
1263 3306 1526 3373 majorem
1556 3305 1706 3370 dicit,
1733 3320 1954 3361 causam
1979 3305 2129 3359 illum

563 3418 692 3460 esse
713 3401 886 3457 sancti
921 3401 1159 3470 Spiritus
1189 3399 1500 3469 significare
1532 3398 1788 3454 voluisse.
1821 3398 1917 3453 Sin
1951 3406 2130 3453 autem

558 3509 612 3552 et
635 3495 798 3552 Pater
835 3494 973 3548 Filio
997 3494 1355 3548 humanitatis
1401 3501 1696 3560 assumpta
1727 3490 1934 3544 ratione
1962 3490 2134 3558 major

559 3606 590 3643 a
648 3588 972 3658 quibusdam
1030 3587 1208 3642 dictus
1253 3596 1355 3651 est,
1396 3584 1635 3654 Spiritus
1693 3592 1912 3638 sanctus
1983 3591 2131 3637 certe

559 3682 872 3736 incarnatus
902 3695 1009 3734 non
1043 3686 1146 3745 est,
1181 3684 1238 3732 ut
1269 3677 1446 3731 minor
1475 3674 1613 3728 Filio
1657 3683 1920 3744 susceptae
1947 3673 2131 3729 carnis

557 3772 730 3842 gratia
758 3771 991 3829 dicatur.

629 3864 742 3918 Etsi
771 3866 915 3918 enim
959 3878 1184 3930 magnus
1218 3861 1449 3915 Basilius
1498 3861 1550 3913 in
1585 3858 1752 3912 lib.l\"
1791 3857 1985 3912 Contra
2017 3857 2129 3910 Eu-

558 3956 788 4009 nontittm
815 3954 956 4022 quod
979 3954 1181 4008 dicitur
1210 3953 1386 4021 majus
1419 3952 1718 4007 secumlum
1750 3965 1973 4004 causam
2008 3949 2124 4019 (‘24)

558 4050 612 4102 in
646 4049 810 4101 Patre
845 4063 1072 4102 renuere
1097 4047 1344 4104 videtur:
1377 4047 1690 4115 bujusmodi
1746 4045 1855 4098 illic
1906 4059 2126 4098 causam

558 4149 788 4194 sanctus
845 4140 1143 4205 interdicit,
1205 4155 1324 4208 quae
1385 4141 1684 4194 secundum
1745 4147 1977 4205 tempus,
2038 4146 2131 4190 aut

558 4229 1011 4297 magnitudinem,
1043 4238 1136 4283 aut
1170 4229 1331 4283 aliam
1365 4229 1668 4298 quamlibet
1715 4229 1765 4280 id
1817 4245 1988 4297 genus
2041 4245 2129 4284 ex-

558 4321 862 4377 cellentiam
896 4322 1110 4376 causale
1140 4322 1426 4391 praisedat,
1480 4323 1661 4391 sitque
1688 4321 1779 4374 illo
1835 4323 2130 4375 itouorabi.‘

557 4415 681 4477 lior,
706 4429 811 4467 non
841 4424 1017 4467 tamen
1043 4412 1259 4469 Patrem
1290 4411 1550 4468 Filiiesse
1576 4412 1901 4482 principium
1928 4425 2087 4484 negat
2112 4432 2126 4478 ;

2159 3173 2203 3232 α

2255 573 2725 630 consubstantiale
2764 591 2906 642 esse,
2938 594 3002 631 ex
3066 595 3175 647 quo
3245 589 3349 642 est,
3399 583 3663 650 profecto
3749 602 3878 642 non

2253 665 2527 720 recusabit
2553 667 2850 736 praeclarus
2900 669 3090 724 d0ttor
3124 669 3338 725 Patrem
3375 670 3515 725 Filio
3557 676 3877 742 majorem

2251 769 2432 811 causa:
2471 759 2680 813 ratione
2706 761 2910 824 dicere.
2943 761 3009 815 ad
3041 777 3136 816 eos
3192 763 3519 832 prtusertim,
3550 765 3657 832 qui
3741 783 3875 821 ma—

2250 847 2338 915 jus
2369 850 2513 918 quod
2538 850 2736 906 dicitur
2773 853 2857 922 pie
2909 854 3235 923 suscipiunt,
3326 870 3500 922 neque
3530 870 3597 908 ex
3661 858 3877 910 timui-

2252 937 2415 992 nibus
2445 939 2795 1009 blasphemia:
2825 945 3141 998 occasiones
3189 953 3554 1013 aucupentur.
3618 943 3874 1002 Idcirco

2247 1029 2398 1084 et-D.
2454 1029 2812 1095 Athanasius,
2882 1049 3005 1088 cum
3075 1035 3302 1090 dixisset
3356 1034 3548 1089 Filium
3615 1034 3872 1105 Spiritu

2251 1121 2537 1191 majorem,
2559 1124 2722 1178 etiam
2748 1126 3001 1194 atqualem
3033 1127 3256 1186 addidit.
3286 1136 3344 1180 ut
3367 1141 3582 1180 Omnem
3613 1130 3867 1183 aditum

2246 1212 2595 1284 blasphemia:
2618 1219 2944 1272 obstrueret.
2977 1219 3241 1284 Quoniam
3277 1219 3441 1289 igitur
3469 1221 3641 1290 major
3695 1221 3867 1279 Filio

2246 1305 2427 1370 Pater,
2465 1307 2745 1377 Piliusque
2785 1311 2993 1379 Spiritu
3026 1326 3204 1365 causa:
3254 1311 3466 1365 ratione
3493 1311 3677 1366 dictus
3729 1325 3860 1378 est,

2251 1397 2422 1451 Filius
2456 1415 2585 1467 ergo
2619 1400 2861 1470 Spiritus
2893 1405 3062 1457 sancti
3097 1418 3260 1457 causa
3286 1413 3387 1463 cst,
3443 1403 3545 1456 etsi
3585 1403 3720 1458 Filii
3788 1423 3862 1462 ac

2243 1491 2419 1542 sancti
2459 1489 2695 1559 Spiritus
2721 1493 2902 1545 omnia
2941 1495 3004 1546 ad
3045 1494 3256 1548 Patrem
3322 1495 3575 1558 rcﬂuant,
3614 1510 3681 1549 ex
3725 1514 3859 1566 quo

2244 1580 2352 1634 illis
2389 1591 2441 1633 et
2465 1597 2604 1646 esse,
2633 1592 2684 1636 ct
2717 1585 2953 1649 arqualcs
2985 1599 3126 1650 esse,
3147 1593 3250 1638 est.

2323 1672 2555 1740 Magnus
2607 1686 2866 1746 prasterea
2918 1674 3154 1731 Basilius
3204 1677 3257 1730 in
3301 1678 3395 1731 lib.
3449 1694 3506 1732 ιιι
3551 1678 3856 1743 Qun-stio-

2241 1783 2364 1820 num
2385 1755 2691 1838 (25),cujus
2711 1769 2923 1822 initium
2943 1782 3055 1824 est:
3083 1769 3187 1823 Vix
3205 1773 3420 1824 tandem
3439 1773 3691 1824 satiatus.
3722 1773 3852 1828 illic

2241 1859 2385 1912 enim
2423 1859 2692 1914 Eunomio
2727 1858 2990 1930 Spiritum
3019 1870 3270 1916 sanctum
3339 1870 3532 1915 natura
3595 1863 3846 1917 tertium

2240 1963 2363 2003 esse
2406 1959 2712 2015 asserente,
2780 1951 2895 2018 ipse
2953 1950 3141 2004 ordine
3193 1950 3417 2021 quidem
3472 1950 3715 2016 tertium,
3785 1960 3849 2005 et

2239 2039 2394 2094 valde
2425 2039 2732 2096 confitetur.
2782 2035 2959 2095 Instat
3007 2053 3187 2096 autem
3236 2042 3434 2096 acriter
3481 2053 3667 2094 contra
3751 2043 3844 2108 id,
3885 2031 3898 2038 ’

2238 2131 2383 2200 quod
2429 2141 2622 2186 natura
2689 2133 2885 2188 tertius
2946 2132 3249 2197 dicebatur,
3311 2143 3364 2186 et
3393 2133 3587 2191 addit;
3641 2151 3657 2181 ι
3688 2133 3846 2197 Quae

2239 2224 2382 2277 enim
2409 2234 2566 2292 urget
2632 2226 2952 2282 necessitas.
3012 2226 3455 2294 quandoquidem
3515 2227 3708 2279 ordine
3763 2242 3843 2281 ac

2237 2316 2496 2386 dignitate
2527 2318 2720 2372 tertius
2745 2327 2828 2372 est
2849 2318 3106 2386 Spiritus,
3136 2326 3330 2371 natura
3355 2331 3574 2386 quoque
3597 2317 3839 2370 tertium

2238 2405 2735 2477 fateriiDignitate
2791 2409 2934 2463 enim
2987 2408 3282 2463 secundum
3335 2422 3364 2461 a
3398 2406 3558 2474 Filio,
3600 2423 3721 2461 cum
3750 2409 3837 2462 ab

2238 2499 2358 2568 ipso
2391 2515 2512 2555 esse
2549 2500 2764 2564 habeat,
2791 2509 2846 2554 et
2879 2501 2946 2554 ab
2999 2501 3115 2570 ipso
3143 2499 3395 2569 accipiat,
3423 2509 3476 2553 et
3531 2499 3834 2552 annuntiat

2237 2590 2417 2653 nobis,
2463 2600 2624 2660 atque
2653 2592 2877 2646 omnino
2899 2607 2965 2648 ex
3015 2592 3108 2646 illa
3137 2608 3302 2647 causa
3350 2593 3607 2662 pendeat,
3643 2593 3826 2661 pieta-

2241 2681 2308 2734 tis
2338 2682 2476 2735 ratio
2507 2682 2874 2736 commendat.
2906 2682 3112 2738 Natura
3137 2695 3319 2738 autem
3364 2667 3607 2747 tertium,
3637 2696 3827 2750 neque

2237 2787 2306 2827 ex
2338 2772 2508 2826 sacris
2531 2771 2748 2828 Litteris
2785 2774 3100 2841 didicimus,
3134 2790 3310 2845 neque
3335 2790 3400 2829 ex
3429 2775 3510 2830 his
3529 2789 3649 2843 quae
3672 2773 3819 2826 dicta

2239 2874 2390 2930 sunt,
2462 2867 2758 2922 secundum
2840 2868 3106 2923 rationem
3177 2868 3577 2938 consequentiae
3634 2864 3818 2933 colligi

2238 2966 2434 3024 potest.
2450 2975 2467 3007 ι

2308 3047 2407 3102 llic
2429 3049 2769 3119 apettissime
2831 3065 3080 3106 summus
3131 3051 3214 3104 vir
3261 3049 3520 3116 Spiritum
3555 3054 3806 3099 sanctutn

2238 3155 2302 3196 ex
2355 3155 2519 3195 causa
2571 3139 2688 3192 Filii
2753 3141 3007 3206 pendere,
3066 3156 3129 3192 ex
3195 3141 3419 3206 ipsoque
3480 3147 3806 3203 suspensum

2236 3247 2375 3298 esse,
2412 3214 2574 3300 atque
2605 3230 2672 3284 ab
2701 3232 2822 3298 ipso
2881 3231 3128 3298 accipere
3185 3239 3237 3283 et
3296 3243 3416 3296 esse
3475 3228 3696 3289 habere,
3749 3233 3808 3280 ut

2235 3325 2383 3395 pium
2412 3336 2458 3380 ct
2512 3323 2740 3376 maxime
2796 3321 3104 3389 religiosum
3155 3319 3368 3389 prohat.
3433 3317 3545 3372 lloc
3603 3326 3806 3378 autem,

2235 3417 2436 3487 siquis
2465 3431 2571 3470 non
2634 3427 2755 3466 esse
2816 3410 2996 3466 Basilii
3045 3411 3360 3476 contendat,
3425 3410 3810 3480 adiectumque

2235 3508 2638 3582 exetnplarihus
2698 3505 2902 3568 dicat,‘
2951 3507 3165 3574 penitus
3215 3505 3430 3560 delirat.
3485 3504 3695 3574 Quippe
3754 3503 3810 3560 in

2235 3598 2622 3656 vetustissimis
2684 3597 2966 3651 codicibus
3037 3599 3108 3650 ita
3195 3595 3460 3664 scriptum
3515 3595 3807 3649 invenitur.

2235 3694 2384 3760 Quos
2410 3692 2629 3763 quidem
2660 3691 2878 3745 codices
2906 3704 3003 3760 pro
3027 3688 3352 3759 antiquitate
3377 3704 3496 3753 sua,
3520 3697 3809 3755 antequam

2235 3784 2470 3838 schisma
2519 3784 2774 3848 oriretur,
2824 3785 3167 3851 conscriptos
3216 3795 3356 3842 esse,
3407 3781 3590 3834 nullos
3638 3779 3810 3831 ambi-

2235 3887 2362 3940 geie
2399 3873 2622 3927 omnino
2655 3873 2863 3938 possit:
2923 3887 3154 3939 quorum
3219 3871 3512 3924 oblitterati
3565 3869 3807 3925 nonnulli

2235 3971 2563 4018 cernuntur:
2591 3962 2916 4030 quibusdam
2946 3962 3048 4014 hoc
3077 3960 3223 4013 illius
3254 3962 3358 4017 viri
3415 3942 3619 4016 dictum
3653 3961 3806 4031 quasi

2234 4056 2599 4110 adulteratum
2631 4052 2913 4120 suscipere
2946 4051 3279 4115 nolentibus,
3332 4067 3394 4107 ac
3426 4053 3576 4109 ferro
3619 4062 3810 4110 contra

2236 4154 2414 4200 nmtos
2441 4144 2624 4212 apices
2659 4142 2820 4208 impie
2858 4141 3156 4195 utentibus.
3483 4146 3489 4152 '
3717 4153 3746 4178 ο

2302 4240 2566 4294 Czntcrttm
2594 4243 2878 4288 contextus
2936 4233 3053 4301 ipse
3073 4234 3378 4299 verborum,
3430 4236 3657 4306 ipsaque
3679 4236 3810 4291 allo-

2234 4335 2401 4397 cutio,
2432 4331 2534 4387 sihi
2589 4329 2690 4398 ipsi
2743 4340 2799 4381 et
2844 4325 3079 4380 auditori
3130 4329 3375 4395 cOogruit
3435 4329 3681 4382 miriticc.
3733 4327 3810 4381 Ex

2237 4427 2368 4497 ipsis
2421 4438 2640 4494 quoque.
2686 4420 2806 4472 istis
2858 4417 3030 4471 sancti
3084 4418 3312 4472 intentio
3373 4419 3508 4473 satis
3561 4435 3681 4488 qua:
3737 4420 3806 4473 sit

560 4515 886 4574 constatque
913 4505 1064 4559 illum
1099 4506 1152 4559 in
1217 4506 1390 4576 primo
1438 4506 1700 4562 adversus
1781 4509 2127 4573 Eunominm,
2165 4506 2205 4562 Ι)
2236 4526 2473 4588 apparet.
2510 4513 2598 4566 Ait
2624 4513 2767 4565 enim
2800 4527 2919 4563 cum
2959 4525 2985 4561 a
3021 4509 3157 4562 Filio
3181 4511 3506 4575 secundum,
3569 4512 3670 4566 hoc
3702 4518 3804 4576 est,

558 4599 704 4669 quod
735 4598 910 4667 majus
947 4599 999 4652 iu
1059 4599 1220 4654 Patre
1272 4607 1568 4656 secundum
1629 4618 1847 4658 causam
1909 4603 2152 4664 dicitur,‘

557 4695 702 4749 sicut
735 4692 788 4746 in
821 4701 1015 4748 sancta
1078 4691 1344 4746 Trinitate
1396 4709 1559 4748 causa
1622 4694 1970 4765 intelligenda
2027 4704 2131 4759 est,

557 4785 784 4841 omnino
819 4785 1096 4855 suscipere
1128 4793 1292 4854 atque
1330 4785 1606 4839 contiteri.

629 4881 718 4932 Ait
751 4886 929 4933 autem
953 4888 1008 4932 ct
1039 4879 1323 4947 tbct‘ilogus
1351 4877 1666 4946 Gregorius,
1711 4895 1728 4928 ι
1759 4878 1888 4931 Volo
1915 4878 2128 4933 Patrem

559 4969 818 5036 majorem
854 4969 1057 5031 dicere,
1120 4984 1183 5022 ex
1250 4984 1361 5037 quo
1409 4981 1463 5022 et
1513 4970 1836 5038 aequalibus,
1899 4983 1985 5025 ιιι·
2020 4973 2131 5026 sint

557 5059 810 5127 :cqnalia,
845 5058 1132 5128 ipsumque
1197 5075 1319 5113 esse
1381 5071 1485 5114 est.
1553 5059 1677 5115 lla'c
1732 5062 1874 5116 enim
1939 5079 2130 5118 omnes

558 5149 767 5205 dabunt
833 5164 1152 5217 vereorque,
1212 5164 1278 5202 ne
1316 5150 1638 5218 principium
1675 5152 1941 5206 minorum
1985 5156 2130 5220 prin-

559 5243 764 5314 cipium
792 5240 985 5296 faciam
1007 5284 1021 5305 ,
1062 5251 1222 5309 atque
1251 5241 1352 5294 hac
1380 5242 1546 5295 veluti
1584 5243 1881 5296 honoriﬁz-a
1936 5245 2128 5312 pracla~

559 5340 728 5402 tione,
763 5335 942 5406 ipsum
976 5333 1322 5393 contumeliis
1359 5333 1606 5387 alliciam.
1641 5352 1659 5384 ι

629 5477 676 5510 ³⁸
713 5475 873 5531 Joau.
910 5487 1023 5537 χιιι,
1067 5471 1151 5524 15.

631 5617 743 5688 (2'5)
786 5616 1044 5672 Basilius.
1264 5682 1275 5688 _
1602 5687 1606 5688 ν
1713 5677 1744 5688 ..

629 5677 740 5758 (9.43
797 5687 1059 5740 Absolutc
1095 5696 1202 5758 non
1264 5682 1400 5758 bene
1445 5677 1878 5758 “sonam-dicere
1909 5678 2124 5758 Patrem

555 5749 700 5814 Filio
732 5758 990 5823 majorem
1029 5756 1242 5808 ratione
1283 5749 1559 5823 principii,
1593 5749 1716 5823 quia
1745 5753 1818 5804 nil
1856 5751 2030 5819 majus
2068 5751 2119 5803 ιιι

557 5819 904 5883 sacrosancta
929 5825 1213 5891 'l‘rinitatc,
1243 5819 1296 5876 ut
1327 5821 1486 5873 habet
1514 5819 1827 5889 Symbolum
1863 5823 1918 5877 S.
1945 5825 2115 5875 Alba-

2228 4627 2256 4664 a
2289 4611 2441 4663 Patre
2467 4606 2681 4660 tertium
2703 4602 2906 4657 ordinis
2933 4601 3138 4655 ratione
3159 4617 3303 4667 esse,
3339 4604 3481 4671 quod
3513 4602 3614 4671 ipsi
3645 4605 3807 4657 etiam

2230 4716 2292 4754 ex
2329 4695 2600 4766 praedictis
2634 4693 2924 4760 asseritur.
2970 4688 3084 4742 Hoc
3114 4691 3276 4760 igitur
3309 4691 3362 4744 in
3419 4691 3540 4745 loco
3587 4707 3805 4746 causam

2232 4789 2502 4860 appmuit,
2536 4803 2636 4842 cur
2663 4783 2902 4854 Spiritus
2964 4798 2992 4835 a
3029 4781 3164 4835 Filio
3217 4783 3490 4838 secundus
3535 4785 3627 4850 sit,
3662 4783 3807 4852 quod

2239 4883 2449 4935 scilicet
2473 4879 2540 4931 ab
2570 4878 2662 4931 illo
2711 4891 2832 4928 esse
2857 4875 3070 4927 habeat.
3099 4872 3209 4926 Hoc
3246 4874 3389 4926 enim
3417 4876 3807 4930 cuuntiationis

2237 4972 2447 5043 species
2475 4969 2672 5038 exigit.
2708 4966 2866 5021 sicuti
2910 4980 3060 5028 cum,
3105 4965 3255 5020 verbi
3307 4967 3503 5035 gratia,
3532 4968 3804 5020 dicimus:

2240 5063 2338 5116 llic
2377 5059 2692 5116 rationalem
2728 5057 2937 5111 habens
2988 5065 3256 5122 naturam,
3287 5058 3464 5117 discit,
3498 5058 3636 5111 idem
3659 5059 3803 5113 enim

2236 5164 2341 5220 est,
2399 5169 2462 5207 ac
2511 5155 2556 5206 si
2613 5151 2929 5205 diceretur:
2991 5148 3126 5213 Quia
3177 5149 3490 5202 rationalem
3551 5160 3802 5204 naturam

2238 5248 2418 5312 habet,
2449 5244 2654 5299 idcirco
2682 5242 2866 5298 discit.
2920 5240 3138 5296 Discere
3189 5242 3385 5308 quippe
3438 5243 3651 5296 causata
3681 5253 3802 5310 est;

2237 5336 2556 5394 rationalem
2617 5346 2796 5388 autem
2853 5346 3121 5393 naturam,
3193 5333 3336 5400 quod
3373 5333 3589 5396 dicitur,
3647 5343 3802 5403 quasi

2235 5611 2395 5666 nasii.
2441 5611 2637 5665 Caleca
2670 5619 2849 5663 tamen
2887 5613 3122 5660 mentem
3161 5623 3312 5663 suam
3354 5610 3486 5665 satis
3521 5610 3658 5666 bene
3701 5628 3800 5666 ex-

2234 5681 2421 5749 plicat.

2303 5750 2416 5818 (25)
2489 5747 2547 5801 l..
2594 5763 2662 5818 ιιι
2703 5753 2890 5799 contra
2927 5744 3272 5818 Eunomium.

2228 5816 2354 5873 num
2392 5819 2427 5875 Ι.
2467 5835 2502 5872 ιι
2526 5821 2596 5870 De
2626 5816 2849 5879 Christo,
2880 5832 2929 5871 (τ.
2962 5816 3053 5871 “25.

3338 5746 3464 5802 Vith
3517 5748 3796 5804 Bt‘llttt‘ttti-
