4144 6296
315 304 400 366 5‘3

1484 314 1886 374 ADVERSUS
1926 309 2240 376 GRECOS
2281 319 2423 380 LIB.
2461 321 2508 382 l.
3547 315 3613 375 Si

303 437 425 491 pro
467 437 650 477 causa
681 425 938 478 sumitur.
972 425 1244 492 Nusquam
1279 427 1422 481 enim
1459 438 1562 491 est,
1600 431 1693 481 uti
1737 429 1926 494 hujus-
1969 436 2009 486 Α
2041 447 2104 484 ac
2138 434 2400 501 dignitate
2428 436 2701 491 secundus
2733 453 2759 488 a
2795 437 2953 490 Patre
2983 447 3082 497 est,
3123 437 3385 504 quoniam
3426 437 3495 489 ab
3527 437 3622 488 itlo

302 515 479 568 Inodi
575 518 966 570 cnttntiationis
1026 520 1234 587 species
1296 536 1403 572 non
1461 516 1680 574 causam
1765 531 1928 587 atque

307 606 574 659 canszle
621 607 907 674 signiticet,
951 621 1203 662 ca-ternm
1257 613 1339 662 vel
1401 613 1558 680 quasi
1614 612 1929 680 prteteriens

310 697 603 762 ponitur,
661 698 739 749 vel
789 699 912 763 quia
961 711 1156 768 pneter
1209 701 1311 754 hoe
1367 713 1450 757 est
1481 712 1532 755 et
1578 705 1696 756 hoc.
1731 701 1928 757 Verum

317 786 387 840 in
429 802 497 839 sa
514 799 637 840 ncta
673 788 962 851 Trinitate,
999 807 1119 844 cum
1179 794 1323 845 nulla
1359 787 1664 847 diﬂ’erentia
1690 795 1795 847 alia
1827 796 1929 848 nisi

321 878 460 931 sola
497 881 799 934 secundum
849 897 1070 936 cau~aot
1116 886 1307 937 relatio
1348 885 1688 953 inspiciatur.
1714 899 1934 956 propter

323 983 628 1022 s-tmntam
656 971 1060 1041 simplicitatem
1089 992 1102 1026 :
1129 977 1552 1043 przeteriensque
1571 978 1710 1045 quod
1735 977 1936 1031 dicitttr

325 1069 391 1111 et
435 1076 525 1120 re.
563 1073 614 1114 et
641 1065 804 1116 verbo
834 1065 959 1118 inde
1019 1067 1242 1120 oomino
1295 1066 1574 1121 auferetur
1622 1069 1933 1138 huiusmodi

327 1151 747 1206 euttntizttionis
802 1157 1031 1224 species.

417 1238 566 1294 Hinc
607 1259 852 1306 causam,
884 1246 1010 1299 inde
1053 1262 1272 1300 causate
1322 1250 1560 1301 secundo
1607 1251 1764 1305 nobis
1819 1251 1936 1303 loco

329 1346 364 1383 ει
469 1348 648 1384 (ξιιιιαιιΔ
686 1337 1195 1404 ροιιιιιιρηεῑιιιβϐ).
1251 1340 1502 1391 Secundo
1591 1343 1732 1394 enim
1820 1360 1936 1395 ioco

332 1434 480 1471 esse
515 1432 732 1488 prepter
806 1439 1117 1492 process-un
1192 1428 1499 1482 divinarum
1562 1445 1920 1497 personarum

337 1509 402 1560 in
437 1522 629 1565 sancta
656 1513 914 1570 Trinitate
945 1533 971 1569 a
1045 1519 1308 1586 theologis
1373 1524 1653 1575 asseritur.
1698 1525 1936 1592 Spiritus

337 1602 534 1653 sancti
564 1611 739 1655 autem
765 1619 828 1657 et
864 1604 1020 1659 Patre
1075 1622 1165 1674 per
1198 1607 1383 1662 Filium
1410 1626 1721 1679 processum
1783 1614 1938 1665 theo-

338 1689 500 1757 l03ia
538 1693 735 1746 tradit:
763 1711 1036 1765 perquam
1083 1697 1289 1751 scilicet
1323 1708 1375 1752 et
1425 1703 1702 1755 secundus
1728 1721 1754 1754 ει
1779 1702 1935 1763 Filio,

337 1791 398 1834 et
433 1799 464 1836 a
503 1783 653 1838 Patre
679 1788 871 1843 tertius
911 1790 1130 1842 dicitur.
1189 1790 1498 1860 llorumquc
1529 1810 1691 1847 causa
1730 1807 1810 1848 est
1866 1812 1929 1848 cs
1965 1783 2007 1840 Β

336 1870 516 1926 Patre
551 1891 642 1942 per
676 1875 869 1929 Filium
906 1894 1211 1944 processus.
1264 1878 1476 1948 Ubique
1511 1892 1688 1935 autem
1721 1884 1936 1936 causale

334 1978 521 2018 cau~a
549 1966 737 2021 saltem
761 1970 1092 2038 cogitatione
1130 1972 1410 2038 prmcedit.
1444 1973 1619 2041 Atque
1655 1975 1744 2027 ubi
1807 1991 1938 2028 can-

339 2055 470 2108 sale
501 2065 609 2118 est,
647 2072 866 2111 causa'n
895 2076 1111 2128 quoque
1138 2079 1259 2115 esse
1301 2065 1612 2118 necessario
1644 2067 1890 2134 sequitur
1921 2085 1934 2132 ;

339 2160 525 2198 causa
585 2148 818 2212 suldata,
871 2155 1088 2206 causate
1131 2169 1347 2222 quuth
1406 2157 1656 2223 protinus
1711 2159 1934 2212 tollitur.

348 2235 602 2292 Sanetus
631 2255 758 2308 ergo
785 2243 884 2302 vir,
925 2245 1016 2312 qui
1072 2247 1287 2298 tertium
1341 2263 1368 2298 a
1434 2246 1592 2300 Patre
1650 2253 1939 2306 contitetut‘

344 2327 653 2396 Spiritum,
697 2341 860 2400 atque
895 2350 923 2387 a
956 2335 1092 2388 Filio
1142 2339 1462 2410 secundum,
1495 2337 1642 2400 iusta
1679 2356 1936 2407 persona-

342 2421 459 2472 leni
513 2425 783 2487 ordinem,
848 2429 1049 2495 quique
1110 2431 1320 2483 ordinis
1394 2433 1556 2499 hujus
1612 2434 1936 2487 insolentem

342 2515 677 2577 nea‘itatem.
721 2519 842 2571 lidei
889 2521 1651 2587 alnwga-ionemarbitratur.
1691 2536 1742 2576 et
1793 2541 1940 2593 quie-

252 2623 291 2636 ι
347 2620 466 2673 que
499 2607 602 2660 alia
631 2610 896 2676 praedixit,
932 2628 1035 2678 qua
1088 2613 1301 2667 ratione
1334 2616 1547 2668 causale
1599 2632 1823 2684 ponens,
1887 2627 1942 2671 ut

347 2700 532 2766 pium,
565 2701 760 2756 deinde
799 2718 826 2756 a
882 2703 1020 2756 lt‘tlio
1049 2722 1169 2758 esse
1197 2707 1394 2759 habere
1425 2708 1785 2776 suhjttngens,
1820 2727 1880 2763 ea
1910 2729 1939 2762 ιι

347 2798 868 2861 ιιιιειεεοιιεοτιιιῑιιιτ,
897 2811 1135 2854 causam,
1162 2802 1312 2865 quasi
1341 2799 1571 2851 alienam
1621 2787 1946 2869 (lcitegabit?

432 2905 592 2962 Nam.
654 2924 697 2960 sv
765 2925 1062 2962 setttttuttsu
1132 2928 1270 2974 esse,
1347 2913 1563 2965 causale
1629 2923 1728 2977 est,
1783 2915 1945 2983 huius

353 3006 564 3052 autem.
604 2998 749 3066 quod
771 3014 893 3052 esse
937 3000 1130 3052 habeat
1167 3017 1194 3053 a
1231 2999 1383 3066 Filio,
1420 3011 1472 3055 et
1520 3005 1662 3070 quod
1699 3009 1944 3064 absolute

2037 542 2154 580 esse
2211 529 2402 581 habet:
2465 528 2534 580 ita
2575 537 2628 582 et
2707 539 2930 583 sanctus
2986 529 3229 598 Spiritus
3288 530 3480 581 ordine
3548 544 3611 580 ac

2037 617 2302 686 dignitate
2329 620 2600 673 secundus
2635 620 2817 672 itidem
2847 636 2874 672 a
2918 620 3074 674 Patre
3133 631 3237 674 est.
3296 619 3408 673 lloc
3464 621 3610 674 enim

2039 709 2140 763 sibi
2179 719 2234 763 et
2283 712 2514 764 tnttltum
2576 713 2794 780 quidem
2847 712 2913 765 ad
2972 713 3308 781 propositum
3366 713 3615 766 conferre

2041 812 2274 870 poterat,
2309 819 2430 855 cum
2462 804 2608 856 illum
2669 805 2910 873 ejusdem
2965 820 3086 856 cum
3131 804 3286 857 Patre
3344 805 3616 864 cs.~enti:c,

2044 892 2321 960 Deumque
2350 909 2536 947 verum
2569 909 2687 947 eSse
2722 895 3109 948 commendare
3139 895 3472 947 inStitueret.

2110 981 2240 1035 Nam
2272 984 2339 1037 de
2369 985 2526 1039 Patre
2553 988 2764 1054 quidem
2801 987 2981 1039 nullus
3017 1001 3259 1052 unqua'n
3322 985 3605 1037 havri-tien-

2043 1090 2158 1128 rum
2199 1076 2320 1136 luit,
2349 1077 2481 1146 quin
2526 1086 2784 1130 a'ternum
2822 1078 3103 1144 Deumque
3144 1090 3330 1129 verum
3362 1076 3615 1130 senserit.

2042 1166 2238 1221 Contra
2280 1175 2459 1220 autem
2493 1168 2558 1221 de
2585 1168 2719 1221 Filio
2748 1169 2963 1235 plurimi
2992 1182 3367 1235 sa‘penumero
3432 1181 3619 1222 sense-

2044 1268 2190 1311 runt.
2231 1257 2426 1312 Verum
2449 1260 2552 1311 hoc
2585 1260 2674 1311 ille
2737 1275 2842 1312 non
2900 1259 3061 1327 dixit,
3120 1275 3246 1312 cum
3307 1259 3617 1311 divinarum

2043 1364 2396 1417 pchtmarum
2436 1349 2500 1401 ad
2552 1350 2781 1403 invi-cm
2845 1350 3092 1403 ordinent
3157 1365 3620 1416 processunmquc

2042 1439 2406 1494 diﬂ‘erentiam
2465 1441 2630 1507 probe
2681 1452 2888 1504 nosset;
2929 1442 3036 1492 imo
3104 1441 3378 1493 interdixit
3430 1441 3616 1496 etiam.

2045 1541 2102 1586 ut
2134 1549 2196 1585 ex
2235 1533 2317 1585 his
2348 1548 2467 1602 quae
2511 1533 2620 1602 jam
2685 1532 2822 1584 dit-ta
2864 1544 3007 1586 sunt.
3052 1531 3332 1584 evidenter
3371 1547 3432 1583 os
3459 1535 3614 1584 cudi-

2046 1631 2151 1674 tur.

2117 1711 2272 1766 Certe
2297 1723 2498 1776 autem,
2532 1713 2574 1766 si
2641 1716 2852 1766 tettium
2893 1728 2920 1764 a
2984 1712 3137 1766 Patre
3181 1728 3299 1765 esse
3354 1710 3615 1778 Spiritum

2039 1814 2286 1860 sanctum
2317 1814 2481 1872 atque
2519 1820 2547 1856 a
2577 1803 2715 1856 Filio
2752 1804 3080 1866 seeunlum,
3142 1813 3196 1856 et
3223 1818 3252 1855 a
3302 1803 3620 1855 ductoribus

2041 1895 2271 1957 caeteris,
2303 1904 2355 1946 et
2387 1910 2413 1945 a
2458 1909 2656 1962 magno
2708 1894 2900 1945 ltasilio
2932 1893 3279 1960 accepimus:
3325 1894 3376 1946 id
3435 1903 3614 1946 autem

2040 2000 2317 2054 nunquam
2352 1985 2423 2037 ita
2456 1991 2620 2048 essm,
2659 1983 2759 2036 nisi
2801 1984 2994 2035 tertius
3042 1991 3188 2035 esset
3218 2000 3281 2036 ex
3317 1983 3492 2052 primo
3527 2000 3572 2048 pi
3595 2000 3621 2036 r

2043 2077 2300 2136 medium,
2331 2078 2430 2130 hoc
2461 2086 2562 2135 est,
2595 2092 2657 2128 ex
2693 2076 2848 2128 Patre
2899 2092 2992 2141 per
3024 2074 3219 2128 Filium
3257 2076 3568 2143 procederet
3603 2092 3616 2129 :

2040 2168 2310 2238 quomodo
2339 2169 2410 2232 id,
2449 2169 2590 2236 quod
2638 2168 3023 2236 pra-misimus,
3056 2183 3161 2221 non
3189 2168 3337 2220 omni
3395 2167 3618 2220 veritate

2043 2261 2304 2315 fulcitur?
2336 2260 2582 2314 videlicet
2650 2269 2872 2329 propter
2913 2258 3292 2312 sulutantialis
3328 2275 3618 2328 processm

2041 2367 2394 2421 personarum
2431 2352 2496 2404 ad
2529 2351 2759 2404 invicem
2823 2367 3079 2419 apparere
3130 2350 3414 2404 ordinem?
3474 2353 3619 2413 Quo-

2043 2444 2204 2498 modo
2235 2444 2363 2497 item
2400 2459 2508 2498 non
2543 2444 2684 2497 idem
2715 2450 2817 2500 cst.
2858 2453 2908 2496 et
2939 2459 3032 2506 per
3074 2443 3267 2496 Filium
3303 2442 3614 2509 procedere,

2043 2538 2186 2605 quod
2215 2537 2433 2597 dicitur,
2454 2545 2507 2590 et
2537 2552 2565 2590 a
2607 2534 2743 2589 Filio
2777 2552 2899 2590 esse
2935 2536 3153 2598 habere,
3176 2536 3330 2605 juxta
3363 2543 3611 2589 sanctum

2045 2629 2325 2691 Basiliutn,
2351 2627 2495 2696 quod
2544 2628 2706 2681 etiam
2753 2643 2971 2682 causam
3023 2641 3144 2682 esse
3200 2628 3402 2696 posuit.
3472 2637 3531 2681 ut
3586 2643 3614 2680 a

2047 2717 2182 2773 Filio
2208 2718 2483 2773 secundus
2517 2718 2629 2772 sit?

2117 2812 2401 2876 Quomodo
2425 2820 2603 2863 autent
2646 2819 2698 2863 et
2729 2824 2847 2863 esse
2900 2817 2957 2863 et
2990 2809 3282 2878 procedere
3309 2825 3416 2862 non
3470 2811 3611 2863 idem

2047 2904 2395 2968 intelligatur,
2454 2900 2746 2970 siquidem,
2773 2901 2915 2969 quod
2943 2915 3163 2955 causam
3215 2916 3336 2956 esse
3381 2912 3613 2962 constat,

2049 3003 2106 3048 ut
2138 3011 2165 3047 a
2203 2992 2337 3048 Filio
2379 2994 2615 3064 Spiritus
2648 2993 2920 3048 secundus
2957 2994 3047 3070 sit,
3099 2994 3243 3063 quod
3277 3009 3371 3061 per
3419 2993 3616 3048 Filium

353 3103 458 3155 per
492 3088 685 3142 Filium
719 3091 992 3158 procedat,
1025 3109 1186 3146 causa
1229 3094 1534 3163 subjicitur,
1563 3099 1779 3152 causale
1805 3115 1934 3153 vero
1963 3117 2002 3173 ς
2042 3087 2252 3143 scilicet
2286 3086 2654 3156 procedit,pro
2727 3087 2827 3140 hoc
2891 3087 2983 3140 ille
3046 3102 3169 3140 cum
3204 3102 3232 3140 a
3293 3084 3435 3140 Falio
3493 3103 3617 3141 esse

353 3196 640 3249 nunquam
675 3184 790 3236 sine
820 3198 981 3237 eausa
1017 3197 1118 3247 est,
1161 3187 1435 3253 quomodo
1487 3203 1595 3241 non
1628 3194 1934 3245 necessario

353 3285 484 3320 cum
525 3272 730 3326 causali
781 3288 943 3326 causa
979 3287 1198 3344 quoque
1243 3277 1635 3346 consequitur?
1693 3278 1850 3345 Nam,
1889 3280 1933 3336 si

357 3373 540 3423 neque
576 3365 848 3418 secundus
891 3380 919 3418 a
942 3363 1080 3420 Filio
1101 3377 1204 3432 est,
1240 3357 1417 3436 neque
1451 3383 1479 3421 a
1527 3367 1686 3424 Patre
1718 3375 1932 3435 tertius,

364 3461 435 3496 ne
456 3459 485 3498 a
514 3448 652 3503 Filio
686 3453 901 3518 quidem
935 3469 1054 3507 esse
1086 3453 1322 3509 habebit.
1365 3456 1632 3521 Quoniam
1697 3475 1826 3512 vero
1885 3470 1938 3514 et

365 3537 458 3591 hic
506 3549 553 3594 et
592 3542 837 3610 plurimis
878 3545 998 3598 aliis
1031 3546 1080 3598 in
1105 3545 1262 3607 locis,
1299 3547 1475 3614 ipsum
1536 3558 1591 3602 et
1622 3551 1926 3603 secundum

361 3644 494 3682 csse
545 3642 596 3685 et
621 3633 840 3686 tertium
867 3643 1090 3688 sanctus
1137 3635 1221 3687 vir
1250 3637 1424 3702 ponit,
1474 3651 1536 3690 ac
1562 3653 1630 3690 ne
1661 3639 1762 3705 ipsi
1817 3645 1939 3708 qni-

363 3724 490 3774 dem
523 3725 979 3788 contradicentes,
1005 3727 1148 3794 quod
1203 3728 1410 3780 dicitur
1460 3732 1737 3784 secundus
1794 3749 1937 3801 esse,

363 3831 492 3868 cum
520 3819 733 3872 cmteris
772 3833 880 3871 non
929 3818 1414 3894 delent,_necesse
1481 3831 1563 3876 est
1611 3835 1667 3876 ιιι
1717 3841 1938 3879 causam

363 3924 603 3979 quoque,
635 3925 733 3964 cur
762 3910 1037 3964 secundus
1063 3911 1153 3974 sit,
1186 3928 1306 3981 quae
1349 3913 1593 3983 profecto
1650 3927 1756 3982 est,
1791 3920 1936 3987 quod

362 4005 458 4059 ille
489 4021 605 4060 esse
634 4004 793 4059 habet
814 4019 878 4058 ex
914 4002 1090 4073 _Filio,
1129 4007 1448 4076 magistrum
1505 4009 1751 4077 posuisse
1804 4012 1938 4066 fate-

357 4094 547 4148 tuttur.

440 4189 631 4254 Atque,
656 4187 797 4240 sicut
824 4187 938 4256 ipse
971 4188 1024 4240 in
1057 4186 1261 4240 eisdem
1308 4187 1420 4242 ait:
1459 4206 1476 4238 ι
1541 4188 1714 4243 Sicuti
1768 4191 1937 4246 Filius

364 4276 555 4329 ordine
580 4278 798 4346 quidem
851 4277 1127 4332 secundus
1157 4291 1184 4328 a
1226 4275 1385 4330 Patre
1418 4287 1522 4339 est,
1573 4281 1834 4347 quoniam
1869 4283 1939 4336 ab

366 4369 484 4432 ipso
513 4377 615 4433 est,
653 4378 704 4421 et
743 4368 1024 4437 dignitate,
1079 4367 1336 4436 quoniam
1397 4369 1612 4422 inititttu
1650 4380 1702 4423 et
1769 4387 1935 4426 causa

2043 3182 2241 3235 habere
2273 3181 2453 3234 dicere
2499 3180 2734 3233 maluit?
2761 3180 3043 3246 Quomodo
3077 3182 3202 3234 item
3259 3197 3354 3250 per
3394 3179 3615 3242 Filium,

2039 3284 2140 3328 eta
2166 3273 2300 3325 Filio
2321 3272 2664 3342 aequabiliter
2705 3288 2916 3342 ponens
2954 3289 3056 3325 non
3091 3283 3272 3339 aperte
3323 3272 3614 3340 signiﬁcat,

2038 3381 2123 3438 ex,
2154 3373 2208 3420 et
2240 3382 2353 3434 per.
2389 3375 2597 3418 tantutn
2624 3366 2726 3417 lem
2780 3364 2836 3417 in
2902 3365 3100 3416 divinis
3161 3365 3378 3417 valere?
3431 3363 3617 3432 Neque

2039 3457 2182 3509 enim
2240 3456 2508 3525 quispiam
2585 3454 2649 3508 ad
2701 3465 2907 3508 tantum
2974 3455 3172 3509 furoris
3255 3465 3308 3507 et
3361 3457 3615 3507 amt-ntize

2043 3555 2438 3611 prorumperet.
2493 3553 2550 3597 ut
2593 3547 2645 3597 in
2695 3545 2963 3606 hocloco,
3020 3563 3053 3598 α
3098 3557 3148 3598 ct
3182 3563 3266 3608 ex,
3316 3547 3612 3615 particulas

2045 3634 2111 3687 ab
2149 3633 2378 3687 invicetn
2403 3635 2822 3705 signiﬁcationis
2865 3635 3075 3687 ratione
3128 3629 3402 3691 dirimere‘
3438 3649 3615 3692 tenta-

2045 3735 2146 3778 ΙῬῑ.

2064 3805 2082 3826 ⁸
2120 3817 2190 3870 Ex
2228 3817 2310 3870 his
2344 3817 2528 3886 igitur,
2569 3816 2712 3885 quod
2747 3816 2945 3870 dicitur
2975 3831 3003 3868 a
3039 3815 3175 3868 Filio
3224 3832 3340 3870 esse
3392 3819 3614 3884 habere,

2042 3921 2256 3965 constat
2287 3911 2458 3964 sancti
2487 3910 2586 3963 viri
2641 3919 2844 3968 textum
2889 3925 3032 3963 esse.
3101 3909 3242 3975 Quin
3282 3910 3490 3964 ituo'ct
3540 3929 3603 3966 ex

2043 4003 2149 4064 his,
2193 4019 2310 4068 quae
2337 4001 2764 4055 calumniatores
2795 4003 3049 4070 itnprobi,
3109 4004 3161 4054 in
3220 4002 3318 4056 hac
3373 4002 3612 4058 clausula

2043 4103 2231 4148 contra
2260 4094 2505 4162 magistri
2543 4093 2723 4155 tidem,
2761 4103 2814 4147 et
2861 4094 3139 4146 veritatem
3169 4093 3395 4160 addunt,
3427 4098 3614 4149 mani-

2046 4187 2178 4239 teste
2217 4186 2436 4254 quidem
2464 4186 2637 4239 sancti
2686 4200 2882 4240 sensus
2933 4187 3132 4247 elucet,
3196 4187 3298 4254 ipsi
3362 4204 3486 4240 vero
3520 4205 3613 4257 per

2043 4277 2224 4329 omnia
2266 4276 2618 4343 malignitatis
2670 4285 2996 4345 arguuntur,
3050 4288 3108 4329 ut
3161 4279 3478 4332 eorumdeui
3544 4283 3614 4333 sit

2042 4385 2141 4439 pro
2171 4369 2464 4429 voluntate,
2504 4379 2558 4422 et
2606 4369 2780 4423 delere
2811 4379 2864 4423 et
2913 4368 3168 4439 adjicere.

367 4461 495 4520 sibi,
529 4469 585 4513 ttt
621 4469 783 4518 esset.
839 4460 1001 4514 Pater
1050 4469 1166 4522 est;
1229 4467 1282 4512 et
1337 4459 1528 4514 ordine
1577 4461 1814 4540 quidem,
1877 4479 1938 4517 ac
1973 4445 2014 4498 θ
2112 4457 2244 4511 Nam
2281 4466 2476 4526 praeter
2511 4458 2585 4518 id,
2619 4458 2762 4526 quod
2819 4459 2871 4511 in
2924 4457 3305 4511 vetustissimis
3334 4457 3613 4528 exetnp‘a-

369 4551 651 4619 dignitate,
679 4551 975 4604 secundum
1005 4566 1124 4604 esse
1149 4565 1176 4603 a
1204 4548 1362 4603 Patre
1391 4549 1609 4614 Filium,
1637 4561 1695 4606 ut
1723 4555 1942 4610 causalc

369 4642 591 4707 posuit;
621 4656 840 4695 causam
875 4657 1022 4702 vero,
1051 4642 1191 4709 quod
1222 4657 1250 4694 a
1279 4641 1438 4694 Patre
1460 4657 1626 4708 esset,
1656 4645 1940 4714 ipsumque

375 4733 590 4784 initium
629 4731 848 4785 haberet
898 4743 951 4786 ct
985 4747 1206 4785 causam
1238 4750 1252 4798 ;
1279 4748 1455 4801 neque
1509 4737 1779 4791 secundus
1831 4740 1939 4792 ullo

372 4825 538 4877 modo
569 4832 736 4882 esset,
765 4824 865 4876 nisi
925 4838 1043 4876 esse
1105 4823 1328 4877 haberet
1360 4839 1388 4876 a
1455 4823 1652 4888 Patre;
1712 4828 1932 4894 parilem

371 4911 597 4965 modum
629 4917 684 4962 et
741 4910 793 4960 in
829 4919 1011 4962 sancto
1064 4910 1268 4978 Spiritu
1331 4915 1501 4980 ponit.
1563 4912 1745 4982 Neque
1795 4917 1936 4970 enim

367 5010 519 5058 esset
545 5000 822 5056 secundus
854 5016 882 5053 a
916 5001 1074 5066 Filio,
1108 5003 1208 5056 hoc
1259 5012 1365 5064 est.
1399 5019 1429 5058 a
1490 5003 1648 5058 Patre
1723 5009 1939 5073 tertius,

371 5095 474 5149 nisi
519 5091 590 5146 ab
645 5091 739 5145 illo
795 5091 1018 5143 haberet
1070 5106 1212 5144 esse.
1272 5093 1454 5162 Itaque
1513 5095 1596 5147 vel
1643 5100 1939 5152 secundum

371 5190 532 5242 illum
562 5199 682 5239 esse
716 5185 926 5246 ordine,
963 5197 1024 5237 ac
1070 5185 1286 5235 tertium
1322 5201 1426 5238 una
1484 5187 1749 5256 denegent
1773 5229 1789 5253 ,
1850 5200 1944 5244 aut

375 5281 477 5334 hoc
511 5278 821 5331 necessario
855 5277 1281 5340 consentientes,
1322 5287 1375 5330 et
1420 5281 1562 5345 quod
1594 5296 1713 5334 esse
1745 5282 1936 5335 habeat

366 5389 427 5426 ev
477 5371 617 5426 Filio
649 5385 756 5423 una
829 5369 985 5422 fateri
1051 5357 1495 5438 compelluntur;
1540 5370 1739 5440 Ncmp:
1794 5373 1937 5426 enim

361 5465 402 5516 si
471 5478 532 5514 ex
567 5461 724 5514 Patre
748 5462 870 5537 solo
894 5461 1154 5530 Spiritum
1208 5469 1456 5514 sanctum
1495 5476 1617 5516 esse
1679 5465 1937 5520 credidis-

361 5565 440 5610 srt
469 5553 628 5623 ,quid
644 5553 1150 5623 prohibebatdiccre
1171 5571 1184 5607 ε
1205 5553 1340 5620 Quia
1361 5553 1502 5610 sicut
1525 5551 1694 5610 Filius
1741 5557 1930 5614 ordine

436 5735 563 5802 (‘26)
605 5693 853 5795 Uasiiius.

2041 4551 2189 4603 rihus
2244 4550 2582 4604 inferendam
2639 4549 2806 4620 [forte
2875 4549 3301 4619 intolerandam]
3361 4555 3610 4618 protinus

2041 4642 2430 4707 malignitatem
2488 4650 2542 4694 et
2612 4642 2880 4710 positione
2941 4652 2995 4696 et
3057 4643 3226 4694 lorum
3304 4645 3608 4697 litterarum

2041 4734 2384 4801 postmodum
2416 4735 2677 4802 adjectam
2711 4750 2852 4796 esse,
2884 4736 3166 4787 manifeste
3225 4746 3466 4803 apparet,
3537 4740 3613 4790 ait

2041 4827 2090 4878 iu
2131 4827 2590 4894 subsequentibus
2628 4836 2876 4879 sanctus:
2918 4847 2934 4876 ι
2963 4825 3028 4879 Ut
3067 4828 3209 4881 enim
3276 4828 3444 4885 Filius
3519 4849 3608 4884 (ιι--

2041 4915 2166 4966 dine
2190 4915 2408 4982 quidem
2439 4915 2716 4969 secundus
2769 4932 2797 4968 a
2854 4915 3013 4969 Patre
3061 4930 3160 4982 cst,
3221 4920 3478 4985 quOuiam
3543 4924 3611 4974 ab

2045 5003 2162 5071 ipso
2191 5016 2292 5065 est.
2322 5016 2377 5058 et
2409 5005 2692 5074 dignitate,
2723 5006 2981 5071 quoniam
3016 5007 3227 5059 initium
3268 5009 3340 5060 illi
3371 5019 3422 5063 ct
3447 5026 3611 5062 causa

2045 5108 2101 5149 ut
2128 5096 2378 5150 sitPater
2411 5107 2512 5159 est,
2583 5108 2636 5150 et
2677 5101 2801 5166 quia
2873 5115 2967 5168 per
3010 5099 3184 5168 ipsum
3248 5115 3502 5155 accessus
3561 5114 3616 5177 et

2042 5191 2295 5242 adductio
2326 5190 2391 5244 ad
2451 5189 2619 5244 Deum
2673 5200 2723 5244 et
2781 5191 2994 5246 Patrem
3053 5193 3207 5246 nobis
3250 5203 3351 5256 est,
3421 5202 3612 5244 natura

2051 5297 2180 5336 vero
2216 5298 2321 5335 non
2349 5283 2458 5351 jzltlt
2485 5281 2780 5344 secundus,
2827 5284 3080 5335 divinitas
3104 5285 3246 5336 enim
3283 5284 3334 5334 in
3383 5292 3612 5344 utroque

2046 5387 2188 5424 una:
2226 5373 2296 5425 ita
2327 5372 2583 5425 videlicet
2631 5383 2684 5424 et
2724 5371 2960 5436 Spiritus
3019 5379 3261 5429 sanctus,
3317 5370 3414 5419 etsi
3475 5365 3613 5416 Filio

2042 5464 2288 5518 concedit
2312 5465 2526 5526 ordine,
2558 5472 2614 5516 et
2643 5460 2907 5526 dignitate
2938 5476 3042 5511 non
3069 5461 3178 5526 jam
3217 5465 3395 5504 tamen
3449 5458 3605 5521 quasi

2039 5558 2469 5613 alien-enatum
2493 5552 2790 5607 exsistens.
2825 5567 2842 5597 ι
2910 5547 3006 5599 Ubi
3064 5542 3319 5608 ergoait:
3359 5560 3376 5591 ι
3444 5544 3508 5595 l-lt
3568 5545 3612 5594 si
