4144 6296
549 309 621 372 55
1772 332 2167 399 MANUELIS
2204 340 2536 411 ‘(JALEC/E.
3753 354 3843 420 56

542 427 796 533 cotncedit
845 426 984 533 Filio
1010 430 1203 533 ordine
1248 436 1652 533 autdignitate,
1687 460 1706 493 ι
1759 445 2119 503 addiderunt:
2153 453 2196 509 Α
2298 454 2532 517 Sanetus
2559 459 2688 512 item
2714 458 3046 515 Athanasius
3070 462 3447 518 Antiochenus
3474 463 3849 533 patriarcha!

549 536 568 567 ι
595 516 857 583 Omnino,
892 526 944 574 et
976 522 1364 579 eoncedemus.
1396 544 1413 577 ι
1445 526 1545 583 Ubi
1586 545 1716 587 vero
1747 534 1824 588 ait
1851 552 1866 589 :
1908 536 2131 593 i'l‘radit

545 607 761 675 pietatis
784 610 918 666 ratio
936 609 988 663 ἲ»
1027 610 1128 681 ipsi
1149 628 1272 669 cum
1297 616 1596 686 adjectione
1629 621 1813 694 legunt
1834 636 1885 679 et
1906 627 2092 682 dicunt
2113 646 2127 681 :

559 717 578 750 ε
609 698 794 755 Tradit
829 700 1062 760 fortasse
1084 705 1300 775 pietatis
1352 710 1544 777 ratio,»
1575 722 1633 769 ut
1661 730 1756 783 per
1798 717 1912 771 hinc
1937 716 2129 775 tertius

554 803 677 843 esse
703 789 847 859 quod
869 791 1070 847 dicitur
1089 848 1093 858 Α
1112 796 1326 859 ordine,
1348 808 1399 852 et
1423 799 1707 869 dignitate,
1729 806 1953 860 omnino
1977 810 2129 865 aufe-

545 887 692 944 rant,
715 881 1122 953 secundumque
1145 899 1266 941 esse
1312 901 1341 939 a
1396 886 1531 945 Filio
1574 892 1878 950 nullatenus
1931 912 2128 955 conce-

544 971 699 1027 dant.
727 970 1012 1047 Quomodo
1029 992 1159 1047 ergo
1182 978 1320 1034 ratio
1335 981 1554 1050 pietatis
1582 998 1703 1039 cum
1735 989 1804 1043 sit
1824 990 2123 1047 secundum

544 1076 667 1118 esse
701 1077 729 1117 a
772 1063 908 1121 Filio
940 1065 1227 1136 Spiritum,
1252 1070 1307 1125 id
1361 1073 1511 1142 quod
1564 1074 1766 1131 dicitur
1820 1081 2123 1138 concedere

542 1152 703 1222 Filio,
742 1158 1039 1212 secundum
1069 1174 1198 1215 vero
1224 1177 1252 1216 a
1278 1161 1438 1231 Filio,
1475 1168 1692 1224 tertium
1719 1185 1749 1225 a
1785 1168 1942 1228 Patre
2000 1190 2122 1231 esse

541 1252 648 1308 est,
677 1261 839 1315 quem
869 1249 1112 1303 ordinem
1143 1250 1404 1308 Dominus
1461 1255 1514 1310 in
1547 1259 1803 1317 salutaris
1826 1261 2117 1318 traditione

542 1337 887 1405 baptismatis
920 1338 1165 1403 tradidit,
1194 1352 1252 1396 ut
1275 1354 1329 1398 et
1361 1345 1449 1401 hic
1475 1356 1530 1402 et
1563 1348 1693 1404 alibi
1728 1332 1819 1407 vir
1848 1354 1951 1408 iste
2004 1356 2119 1409 exi-

543 1428 686 1481 mius
724 1428 886 1495 dixit,
914 1430 1051 1485 hanc
1080 1446 1202 1489 esse
1231 1435 1495 1493 rationem
1522 1440 1737 1509 pietatis
1773 1458 2115 1511 asseverans,

539 1518 733 1572 deinde
763 1521 929 1575 veluti
956 1523 1371 1581 cunctabundus
1428 1537 1484 1583 et
1538 1530 1816 1594 haesitans.
1848 1534 2114 1603 fortassis,

539 1610 782 1678 adjecit?
834 1610 1142 1681 Quomodo,
1203 1617 1448 1684 inquam,
1511 1622 1605 1690 qui
1688 1624 1895 1680 ordinis
1952 1626 2113 1683 istaut

539 1701 861 1759 insolentem
927 1707 1246 1774 novitatem,
1305 1711 1718 1783 abnegationem
1780 1717 1905 1772 tldei
1987 1734 2114 1775 esse

538 1794 802 1859 deﬁnivit,
836 1797 969 1852 nihil
998 1799 1215 1856 differre
1262 1818 1540 1872 asserens,
1577 1808 1691 1861 sive
1726 1811 1869 1865 hunc
1927 1820 2116 1866 utcun-

536 1900 644 1956 que
678 1887 948 1959 quispiam
982 1891 1256 1956 immutet,
1284 1896 1400 1951 sive
1422 1896 1488 1951 ad
1520 1906 1825 1955 creaturam
1855 1900 2115 1972 Spiritum

535 1987 786 2035 sanctum
817 1982 1068 2051 deducat,
1099 2000 1304 2057 eosque
1363 1987 1654 2060 fugiendos
1694 2001 1963 2060 statuens,
2021 1997 2114 2065 qui

533 2088 652 2128 eam
689 2079 1163 2146 consequentiam,
1195 2095 1358 2148 quam
1384 2083 1606 2136 tradidit
1636 2084 1795 2139 nobis
1827 2085 2111 2149 Dominus.

534 2166 850 2228 immutant,
880 2176 939 2221 ut
972 2169 1065 2237 qui
1105 2180 1289 2239 aperte
1342 2182 1657 2241 oppugnent
1714 2176 1992 2243 pietatem,
2025 2194 2114 2233 or-

537 2256 683 2313 dinis
739 2259 1077 2314 Dominicam
1111 2262 1457 2317 traditionem
1490 2266 1737 2333 pietatem
1792 2268 2107 2335 appellans;

531 2349 579 2402 is
611 2356 833 2416 repente
864 2358 1070 2403 mutata
1116 2353 1406 2418 sententia,
1467 2353 1594 2416 ista.
1647 2356 1802 2425 quasi
1867 2358 2109 2427 improbe

530 2438 673 2492 dicta
705 2436 983 2493 confutet:
1012 2439 1100 2493 «Si
1134 2442 1362 2496 omnino
1414 2442 1517 2497 ista
1575 2454 1629 2499 et
1682 2448 2102 2513 concedamus,i

530 2529 834 2599 inquiens?
892 2531 963 2585 At
1019 2532 1071 2587 id
1128 2534 1308 2605 magni
1368 2534 1549 2592 Basilii
1616 2539 1894 2608 sapientiae
1944 2549 2108 2611 atque

530 2621 831 2691 prudentia:
866 2623 1092 2679 minime
1122 2628 1366 2680 omnium
1404 2630 1677 2685 convenit.

601 2711 706 2768 Sed
747 2715 891 2769 enim
926 2729 1065 2771 nova
1099 2717 1249 2773 illum
1284 2719 1371 2775 hie
1420 2729 1473 2776 et
1523 2721 1735 2778 insueta
1765 2738 1917 2788 voce,
1944 2738 2103 2780 usum

524 2820 634 2861 non
666 2822 810 2876 esse,
827 2809 920 2864 sed
942 2811 1284 2867 occasionem
1309 2828 1371 2867 ex
1408 2816 1584 2872 sacris
1616 2814 1845 2872 Litteris
1868 2818 2100 2887 cepisse,

527 2900 651 2954 inde
690 2911 907 2955 constat
939 2904 1081 2971 quod
1138 2902 1205 2956 de
1236 2905 1418 2971 seipso
1477 2904 1742 2961 Dominus
1803 2907 1912 2960 ait:
1966 2905 2102 2970 Quae

521 3006 614 3059 ego
644 2990 924 3059 loquor”;
955 3002 1030 3055 et,
1077 2991 1210 3055 Qum
1248 2994 1427 3046 audivi
1451 3011 1484 3047 a
1523 2995 1684 3048 Patre
1725 3011 1857 3059 mea,
1890 3012 2100 3047 annun-

526 3081 653 3132 tiavi
680 3079 823 3132 vobis
842 3080 915 3141 _’°.
948 3083 1017 3134 At
1049 3081 1115 3135 de
1175 3095 1366 3137 sancto
1413 3086 1620 3154 Spiritu
1651 3104 1663 3138 :

524 3186 607 3224 me
642 3170 980 3240 gloriﬁcabit,
1010 3173 1136 3238 quia
1164 3190 1227 3227 ex
1256 3189 1365 3227 meo
1409 3177 1647 3245 accipiet,
1669 3187 1717 3232 et
1766 3178 2101 3232 auuumiabit

522 3261 668 3316 vobis
701 3262 768 3316 ".

592 3353 764 3409 Porro
791 3353 1049 3411 Ecclesia:
1082 3358 1354 3426 magistri,
1404 3360 1506 3415 ista
1541 3371 1597 3415 ut
1628 3370 1975 3431 acceperant,
2028 3360 2100 3415 ita

524 3456 846 3511 posuerunt.
888 3446 1136 3519 Denique
1166 3461 1392 3506 sanctus
1422 3451 1760 3507 Athanasius
1815 3453 1869 3507 in
1925 3449 2097 3521 Epist.

519 3537 585 3589 al
621 3536 975 3606 Serapionem
1005 3539 1075 3594 ita
1102 3539 1214 3596 ait:
1249 3560 1268 3594 ι
1313 3542 1395 3600 Ει,
1428 3541 1601 3599 Filius
1632 3543 1855 3614 quidem
1885 3561 1899 3599 :
1942 3541 2096 3610 Quae,

522 3631 711 3699 Inquit,
744 3629 924 3685 audivi
944 3648 975 3686 a
1007 3631 1169 3690 Patre
1196 3634 1453 3702 meo,hac
1484 3637 1673 3708 loquor
1702 3636 1757 3691 in
1781 3638 1978 3692 mundo
2017 3637 2093 3694 ".

520 3725 758 3795 Spiritus
798 3737 982 3783 autem
1034 3743 1101 3784 ex
1165 3727 1300 3786 Filio
1355 3731 1599 3801 accipit:
1650 3728 1733 3784 Ea:
1788 3748 1900 3787 meo
1954 3733 2095 3787 enim

519 3819 715 3887 inquit,
747 3820 965 3890 accipiet
1002 3828 1052 3874 et
1088 3820 1427 3873 annuntiabit
1451 3820 1617 3876 vobis.

586 3909 738 3966 idem
800 3911 855 3965 in
916 3913 1077 3966 tertio
1144 3923 1332 3965 contra
1366 3912 1643 3967 Arianos:
1683 3909 1831 3967 «Non
1858 3913 2097 3982 Spiritus

518 3998 760 4054 Verbum
798 4002 1080 4071 conjungit
1116 4001 1260 4054 Patri
1292 4017 1307 4065 ;
1338 4000 1431 4055 sed
1460 4000 1565 4055 hoc
1594 4000 1834 4069 Spiritus
1885 4018 1916 4057 a
1956 4002 2095 4059 Filio

514 4089 696 4159 potius
722 4090 939 4159 accipit.
971 4108 990 4141 ι
1025 4090 1104 4143 Ac
1128 4104 1346 4144 rursum
1373 4105 1386 4142 :
1426 4089 1694 4159 «Quaeque
1724 4090 1884 4146 habet
1924 4089 2097 4162 Spiri-

516 4189 702 4242 tus,ea
730 4195 762 4235 a
779 4180 958 4235 Verbo
981 4190 1198 4250 accepta
1224 4180 1437 4237 habet.»

587 4272 783 4328 Beatus
814 4271 943 4327 item
998 4274 1260 4344 Cyrillus,
1329 4289 1455 4330 cum
1523 4276 1669 4331 illud"
1713 4276 2089 4347 evangelicum

513 4374 847 4434 exponeret:
885 4363 985 4419 Ille
1014 4382 1095 4419 me
1140 4366 1481 4436 gloriﬁcubit,
1522 4369 1692 4424 illlud
1716 4384 1867 4439 ergo,
1890 4369 2090 4438 inquit,

2237 547 2289 599 in
2319 547 2456 602 libro
2485 547 2558 602 De
2602 551 2754 606 rectis
2787 550 3035 607 Ecclesia:
3085 554 3418 625 dogmatibus
3440 597 3455 620 ,
3489 574 3508 607 ‹
3547 555 3849 625 Spiritus,

2234 638 2331 703 ait,
2368 647 2612 706 sanctus,
2647 640 2888 711 Spiritus
2919 643 3169 700 veritatis
3218 655 3322 701 est.
3377 646 3479 700 Hic
3524 656 3727 703 autem
3806 666 3846 705 ει

2231 728 2390 788 Patro
2421 732 2643 802 quidem
2668 736 2932 805 procedit,
2971 752 2998 789 a
3024 734 3163 790 Filio
3188 745 3369 791 autem
3429 737 3649 800 accipit.
3676 757 3701 790 ι

2301 823 2530 897 Magnus
2561 828 2688 883 item
2719 828 2952 885 Basilius
2982 828 3037 883 in
3069 829 3315 900 .Regulis
3356 830 3423 885 ad
3483 834 3842 899 monachos,

2228 921 2608 992 sermone,qui
2635 920 2844 990 incipit.
2869 920 2963 975 Dei
2984 920 3378 976 clementissimi
3400 923 3604 991 gratia,
3628 940 3647 973 ι
3678 924 3839 978 Cre-

2226 1009 2434 1074 dimus,
2494 1009 2693 1080 inquit,
2744 1024 2915 1064 unum
2970 1009 3148 1066 solum
3230 1008 3491 1080 Spiritum
3549 1020 3833 1067 sanetum

2226 1099 2582 1168 paraeletum,
2608 1100 2873 1170 Spiritum
2913 1109 3185 1164 sanctum,
3244 1100 3299 1155 in
3335 1117 3444 1171 quo
3472 1101 3672 1173 signati
3718 1120 3833 1159 su-

2226 1201 2368 1251 mus,
2403 1186 2457 1239 in
2488 1192 2738 1241 nostram
2802 1187 3252 1256 redemptionem,
3278 1186 3538 1258 Spiritum
3574 1191 3827 1245 ~verita-

2224 1279 2314 1341 tis,
2345 1277 2607 1345 Spiritum
2632 1278 2969 1349 adoptionis,
3023 1278 3077 1333 in
3103 1294 3210 1348 quo
3282 1280 3583 1335 clamamus
3649 1281 3821 1335 Abba

2221 1367 2409 1434 Pater,
2432 1368 2522 1437 qui
2553 1368 2769 1434 dividit,
2803 1379 2861 1425 et
2886 1382 3147 1440 operatur
3173 1370 3375 1427 Christi
3429 1386 3653 1427 munera
3685 1377 3822 1427 sin-

2220 1460 2361 1531 gulis
2390 1461 2459 1516 ad
2488 1459 2803 1525 utilitatem.
2838 1472 2998 1533 prout
3030 1463 3167 1527 vult,
3215 1467 3438 1528 docens,
3494 1472 3659 1533 atque
3702 1467 3820 1519 ad-

2219 1566 2470 1618 monens,
2495 1564 2550 1609 et
2583 1568 2883 1624 suggerens
2903 1569 3241 1625 quaecunque
3268 1555 3504 1610 audierit
3538 1572 3567 1610 a
3598 1554 3807 1611 Filio.»

2218 1645 2443 1700 Constat
2472 1646 2660 1717 igitur,
2690 1647 2819 1716 quia
2849 1647 2993 1717 quod
3031 1645 3232 1702 dicitur
3259 1661 3274 1703 :
3308 1647 3394 1701 Ea:
3414 1663 3527 1703 meo
3550 1650 3809 1718 accipiet,

2218 1738 2272 1793 in
2305 1738 2465 1805 Filio,
2496 1739 2748 1796 doctores
2780 1740 2953 1796 sancti
3012 1750 3399 1810 susceperunt.

2150 1806 2188 1860 Β
2291 1829 2561 1886 Caeterum
2596 1832 2651 1885 in
2690 1832 2960 1888 creaturis
2985 1806 3225 1902 quidem,
3261 1847 3385 1903 qua:
3413 1848 3443 1887 a
3472 1831 3584 1888 Deo
3648 1833 3808 1888 acci-

2219 1936 2349 1992 pere
2370 1922 2650 1989 dieuntur,
2680 1924 2941 1993 quoniam
2961 1938 3055 1994 per
3077 1925 3582 1995 participationem,
3628 1933 3804 1994 atque

2218 2017 2611 2087 temporaliter,
2649 2024 2709 2072 ut
2739 2018 2995 2074 meliores
3026 2019 3279 2081 evadant,
3307 2016 3588 2087 quodlibet
3638 2032 3806 2071 acce-

2215 2110 2414 2176 perint,
2440 2110 2697 2164 dicuntur
2721 2110 3003 2179 aceipere'.
3039 2110 3142 2163 hoc
3174 2109 3228 2163 in
3263 2109 3343 2165 eis
3405 2109 3587 2163 minus
3619 2107 3801 2163 fuisse

2213 2200 2506 2269 significat,
2543 2201 2687 2271 quod
2717 2212 3065 2270 acceperunt.
3125 2202 3450 2271 Quanquam
3482 2210 3535 2254 et
3586 2201 3796 2267 imper-

2212 2288 2537 2345 fectioribus
2601 2291 2937 2355 mortalium,
2975 2293 3194 2359 quando
3231 2305 3296 2343 ex
3360 2289 3673 2359 imperfecto
3720 2289 3793 2343 ad

2209 2373 2510 2442 perfectum
2562 2376 2878 2445 proﬁciunt,
2954 2377 3088 2431 nihil
3158 2378 3429 2446 prohibet,
3499 2388 3787 2447 postquam

2209 2466 2321 2520 nati
2351 2482 2463 2521 esse
2495 2468 2836 2540 acceperint,
2869 2471 2979 2525 imo
3039 2479 3094 2526 et
3146 2472 3516 2527 necessarium
3573 2482 3678 2538 est,
3729 2479 3789 2527 ut

2208 2560 2462 2616 dicantur
2488 2571 2543 2617 et
2568 2563 2757 2619 audire
2786 2573 2840 2621 et
2877 2565 3124 2636 accipere
3178 2567 3456 2635 peritiam,
3528 2568 3645 2624 sive
3698 2582 3788 2622 ar-

2209 2655 2340 2711 tem,
2367 2654 2682 2719 etquaeque
2714 2661 2936 2719 accepta
2988 2650 3246 2720 perﬁcere
3296 2663 3542 2720 possunt.

2274 2741 2445 2797 Porro
2470 2742 2522 2797 in
2566 2750 2758 2799 sancta
2810 2741 3101 2810 Trinitate,
3168 2760 3292 2800 cum
3350 2756 3407 2801 et
3458 2744 3680 2801 materia
3730 2752 3785 2799 et.

2204 2831 2385 2889 omnis
2418 2826 2634 2889 a'ﬂ‘ectio
2684 2822 3009 2903 imperfecta
3060 2835 3127 2889 ab
3170 2851 3231 2890 ea
3292 2837 3510 2906 penitus
3557 2846 3782 2890 remotae

2203 2923 2313 2978 sint
2337 2939 2429 2995 per
2451 2940 2720 2981 summam
2770 2925 2889 2995 ejus
2943 2925 3347 2996 simplicitatem
3392 2937 3556 2996 atque
3606 2921 3783 2991 perfe-

2202 3015 2462 3081 ctionem,
2504 3018 2745 3087 ineptum
2780 3020 3005 3074 omnino
3047 3020 3152 3081 est,
3193 3026 3407 3087 putare,
3458 3017 3538 3070 vel
3578 3014 3775 3066 Filium

1722 3084 1844 3151 Ῑίιεν
1901 3088 2098 3185 inqui"
2129 3127 2172 3185 ο
2207 3114 2394 3160 natum
2430 3112 2582 3175 prius
2603 3084 2907 3176 ignorasse
2940 3110 3118 3162 Patris
3169 3084 3523 3167 voluntatem,
3549 3117 3778 3171 eamque

2204 3206 2414 3266 postea,
2455 3195 2615 3251 Patre
2651 3196 2921 3258 tradente,
2971 3196 3249 3262 didicisse,
3310 3194 3468 3265 quasi
3532 3202 3774 3264 postmo-

2204 3288 2334 3342 dum
2363 3290 2613 3345 essentia
2643 3304 2753 3344 suae
2808 3288 3035 3343 scientia
3083 3289 3333 3358 adjecta;
3378 3288 3461 3342 vel
3510 3285 3794 3362 Spiritum

2202 3385 2474 3443 sanctum,
2516 3378 2692 3433 Patris
2719 3392 2783 3432 ac
2806 3376 2926 3431 Filii
2957 3377 3188 3434 scientia
3230 3387 3417 3449 postea
3453 3378 3776 3449 indiguisse,

2200 3470 2357 3540 quasi
2384 3462 2585 3528 sensim
2640 3485 2705 3525 ac.
2736 3470 2997 3540 paulatim
3042 3471 3109 3526 ad
3146 3471 3534 3543 perfectionem
3591 3484 3779 3526 evase-

2202 3564 2293 3618 rit.

2270 3655 2326 3710 Si
2356 3663 2534 3711 autem
2568 3655 2661 3709 Dei
2707 3654 2927 3726 quidem
2981 3654 3216 3710 Verbum
3281 3653 3460 3709 Patris
3506 3651 3774 3721 sapientia

2197 3754 2303 3810 est,
2337 3746 2446 3801 imo
2482 3761 2625 3802 unus
2690 3761 2815 3801 cum
2858 3745 3020 3801 Patre
3084 3748 3223 3802 Deus
3280 3754 3387 3809 est,
3445 3754 3774 3812 sanetusque

2200 3838 2437 3906 Spiritus
2468 3839 2748 3905 sapientiae
2771 3839 3008 3905 Spiritus
3040 3854 3165 3893 cum
3219 3839 3309 3902 sit,
3344 3838 3476 3891 nihil
3530 3849 3769 3905 unquam

2196 3928 2267 3981 ab
2298 3927 2404 3981 alio
2432 3929 2620 3981 audire
2642 3943 2780 3996 opus
2814 3924 3020 3993 habet;
3057 3928 3171 3983 haec
3190 3929 3334 3981 enim
3366 3929 3434 3981 ab
3490 3928 3581 3982 illa
3641 3927 3770 3982 sub-

2197 4018 2399 4072 stantia
2425 4032 2650 4087 prorsus
2670 4019 2847 4072 aliena
2870 4027 3019 4080 sunt,
3049 4018 3417 4088 diseretioque
3438 4020 3490 4073 in
3520 4017 3769 4088 personis

2194 4110 2395 4165 divinis
2424 4110 2535 4164 sola
2566 4125 2745 4165 causa:
2777 4110 3123 4178 caus-alisque
3177 4113 3389 4167 ratione
3443 4112 3623 4167 locum
3677 4112 3771 4165 ha—

2195 4202 2326 4262 bet;
2358 4201 2547 4272 liquet,
2574 4200 2812 4266 Patrem,
2855 4217 2980 4257 eum
3034 4203 3155 4259 sine
3212 4220 3380 4261 causa
3407 4206 3500 4266 sit.
3560 4205 3766 4259 idcirco

2196 4294 2265 4347 ab
2286 4293 2393 4348 alio
2416 4309 2592 4362 neque
2623 4295 2882 4362 accipere
2907 4310 3082 4365 neque
3117 4298 3307 4351 audire
3337 4317 3352 4353 :
3390 4297 3588 4352 Filium
3614 4312 3760 4361 vero,

2197 4402 2325 4442 cum
2357 4402 2464 4443 non
2488 4404 2517 4442 a
2550 4388 2733 4457 seipso
2767 4389 2858 4454 sit,
2889 4389 2982 4443 sed
3036 4389 3248 4444 initium
3280 4390 3496 4451 habeat.
3530 4389 3762 4453 Patrem,

515 4456 891 4527 irrefragabile
938 4457 1163 4512 omnino
1231 4459 1358 4525 erit,
1411 4462 1671 4531 omnique
1720 4462 2009 4517 maledicto
2039 4470 2091 4516 et
2123 4482 2171 4543 ι)
2196 4492 2303 4532 non
2336 4493 2365 4533 ε
2397 4479 2597 4548 “ipso.
2621 4456 2714 4533 59d
2749 4495 2777 4535 ε
2808 4481 2989 4543 parre,
3018 4492 3070 4533 ρι
3100 4482 3246 4551 ιοίιυί
3291 4490 3346 4537 ει
3400 4483 3592 4537 audire
3615 4481 3762 4547 dm;

513 4550 866 4605 accusatione
891 4550 1125 4612 vacabit.
1142 4551 1284 4621 quod
1313 4552 1381 4607 ab
1401 4552 1690 4623 Unigenito
1711 4555 1943 4625 Spiritus
1971 4556 2092 4624 ejus

515 4642 766 4711 accipere
792 4641 996 4710 aliquid
1051 4642 1337 4699 asscritur.
1371 4644 1526 4712 Nam,
1580 4661 1703 4700 cum
1759 4662 1854 4713 per
1909 4648 2086 4715 ipsum

514 4731 835 4786 naturaliter
895 4732 1140 4801 prodeat,
1217 4736 1371 4805 quasi
1427 4752 1588 4791 suum
1646 4740 1921 4808 praprium
1961 4755 2084 4809 eum

514 4824 792 4887 omnibus,
822 4842 941 4897 quae
976 4826 1212 4898 perfecte
1247 4830 1427 4895 habet,
1454 4846 1575 4900 quae
1601 4832 1718 4901 ejus
1752 4844 1901 4895 sunt.
1937 4834 2085 4889 acci-

514 4931 641 4986 pere
673 4916 925 4974 dicitur.»

582 5006 724 5059 idem
768 5023 929 5077 super
960 5011 1088 5064 illud
1123 5031 1135 5064 :
1175 5012 1365 5070 Omnia
1404 5033 1520 5087 qua:
1567 5018 1716 5072 habet
1755 5017 1933 5083 Pater,
1972 5036 2086 5074 mea

510 5095 721 5179 sunt”,
764 5114 786 5147 ε
817 5098 923 5152 Sed
958 5099 1196 5169 Spiritus
1247 5104 1347 5159 iste
1414 5108 1687 5177 proprius,
1749 5107 1949 5179 inquit.
2003 5118 2090 5164 est

508 5174 673 5244 Etiam
720 5186 1029 5260 Unigeniti;
1060 5174 1545 5253 consubstantialis
1605 5200 1754 5255 enim
1782 5174 1931 5256 Patri
1980 5210 2082 5257 est.

511 5282 777 5347 Quoniam
801 5280 987 5352 igitur,
1004 5284 1199 5355 inquit,
1227 5287 1408 5344 inesse
1431 5288 1540 5345 Deo
1558 5302 1613 5347 et
1635 5293 1782 5347 Patri
1813 5296 2079 5360 cernitur,

508 5374 697 5447 ltisqui
723 5374 870 5448 digni
896 5377 1103 5442 sunt,in
1132 5378 1333 5450 Spiritu
1361 5396 1458 5437 auo
1489 5386 2076 5458 revelari,el‘lieereque

504 5470 669 5523 etiam
703 5483 795 5538 per
856 5469 1057 5540 ipsum,
1096 5486 1217 5541 quze
1253 5475 1501 5535 voluerit.
1538 5478 1608 5533 ob
1642 5480 1781 5535 hanc
1854 5496 2077 5539 causam
2138 5476 2143 5481 ’

507 5558 665 5625 dixit,
692 5559 831 5625 Quia
854 5563 915 5615 de
958 5578 1069 5617 meo
1124 5566 1363 5632 accipiet,
1405 5577 1453 5620 et
1490 5574 1823 5626 annuntiabit
1857 5577 2019 5631 vobis.
2053 5595 2070 5628 ι

581 5731 627 5763 ³⁹
650 5728 807 5785 Joan.
850 5748 961 5799 xiv,
999 5736 1085 5791 10.
1198 5739 1242 5773 ³ο
1276 5740 1434 5796 Joau.
1466 5758 1553 5806 xv.
1595 5747 1681 5804 15.

1794 5752 1833 5784 ²¹
1876 5751 2032 5812 Joau.
2066 5770 2175 5826 xvi,
2215 5758 2297 5814 Η.

2192 4568 2393 4638 quippe
2438 4583 2560 4621 eum
2594 4569 2719 4623 inde
2748 4579 2802 4624 et
2830 4572 3125 4626 essentiam
3174 4587 3303 4640 una,
3342 4583 3394 4627 et
3438 4572 3762 4641 sapientiam

2192 4662 2438 4716 traxerit.
2489 4661 2746 4717 Sanctum
2769 4678 2894 4717 vero
2957 4663 3220 4732 Spiritum
3270 4681 3395 4719 cum
3438 4681 3467 4720 a
3511 4663 3652 4720 Filio
3707 4672 3761 4719 et

2190 4754 2403 4819 audire,
2432 4763 2485 4809 et
2508 4754 2757 4822 accipere
2814 4756 3058 4822 dicatur,
3134 4764 3351 4811 constat
3410 4757 3672 4827 profecto,
3727 4772 3759 4811 a

2190 4861 2299 4916 quo
2329 4847 2545 4917 accipit,
2588 4848 2712 4902 inde
2736 4850 2897 4903 etiam
2938 4848 3229 4903 essentiam
3287 4850 3521 4906 traxisse
3563 4865 3758 4919 proce-

2188 4942 2386 4995 dendo.

2258 5033 2382 5088 Sive
2417 5032 2578 5103 igitur
2604 5048 2714 5088 non
2741 5034 2939 5104 accipit
2976 5050 3007 5090 a
3043 5035 3182 5091 Filio
3216 5037 3449 5106 Spiritus
3471 5077 3487 5104 ,
3514 5045 3571 5091 et
3602 5034 3756 5091 Scri-

2187 5135 2398 5193 pturam
2462 5140 2564 5179 una
2616 5136 2780 5194 atque
2829 5129 3114 5184 doctorum
3167 5144 3325 5185 voces
3382 5130 3674 5185 eradomus
3734 5146 3751 5183 :

2190 5231 2366 5287 neque
2411 5217 2524 5286 jam
2554 5233 2618 5275 ex
2657 5221 2774 5290 ipso
2816 5224 3157 5288 naturaliter,
3191 5233 3354 5292 atque
3390 5223 3756 5279 essentialiter

2186 5309 2482 5376 procedere
2509 5309 2763 5378 dicetur;
2831 5313 2948 5369 sive
2975 5329 3040 5367 ex
3103 5312 3223 5382 ipso
3284 5314 3505 5383 accipit,
3545 5327 3602 5368 ut
3635 5315 3753 5383 ipse

2186 5399 2357 5456 Filius
2408 5403 2579 5470 dixit;
2622 5407 2693 5459 ita
2726 5405 2869 5461 enim
2925 5406 3003 5475 id,
3054 5405 3258 5460 dictant
3297 5408 3494 5462 ~sancti
3560 5406 3753 5463 Patres

2184 5504 2553 5563 acceperunt;
2582 5512 2703 5566 quae
2747 5506 2928 5552 autem
2962 5497 3181 5567 accipit,
3214 5508 3268 5563 et
3302 5498 3501 5565 habet;
3551 5501 3752 5569 quippe

2186 5582 2337 5651 juxta
2355 5585 2632 5641 Athanasii
2663 5585 3010 5656 sententiam,
3048 5605 3066 5639 ι
3097 5587 3335 5659 Quaeque
3359 5590 3540 5657 habet,
3562 5606 3590 5645 a
3612 5590 3749 5647 Filio

2411 5759 2453 5792 ³³
2491 5758 2648 5817 Joan.
2686 5776 2804 5828 vni,
2837 5760 2925 5819 26.
3010 5765 3057 5797 ⁸³
3087 5764 3243 5820 Joan.
3281 5782 3391 5834 xvt,
3429 5768 3519 5824 15.
