4144 6296
3581 364 3649 427 58

1912 429 2147 494 iaAtra
2198 457 2258 497 se
2306 459 2463 503 erant
2516 453 2889 526 abstulerunt,
2957 475 3012 519 et
3076 470 3366 541 magistros
3426 492 3645 540 nostros

418 751 527 805 Ac
560 753 717 809 sicuti
742 758 895 817 divus
924 766 1345 840 Chrysostomus
1363 751 1568 838 dicttim
1588 793 1961 861 evangelicum

325 852 407 891 ex
421 855 660 907 ponens
684 864 700 902 :
729 848 891 907 Omne
902 857 1161 924 judicium
1180 866 1320 921 dedit
1341 870 1483 927 Filio
1502 874 1547 908 “
1570 895 1585 927 ε

328 927 579 998 inquit,
606 940 751 1005 quod
778 944 874 1011 ait,
904 948 1053 1003 dedit
1078 955 1259 1022 vitam,
1298 971 1353 1014 et
1398 967 1546 1033 quod

326 1022 512 1077 cium
549 1028 714 1096 dedit,
780 1036 922 1094 idem
963 1054 1048 1098 est
1098 1063 1163 1104 ac
1192 1051 1238 1105 si
1290 1022 1435 1110 (ιίωὶ
1467 1075 1482 1111 :
1512 1059 1758 1120 Judicem

325 1660 520 1722 Quod
581 1667 723 1720 enim
789 1672 879 1726 dat
932 1692 1134 1744 causa,

324 1744 519 1803 Unde
546 1763 595 1807 et
636 1757 792 1815 divus
833 1765 1184 1835 Athanasius.

314 1840 446 1905 piet
492 1856 593 1910 pro
634 1860 719 1911 eo,
763 1856 906 1920 quod
940 1869 1044 1924 est,
1070 1866 1345 1933 suscipiet,
1405 1840 1658 1942 exposuit
1688 1879 1876 1939 dicens
1910 1904 1926 1941 :

1201 1684 1253 1737 id
1310 1696 1365 1741 et
1422 1696 1644 1750 causale
1709 1704 1927 1773 accipit.

320 1946 344 1979 ι
392 1933 577 2002 Atqui
608 1942 652 1994 si
690 1941 809 1998 Filii
834 1948 1070 2017 Spiritus
1103 1966 1208 2022 est,
1261 1969 1315 2015 et
1346 1977 1376 2017 a
1414 1933 1552 2021 Filio
1580 1933 1928 2032 omniss-us-

314 2024 479 2093 cipit
511 2028 769 2100 Spiritus,
800 2050 857 2094 ut
891 2042 1005 2113 ipse
1032 2049 1237 2107 scilicet
1295 2054 1557 2117 Dominus
1620 2065 1718 2120 ait.
1757 2088 1775 2120 ι
1821 2068 1924 2127 Ubi

313 2131 477 2170 vero
513 2121 614 2176 hoc
644 2126 720 2179 ait
750 2129 1049 2190 Dominus?
1078 2139 1193 2196 illic
1233 2144 1471 2212 profecto
1499 2152 1589 2208 ubi
1618 2158 1755 2212 dixit
1790 2178 1802 2214 :

310 2223 451 2261 meo
488 2215 734 2282 accipiet.
785 2220 973 2293 Itaque
1002 2229 1047 2281 si
1080 2233 1224 2300 quod
1255 2250 1283 2289 a
1306 2236 1465 2297 Patre
1514 2248 1760 2317 accipere
1786 2215 1921 2311 dici-

311 2313 421 2359 tur
454 2305 657 2375 Filius.
689 2315 756 2369 ab
783 2333 848 2372 eo
880 2326 1029 2379 nasci
1060 2336 1163 2394 est,
1205 2339 1259 2386 et
1296 2336 1441 2403 quod
1474 2354 1504 2394 a
1542 2340 1681 2397 Filio
1736 2352 1917 2405 susci-

308 2411 462 2465 pere
504 2400 738 2471 Spiritus
793 2410 1014 2480 dicitur,
1070 2421 1172 2477 hoc
1212 2400 1361 2481 est—a
1398 2428 1554 2487 Patre
1590 2450 1685 2505 per
1714 2400 1910 2497 Piliu‘m

307 2493 657 2562 procedere,
690 2510 743 2554 et
798 2508 1053 2573 quoniam
1123 2516 1244 2585 ejus
1276 2521 1419 2586 quod
1476 2531 1799 2586 annuntiare
1858 2545 1912 2590 et

312 2595 638 2651 suggerere
697 2592 922 2662 dicitur,
980 2605 1229 2675 accipere
1268 2627 1433 2669 causa
1500 2629 1605 2684 est,
1662 2626 1911 2694 accipere

306 2685 522 2731 autem
596 2688 649 2735 et
694 2687 885 2743 audire
915 2707 943 2746 a
976 2693 1119 2752 Filio
1150 2700 1331 2772 habet,
1381 2714 1690 2770 necessario
1718 2719 1909 2777 audire

310 2771 376 2817 et
416 2770 680 2839 accipere
731 2777 873 2834 idem
924 2783 976 2838 in
1006 2786 1213 2847 divinis
1252 2770 1416 2854 rebus
1460 2811 1544 2857 est
1580 2826 1592 2859 :
1622 2820 1687 2859 ac
1709 2823 1908 2879 magno

305 2868 612 2916 asserente
656 2866 976 2941 Athanasio,
1027 2893 1362 2956 quaecunque
1432 2890 1596 2948 habet
1636 2866 1903 2966 Spiriiits,

305 2960 341 3000 a
393 2947 547 3007 Filio
572 2968 790 3025 accepta
848 2965 1010 3023 habet
1030 2947 1058 3034 ;
1077 2987 1169 3042 per
1215 2947 1445 3050 id'ergo,
1478 2989 1621 3054 quod
1650 2947 1899 3050 ’ξιιᾶίῖἶ

303 3037 465 3095 Filio
519 3053 572 3099 et
602 3051 817 3121 accipit,
856 3064 1000 3115 totus
1044 3037 1107 3117 ei
1146 3076 1258 3123 toto
1287 3037 1409 3128 esse
1460 3037 1896 3142 demonstratur.

304 3133 380 3186 Et
427 3138 566 3205 quia
602 3157 712 3198 non
771 3148 918 3204 aliud
953 3162 1037 3208 est
1094 3156 1274 3228 Pater,
1304 3165 1449 3222 aliud
1483 3178 1654 3227 totum
1705 3175 1893 3245 Filius,

302 3223 409 3276 sed
444 3240 616 3283 unum
648 3242 729 3287 est
760 3244 933 3293 totum
960 3240 1143 3313 Pater,
1170 3260 1222 3305 et
1243 3223 1451 3325 Filius;
1502 3276 1607 3316 una
1630 3264 1775 3320 enim
1809 3223 1893 3325 esi

302 3319 557 3373 essentia
587 3332 643 3377 et
697 3322 875 3383 Patris
913 3341 967 3387 et
1019 3335 1163 3404 Filii,
1204 3346 1361 3411 quasi
1392 3319 1459 3403 ab
1497 3367 1605 3408 uno
1654 3319 1891 3427 Spiritus

309 3410 544 3477 accipit,
571 3413 785 3477 'servata
809 3440 1025 3495 semper
1053 3410 1359 3495 diﬂ‘ereutia
1397 3446 1672 3514 gignentia
1695 3410 1749 3507 et
1795 3468 1889 3526 ge-

310 3498 417 3526 ..:.:
488 3502 598 3526 Α---
619 3510 654 3526 -9
834 3518 845 3526 -
1036 3523 1074 3526 -

309 3498 443 3554 niti.
488 3502 748 3569 Quocirca
777 3518 943 3574 etiam
974 3536 1005 3576 a
1036 3523 1174 3582 Filio
1206 3530 1407 3590 habere
1430 3552 1550 3594 esse
1572 3498 1891 3609 dieiturfac

303 3603 412 3658 per
448 3591 645 3652 Filium
671 3609 986 3669 procedere.

383 3680 450 3737 Si
497 3686 662 3757 igitur
704 3694 859 3763 juxta
923 3702 1225 3767 Salvatoris
1273 3720 1599 3775 sententiam
1658 3725 1727 3780 ab
1769 3726 1889 3796 ipso

303 3773 556 3842 Spiritus
587 3787 738 3840 audit
787 3799 841 3843 ct
871 3796 1095 3865 accipit.
1124 3815 1291 3870 porro
1341 3809 1410 3863 ab
1436 3773 1885 3881 ipsonau—d'irer‘e‘t'

296 3870 556 3940 accipere
586 3881 730 3947 quod
755 3882 974 3955 dicitur,
1020 3892 1091 3946 ab
1135 3909 1200 3950 eo
1236 3912 1359 3955 esse
1422 3903 1627 3965 habere
1672 3912 1876 3984 signiti-

298 3966 415 4022 cat,
458 3968 757 4025 secundum
793 3989 1113 4037 communes
1138 3990 1450 4049 sanctiones
1477 3996 1621 4062 fidei,
1654 4015 1877 4061 sancto-

295 4063 538 4121 rumque
567 4057 788 4118 Patrum
819 4072 1203 4138 expositiones.
1237 4080 1353 4145 Qua
1386 4087 1596 4145 ratione
1646 4108 1877 4165 magnus

301 4135 537 4165 ιιηηειε---
604 4162 614 4165 μ
882 4157 893 4165 ·

296 4135 561 4209 Basilius,
593 4162 739 4215 cum,
802 4135 1049 4245 quiesse
1082 4169 1152 4219 ab
1196 4135 1292 4223 ιιῆι
1318 4172 1498 4241 habet,
1534 4188 1589 4234 et
1645 4183 1716 4237 ab
1737 4135 1873 4255 Iipso

294 4236 525 4304 accipit,
551 4250 604 4295 et
628 4237 922 4303 annuntiat
951 4254 1130 4322 nobis,
1161 4272 1224 4312 ac
1258 4265 1472 4329 penitus
1492 4284 1557 4323 ex
1591 4270 1679 4327 illa
1708 4236 1871 4334 causa

294 4327 523 4394 pendet,
570 4337 726 4402 quasi
760 4339 999 4396 alienum
1063 4327 1549 4419 denegabitilllud
1608 4327 1867 4424 enim";

290 4420 470 4476 sacris
493 4421 709 4483 Litteris
736 4434 974 4503 accepit;
1004 4437 1111 4494 hoc
1134 4453 1315 4499 autem
1344 4451 1504 4517 quasi
1521 4467 1867 4527 consequens
1901 4451 1943 4505 υ

292 4519 348 4563 et
400 4517 760 4586 :cquivalens,
809 4528 1011 4592 posuit,
1051 4532 1213 4587 veluti
1266 4542 1671 4602 conclusionem
1714 4552 1865 4608 initia

294 4609 609 4662 necessario
649 4626 990 4681 sequentem.
1032 4622 1170 4687 Quis
1196 4639 1377 4684 autem
1402 4636 1566 4703 dicat,
1604 4656 1740 4697 nova
1795 4647 1863 4699 il-

286 4690 428 4760 lum,
464 4707 519 4751 et
547 4706 845 4771 asperiore,
877 4720 1041 4780 atque
1088 4714 1300 4773 insueta
1345 4738 1503 4778 usutu
1550 4744 1700 4795 voce,
1733 4751 1857 4789 cum

286 4782 404 4852 ipsa
445 4804 603 4843 saera
624 4792 861 4864 eloquia,
888 4810 943 4855 et
976 4803 1135 4861 divus
1165 4808 1280 4878 ipse
1326 4812 1487 4869 Pater
1515 4833 1637 4878 cum
1670 4822 1862 4881 docto-

283 4875 439 4933 ribus
471 4879 724 4951 reliquis,
752 4888 993 4960 lidesque
1037 4875 1201 4968 atque
1230 4906 1413 4959 omnia
1439 4875 1654 4975 penitus
1685 4875 1860 4973 recla-

281 4979 429 5023 ment
450 4971 476 5025 ?
914 5012 921 5017 ε
989 4992 996 4997 ’

349 5061 427 5117 Ex
486 5063 691 5132 quibus
748 5083 882 5125 sane
923 5077 1268 5139 manifestum
1301 5099 1409 5155 est,
1459 5092 1664 5151 dictum
1697 5099 1853 5168 illud,

279 5146 419 5204 sicut
446 5166 618 5221 supra
654 5159 963 5226 expositum
994 5174 1099 5230 est,
1131 5174 1307 5242 magni
1340 5146 1513 5246 patris
1542 5199 1664 5241 esse
1691 5146 1851 5245 lissi:

280 5235 356 5305 lii,
385 5257 449 5297 ex
484 5259 596 5312 quo
619 5248 722 5303 sibi
749 5250 850 5320 ipsi
901 5266 955 5310 et
979 5257 1296 5320 doctoribus
1324 5235 1535 5327 caeteris
1559 5292 1846 5340 consonet.

275 5324 334 5384 In
374 5336 579 5401 quibus
627 5349 808 5396 autent
839 5351 1242 5419 exemplaribus
1289 5373 1399 5415 non
1428 5363 1502 5419 ita
1546 5368 1842 5444 invenitur,

276 5431 443 5479 astum
502 5440 627 5483 esse
681 5443 880 5501 apertae
941 5443 1313 5515 malignitatis,
1374 5469 1563 5513 eorum
1610 5463 1838 5536 scilicet,

1080 5513 1087 5514 ,
1298 5513 1305 5515 μ
1611 5513 1632 5516 -
1649 5513 1837 5536 -----ν-ι

273 5513 360 5578 qui
394 5519 617 5575 tuenda:
641 5524 914 5592 opinionis
951 5548 1063 5590 sua:
1087 5551 1272 5609 causa,
1297 5558 1417 5614 quae
1445 5551 1679 5610 maxime
1706 5570 1837 5614 cou-

338 5692 382 5723 “
413 5693 578 5752 loau.
634 5715 685 5765 ν,
717 5703 811 5758 22.

1570 895 1585 932 :
1614 898 1632 931 ι
1664 880 1958 952 Quoniam,

1232 1776 1298 1829 ad
1347 1778 1697 1850 Serapionem
1730 1807 1744 1842 :
1773 1767 1929 1848 Acci-
1962 1767 2002 1821 Β

2072 532 2284 601 injuriis
2322 544 2777 617 contumeliisque
2839 532 3397 631 aﬂeccrnnhvpartim
3440 574 3643 630 adden.

1948 640 1968 662 ο
2066 623 2156 687 do,
2195 630 2389 696 partim
2438 634 2768 695 detrahendo
2819 644 3033 703 illorum
3078 623 3237 711 dictis
3297 623 3640 730 atque—seu.-

2067 719 2273 774 tentiis.

2135 808 2227 873 At,
2280 812 2325 865 si
2384 814 2531 871 dicat
2589 820 2882 890 quispiam,
2946 826 3203 887 Basiliutn
3263 848 3511 895 sanctum
3572 846 3627 900 in

2060 899 2249 955 eodem
2302 915 2492 962 contra
2535 910 2859 969 Eunomium
2907 935 3091 988 opere,
3127 938 3311 993 aperte
3345 930 3627 993 Trinitatis

1796 975 1958 1043 ῑυάε-
2056 993 2323 1061 ordinem,
2376 1002 2705 1073 tertiumque
2753 1024 2783 1062 a
2844 1012 3002 1069 Patre
3044 1016 3320 1087 “Spiritum
3374 1040 3620 1085 sanctum

1802 1069 1894 1125 illu

703 1088 713 1096 ,
780 1088 922 1094 __--._
965 1088 1048 1098 ν--
1098 1088 1163 1104 νιν
1192 1088 1238 1105 ,τι
1290 1088 1435 1110 usus
1467 1088 1481 1111 ε
1512 1088 1758 1120 auutcem
1802 1088 1952 1127 tuum

328 1117 581 1177 genuit.
617 1139 636 1171 ι
677 1123 879 1183 Eodem
941 1135 1101 1190 modo
1166 1141 1397 1210 scilicet,
1460 1154 1694 1221 etquod
1754 1158 1953 1217 dicitur

326 1206 587 1274 audire,
627 1222 681 1268 et
704 1218 981 1288 accipere,
1012 1231 1314 1286 secundum
1346 1206 1657 1299 diii‘crenltes
1689 1262 1947 1316 persona-

327 1310 483 1350 rum
523 1315 837 1371 processus,
869 1311 921 1366 id
954 1322 1299 1377 commendat
1330 1341 1454 1383 eum
1491 1332 1688 1391 habere
1723 1354 1843 1395 esse
1875 1343 1944 1397 ab

325 1400 437 1449 eo,
475 1404 511 1440 ιι
555 1406 665 1459 quo
728 1400 947 1470 accipit.
1001 1406 1136 1462 Nam
1190 1413 1237 1466 si
1290 1420 1433 1483 quod
1490 1424 1708 1489 dicitur,
1756 1430 1936 1498 Dedit,

1306 1474 1319 1483 .
1499 1474 1708 1489 ~--v—-v
1756 1474 1936 1498 νυν-ἰο

322 1474 516 1543 juxta
548 1482 986 1554 Chrysostomum
1011 1511 1159 1563 eum,
1183 1516 1246 1555 ex
1272 1520 1433 1562 causa
1464 1527 1583 1568 esse
1639 1518 1936 1587 significat,

328 1568 534 1622 etiam
594 1578 840 1647 accipere
896 1589 1040 1654 quod
1101 1592 1322 1660 dicitur,
1385 1601 1527 1657 idem
1582 1608 1931 1677 signiﬁcabit.

2054 1082 2353 1153 denegare;
2406 1104 2533 1147 cum
2586 1095 2762 1164 ipsum
2800 1082 3128 1161 Eunomium
3162 1126 3397 1179 arguens
3443 1082 3618 1175 dixit:

2057 1188 2076 1222 ο
2117 1170 2350 1237 Quinam
2404 1194 2534 1235 vero
2584 1187 2784 1252 sancti,
2833 1200 2887 1243 et
2949 1192 3003 1245 in
3057 1198 3260 1265 quibus
3294 1202 3446 1259 libris
3504 1209 3623 1278 ejus

2047 1262 2313 1319 doctrinae
2366 1281 2616 1328 auctores
2665 1275 2889 1344 iuerint,
2939 1282 3123 1338 dicere
3177 1305 3285 1344 non
3338 1304 3534 1363 potest,
3595 1319 3613 1349 ι

2046 1354 2161 1423 ipse
2195 1358 2501 1419 Eunomius
2539 1368 2781 1435 scilicet;
2826 1372 2939 1440 ipse
2972 1378 3115 1431 enim
3151 1379 3220 1434 de
3265 1398 3455 1439 sancto
3488 1389 3613 1458 διεὶ-

2042 1446 2148 1501 ritu
2190 1450 2422 1517 dicebat,
2467 1460 2631 1525 quod,
2675 1477 2797 1516 cum
2844 1480 2875 1519 a
2927 1473 3130 1526 sanctis
3165 1478 3379 1530 tertium
3433 1482 3610 1548 ipsum

2038 1555 2179 1605 esse,
2216 1552 2271 1600 ct
2319 1548 2511 1603 ordine
2560 1562 2611 1604 ct
2655 1554 2937 1625 dignitate,
3019 1567 3339 1643 accepisset,
3394 1576 3607 1629 tertium

2036 1634 2200 1688 etiam
2230 1646 2424 1693 natura
2453 1656 2573 1697 esse
2606 1648 2875 1704 crederet.
2908 1652 2963 1705 Si
2992 1655 3114 1722 quis
3146 1658 3309 1723 igitur
3334 1664 3436 1717 hoc
3470 1666 3606 1719 infe-

2035 1732 2156 1785 rat,
2203 1738 2419 1782 constat
2455 1732 2671 1799 quidem
2722 1751 2785 1790 ex
2834 1739 2918 1794 his
2951 1759 3072 1810 qua:
3119 1746 3261 1801 dicta
3304 1762 3453 1814 sunt,
3491 1770 3603 1807 ma-

2034 1828 2198 1879 gnum
2227 1814 2490 1874 Basilium
2528 1825 2772 1881 ordinem
2823 1829 2877 1883 in
2908 1844 3094 1889 sancta
3128 1835 3395 1895 Trinitate
3425 1847 3600 1900 conli-

2034 1904 2155 1967 teri,
2194 1909 2523 1979 tertiumque
2574 1931 2603 1968 a
2657 1916 2817 1974 Patre
2858 1938 2979 1978 esse
3014 1920 3273 1995 Spiritum
3324 1946 3593 1990 sanctum.

2031 1992 2129 2050 llic
2165 2013 2293 2054 vero
2325 2001 2648 2062 Eunomium
2696 2012 2995 2081 insimulat,
3030 2021 3112 2073 vel
3156 2024 3283 2091 quia
3329 2027 3467 2081 ordo
3499 2030 3599 2087 iste

2026 2092 2257 2146 necdum
2318 2095 2391 2151 ita
2428 2097 2605 2155 fuerat
2633 2120 2662 2157 a
2695 2107 2897 2163 sanctis
2930 2110 3258 2180 declaratus,
3298 2127 3351 2172 ct
3384 2119 3597 2189 simpli-

2022 2182 2180 2248 citer,
2210 2202 2359 2241 more
2392 2204 2511 2257 suo,
2556 2196 2901 2253 mentientem
2942 2216 3038 2270 per
3075 2204 3210 2269 haec,
3247 2210 3447 2274 arguit,
3484 2229 3590 2267 non

2022 2271 2343 2339 habentem,
2388 2283 2531 2337 unde
2591 2283 2653 2337 id'
2688 2300 2869 2353 posset
2918 2306 3165 2347 asserere
3224 2298 3587 2356 manifestius.

2017 2362 2131 2417 lmo
2177 2369 2407 2423 necdum
2440 2372 2491 2426 id
2541 2375 2614 2431 ita
2663 2387 2849 2445 aperte
2900 2385 3134 2450 positum
3181 2386 3377 2453 fuerat,
3414 2408 3589 2461 neque

2016 2458 2080 2513 de
2110 2460 2209 2516 huc
2236 2465 2449 2521 ratione
2477 2470 2684 2526 ordinis
2738 2475 3009 2542 quispiam
3037 2479 3277 2544 priorum
3307 2483 3377 2535 ita
3411 2483 3586 2539 disse-

2014 2562 2219 2607 ruerat.
2254 2556 2393 2612 Ante
2440 2559 2585 2613 enim
2619 2577 2681 2616 ea
2719 2573 2957 2633 tempora
3008 2570 3208 2637 quibus
3252 2572 3582 2632 Athanasius

2012 2642 2355 2716 Basiliusque
2395 2648 2717 2718 ﬂoruerunt,
2754 2667 2805 2709 et
2848 2660 3048 2728 quique
3080 2678 3174 2731 per
3204 2679 3322 2718 cant
3366 2677 3577 2721 a'tatem

2011 2732 2233 2790 fuerunt
2278 2738 2535 2797 Ecclesiae
2582 2746 2858 2814 magistri,
2914 2752 3091 2806 nullos
3141 2754 3313 2812 fuisse
3364 2760 3579 2827 publice

2009 2825 2265 2883 doctores
2307 2830 2581 2901 legimus:
2633 2837 2750 2891 sive
2793 2840 2938 2908 quod
2981 2844 3151 2913 tuagis
3178 2825 3477 2917 preprium,
3511 2868 3577 2908 ac

2008 2929 2194 2969 verum
2234 2927 2339 2985 est,
2376 2923 2533 2990 quasi
2579 2924 2929 2999 deroganteut
2980 2935 3206 2999 sanctis,
3256 2950 3418 3009 atque
3472 2943 3572 3011 ipsi

2006 3006 2219 3061 veritati
2262 3010 2563 3069 calumnias
2600 3026 2924 3083 strtteutent,
2974 3014 3114 3076 cum.
3140 3039 3234 3079 eos
3284 3030 3572 3087 tradidisse

1924 3122 1968 3181 α
2002 3107 2227 3163 asserat,
2271 3099 2530 3169 Spiritum
2570 3117 2816 3163 sanctum
2861 3114 3080 3167 tertiqu
3120 3131 3243 3172 esse
3272 3129 3325 3173 et
3355 3122 3567 3181 ordine.

1996 3197 2049 3241 et
2106 3189 2391 3260 dignitate,
2444 3197 2710 3264 quosdam
2766 3201 2974 3257 scilicet
3016 3207 3334 3263 substantiae
3364 3213 3568 3279 gradus

1993 3278 2404 3350 distinguendo;
2446 3295 2607 3355 atque
2663 3288 2788 3345 ideo
2834 3307 2893 3346 se
2929 3295 3243 3362 credidisse,
3286 3300 3433 3355 illum
3468 3319 3567 3358 na-

1992 3377 2111 3422 tura
2143 3384 2360 3439 quoque
2387 3388 2508 3430 csse
2540 3377 2796 3443 tertium;
2830 3382 3064 3439 Basilius
3107 3388 3273 3452 enim,
3320 3394 3460 3457 quod
3494 3409 3557 3446 es

1992 3461 2263 3527 praedictis
2293 3474 2458 3533 patet,
2486 3468 2680 3523 ordine
2701 3472 2919 3539 quidctn
2946 3489 3009 3529 ac
3029 3477 3307 3545 dignitate,
3337 3482 3557 3537 tertium

1991 3550 2170 3618 fateri,
2201 3563 2257 3607 ut
2285 3557 2454 3621 pium,
2484 3561 2858 3629 amplectitur;
2887 3568 3102 3621 tertiqu
3143 3586 3267 3625 vero
3295 3584 3349 3627 et
3378 3575 3559 3643 digni-

1991 3648 2102 3696 tate
2151 3654 2203 3697 et
2233 3645 2426 3700 ordine
2454 3651 2753 3704 secundum
2784 3664 3053 3720 naturam,
3080 3676 3346 3731 nusquam
3379 3667 3559 3721 susci.

1989 3748 2115 3803 perc
2144 3738 2489 3805 perspicitur.
2922 3798 2935 3803 -

2059 3827 2333 3894 Dupliccm
2384 3834 2528 3887 enim
2580 3836 2789 3893 ordinis
2822 3841 3055 3908 speciem
3089 3842 3139 3895 in
3177 3846 3554 3913 superioribus

1983 3920 2240 3985 tradidit,
2273 3923 2499 3979 alteram
2529 3941 2592 3981 cx
2628 3928 2709 3983 his
2734 3932 2994 3999 probans,
3020 3933 3268 3999 alteram,
3301 3945 3357 3989 ut
3386 3954 3550 4005 supra

1979 4009 2311 4066 declaratum
2342 4026 2443 4076 est.
2481 4016 2825 4087 improbans.
2877 4022 3009 4077 Nam
3045 4040 3073 4078 a
3099 4026 3307 4080 lrersus
3340 4027 3389 4081 id
3427 4030 3549 4098 qui-

1977 4100 2119 4164 dent,
2175 4105 2315 4171 quod
2368 4109 2561 4164 tertius
2605 4112 2792 4168 ordine
2849 4124 2901 4168 et
2956 4116 3221 4184 dignitate
3300 4120 3542 4175 dicitur:

1970 4189 2123 4259 juxta
2165 4208 2326 4263 quem
2375 4197 2623 4253 ordinem
2689 4201 3047 4256 essentiarum
3111 4204 3446 4273 didercutiae,
3488 4218 3543 4261 et

1973 4279 2124 4347 prius
2171 4296 2237 4336 ac
2270 4286 2558 4350 posterius,
2586 4296 2641 4341 ct
2687 4287 3059 4347 houorabilius
3100 4293 3283 4348 inferri
3316 4297 3538 4351 rideba-

1975 4380 2085 4434 tur,
2113 4382 2221 4428 tota
2255 4376 2439 4445 vigilat
2471 4378 2813 4435 intentione?
2841 4382 2919 4436 Ad
2969 4383 3020 4438 id
3069 4402 3217 4450 vero,
3255 4390 3398 4457 quod
3426 4400 3538 4443 ter-

1974 4462 2080 4516 tius
2128 4465 2319 4521 ordine
2359 4475 2414 4521 ct
2467 4470 2727 4538 dignitate
2776 4474 2995 4539 dicitur,
3038 4478 3339 4531 secundum
3373 4494 3535 4548 quem

1969 4552 2217 4607 ordinem
2268 4570 2431 4620 causa
2509 4567 2563 4612 et
2608 4562 2848 4628 causale,
2898 4564 3133 4631 initium,
3180 4570 3414 4637 etquod
3467 4586 3533 4623 ex

1968 4643 2125 4699 initio
2169 4655 2270 4711 est,
2316 4657 2367 4702 et
2401 4649 2584 4713 simul,
2616 4661 2667 4705 et
2711 4657 3055 4711 corternitas
3095 4660 3531 4729 conspiciuntur,

1964 4736 2107 4790 sicut
2157 4738 2287 4808 igni,
2322 4741 2386 4793 ad
2434 4742 2627 4803 lucem,
2666 4761 2787 4813 quae
2814 4762 2879 4800 ex
2919 4747 3035 4816 ipso
3073 4760 3271 4815 manat,
3308 4762 3533 4808 natura-

1963 4826 2081 4879 liter
2108 4830 2385 4897 convenit,
2420 4842 2477 4886 ut
2522 4835 2634 4902 ipse
2669 4836 2830 4900 dicit;
2873 4839 2975 4901 vel,
3011 4840 3149 4894 sicut
3185 4842 3295 4906 lux,
3334 4852 3389 4895 ct
3437 4861 3523 4897 ra-

1958 4918 2100 4984 dius,
2125 4929 2178 4974 et
2217 4922 2295 4975 sol
2325 4924 2389 4975 ad
2426 4939 2484 4977 se
2526 4926 2753 4979 invicem
2797 4929 3026 4994 habent;
3074 4931 3139 4985 ad
3177 4933 3317 4988 hunc
3358 4936 3522 5006 igitur

1956 5012 2200 5066 ordinem
2270 5029 2607 5085 nequaquam
2637 5018 2952 5089 reluctatur,
2995 5024 3097 5077 nisi
3133 5027 3254 5094 quis
3282 5043 3405 5083 cum
3434 5033 3518 5087 sui

1955 5102 2182 5157 oblitum
2216 5114 2386 5173 putet,
2417 5122 2478 5162 ac
2507 5109 2742 5178 seipsum
2773 5113 3076 5172 destruere.

2022 5196 2194 5250 Simul
2220 5205 2271 5251 ct
2301 5197 2406 5254 hoc
2437 5216 2499 5255 ex
2529 5204 2901 5273 superioribus
2927 5223 3174 5278 apparet,
3200 5229 3292 5269 eos
3322 5217 3413 5285 qui
3441 5216 3516 5269 ita

1952 5298 2260 5358 exponunt,
2308 5293 2451 5362 quod
2513 5295 2720 5351 dictum
2778 5311 2912 5355 est:
2965 5301 3049 5354 Ea:
3101 5321 3213 5358 meo
3267 5306 3510 5402 accipiet,

1951 5395 2050 5450 pro
2093 5398 2181 5446 eo,
2225 5386 2368 5453 quod
2410 5396 2512 5452 est,
2546 5386 2630 5441 Ea:
2660 5393 2823 5443 Patre
2866 5404 2999 5457 meo,
3032 5408 3138 5446 non
3188 5405 3328 5448 recte
3370 5393 3525 5446 albi-

1938 5475 2099 5528 trari.
2132 5474 2338 5531 Summi
2366 5481 2508 5532 enim
2533 5481 2771 5544 Patrum,
2802 5482 2924 5546 hoc,
2950 5493 3005 5535 ut
3036 5498 3199 5548 supra
3232 5493 3511 5535 ostensum

1942 5570 2047 5631 est,
2077 5563 2129 5620 in
2166 5563 2305 5624 Filio
2346 5580 2688 5639 acceperunt,
2728 5572 2883 5639 quasi
2924 5571 3213 5634 diceretur,
3251 5569 3332 5623 Ex
3370 5587 3513 5635 tneo,
