  <div class='ocr_page' id='page_1' title='image "/cluster/home/n/w/nwhite01/storage/ocr_20150623/152/mdp.39015078384735/037.png"; bbox 0 0 4064 6262; ppageno 0'>
   <div class='ocr_carea' id='block_1_1' title="bbox 516 398 3784 469">
    <p class='ocr_par' dir='ltr' id='par_1_1' title="bbox 516 398 3784 469">
     <span class='ocr_line' id='line_1_1' title="bbox 516 398 3784 469; baseline -0.002 -3"><span class='ocrx_word' id='word_1_1' title='bbox 516 402 586 469; x_wconf 67' lang='lat'><strong>53</strong></span> <span class='ocrx_word' id='word_1_2' title='bbox 1771 404 2174 465; x_wconf 81' lang='lat' dir='ltr'><strong>MANUELIS</strong></span> <span class='ocrx_word' id='word_1_3' title='bbox 2214 406 2523 466; x_wconf 68' lang='lat' dir='ltr'><strong>CALECE</strong></span> <span class='ocrx_word' id='word_1_4' title='bbox 3703 398 3784 461; x_wconf 74' lang='grc' dir='ltr'><strong>ὅθ</strong></span> 
     </span>
    </p>
   </div>
   <div class='ocr_carea' id='block_1_2' title="bbox 514 504 3781 583">
    <p class='ocr_par' dir='ltr' id='par_1_2' title="bbox 514 504 3781 583">
     <span class='ocr_line' id='line_1_2' title="bbox 514 504 3781 583; baseline -0.002 -15"><span class='ocrx_word' id='word_1_5' title='bbox 514 530 581 572; x_wconf 79' lang='lat' dir='ltr'><strong>ea:</strong></span> <span class='ocrx_word' id='word_1_6' title='bbox 611 531 724 568; x_wconf 87' lang='lat' dir='ltr'><strong>mea</strong></span> <span class='ocrx_word' id='word_1_7' title='bbox 754 530 831 583; x_wconf 83' lang='lat' dir='ltr'><strong>re,</strong></span> <span class='ocrx_word' id='word_1_8' title='bbox 866 515 966 570; x_wconf 88' lang='lat' dir='ltr'><strong>hoc</strong></span> <span class='ocrx_word' id='word_1_9' title='bbox 1009 523 1114 580; x_wconf 89' lang='lat' dir='ltr'><strong>est,</strong></span> <span class='ocrx_word' id='word_1_10' title='bbox 1155 524 1326 570; x_wconf 90' lang='lat' dir='ltr'><strong>totum</strong></span> <span class='ocrx_word' id='word_1_11' title='bbox 1362 528 1427 568; x_wconf 79' lang='lat' dir='ltr'><strong>ex</strong></span> <span class='ocrx_word' id='word_1_12' title='bbox 1462 522 1571 567; x_wconf 83' lang='lat' dir='ltr'><strong>tota</strong></span> <span class='ocrx_word' id='word_1_13' title='bbox 1610 527 1728 567; x_wconf 89' lang='lat' dir='ltr'><strong>mea</strong></span> <span class='ocrx_word' id='word_1_14' title='bbox 1759 512 2095 583; x_wconf 80' lang='lat' dir='ltr'><strong>plenitudine</strong></span> <span class='ocrx_word' id='word_1_15' title='bbox 2128 519 2168 573; x_wconf 72' lang='grc' dir='ltr'>Α</span> <span class='ocrx_word' id='word_1_16' title='bbox 2201 511 2413 579; x_wconf 87' lang='lat' dir='ltr'><strong>misque</strong></span> <span class='ocrx_word' id='word_1_17' title='bbox 2441 513 2725 567; x_wconf 85' lang='lat' dir='ltr'><strong>doctorum</strong></span> <span class='ocrx_word' id='word_1_18' title='bbox 2762 510 2811 563; x_wconf 86' lang='lat' dir='ltr'><strong>id</strong></span> <span class='ocrx_word' id='word_1_19' title='bbox 2859 509 3112 564; x_wconf 77' lang='lat' dir='ltr'><strong>videtur:</strong></span> <span class='ocrx_word' id='word_1_20' title='bbox 3160 525 3263 562; x_wconf 65' lang='lat' dir='ltr'><strong>nun</strong></span> <span class='ocrx_word' id='word_1_21' title='bbox 3290 508 3434 569; x_wconf 89' lang='lat' dir='ltr'><strong>ideo,</strong></span> <span class='ocrx_word' id='word_1_22' title='bbox 3468 504 3560 576; x_wconf 87' lang='lat' dir='ltr'><strong>qui</strong></span> <span class='ocrx_word' id='word_1_23' title='bbox 3606 506 3781 571; x_wconf 90' lang='lat' dir='ltr'><strong>hunc,</strong></span> 
     </span>
    </p>
   </div>
   <div class='ocr_carea' id='block_1_3' title="bbox 515 606 772 677">
    <p class='ocr_par' dir='ltr' id='par_1_3' title="bbox 515 606 772 677">
     <span class='ocr_line' id='line_1_3' title="bbox 515 606 772 677; baseline 0.004 -15"><span class='ocrx_word' id='word_1_24' title='bbox 515 606 772 677; x_wconf 73' lang='lat' dir='ltr'><strong>accipiet.</strong></span> 
     </span>
    </p>
   </div>
   <div class='ocr_carea' id='block_1_4' title="bbox 588 691 2093 761">
    <p class='ocr_par' dir='ltr' id='par_1_4' title="bbox 588 691 2093 761">
     <span class='ocr_line' id='line_1_4' title="bbox 588 691 2093 761; baseline -0.004 -12"><span class='ocrx_word' id='word_1_25' title='bbox 588 694 854 751; x_wconf 65' lang='lat' dir='ltr'><strong>Praeterea</strong></span> <span class='ocrx_word' id='word_1_26' title='bbox 897 695 943 750; x_wconf 98' lang='lat' dir='ltr'><strong>si</strong></span> <span class='ocrx_word' id='word_1_27' title='bbox 973 703 1120 750; x_wconf 85' lang='lat' dir='ltr'><strong>esset</strong></span> <span class='ocrx_word' id='word_1_28' title='bbox 1148 696 1263 750; x_wconf 70' lang='lat' dir='ltr'><strong>haec</strong></span> <span class='ocrx_word' id='word_1_29' title='bbox 1310 709 1436 749; x_wconf 76' lang='lat' dir='ltr'><strong>Vt&#39;l&#39;a</strong></span> <span class='ocrx_word' id='word_1_30' title='bbox 1476 691 1850 761; x_wconf 71' lang='lat' dir='ltr'><strong>intelligentia,</strong></span> <span class='ocrx_word' id='word_1_31' title='bbox 1889 704 2093 760; x_wconf 78' lang='lat' dir='ltr'><strong>nequa-</strong></span> 
     </span>
    </p>
   </div>
   <div class='ocr_carea' id='block_1_5' title="bbox 476 768 2092 853">
    <p class='ocr_par' dir='ltr' id='par_1_5' title="bbox 476 768 2092 853">
     <span class='ocr_line' id='line_1_5' title="bbox 476 768 2092 853; baseline -0.002 -18"><span class='ocrx_word' id='word_1_32' title='bbox 476 768 481 775; x_wconf 64' lang='grc'><em>’</em></span> <span class='ocrx_word' id='word_1_33' title='bbox 519 800 680 853; x_wconf 88' lang='lat' dir='ltr'><strong>quam</strong></span> <span class='ocrx_word' id='word_1_34' title='bbox 714 784 834 839; x_wconf 86' lang='lat' dir='ltr'><strong>sine</strong></span> <span class='ocrx_word' id='word_1_35' title='bbox 877 784 1249 838; x_wconf 84' lang='lat' dir='ltr'><strong>additamento</strong></span> <span class='ocrx_word' id='word_1_36' title='bbox 1280 784 1576 840; x_wconf 77' lang='lat' dir='ltr'><strong>diceretur.</strong></span> <span class='ocrx_word' id='word_1_37' title='bbox 1612 781 1901 852; x_wconf 79' lang='lat' dir='ltr'><strong>Nunquam</strong></span> <span class='ocrx_word' id='word_1_38' title='bbox 1945 781 2092 835; x_wconf 90' lang='lat' dir='ltr'><strong>enim</strong></span> 
     </span>
    </p>
   </div>
   <div class='ocr_carea' id='block_1_6' title="bbox 477 870 2091 945">
    <p class='ocr_par' dir='ltr' id='par_1_6' title="bbox 477 870 2091 945">
     <span class='ocr_line' id='line_1_6' title="bbox 477 870 2091 945; baseline -0.007 -11"><span class='ocrx_word' id='word_1_39' title='bbox 477 875 828 945; x_wconf 64' lang='lat' dir='ltr'><strong>apossessiva</strong></span> <span class='ocrx_word' id='word_1_40' title='bbox 856 875 1185 944; x_wconf 80' lang='lat' dir='ltr'><strong>pronomina</strong></span> <span class='ocrx_word' id='word_1_41' title='bbox 1214 873 1526 935; x_wconf 73' lang='lat' dir='ltr'><strong>masculini,</strong></span> <span class='ocrx_word' id='word_1_42' title='bbox 1550 873 1633 927; x_wconf 78' lang='lat' dir='ltr'><strong>vel</strong></span> <span class='ocrx_word' id='word_1_43' title='bbox 1664 870 1905 926; x_wconf 83' lang='lat' dir='ltr'><strong>feminini</strong></span> <span class='ocrx_word' id='word_1_44' title='bbox 1928 884 2091 940; x_wconf 83' lang='lat' dir='ltr'><strong>gene-</strong></span> 
     </span>
    </p>
   </div>
   <div class='ocr_carea' id='block_1_7' title="bbox 518 963 2093 1045">
    <p class='ocr_par' dir='ltr' id='par_1_7' title="bbox 518 963 2093 1045">
     <span class='ocr_line' id='line_1_7' title="bbox 518 963 2093 1045; baseline -0.004 -27"><span class='ocrx_word' id='word_1_45' title='bbox 518 965 619 1028; x_wconf 88' lang='lat' dir='ltr'><strong>ris,</strong></span> <span class='ocrx_word' id='word_1_46' title='bbox 649 963 767 1018; x_wconf 95' lang='lat' dir='ltr'><strong>sine</strong></span> <span class='ocrx_word' id='word_1_47' title='bbox 801 964 1015 1019; x_wconf 91' lang='lat' dir='ltr'><strong>articuli</strong></span> <span class='ocrx_word' id='word_1_48' title='bbox 1051 964 1361 1045; x_wconf 72' lang='lat' dir='ltr'><strong>adjectione</strong></span> <span class='ocrx_word' id='word_1_49' title='bbox 1386 963 1589 1019; x_wconf 66' lang='lat' dir='ltr'><strong>Graeca:</strong></span> <span class='ocrx_word' id='word_1_50' title='bbox 1625 963 1825 1035; x_wconf 67' lang='lat' dir='ltr'><strong>linguae</strong></span> <span class='ocrx_word' id='word_1_51' title='bbox 1849 963 2093 1031; x_wconf 88' lang='lat' dir='ltr'><strong>proprie-</strong></span> 
     </span>
    </p>
   </div>
   <div class='ocr_carea' id='block_1_8' title="bbox 519 1051 2093 1124">
    <p class='ocr_par' dir='ltr' id='par_1_8' title="bbox 519 1051 2093 1124">
     <span class='ocr_line' id='line_1_8' title="bbox 519 1051 2093 1124; baseline -0.004 -16"><span class='ocrx_word' id='word_1_52' title='bbox 519 1065 632 1110; x_wconf 88' lang='lat' dir='ltr'><strong>tate</strong></span> <span class='ocrx_word' id='word_1_53' title='bbox 661 1054 1035 1124; x_wconf 77' lang='lat' dir='ltr'><strong>proferuntur.</strong></span> <span class='ocrx_word' id='word_1_54' title='bbox 1065 1054 1307 1109; x_wconf 72' lang='lat' dir='ltr'><strong>Dicimus</strong></span> <span class='ocrx_word' id='word_1_55' title='bbox 1343 1055 1486 1107; x_wconf 89' lang='lat' dir='ltr'><strong>enim</strong></span> <span class='ocrx_word' id='word_1_56' title='bbox 1513 1056 1541 1108; x_wconf 81' lang='grc' dir='ltr'>ὁ</span> <span class='ocrx_word' id='word_1_57' title='bbox 1597 1054 1728 1123; x_wconf 73' lang='grc' dir='ltr'><strong>ἐμὸς</strong></span> <span class='ocrx_word' id='word_1_58' title='bbox 1759 1052 1966 1121; x_wconf 79' lang='grc' dir='ltr'><strong>πατὴρ,</strong></span> <span class='ocrx_word' id='word_1_59' title='bbox 1995 1051 2093 1103; x_wconf 81' lang='grc' dir='ltr'><strong>καὶ</strong></span> 
     </span>
    </p>
   </div>
   <div class='ocr_carea' id='block_1_9' title="bbox 521 1142 2093 1217">
    <p class='ocr_par' dir='ltr' id='par_1_9' title="bbox 521 1142 2093 1217">
     <span class='ocr_line' id='line_1_9' title="bbox 521 1142 2093 1217; baseline -0.002 -19"><span class='ocrx_word' id='word_1_60' title='bbox 521 1149 555 1216; x_wconf 78' lang='grc' dir='ltr'>ἡ</span> <span class='ocrx_word' id='word_1_61' title='bbox 581 1145 687 1217; x_wconf 74' lang='grc' dir='ltr'><strong>ἐμὴ</strong></span> <span class='ocrx_word' id='word_1_62' title='bbox 713 1146 880 1212; x_wconf 73' lang='grc' dir='ltr'><strong>οἰκία,</strong></span> <span class='ocrx_word' id='word_1_63' title='bbox 911 1147 944 1216; x_wconf 81' lang='grc' dir='ltr'><strong>ἡ</strong></span> <span class='ocrx_word' id='word_1_64' title='bbox 973 1146 1187 1209; x_wconf 78' lang='grc' dir='ltr'><strong>πόλις,’ἰ</strong></span> <span class='ocrx_word' id='word_1_65' title='bbox 1210 1148 1245 1209; x_wconf 82' lang='grc' dir='ltr'><strong>ε,</strong></span> <span class='ocrx_word' id='word_1_66' title='bbox 1286 1155 1388 1208; x_wconf 63' lang='grc' dir='ltr'>(ιρι,</span> <span class='ocrx_word' id='word_1_67' title='bbox 1408 1144 1511 1197; x_wconf 72' lang='lat' dir='ltr'><strong>Hic</strong></span> <span class='ocrx_word' id='word_1_68' title='bbox 1539 1161 1679 1197; x_wconf 86' lang='lat' dir='ltr'><strong>meus</strong></span> <span class='ocrx_word' id='word_1_69' title='bbox 1699 1143 1879 1208; x_wconf 85' lang='lat' dir='ltr'><strong>Pater,</strong></span> <span class='ocrx_word' id='word_1_70' title='bbox 1902 1151 1955 1196; x_wconf 86' lang='lat' dir='ltr'><strong>et</strong></span> <span class='ocrx_word' id='word_1_71' title='bbox 1983 1142 2093 1195; x_wconf 82' lang='lat' dir='ltr'><strong>Ita&#39;c</strong></span> 
     </span>
    </p>
   </div>
   <div class='ocr_carea' id='block_1_10' title="bbox 525 1233 2095 1309">
    <p class='ocr_par' dir='ltr' id='par_1_10' title="bbox 525 1233 2095 1309">
     <span class='ocr_line' id='line_1_10' title="bbox 525 1233 2095 1309; baseline -0.003 -16"><span class='ocrx_word' id='word_1_72' title='bbox 525 1256 640 1293; x_wconf 86' lang='lat' dir='ltr'><strong>mea</strong></span> <span class='ocrx_word' id='word_1_73' title='bbox 667 1240 876 1304; x_wconf 84' lang='lat' dir='ltr'><strong>domus,</strong></span> <span class='ocrx_word' id='word_1_74' title='bbox 906 1248 999 1294; x_wconf 89' lang='lat' dir='ltr'><strong>aut</strong></span> <span class='ocrx_word' id='word_1_75' title='bbox 1032 1240 1238 1295; x_wconf 80' lang='lat' dir='ltr'><strong>civitas.</strong></span> <span class='ocrx_word' id='word_1_76' title='bbox 1272 1239 1347 1293; x_wconf 86' lang='lat' dir='ltr'><strong>Ita</strong></span> <span class='ocrx_word' id='word_1_77' title='bbox 1378 1239 1579 1309; x_wconf 85' lang='lat' dir='ltr'><strong>quippe</strong></span> <span class='ocrx_word' id='word_1_78' title='bbox 1608 1237 1829 1299; x_wconf 69' lang='lat' dir='ltr'><strong>Graecae,</strong></span> <span class='ocrx_word' id='word_1_79' title='bbox 1864 1243 1924 1289; x_wconf 91' lang='lat' dir='ltr'><strong>ut</strong></span> <span class='ocrx_word' id='word_1_80' title='bbox 1956 1233 2095 1288; x_wconf 82' lang='lat' dir='ltr'><strong>dixi-</strong></span> 
     </span>
    </p>
   </div>
   <div class='ocr_carea' id='block_1_11' title="bbox 523 1327 2091 1399">
    <p class='ocr_par' dir='ltr' id='par_1_11' title="bbox 523 1327 2091 1399">
     <span class='ocr_line' id='line_1_11' title="bbox 523 1327 2091 1399; baseline -0.004 -15"><span class='ocrx_word' id='word_1_81' title='bbox 523 1346 669 1395; x_wconf 88' lang='lat' dir='ltr'><strong>mus,</strong></span> <span class='ocrx_word' id='word_1_82' title='bbox 732 1331 929 1399; x_wconf 63' lang='lat' dir='ltr'><strong>linguae</strong></span> <span class='ocrx_word' id='word_1_83' title='bbox 978 1331 1337 1396; x_wconf 72' lang='lat' dir='ltr'><strong>consuetudo,</strong></span> <span class='ocrx_word' id='word_1_84' title='bbox 1396 1346 1503 1399; x_wconf 88' lang='lat' dir='ltr'><strong>qua</strong></span> <span class='ocrx_word' id='word_1_85' title='bbox 1572 1331 1674 1383; x_wconf 88' lang='lat' dir='ltr'><strong>hoc</strong></span> <span class='ocrx_word' id='word_1_86' title='bbox 1742 1327 2091 1397; x_wconf 83' lang='lat' dir='ltr'><strong>Evangelitttn</strong></span> 
     </span>
    </p>
   </div>
   <div class='ocr_carea' id='block_1_12' title="bbox 522 1416 2095 1491">
    <p class='ocr_par' dir='ltr' id='par_1_12' title="bbox 522 1416 2095 1491">
     <span class='ocr_line' id='line_1_12' title="bbox 522 1416 2095 1491; baseline -0.004 -16"><span class='ocrx_word' id='word_1_87' title='bbox 522 1424 784 1491; x_wconf 87' lang='lat' dir='ltr'><strong>scriptum</strong></span> <span class='ocrx_word' id='word_1_88' title='bbox 817 1432 917 1486; x_wconf 88' lang='lat' dir='ltr'><strong>est,</strong></span> <span class='ocrx_word' id='word_1_89' title='bbox 952 1421 1197 1491; x_wconf 81' lang='lat' dir='ltr'><strong>proferre</strong></span> <span class='ocrx_word' id='word_1_90' title='bbox 1222 1420 1514 1476; x_wconf 84' lang='lat' dir='ltr'><strong>consuevit</strong></span> <span class='ocrx_word' id='word_1_91' title='bbox 1548 1436 1565 1476; x_wconf 86' lang='lat'><strong>:</strong></span> <span class='ocrx_word' id='word_1_92' title='bbox 1603 1420 1741 1474; x_wconf 86' lang='lat' dir='ltr'><strong>alias</strong></span> <span class='ocrx_word' id='word_1_93' title='bbox 1766 1418 1908 1473; x_wconf 90' lang='lat' dir='ltr'><strong>enim</strong></span> <span class='ocrx_word' id='word_1_94' title='bbox 1940 1416 2095 1471; x_wconf 84' lang='lat' dir='ltr'><strong>vitio-</strong></span> 
     </span>
    </p>
   </div>
   <div class='ocr_carea' id='block_1_13' title="bbox 522 1507 2095 1582">
    <p class='ocr_par' dir='ltr' id='par_1_13' title="bbox 522 1507 2095 1582">
     <span class='ocr_line' id='line_1_13' title="bbox 522 1507 2095 1582; baseline -0.004 -15"><span class='ocrx_word' id='word_1_95' title='bbox 522 1528 582 1567; x_wconf 86' lang='lat' dir='ltr'><strong>sa</strong></span> <span class='ocrx_word' id='word_1_96' title='bbox 629 1522 775 1567; x_wconf 84' lang='lat' dir='ltr'><strong>esset</strong></span> <span class='ocrx_word' id='word_1_97' title='bbox 826 1512 1218 1582; x_wconf 71' lang='lat' dir='ltr'><strong>pronuntiatio.</strong></span> <span class='ocrx_word' id='word_1_98' title='bbox 1262 1512 1398 1567; x_wconf 87' lang='lat' dir='ltr'><strong>Cum</strong></span> <span class='ocrx_word' id='word_1_99' title='bbox 1453 1527 1577 1565; x_wconf 78' lang='lat' dir='ltr'><strong>vero</strong></span> <span class='ocrx_word' id='word_1_100' title='bbox 1626 1512 1746 1565; x_wconf 87' lang='lat' dir='ltr'><strong>sine</strong></span> <span class='ocrx_word' id='word_1_101' title='bbox 1793 1507 2095 1576; x_wconf 75' lang='lat' dir='ltr'><strong>adiectione</strong></span> 
     </span>
    </p>
   </div>
   <div class='ocr_carea' id='block_1_14' title="bbox 523 1600 2095 1674">
    <p class='ocr_par' dir='ltr' id='par_1_14' title="bbox 523 1600 2095 1674">
     <span class='ocr_line' id='line_1_14' title="bbox 523 1600 2095 1674; baseline -0.006 -13"><span class='ocrx_word' id='word_1_102' title='bbox 523 1607 743 1667; x_wconf 89' lang='lat' dir='ltr'><strong>dicitur,</strong></span> <span class='ocrx_word' id='word_1_103' title='bbox 778 1615 1031 1661; x_wconf 90' lang='lat' dir='ltr'><strong>neutrum</strong></span> <span class='ocrx_word' id='word_1_104' title='bbox 1074 1621 1220 1667; x_wconf 86' lang='lat' dir='ltr'><strong>esse.</strong></span> <span class='ocrx_word' id='word_1_105' title='bbox 1255 1617 1309 1659; x_wconf 91' lang='lat' dir='ltr'><strong>et</strong></span> <span class='ocrx_word' id='word_1_106' title='bbox 1351 1619 1463 1659; x_wconf 89' lang='lat' dir='ltr'><strong>rem</strong></span> <span class='ocrx_word' id='word_1_107' title='bbox 1493 1602 1806 1674; x_wconf 79' lang='lat' dir='ltr'><strong>significare</strong></span> <span class='ocrx_word' id='word_1_108' title='bbox 1841 1600 2095 1668; x_wconf 85' lang='lat' dir='ltr'><strong>intelligi-</strong></span> 
     </span>
    </p>
   </div>
   <div class='ocr_carea' id='block_1_15' title="bbox 524 1689 2097 1766">
    <p class='ocr_par' dir='ltr' id='par_1_15' title="bbox 524 1689 2097 1766">
     <span class='ocr_line' id='line_1_15' title="bbox 524 1689 2097 1766; baseline -0.006 -15"><span class='ocrx_word' id='word_1_109' title='bbox 524 1708 629 1751; x_wconf 85' lang='lat' dir='ltr'><strong>tur.</strong></span> <span class='ocrx_word' id='word_1_110' title='bbox 692 1697 937 1766; x_wconf 81' lang='lat' dir='ltr'><strong>Exempli</strong></span> <span class='ocrx_word' id='word_1_111' title='bbox 973 1712 1136 1755; x_wconf 83' lang='lat' dir='ltr'><strong>causa</strong></span> <span class='ocrx_word' id='word_1_112' title='bbox 1169 1716 1180 1751; x_wconf 89' lang='lat'><strong>:</strong></span> <span class='ocrx_word' id='word_1_113' title='bbox 1215 1696 1283 1749; x_wconf 81' lang='grc' dir='ltr'><strong>Εῐ</strong></span> <span class='ocrx_word' id='word_1_114' title='bbox 1311 1713 1363 1750; x_wconf 85' lang='grc' dir='ltr'>τι</span> <span class='ocrx_word' id='word_1_115' title='bbox 1399 1696 1492 1748; x_wconf 74' lang='grc' dir='ltr'><strong>καὶ</strong></span> <span class='ocrx_word' id='word_1_116' title='bbox 1525 1694 1724 1762; x_wconf 71' lang='grc' dir='ltr'><strong>τούμόν</strong></span> <span class='ocrx_word' id='word_1_117' title='bbox 1780 1694 1895 1744; x_wconf 76' lang='grc' dir='ltr'>ἐστι</span> <span class='ocrx_word' id='word_1_118' title='bbox 1946 1689 2097 1758; x_wconf 83' lang='grc' dir='ltr'>παρὰ</span> 
     </span>
    </p>
   </div>
   <div class='ocr_carea' id='block_1_16' title="bbox 526 1783 2097 1857">
    <p class='ocr_par' dir='ltr' id='par_1_16' title="bbox 526 1783 2097 1857">
     <span class='ocr_line' id='line_1_16' title="bbox 526 1783 2097 1857; baseline -0.005 -16"><span class='ocrx_word' id='word_1_119' title='bbox 526 1789 628 1856; x_wconf 78' lang='grc' dir='ltr'><strong>σοὶ,</strong></span> <span class='ocrx_word' id='word_1_120' title='bbox 659 1789 710 1844; x_wconf 92' lang='lat' dir='ltr'><strong>id</strong></span> <span class='ocrx_word' id='word_1_121' title='bbox 739 1798 860 1844; x_wconf 88' lang='lat' dir='ltr'><strong>est:</strong></span> <span class='ocrx_word' id='word_1_122' title='bbox 894 1788 953 1843; x_wconf 91' lang='lat' dir='ltr'><strong>Si</strong></span> <span class='ocrx_word' id='word_1_123' title='bbox 990 1789 1115 1857; x_wconf 83' lang='lat' dir='ltr'><strong>quid</strong></span> <span class='ocrx_word' id='word_1_124' title='bbox 1147 1804 1317 1842; x_wconf 85' lang='lat' dir='ltr'><strong>meum</strong></span> <span class='ocrx_word' id='word_1_125' title='bbox 1353 1795 1430 1842; x_wconf 83' lang='lat' dir='ltr'><strong>est</strong></span> <span class='ocrx_word' id='word_1_126' title='bbox 1464 1787 1604 1853; x_wconf 83' lang='lat' dir='ltr'><strong>apud</strong></span> <span class='ocrx_word' id='word_1_127' title='bbox 1637 1796 1706 1847; x_wconf 83' lang='lat' dir='ltr'><strong>te.</strong></span> <span class='ocrx_word' id='word_1_128' title='bbox 1741 1783 1883 1853; x_wconf 90' lang='lat' dir='ltr'><strong>quod</strong></span> <span class='ocrx_word' id='word_1_129' title='bbox 1915 1796 2010 1851; x_wconf 85' lang='lat' dir='ltr'><strong>per</strong></span> <span class='ocrx_word' id='word_1_130' title='bbox 2039 1795 2097 1834; x_wconf 88' lang='lat' dir='ltr'><strong>se</strong></span> 
     </span>
    </p>
   </div>
   <div class='ocr_carea' id='block_1_17' title="bbox 2200 600 3780 670">
    <p class='ocr_par' dir='ltr' id='par_1_17' title="bbox 2200 600 3780 670">
     <span class='ocr_line' id='line_1_17' title="bbox 2200 600 3780 670; baseline -0.002 -14"><span class='ocrx_word' id='word_1_131' title='bbox 2200 613 2261 656; x_wconf 88' lang='lat' dir='ltr'><strong>ut</strong></span> <span class='ocrx_word' id='word_1_132' title='bbox 2299 603 2470 656; x_wconf 91' lang='lat' dir='ltr'><strong>Deum</strong></span> <span class='ocrx_word' id='word_1_133' title='bbox 2516 602 2657 656; x_wconf 85' lang='lat' dir='ltr'><strong>mitti</strong></span> <span class='ocrx_word' id='word_1_134' title='bbox 2693 602 2913 665; x_wconf 79' lang='lat' dir='ltr'><strong>dixerit,</strong></span> <span class='ocrx_word' id='word_1_135' title='bbox 2950 600 3214 655; x_wconf 86' lang='lat' dir='ltr'><strong>continuo</strong></span> <span class='ocrx_word' id='word_1_136' title='bbox 3249 600 3598 670; x_wconf 80' lang='lat' dir='ltr'><strong>blasphemus</strong></span> <span class='ocrx_word' id='word_1_137' title='bbox 3633 601 3780 653; x_wconf 78' lang='lat' dir='ltr'><strong>erit:</strong></span> 
     </span>
    </p>
   </div>
   <div class='ocr_carea' id='block_1_18' title="bbox 2199 689 3783 760">
    <p class='ocr_par' dir='ltr' id='par_1_18' title="bbox 2199 689 3783 760">
     <span class='ocr_line' id='line_1_18' title="bbox 2199 689 3783 760; baseline -0.001 -17"><span class='ocrx_word' id='word_1_138' title='bbox 2199 708 2221 743; x_wconf 70' lang='grc' dir='ltr'><strong><em>ο</em></strong></span> <span class='ocrx_word' id='word_1_139' title='bbox 2245 691 2441 747; x_wconf 78' lang='lat' dir='ltr'><strong>Missus</strong></span> <span class='ocrx_word' id='word_1_140' title='bbox 2467 692 2611 746; x_wconf 90' lang='lat' dir='ltr'><strong>enim</strong></span> <span class='ocrx_word' id='word_1_141' title='bbox 2640 701 2744 757; x_wconf 89' lang='lat' dir='ltr'><strong>est,</strong></span> <span class='ocrx_word' id='word_1_142' title='bbox 2764 692 2837 745; x_wconf 88' lang='lat' dir='ltr'><strong>ait</strong></span> <span class='ocrx_word' id='word_1_143' title='bbox 2861 692 3146 760; x_wconf 83' lang='lat' dir='ltr'><strong>theologus</strong></span> <span class='ocrx_word' id='word_1_144' title='bbox 3163 689 3477 760; x_wconf 81' lang='lat' dir='ltr'><strong>Gregorius,</strong></span> <span class='ocrx_word' id='word_1_145' title='bbox 3503 691 3594 744; x_wconf 87' lang='lat' dir='ltr'><strong>sed</strong></span> <span class='ocrx_word' id='word_1_146' title='bbox 3619 690 3783 758; x_wconf 85' lang='lat' dir='ltr'><strong>quasi</strong></span> 
     </span>
    </p>
   </div>
   <div class='ocr_carea' id='block_1_19' title="bbox 2199 780 3786 849">
    <p class='ocr_par' dir='ltr' id='par_1_19' title="bbox 2199 780 3786 849">
     <span class='ocr_line' id='line_1_19' title="bbox 2199 780 3786 849; baseline -0.001 -13"><span class='ocrx_word' id='word_1_147' title='bbox 2199 782 2385 849; x_wconf 77' lang='lat' dir='ltr'><strong>homo,</strong></span> <span class='ocrx_word' id='word_1_148' title='bbox 2419 783 2504 836; x_wconf 90' lang='lat' dir='ltr'><strong>sin</strong></span> <span class='ocrx_word' id='word_1_149' title='bbox 2542 792 2725 837; x_wconf 89' lang='lat' dir='ltr'><strong>autem</strong></span> <span class='ocrx_word' id='word_1_150' title='bbox 2769 783 2928 836; x_wconf 89' lang='lat' dir='ltr'><strong>etiam</strong></span> <span class='ocrx_word' id='word_1_151' title='bbox 2980 792 3039 836; x_wconf 89' lang='lat' dir='ltr'><strong>ut</strong></span> <span class='ocrx_word' id='word_1_152' title='bbox 3089 781 3252 846; x_wconf 88' lang='lat' dir='ltr'><strong>Deus,</strong></span> <span class='ocrx_word' id='word_1_153' title='bbox 3286 780 3415 849; x_wconf 88' lang='lat' dir='ltr'><strong>quid</strong></span> <span class='ocrx_word' id='word_1_154' title='bbox 3471 782 3610 835; x_wconf 77' lang='lat' dir='ltr'><strong>hoc?</strong></span> <span class='ocrx_word' id='word_1_155' title='bbox 3638 798 3658 833; x_wconf 77' lang='grc' dir='ltr'><strong>ι</strong></span> <span class='ocrx_word' id='word_1_156' title='bbox 3714 781 3786 835; x_wconf 81' lang='lat' dir='ltr'><strong>Et</strong></span> 
     </span>
    </p>
   </div>
   <div class='ocr_carea' id='block_1_20' title="bbox 2201 872 3409 946">
    <p class='ocr_par' dir='ltr' id='par_1_20' title="bbox 2201 872 3409 946">
     <span class='ocr_line' id='line_1_20' title="bbox 2201 872 3409 946; baseline -0.002 -15"><span class='ocrx_word' id='word_1_157' title='bbox 2201 878 2303 931; x_wconf 91' lang='lat' dir='ltr'><strong>hoc</strong></span> <span class='ocrx_word' id='word_1_158' title='bbox 2336 875 2599 946; x_wconf 79' lang='lat' dir='ltr'><strong>profecto,</strong></span> <span class='ocrx_word' id='word_1_159' title='bbox 2625 874 2780 945; x_wconf 91' lang='lat' dir='ltr'><strong>quasi</strong></span> <span class='ocrx_word' id='word_1_160' title='bbox 2814 889 3023 940; x_wconf 77' lang='lat' dir='ltr'><strong>verum,</strong></span> <span class='ocrx_word' id='word_1_161' title='bbox 3054 872 3409 944; x_wconf 70' lang='lat' dir='ltr'><strong>approbavit?</strong></span> 
     </span>
    </p>
   </div>
   <div class='ocr_carea' id='block_1_21' title="bbox 2270 963 3780 1039">
    <p class='ocr_par' dir='ltr' id='par_1_21' title="bbox 2270 963 3780 1039">
     <span class='ocr_line' id='line_1_21' title="bbox 2270 963 3780 1039; baseline -0.004 -16"><span class='ocrx_word' id='word_1_162' title='bbox 2270 967 2456 1039; x_wconf 92' lang='lat' dir='ltr'><strong>Neque</strong></span> <span class='ocrx_word' id='word_1_163' title='bbox 2509 983 2742 1038; x_wconf 74' lang='lat' dir='ltr'><strong>magnus</strong></span> <span class='ocrx_word' id='word_1_164' title='bbox 2795 966 3028 1022; x_wconf 82' lang='lat' dir='ltr'><strong>Basilius</strong></span> <span class='ocrx_word' id='word_1_165' title='bbox 3073 982 3193 1021; x_wconf 89' lang='lat' dir='ltr'><strong>cum</strong></span> <span class='ocrx_word' id='word_1_166' title='bbox 3251 965 3513 1029; x_wconf 78' lang='lat' dir='ltr'><strong>dixisset,</strong></span> <span class='ocrx_word' id='word_1_167' title='bbox 3577 963 3780 1018; x_wconf 90' lang='lat' dir='ltr'><strong>Filium</strong></span> 
     </span>
    </p>
   </div>
   <div class='ocr_carea' id='block_1_22' title="bbox 2198 1055 3783 1129">
    <p class='ocr_par' dir='ltr' id='par_1_22' title="bbox 2198 1055 3783 1129">
     <span class='ocr_line' id='line_1_22' title="bbox 2198 1055 3783 1129; baseline -0.005 -12"><span class='ocrx_word' id='word_1_168' title='bbox 2198 1061 2387 1117; x_wconf 79' lang='lat' dir='ltr'><strong>Ordine</strong></span> <span class='ocrx_word' id='word_1_169' title='bbox 2455 1074 2519 1115; x_wconf 87' lang='lat' dir='ltr'><strong>ac</strong></span> <span class='ocrx_word' id='word_1_170' title='bbox 2563 1059 2825 1129; x_wconf 83' lang='lat' dir='ltr'><strong>dignitate</strong></span> <span class='ocrx_word' id='word_1_171' title='bbox 2875 1073 2903 1112; x_wconf 88' lang='lat' dir='ltr'><strong>a</strong></span> <span class='ocrx_word' id='word_1_172' title='bbox 2953 1056 3111 1111; x_wconf 85' lang='lat' dir='ltr'><strong>Patre</strong></span> <span class='ocrx_word' id='word_1_173' title='bbox 3142 1056 3442 1112; x_wconf 88' lang='lat' dir='ltr'><strong>secundum</strong></span> <span class='ocrx_word' id='word_1_174' title='bbox 3476 1071 3613 1117; x_wconf 90' lang='lat' dir='ltr'><strong>esse,</strong></span> <span class='ocrx_word' id='word_1_175' title='bbox 3648 1055 3783 1123; x_wconf 85' lang='lat' dir='ltr'><strong>quia</strong></span> 
     </span>
    </p>
   </div>
   <div class='ocr_carea' id='block_1_23' title="bbox 2200 1144 3785 1210">
    <p class='ocr_par' dir='ltr' id='par_1_23' title="bbox 2200 1144 3785 1210">
     <span class='ocr_line' id='line_1_23' title="bbox 2200 1144 3785 1210; baseline -0.004 -5"><span class='ocrx_word' id='word_1_176' title='bbox 2200 1151 2415 1205; x_wconf 91' lang='lat' dir='ltr'><strong>initium</strong></span> <span class='ocrx_word' id='word_1_177' title='bbox 2472 1159 2525 1203; x_wconf 89' lang='lat' dir='ltr'><strong>et</strong></span> <span class='ocrx_word' id='word_1_178' title='bbox 2554 1150 2719 1205; x_wconf 83' lang='lat' dir='ltr'><strong>causa</strong></span> <span class='ocrx_word' id='word_1_179' title='bbox 2753 1148 2850 1209; x_wconf 91' lang='lat' dir='ltr'><strong>illi,</strong></span> <span class='ocrx_word' id='word_1_180' title='bbox 2891 1158 2950 1201; x_wconf 90' lang='lat' dir='ltr'><strong>ut</strong></span> <span class='ocrx_word' id='word_1_181' title='bbox 2979 1156 3143 1210; x_wconf 86' lang='lat' dir='ltr'><strong>esset,</strong></span> <span class='ocrx_word' id='word_1_182' title='bbox 3177 1146 3336 1200; x_wconf 87' lang='lat' dir='ltr'><strong>Pater</strong></span> <span class='ocrx_word' id='word_1_183' title='bbox 3366 1145 3489 1209; x_wconf 89' lang='lat' dir='ltr'><strong>l&#39;uit,</strong></span> <span class='ocrx_word' id='word_1_184' title='bbox 3518 1144 3785 1199; x_wconf 81' lang='lat' dir='ltr'><strong>continuo</strong></span> 
     </span>
    </p>
   </div>
   <div class='ocr_carea' id='block_1_24' title="bbox 2194 1237 3786 1313">
    <p class='ocr_par' dir='ltr' id='par_1_24' title="bbox 2194 1237 3786 1313">
     <span class='ocr_line' id='line_1_24' title="bbox 2194 1237 3786 1313; baseline -0.004 -15"><span class='ocrx_word' id='word_1_185' title='bbox 2194 1245 2432 1313; x_wconf 87' lang='lat' dir='ltr'><strong>scipsum</strong></span> <span class='ocrx_word' id='word_1_186' title='bbox 2468 1241 2763 1302; x_wconf 72' lang='lat' dir='ltr'><strong>destruxit,</strong></span> <span class='ocrx_word' id='word_1_187' title='bbox 2817 1239 3118 1309; x_wconf 77' lang='lat' dir='ltr'><strong>adjiciens:</strong></span> <span class='ocrx_word' id='word_1_188' title='bbox 3167 1258 3185 1291; x_wconf 87' lang='grc'><strong>‹</strong></span> <span class='ocrx_word' id='word_1_189' title='bbox 3224 1237 3286 1292; x_wconf 82' lang='grc' dir='ltr'>Ει</span> <span class='ocrx_word' id='word_1_190' title='bbox 3362 1238 3618 1306; x_wconf 87' lang='lat' dir='ltr'><strong>quoniam</strong></span> <span class='ocrx_word' id='word_1_191' title='bbox 3686 1252 3786 1303; x_wconf 89' lang='lat' dir='ltr'><strong>per</strong></span> 
     </span>
    </p>
   </div>
   <div class='ocr_carea' id='block_1_25' title="bbox 2199 1329 3778 1404">
    <p class='ocr_par' dir='ltr' id='par_1_25' title="bbox 2199 1329 3778 1404">
     <span class='ocr_line' id='line_1_25' title="bbox 2199 1329 3778 1404; baseline -0.004 -17"><span class='ocrx_word' id='word_1_192' title='bbox 2199 1335 2377 1404; x_wconf 90' lang='lat' dir='ltr'><strong>ipsum</strong></span> <span class='ocrx_word' id='word_1_193' title='bbox 2422 1347 2673 1386; x_wconf 76' lang='lat' dir='ltr'><strong>accessus</strong></span> <span class='ocrx_word' id='word_1_194' title='bbox 2717 1341 2770 1385; x_wconf 88' lang='lat' dir='ltr'><strong>et</strong></span> <span class='ocrx_word' id='word_1_195' title='bbox 2820 1331 3070 1385; x_wconf 84' lang='lat' dir='ltr'><strong>adductio</strong></span> <span class='ocrx_word' id='word_1_196' title='bbox 3117 1331 3180 1383; x_wconf 86' lang='lat' dir='ltr'><strong>ad</strong></span> <span class='ocrx_word' id='word_1_197' title='bbox 3220 1330 3387 1383; x_wconf 89' lang='lat' dir='ltr'><strong>Deunt</strong></span> <span class='ocrx_word' id='word_1_198' title='bbox 3457 1339 3511 1383; x_wconf 88' lang='lat' dir='ltr'><strong>et</strong></span> <span class='ocrx_word' id='word_1_199' title='bbox 3556 1329 3778 1383; x_wconf 84' lang='lat' dir='ltr'><strong>Patrem</strong></span> 
     </span>
    </p>
   </div>
   <div class='ocr_carea' id='block_1_26' title="bbox 2202 1421 3781 1492">
    <p class='ocr_par' dir='ltr' id='par_1_26' title="bbox 2202 1421 3781 1492">
     <span class='ocr_line' id='line_1_26' title="bbox 2202 1421 3781 1492; baseline -0.004 -12"><span class='ocrx_word' id='word_1_200' title='bbox 2202 1427 2359 1480; x_wconf 78' lang='lat' dir='ltr'><strong>nobis</strong></span> <span class='ocrx_word' id='word_1_201' title='bbox 2391 1436 2491 1481; x_wconf 89' lang='lat' dir='ltr'><strong>est.</strong></span> <span class='ocrx_word' id='word_1_202' title='bbox 2531 1448 2548 1475; x_wconf 75' lang='grc' dir='ltr'><strong>ι</strong></span> <span class='ocrx_word' id='word_1_203' title='bbox 2589 1421 2892 1492; x_wconf 86' lang='lat' dir='ltr'><strong>Utrumque</strong></span> <span class='ocrx_word' id='word_1_204' title='bbox 2916 1423 3059 1475; x_wconf 70' lang='lat' dir='ltr'><strong>enim</strong></span> <span class='ocrx_word' id='word_1_205' title='bbox 3097 1437 3283 1476; x_wconf 70' lang='lat' dir='ltr'><strong>verum</strong></span> <span class='ocrx_word' id='word_1_206' title='bbox 3311 1431 3413 1486; x_wconf 86' lang='lat' dir='ltr'><strong>est,</strong></span> <span class='ocrx_word' id='word_1_207' title='bbox 3439 1421 3484 1474; x_wconf 90' lang='lat' dir='ltr'><strong>si</strong></span> <span class='ocrx_word' id='word_1_208' title='bbox 3523 1421 3646 1489; x_wconf 86' lang='lat' dir='ltr'><strong>quis</strong></span> <span class='ocrx_word' id='word_1_209' title='bbox 3673 1421 3781 1474; x_wconf 82' lang='lat' dir='ltr'><strong>ista</strong></span> 
     </span>
    </p>
   </div>
   <div class='ocr_carea' id='block_1_27' title="bbox 2202 1512 3779 1588">
    <p class='ocr_par' dir='ltr' id='par_1_27' title="bbox 2202 1512 3779 1588">
     <span class='ocr_line' id='line_1_27' title="bbox 2202 1512 3779 1588; baseline -0.004 -18"><span class='ocrx_word' id='word_1_210' title='bbox 2202 1518 2538 1588; x_wconf 64' lang='lat' dir='ltr'><strong>distinguere</strong></span> <span class='ocrx_word' id='word_1_211' title='bbox 2588 1517 2736 1578; x_wconf 84' lang='lat' dir='ltr'><strong>velit,</strong></span> <span class='ocrx_word' id='word_1_212' title='bbox 2788 1526 2843 1568; x_wconf 89' lang='lat' dir='ltr'><strong>et</strong></span> <span class='ocrx_word' id='word_1_213' title='bbox 2892 1514 3045 1585; x_wconf 82' lang='lat' dir='ltr'><strong>juxta</strong></span> <span class='ocrx_word' id='word_1_214' title='bbox 3096 1513 3302 1567; x_wconf 82' lang='lat' dir='ltr'><strong>variam</strong></span> <span class='ocrx_word' id='word_1_215' title='bbox 3365 1512 3779 1583; x_wconf 80' lang='lat' dir='ltr'><strong>intelligentiam</strong></span> 
     </span>
    </p>
   </div>
   <div class='ocr_carea' id='block_1_28' title="bbox 2204 1609 2476 1678">
    <p class='ocr_par' dir='ltr' id='par_1_28' title="bbox 2204 1609 2476 1678">
     <span class='ocr_line' id='line_1_28' title="bbox 2204 1609 2476 1678; baseline -0.007 -16"><span class='ocrx_word' id='word_1_216' title='bbox 2204 1609 2476 1678; x_wconf 75' lang='lat' dir='ltr'><strong>accipere.</strong></span> 
     </span>
    </p>
   </div>
   <div class='ocr_carea' id='block_1_29' title="bbox 2277 1697 3784 1769">
    <p class='ocr_par' dir='ltr' id='par_1_29' title="bbox 2277 1697 3784 1769">
     <span class='ocr_line' id='line_1_29' title="bbox 2277 1697 3784 1769; baseline -0.001 -15"><span class='ocrx_word' id='word_1_217' title='bbox 2277 1700 2354 1755; x_wconf 85' lang='lat' dir='ltr'><strong>Ita</strong></span> <span class='ocrx_word' id='word_1_218' title='bbox 2385 1708 2439 1754; x_wconf 87' lang='lat' dir='ltr'><strong>et</strong></span> <span class='ocrx_word' id='word_1_219' title='bbox 2481 1698 2904 1769; x_wconf 78' lang='lat' dir='ltr'><strong>Chrysostomus</strong></span> <span class='ocrx_word' id='word_1_220' title='bbox 2938 1698 3142 1752; x_wconf 87' lang='lat' dir='ltr'><strong>dixisse</strong></span> <span class='ocrx_word' id='word_1_221' title='bbox 3206 1697 3483 1766; x_wconf 89' lang='lat' dir='ltr'><strong>putandus</strong></span> <span class='ocrx_word' id='word_1_222' title='bbox 3518 1706 3620 1761; x_wconf 84' lang='lat' dir='ltr'><strong>est,</strong></span> <span class='ocrx_word' id='word_1_223' title='bbox 3655 1713 3784 1752; x_wconf 85' lang='lat' dir='ltr'><strong>cum</strong></span> 
     </span>
    </p>
   </div>
   <div class='ocr_carea' id='block_1_30' title="bbox 2206 1772 3786 1858">
    <p class='ocr_par' dir='ltr' id='par_1_30' title="bbox 2206 1772 3786 1858">
     <span class='ocr_line' id='line_1_30' title="bbox 2206 1772 3786 1858; baseline -0.001 -14"><span class='ocrx_word' id='word_1_224' title='bbox 2206 1790 2445 1845; x_wconf 68' lang='lat' dir='ltr'><strong>haeretici</strong></span> <span class='ocrx_word' id='word_1_225' title='bbox 2481 1804 2549 1843; x_wconf 84' lang='lat' dir='ltr'><strong>ex</strong></span> <span class='ocrx_word' id='word_1_226' title='bbox 2582 1805 2667 1854; x_wconf 87' lang='lat' dir='ltr'><strong>eo,</strong></span> <span class='ocrx_word' id='word_1_227' title='bbox 2703 1790 2847 1857; x_wconf 88' lang='lat' dir='ltr'><strong>quod</strong></span> <span class='ocrx_word' id='word_1_228' title='bbox 2900 1788 3101 1843; x_wconf 91' lang='lat' dir='ltr'><strong>dicitur</strong></span> <span class='ocrx_word' id='word_1_229' title='bbox 3150 1789 3412 1858; x_wconf 79' lang='lat' dir='ltr'><strong>Spiritum</strong></span> <span class='ocrx_word' id='word_1_230' title='bbox 3463 1772 3709 1843; x_wconf 69' lang='lat' dir='ltr'><strong>sanctum</strong></span> <span class='ocrx_word' id='word_1_231' title='bbox 3757 1806 3786 1842; x_wconf 86' lang='lat' dir='ltr'><strong>a</strong></span> 
     </span>
    </p>
   </div>
   <div class='ocr_carea' id='block_1_31' title="bbox 529 1855 3787 1949">
    <p class='ocr_par' dir='ltr' id='par_1_31' title="bbox 529 1855 3787 1949">
     <span class='ocr_line' id='line_1_31' title="bbox 529 1855 3787 1949; baseline -0 -17"><span class='ocrx_word' id='word_1_232' title='bbox 529 1894 639 1934; x_wconf 87' lang='lat' dir='ltr'><strong>rem</strong></span> <span class='ocrx_word' id='word_1_233' title='bbox 683 1879 909 1949; x_wconf 75' lang='lat' dir='ltr'><strong>intelligi</strong></span> <span class='ocrx_word' id='word_1_234' title='bbox 954 1855 1069 1934; x_wconf 80' lang='lat' dir='ltr'><strong>dat.</strong></span> <span class='ocrx_word' id='word_1_235' title='bbox 1104 1880 1181 1934; x_wconf 86' lang='lat' dir='ltr'><strong>Ad</strong></span> <span class='ocrx_word' id='word_1_236' title='bbox 1232 1883 1344 1932; x_wconf 72' lang='lat' dir='ltr'><strong>hare</strong></span> <span class='ocrx_word' id='word_1_237' title='bbox 1379 1889 1560 1932; x_wconf 90' lang='lat' dir='ltr'><strong>autem</strong></span> <span class='ocrx_word' id='word_1_238' title='bbox 1592 1896 1605 1931; x_wconf 91' lang='lat'><strong>:</strong></span> <span class='ocrx_word' id='word_1_239' title='bbox 1638 1874 1724 1929; x_wconf 79' lang='lat' dir='ltr'><strong>Ea:</strong></span> <span class='ocrx_word' id='word_1_240' title='bbox 1750 1890 1860 1927; x_wconf 89' lang='lat' dir='ltr'><strong>meo</strong></span> <span class='ocrx_word' id='word_1_241' title='bbox 1887 1872 2099 1941; x_wconf 82' lang='lat' dir='ltr'><strong>accipit,</strong></span> <span class='ocrx_word' id='word_1_242' title='bbox 2137 1855 2178 1910; x_wconf 77' lang='grc' dir='ltr'><strong>Β</strong></span> <span class='ocrx_word' id='word_1_243' title='bbox 2208 1876 2346 1929; x_wconf 83' lang='lat' dir='ltr'><strong>Filio</strong></span> <span class='ocrx_word' id='word_1_244' title='bbox 2380 1875 2654 1944; x_wconf 88' lang='lat' dir='ltr'><strong>accipere,</strong></span> <span class='ocrx_word' id='word_1_245' title='bbox 2693 1855 2932 1944; x_wconf 86' lang='lat' dir='ltr'><strong>Spiritus</strong></span> <span class='ocrx_word' id='word_1_246' title='bbox 2965 1855 3324 1932; x_wconf 83' lang='lat' dir='ltr'><strong>substantiam</strong></span> <span class='ocrx_word' id='word_1_247' title='bbox 3365 1877 3559 1931; x_wconf 62' lang='lat' dir='ltr'><strong>vellent</strong></span> <span class='ocrx_word' id='word_1_248' title='bbox 3600 1879 3787 1931; x_wconf 91' lang='lat' dir='ltr'><strong>immi-</strong></span> 
     </span>
    </p>
   </div>
   <div class='ocr_carea' id='block_1_32' title="bbox 525 1966 2100 2040">
    <p class='ocr_par' dir='ltr' id='par_1_32' title="bbox 525 1966 2100 2040">
     <span class='ocr_line' id='line_1_32' title="bbox 525 1966 2100 2040; baseline -0.004 -16"><span class='ocrx_word' id='word_1_249' title='bbox 525 1970 638 2024; x_wconf 83' lang='lat' dir='ltr'><strong>sive</strong></span> <span class='ocrx_word' id='word_1_250' title='bbox 670 1970 920 2039; x_wconf 77' lang='lat' dir='ltr'><strong>Accipiet,</strong></span> <span class='ocrx_word' id='word_1_251' title='bbox 964 1970 1323 2040; x_wconf 67' lang='lat' dir='ltr'><strong>praecedentia</strong></span> <span class='ocrx_word' id='word_1_252' title='bbox 1368 1968 1737 2024; x_wconf 86' lang='lat' dir='ltr'><strong>commendat.</strong></span> <span class='ocrx_word' id='word_1_253' title='bbox 1779 1966 1869 2019; x_wconf 86' lang='lat' dir='ltr'><strong>Ait</strong></span> <span class='ocrx_word' id='word_1_254' title='bbox 1909 1966 2051 2019; x_wconf 84' lang='lat' dir='ltr'><strong>enim</strong></span> <span class='ocrx_word' id='word_1_255' title='bbox 2084 1980 2100 2017; x_wconf 88' lang='lat'><strong>:</strong></span> 
     </span>
    </p>
   </div>
   <div class='ocr_carea' id='block_1_33' title="bbox 527 2057 2101 2131">
    <p class='ocr_par' dir='ltr' id='par_1_33' title="bbox 527 2057 2101 2131">
     <span class='ocr_line' id='line_1_33' title="bbox 527 2057 2101 2131; baseline -0.004 -16"><span class='ocrx_word' id='word_1_256' title='bbox 527 2059 738 2120; x_wconf 84' lang='lat' dir='ltr'><strong>Omnia,</strong></span> <span class='ocrx_word' id='word_1_257' title='bbox 770 2077 888 2131; x_wconf 78' lang='lat' dir='ltr'><strong>qua:</strong></span> <span class='ocrx_word' id='word_1_258' title='bbox 917 2061 1070 2114; x_wconf 83' lang='lat' dir='ltr'><strong>habet</strong></span> <span class='ocrx_word' id='word_1_259' title='bbox 1100 2060 1283 2127; x_wconf 80' lang='lat' dir='ltr'><strong>Pater,</strong></span> <span class='ocrx_word' id='word_1_260' title='bbox 1308 2076 1426 2114; x_wconf 83' lang='lat' dir='ltr'><strong>mea</strong></span> <span class='ocrx_word' id='word_1_261' title='bbox 1461 2068 1603 2113; x_wconf 77' lang='lat' dir='ltr'><strong>sunt.</strong></span> <span class='ocrx_word' id='word_1_262' title='bbox 1638 2057 1765 2112; x_wconf 83' lang='lat' dir='ltr'><strong>Ideo</strong></span> <span class='ocrx_word' id='word_1_263' title='bbox 1791 2057 1904 2110; x_wconf 74' lang='lat' dir='ltr'><strong>dixi</strong></span> <span class='ocrx_word' id='word_1_264' title='bbox 1932 2058 2101 2120; x_wconf 65' lang='lat' dir='ltr'><strong>vobis,</strong></span> 
     </span>
    </p>
   </div>
   <div class='ocr_carea' id='block_1_34' title="bbox 524 2147 2105 2221">
    <p class='ocr_par' dir='ltr' id='par_1_34' title="bbox 524 2147 2105 2221">
     <span class='ocr_line' id='line_1_34' title="bbox 524 2147 2105 2221; baseline -0.001 -18"><span class='ocrx_word' id='word_1_265' title='bbox 524 2150 652 2221; x_wconf 82' lang='lat' dir='ltr'><strong>quia</strong></span> <span class='ocrx_word' id='word_1_266' title='bbox 695 2167 758 2212; x_wconf 76' lang='lat' dir='ltr'><strong>ea:</strong></span> <span class='ocrx_word' id='word_1_267' title='bbox 788 2167 899 2205; x_wconf 85' lang='lat' dir='ltr'><strong>meo</strong></span> <span class='ocrx_word' id='word_1_268' title='bbox 932 2152 1150 2220; x_wconf 86' lang='lat' dir='ltr'><strong>accipit.</strong></span> <span class='ocrx_word' id='word_1_269' title='bbox 1187 2151 1243 2205; x_wconf 90' lang='lat' dir='ltr'><strong>Si</strong></span> <span class='ocrx_word' id='word_1_270' title='bbox 1280 2152 1425 2205; x_wconf 88' lang='lat' dir='ltr'><strong>enim</strong></span> <span class='ocrx_word' id='word_1_271' title='bbox 1462 2149 1699 2221; x_wconf 84' lang='lat' dir='ltr'><strong>Spiritus</strong></span> <span class='ocrx_word' id='word_1_272' title='bbox 1730 2164 1760 2203; x_wconf 88' lang='lat' dir='ltr'><strong>a</strong></span> <span class='ocrx_word' id='word_1_273' title='bbox 1793 2148 1931 2202; x_wconf 89' lang='lat' dir='ltr'><strong>Filio</strong></span> <span class='ocrx_word' id='word_1_274' title='bbox 1961 2147 2105 2202; x_wconf 78' lang='lat' dir='ltr'><strong>arci-</strong></span> 
     </span>
    </p>
   </div>
   <div class='ocr_carea' id='block_1_35' title="bbox 524 2238 2103 2310">
    <p class='ocr_par' dir='ltr' id='par_1_35' title="bbox 524 2238 2103 2310">
     <span class='ocr_line' id='line_1_35' title="bbox 524 2238 2103 2310; baseline 0 -20"><span class='ocrx_word' id='word_1_275' title='bbox 524 2241 623 2308; x_wconf 81' lang='lat' dir='ltr'><strong>pit,</strong></span> <span class='ocrx_word' id='word_1_276' title='bbox 663 2240 838 2310; x_wconf 81' lang='lat' dir='ltr'><strong>Patris</strong></span> <span class='ocrx_word' id='word_1_277' title='bbox 869 2249 1051 2295; x_wconf 86' lang='lat' dir='ltr'><strong>autem</strong></span> <span class='ocrx_word' id='word_1_278' title='bbox 1087 2242 1269 2295; x_wconf 87' lang='lat' dir='ltr'><strong>omnia</strong></span> <span class='ocrx_word' id='word_1_279' title='bbox 1334 2250 1389 2296; x_wconf 90' lang='lat' dir='ltr'><strong>et</strong></span> <span class='ocrx_word' id='word_1_280' title='bbox 1421 2239 1561 2294; x_wconf 87' lang='lat' dir='ltr'><strong>Filio</strong></span> <span class='ocrx_word' id='word_1_281' title='bbox 1595 2238 1910 2293; x_wconf 89' lang='lat' dir='ltr'><strong>communia</strong></span> <span class='ocrx_word' id='word_1_282' title='bbox 1947 2244 2103 2303; x_wconf 89' lang='lat' dir='ltr'><strong>sunt;</strong></span> 
     </span>
    </p>
   </div>
   <div class='ocr_carea' id='block_1_36' title="bbox 527 2330 2102 2397">
    <p class='ocr_par' dir='ltr' id='par_1_36' title="bbox 527 2330 2102 2397">
     <span class='ocr_line' id='line_1_36' title="bbox 527 2330 2102 2397; baseline 0 -15"><span class='ocrx_word' id='word_1_283' title='bbox 527 2330 876 2387; x_wconf 80' lang='lat' dir='ltr'><strong>manifestum</strong></span> <span class='ocrx_word' id='word_1_284' title='bbox 899 2343 981 2388; x_wconf 86' lang='lat' dir='ltr'><strong>est</strong></span> <span class='ocrx_word' id='word_1_285' title='bbox 1002 2349 1068 2388; x_wconf 86' lang='lat' dir='ltr'><strong>ex</strong></span> <span class='ocrx_word' id='word_1_286' title='bbox 1102 2333 1208 2396; x_wconf 85' lang='lat' dir='ltr'><strong>his,</strong></span> <span class='ocrx_word' id='word_1_287' title='bbox 1236 2331 1504 2387; x_wconf 81' lang='lat' dir='ltr'><strong>insinuari</strong></span> <span class='ocrx_word' id='word_1_288' title='bbox 1531 2330 1753 2397; x_wconf 87' lang='lat' dir='ltr'><strong>Filium,</strong></span> <span class='ocrx_word' id='word_1_289' title='bbox 1786 2345 1950 2385; x_wconf 90' lang='lat' dir='ltr'><strong>unum</strong></span> <span class='ocrx_word' id='word_1_290' title='bbox 1979 2343 2102 2384; x_wconf 88' lang='lat' dir='ltr'><strong>cum</strong></span> 
     </span>
    </p>
   </div>
   <div class='ocr_carea' id='block_1_37' title="bbox 527 2422 2107 2494">
    <p class='ocr_par' dir='ltr' id='par_1_37' title="bbox 527 2422 2107 2494">
     <span class='ocr_line' id='line_1_37' title="bbox 527 2422 2107 2494; baseline -0.001 -18"><span class='ocrx_word' id='word_1_291' title='bbox 527 2422 688 2477; x_wconf 85' lang='lat' dir='ltr'><strong>Patre</strong></span> <span class='ocrx_word' id='word_1_292' title='bbox 746 2424 910 2478; x_wconf 88' lang='lat' dir='ltr'><strong>Deum</strong></span> <span class='ocrx_word' id='word_1_293' title='bbox 936 2438 1088 2492; x_wconf 89' lang='lat' dir='ltr'><strong>esse;</strong></span> <span class='ocrx_word' id='word_1_294' title='bbox 1121 2425 1383 2494; x_wconf 82' lang='lat' dir='ltr'><strong>Spiritum</strong></span> <span class='ocrx_word' id='word_1_295' title='bbox 1420 2433 1599 2478; x_wconf 88' lang='lat' dir='ltr'><strong>autem</strong></span> <span class='ocrx_word' id='word_1_296' title='bbox 1623 2438 1808 2477; x_wconf 85' lang='lat' dir='ltr'><strong>verum</strong></span> <span class='ocrx_word' id='word_1_297' title='bbox 1842 2423 2009 2476; x_wconf 82' lang='lat' dir='ltr'><strong>Deum</strong></span> <span class='ocrx_word' id='word_1_298' title='bbox 2039 2436 2107 2475; x_wconf 86' lang='lat' dir='ltr'><strong>cx</strong></span> 
     </span>
    </p>
   </div>
   <div class='ocr_carea' id='block_1_38' title="bbox 529 2514 2108 2586">
    <p class='ocr_par' dir='ltr' id='par_1_38' title="bbox 529 2514 2108 2586">
     <span class='ocr_line' id='line_1_38' title="bbox 529 2514 2108 2586; baseline 0 -18"><span class='ocrx_word' id='word_1_299' title='bbox 529 2514 706 2570; x_wconf 80' lang='lat' dir='ltr'><strong>Patris</strong></span> <span class='ocrx_word' id='word_1_300' title='bbox 762 2527 816 2571; x_wconf 92' lang='lat' dir='ltr'><strong>et</strong></span> <span class='ocrx_word' id='word_1_301' title='bbox 853 2515 976 2571; x_wconf 89' lang='lat' dir='ltr'><strong>Filii</strong></span> <span class='ocrx_word' id='word_1_302' title='bbox 1024 2517 1261 2574; x_wconf 83' lang='lat' dir='ltr'><strong>essentia</strong></span> <span class='ocrx_word' id='word_1_303' title='bbox 1293 2517 1641 2574; x_wconf 89' lang='lat' dir='ltr'><strong>denuntiari:</strong></span> <span class='ocrx_word' id='word_1_304' title='bbox 1678 2531 1799 2586; x_wconf 66' lang='lat' dir='ltr'><strong>quae</strong></span> <span class='ocrx_word' id='word_1_305' title='bbox 1833 2530 1966 2570; x_wconf 86' lang='lat' dir='ltr'><strong>sane</strong></span> <span class='ocrx_word' id='word_1_306' title='bbox 2014 2529 2108 2568; x_wconf 84' lang='lat' dir='ltr'><strong>su-</strong></span> 
     </span>
    </p>
   </div>
   <div class='ocr_carea' id='block_1_39' title="bbox 526 2607 1170 2679">
    <p class='ocr_par' dir='ltr' id='par_1_39' title="bbox 526 2607 1170 2679">
     <span class='ocr_line' id='line_1_39' title="bbox 526 2607 1170 2679; baseline 0.003 -20"><span class='ocrx_word' id='word_1_307' title='bbox 526 2607 681 2676; x_wconf 91' lang='lat' dir='ltr'><strong>perni</strong></span> <span class='ocrx_word' id='word_1_308' title='bbox 717 2608 919 2679; x_wconf 87' lang='lat' dir='ltr'><strong>eloquii</strong></span> <span class='ocrx_word' id='word_1_309' title='bbox 954 2609 1034 2663; x_wconf 83' lang='lat' dir='ltr'><strong>vis</strong></span> <span class='ocrx_word' id='word_1_310' title='bbox 1065 2617 1170 2665; x_wconf 90' lang='lat' dir='ltr'><strong>est.</strong></span> 
     </span>
    </p>
   </div>
   <div class='ocr_carea' id='block_1_40' title="bbox 536 2696 2107 2778">
    <p class='ocr_par' dir='ltr' id='par_1_40' title="bbox 536 2696 2107 2778">
     <span class='ocr_line' id='line_1_40' title="bbox 536 2696 2107 2778; baseline 0.002 -26"><span class='ocrx_word' id='word_1_311' title='bbox 536 2772 543 2778; x_wconf 26' lang='lat'><em>.</em></span> <span class='ocrx_word' id='word_1_312' title='bbox 598 2696 770 2754; x_wconf 88' lang='lat' dir='ltr'><strong>Porro</strong></span> <span class='ocrx_word' id='word_1_313' title='bbox 801 2700 1025 2757; x_wconf 83' lang='lat' dir='ltr'><strong>dicere:</strong></span> <span class='ocrx_word' id='word_1_314' title='bbox 1072 2720 1093 2754; x_wconf 76' lang='grc' dir='ltr'><strong>ι</strong></span> <span class='ocrx_word' id='word_1_315' title='bbox 1123 2701 1342 2768; x_wconf 86' lang='lat' dir='ltr'><strong>Omnia,</strong></span> <span class='ocrx_word' id='word_1_316' title='bbox 1384 2716 1505 2771; x_wconf 75' lang='lat' dir='ltr'><strong>quae</strong></span> <span class='ocrx_word' id='word_1_317' title='bbox 1552 2700 1714 2755; x_wconf 84' lang='lat' dir='ltr'><strong>habet</strong></span> <span class='ocrx_word' id='word_1_318' title='bbox 1759 2700 1944 2764; x_wconf 89' lang='lat' dir='ltr'><strong>Pater,</strong></span> <span class='ocrx_word' id='word_1_319' title='bbox 1985 2713 2107 2755; x_wconf 85' lang='lat' dir='ltr'><strong>mea</strong></span> 
     </span>
    </p>
   </div>
   <div class='ocr_carea' id='block_1_41' title="bbox 529 2790 2111 2863">
    <p class='ocr_par' dir='ltr' id='par_1_41' title="bbox 529 2790 2111 2863">
     <span class='ocr_line' id='line_1_41' title="bbox 529 2790 2111 2863; baseline 0.003 -21"><span class='ocrx_word' id='word_1_320' title='bbox 529 2799 689 2850; x_wconf 84' lang='lat' dir='ltr'><strong>sunt;</strong></span> <span class='ocrx_word' id='word_1_321' title='bbox 724 2790 844 2846; x_wconf 90' lang='lat' dir='ltr'><strong>ideo</strong></span> <span class='ocrx_word' id='word_1_322' title='bbox 877 2791 1031 2848; x_wconf 81' lang='lat' dir='ltr'><strong>dixi:</strong></span> <span class='ocrx_word' id='word_1_323' title='bbox 1065 2794 1194 2863; x_wconf 85' lang='lat' dir='ltr'><strong>quia</strong></span> <span class='ocrx_word' id='word_1_324' title='bbox 1228 2809 1294 2847; x_wconf 89' lang='lat' dir='ltr'><strong>ex</strong></span> <span class='ocrx_word' id='word_1_325' title='bbox 1322 2808 1446 2847; x_wconf 88' lang='lat' dir='ltr'><strong>meo</strong></span> <span class='ocrx_word' id='word_1_326' title='bbox 1477 2793 1637 2847; x_wconf 84' lang='lat' dir='ltr'><strong>Patre</strong></span> <span class='ocrx_word' id='word_1_327' title='bbox 1673 2790 1925 2861; x_wconf 81' lang='lat' dir='ltr'><strong>accipiet,</strong></span> <span class='ocrx_word' id='word_1_328' title='bbox 1959 2810 1977 2843; x_wconf 71' lang='grc' dir='ltr'><strong><em>ο</em></strong></span> <span class='ocrx_word' id='word_1_329' title='bbox 2015 2800 2111 2846; x_wconf 89' lang='lat' dir='ltr'><strong>aut</strong></span> 
     </span>
    </p>
   </div>
   <div class='ocr_carea' id='block_1_42' title="bbox 529 2881 2111 2955">
    <p class='ocr_par' dir='ltr' id='par_1_42' title="bbox 529 2881 2111 2955">
     <span class='ocr_line' id='line_1_42' title="bbox 529 2881 2111 2955; baseline 0.001 -21"><span class='ocrx_word' id='word_1_330' title='bbox 529 2881 663 2935; x_wconf 85' lang='lat' dir='ltr'><strong>nihil</strong></span> <span class='ocrx_word' id='word_1_331' title='bbox 696 2882 986 2954; x_wconf 78' lang='lat' dir='ltr'><strong>signiﬁcat,</strong></span> <span class='ocrx_word' id='word_1_332' title='bbox 1018 2895 1111 2940; x_wconf 88' lang='lat' dir='ltr'><strong>aut</strong></span> <span class='ocrx_word' id='word_1_333' title='bbox 1146 2884 1283 2939; x_wconf 89' lang='lat' dir='ltr'><strong>nihil</strong></span> <span class='ocrx_word' id='word_1_334' title='bbox 1315 2887 1381 2938; x_wconf 90' lang='lat' dir='ltr'><strong>ad</strong></span> <span class='ocrx_word' id='word_1_335' title='bbox 1418 2885 1758 2955; x_wconf 88' lang='lat' dir='ltr'><strong>propositum</strong></span> <span class='ocrx_word' id='word_1_336' title='bbox 1795 2883 1922 2949; x_wconf 84' lang='lat' dir='ltr'><strong>sibi,</strong></span> <span class='ocrx_word' id='word_1_337' title='bbox 1948 2883 2111 2952; x_wconf 79' lang='lat' dir='ltr'><strong>quip-</strong></span> 
     </span>
    </p>
   </div>
   <div class='ocr_carea' id='block_1_43' title="bbox 532 2975 2109 3046">
    <p class='ocr_par' dir='ltr' id='par_1_43' title="bbox 532 2975 2109 3046">
     <span class='ocr_line' id='line_1_43' title="bbox 532 2975 2109 3046; baseline 0 -16"><span class='ocrx_word' id='word_1_338' title='bbox 532 2990 600 3044; x_wconf 88' lang='lat' dir='ltr'><strong>pe</strong></span> <span class='ocrx_word' id='word_1_339' title='bbox 645 2985 898 3046; x_wconf 88' lang='lat' dir='ltr'><strong>suscepta</strong></span> <span class='ocrx_word' id='word_1_340' title='bbox 947 2976 1016 3031; x_wconf 92' lang='lat' dir='ltr'><strong>ad</strong></span> <span class='ocrx_word' id='word_1_341' title='bbox 1068 2985 1403 3031; x_wconf 88' lang='lat' dir='ltr'><strong>structuram</strong></span> <span class='ocrx_word' id='word_1_342' title='bbox 1453 2992 1647 3039; x_wconf 87' lang='lat' dir='ltr'><strong>causa,</strong></span> <span class='ocrx_word' id='word_1_343' title='bbox 1701 2976 1838 3029; x_wconf 88' lang='lat' dir='ltr'><strong>nihil</strong></span> <span class='ocrx_word' id='word_1_344' title='bbox 1883 2976 1951 3030; x_wconf 90' lang='lat' dir='ltr'><strong>de</strong></span> <span class='ocrx_word' id='word_1_345' title='bbox 1988 2975 2109 3030; x_wconf 81' lang='lat' dir='ltr'><strong>Filii</strong></span> 
     </span>
    </p>
   </div>
   <div class='ocr_carea' id='block_1_44' title="bbox 530 3067 2108 3140">
    <p class='ocr_par' dir='ltr' id='par_1_44' title="bbox 530 3067 2108 3140">
     <span class='ocr_line' id='line_1_44' title="bbox 530 3067 2108 3140; baseline 0.001 -19"><span class='ocrx_word' id='word_1_346' title='bbox 530 3067 796 3137; x_wconf 80' lang='lat' dir='ltr'><strong>dignitate</strong></span> <span class='ocrx_word' id='word_1_347' title='bbox 840 3070 1140 3135; x_wconf 90' lang='lat' dir='ltr'><strong>concludit,</strong></span> <span class='ocrx_word' id='word_1_348' title='bbox 1171 3070 1278 3126; x_wconf 84' lang='lat' dir='ltr'><strong>nisi</strong></span> <span class='ocrx_word' id='word_1_349' title='bbox 1325 3070 1381 3123; x_wconf 91' lang='lat' dir='ltr'><strong>in</strong></span> <span class='ocrx_word' id='word_1_350' title='bbox 1428 3080 1692 3140; x_wconf 89' lang='lat' dir='ltr'><strong>quantum</strong></span> <span class='ocrx_word' id='word_1_351' title='bbox 1739 3069 1943 3124; x_wconf 90' lang='lat' dir='ltr'><strong>dictum</strong></span> <span class='ocrx_word' id='word_1_352' title='bbox 1985 3076 2108 3123; x_wconf 89' lang='lat' dir='ltr'><strong>est:</strong></span> 
     </span>
    </p>
   </div>
   <div class='ocr_carea' id='block_1_45' title="bbox 2207 1968 3791 2035">
    <p class='ocr_par' dir='ltr' id='par_1_45' title="bbox 2207 1968 3791 2035">
     <span class='ocr_line' id='line_1_45' title="bbox 2207 1968 3791 2035; baseline 0.001 -13"><span class='ocrx_word' id='word_1_353' title='bbox 2207 1982 2421 2022; x_wconf 89' lang='lat' dir='ltr'><strong>nuere:</strong></span> <span class='ocrx_word' id='word_1_354' title='bbox 2455 1978 2679 2023; x_wconf 86' lang='lat' dir='ltr'><strong>sanctus</strong></span> <span class='ocrx_word' id='word_1_355' title='bbox 2726 1968 2943 2023; x_wconf 89' lang='lat' dir='ltr'><strong>illorum</strong></span> <span class='ocrx_word' id='word_1_356' title='bbox 2978 1983 3073 2022; x_wconf 91' lang='lat' dir='ltr'><strong>ora</strong></span> <span class='ocrx_word' id='word_1_357' title='bbox 3114 1970 3395 2023; x_wconf 81' lang='lat' dir='ltr'><strong>obstruere</strong></span> <span class='ocrx_word' id='word_1_358' title='bbox 3426 1969 3631 2035; x_wconf 86' lang='lat' dir='ltr'><strong>volens,</strong></span> <span class='ocrx_word' id='word_1_359' title='bbox 3684 1972 3791 2024; x_wconf 91' lang='lat' dir='ltr'><strong>hoc</strong></span> 
     </span>
    </p>
   </div>
   <div class='ocr_carea' id='block_1_46' title="bbox 2207 2060 3788 2131">
    <p class='ocr_par' dir='ltr' id='par_1_46' title="bbox 2207 2060 3788 2131">
     <span class='ocr_line' id='line_1_46' title="bbox 2207 2060 3788 2131; baseline 0.003 -19"><span class='ocrx_word' id='word_1_360' title='bbox 2207 2060 2258 2113; x_wconf 87' lang='lat' dir='ltr'><strong>itt</strong></span> <span class='ocrx_word' id='word_1_361' title='bbox 2293 2061 2414 2115; x_wconf 92' lang='lat' dir='ltr'><strong>loco</strong></span> <span class='ocrx_word' id='word_1_362' title='bbox 2451 2061 2699 2129; x_wconf 83' lang='lat' dir='ltr'><strong>accipere</strong></span> <span class='ocrx_word' id='word_1_363' title='bbox 2728 2062 2871 2131; x_wconf 88' lang='lat' dir='ltr'><strong>quod</strong></span> <span class='ocrx_word' id='word_1_364' title='bbox 2906 2061 3125 2126; x_wconf 84' lang='lat' dir='ltr'><strong>dicitur,</strong></span> <span class='ocrx_word' id='word_1_365' title='bbox 3171 2061 3467 2116; x_wconf 85' lang='lat' dir='ltr'><strong>secundum</strong></span> <span class='ocrx_word' id='word_1_366' title='bbox 3509 2062 3788 2116; x_wconf 71' lang='lat' dir='ltr'><strong>homin-nt</strong></span> 
     </span>
    </p>
   </div>
   <div class='ocr_carea' id='block_1_47' title="bbox 2207 2152 3787 2223">
    <p class='ocr_par' dir='ltr' id='par_1_47' title="bbox 2207 2152 3787 2223">
     <span class='ocr_line' id='line_1_47' title="bbox 2207 2152 3787 2223; baseline 0.003 -18"><span class='ocrx_word' id='word_1_367' title='bbox 2207 2157 2449 2220; x_wconf 89' lang='lat' dir='ltr'><strong>accepit;</strong></span> <span class='ocrx_word' id='word_1_368' title='bbox 2503 2153 2595 2205; x_wconf 88' lang='lat' dir='ltr'><strong>ubi</strong></span> <span class='ocrx_word' id='word_1_369' title='bbox 2652 2161 2834 2206; x_wconf 88' lang='lat' dir='ltr'><strong>autem</strong></span> <span class='ocrx_word' id='word_1_370' title='bbox 2868 2152 3132 2207; x_wconf 85' lang='lat' dir='ltr'><strong>adversus</strong></span> <span class='ocrx_word' id='word_1_371' title='bbox 3165 2152 3286 2208; x_wconf 91' lang='lat' dir='ltr'><strong>illos</strong></span> <span class='ocrx_word' id='word_1_372' title='bbox 3342 2154 3389 2206; x_wconf 90' lang='lat' dir='ltr'><strong>ei</strong></span> <span class='ocrx_word' id='word_1_373' title='bbox 3438 2168 3615 2223; x_wconf 87' lang='lat' dir='ltr'><strong>pugna</strong></span> <span class='ocrx_word' id='word_1_374' title='bbox 3674 2169 3787 2208; x_wconf 89' lang='lat' dir='ltr'><strong>non</strong></span> 
     </span>
    </p>
   </div>
   <div class='ocr_carea' id='block_1_48' title="bbox 2209 2244 3790 2315">
    <p class='ocr_par' dir='ltr' id='par_1_48' title="bbox 2209 2244 3790 2315">
     <span class='ocr_line' id='line_1_48' title="bbox 2209 2244 3790 2315; baseline 0.003 -20"><span class='ocrx_word' id='word_1_375' title='bbox 2209 2254 2348 2306; x_wconf 75' lang='lat' dir='ltr'><strong>erat,</strong></span> <span class='ocrx_word' id='word_1_376' title='bbox 2388 2244 2637 2298; x_wconf 83' lang='lat' dir='ltr'><strong>traditam</strong></span> <span class='ocrx_word' id='word_1_377' title='bbox 2679 2245 3076 2314; x_wconf 81' lang='lat' dir='ltr'><strong>expositionem</strong></span> <span class='ocrx_word' id='word_1_378' title='bbox 3115 2261 3238 2299; x_wconf 91' lang='lat' dir='ltr'><strong>cum</strong></span> <span class='ocrx_word' id='word_1_379' title='bbox 3284 2246 3510 2315; x_wconf 86' lang='lat' dir='ltr'><strong>reliquis</strong></span> <span class='ocrx_word' id='word_1_380' title='bbox 3541 2245 3790 2300; x_wconf 87' lang='lat' dir='ltr'><strong>roltorat.</strong></span> 
     </span>
    </p>
   </div>
   <div class='ocr_carea' id='block_1_49' title="bbox 2211 2333 3791 2406">
    <p class='ocr_par' dir='ltr' id='par_1_49' title="bbox 2211 2333 3791 2406">
     <span class='ocr_line' id='line_1_49' title="bbox 2211 2333 3791 2406; baseline 0.002 -20"><span class='ocrx_word' id='word_1_381' title='bbox 2211 2334 2404 2389; x_wconf 86' lang='lat' dir='ltr'><strong>Dicens</strong></span> <span class='ocrx_word' id='word_1_382' title='bbox 2433 2335 2577 2389; x_wconf 87' lang='lat' dir='ltr'><strong>enim</strong></span> <span class='ocrx_word' id='word_1_383' title='bbox 2604 2334 2657 2388; x_wconf 92' lang='lat' dir='ltr'><strong>in</strong></span> <span class='ocrx_word' id='word_1_384' title='bbox 2677 2333 2905 2389; x_wconf 79' lang='lat' dir='ltr'><strong>Joannis</strong></span> <span class='ocrx_word' id='word_1_385' title='bbox 2933 2333 3224 2405; x_wconf 83' lang='lat' dir='ltr'><strong>Evangelio</strong></span> <span class='ocrx_word' id='word_1_386' title='bbox 3252 2353 3264 2388; x_wconf 93' lang='lat'><strong>:</strong></span> <span class='ocrx_word' id='word_1_387' title='bbox 3290 2334 3373 2389; x_wconf 77' lang='lat' dir='ltr'><strong>Ex</strong></span> <span class='ocrx_word' id='word_1_388' title='bbox 3408 2352 3519 2391; x_wconf 75' lang='lat' dir='ltr'><strong>meo</strong></span> <span class='ocrx_word' id='word_1_389' title='bbox 3541 2338 3791 2406; x_wconf 59' lang='lat' dir='ltr'><strong>accipiet,</strong></span> 
     </span>
    </p>
   </div>
   <div class='ocr_carea' id='block_1_50' title="bbox 2210 2427 3793 2499">
    <p class='ocr_par' dir='ltr' id='par_1_50' title="bbox 2210 2427 3793 2499">
     <span class='ocr_line' id='line_1_50' title="bbox 2210 2427 3793 2499; baseline 0.001 -19"><span class='ocrx_word' id='word_1_390' title='bbox 2210 2427 2314 2481; x_wconf 91' lang='lat' dir='ltr'><strong>hoc</strong></span> <span class='ocrx_word' id='word_1_391' title='bbox 2343 2434 2447 2489; x_wconf 84' lang='lat' dir='ltr'><strong>est,</strong></span> <span class='ocrx_word' id='word_1_392' title='bbox 2478 2441 2544 2479; x_wconf 81' lang='lat' dir='ltr'><strong>ex</strong></span> <span class='ocrx_word' id='word_1_393' title='bbox 2590 2441 2710 2480; x_wconf 88' lang='lat' dir='ltr'><strong>mea</strong></span> <span class='ocrx_word' id='word_1_394' title='bbox 2752 2427 3002 2489; x_wconf 88' lang='lat' dir='ltr'><strong>scientia,</strong></span> <span class='ocrx_word' id='word_1_395' title='bbox 3035 2428 3279 2483; x_wconf 83' lang='lat' dir='ltr'><strong>ostendit</strong></span> <span class='ocrx_word' id='word_1_396' title='bbox 3307 2444 3363 2483; x_wconf 89' lang='lat' dir='ltr'><strong>se</strong></span> <span class='ocrx_word' id='word_1_397' title='bbox 3390 2427 3536 2499; x_wconf 87' lang='lat' dir='ltr'><strong>quod</strong></span> <span class='ocrx_word' id='word_1_398' title='bbox 3560 2430 3793 2495; x_wconf 90' lang='lat' dir='ltr'><strong>dicitur,</strong></span> 
     </span>
    </p>
   </div>
   <div class='ocr_carea' id='block_1_51' title="bbox 2206 2516 3789 2588">
    <p class='ocr_par' dir='ltr' id='par_1_51' title="bbox 2206 2516 3789 2588">
     <span class='ocr_line' id='line_1_51' title="bbox 2206 2516 3789 2588; baseline 0.002 -16"><span class='ocrx_word' id='word_1_399' title='bbox 2206 2532 2269 2572; x_wconf 85' lang='lat' dir='ltr'><strong>ex</strong></span> <span class='ocrx_word' id='word_1_400' title='bbox 2312 2531 2434 2572; x_wconf 90' lang='lat' dir='ltr'><strong>meo</strong></span> <span class='ocrx_word' id='word_1_401' title='bbox 2480 2516 2731 2587; x_wconf 88' lang='lat' dir='ltr'><strong>accipiet,</strong></span> <span class='ocrx_word' id='word_1_402' title='bbox 2766 2518 2849 2572; x_wconf 83' lang='lat' dir='ltr'><strong>vel</strong></span> <span class='ocrx_word' id='word_1_403' title='bbox 2886 2519 3109 2588; x_wconf 82' lang='lat' dir='ltr'><strong>accipit,</strong></span> <span class='ocrx_word' id='word_1_404' title='bbox 3140 2535 3203 2573; x_wconf 76' lang='lat' dir='ltr'><strong>ex</strong></span> <span class='ocrx_word' id='word_1_405' title='bbox 3229 2517 3391 2584; x_wconf 83' lang='lat' dir='ltr'><strong>Filio,</strong></span> <span class='ocrx_word' id='word_1_406' title='bbox 3426 2520 3789 2577; x_wconf 76' lang='lat' dir='ltr'><strong>intellexisse.</strong></span> 
     </span>
    </p>
   </div>
   <div class='ocr_carea' id='block_1_52' title="bbox 2211 2608 3792 2682">
    <p class='ocr_par' dir='ltr' id='par_1_52' title="bbox 2211 2608 3792 2682">
     <span class='ocr_line' id='line_1_52' title="bbox 2211 2608 3792 2682; baseline 0.005 -21"><span class='ocrx_word' id='word_1_407' title='bbox 2211 2608 2327 2678; x_wconf 89' lang='lat' dir='ltr'><strong>Ipse</strong></span> <span class='ocrx_word' id='word_1_408' title='bbox 2361 2608 2561 2678; x_wconf 89' lang='lat' dir='ltr'><strong>quippe</strong></span> <span class='ocrx_word' id='word_1_409' title='bbox 2592 2620 2675 2664; x_wconf 89' lang='lat' dir='ltr'><strong>est</strong></span> <span class='ocrx_word' id='word_1_410' title='bbox 2719 2608 2813 2664; x_wconf 89' lang='lat' dir='ltr'><strong>Dei</strong></span> <span class='ocrx_word' id='word_1_411' title='bbox 2869 2610 3157 2680; x_wconf 86' lang='lat' dir='ltr'><strong>sapientia,</strong></span> <span class='ocrx_word' id='word_1_412' title='bbox 3192 2627 3369 2682; x_wconf 85' lang='lat' dir='ltr'><strong>neque</strong></span> <span class='ocrx_word' id='word_1_413' title='bbox 3414 2620 3496 2667; x_wconf 85' lang='lat' dir='ltr'><strong>est</strong></span> <span class='ocrx_word' id='word_1_414' title='bbox 3526 2613 3672 2667; x_wconf 86' lang='lat' dir='ltr'><strong>aliud</strong></span> <span class='ocrx_word' id='word_1_415' title='bbox 3703 2630 3792 2669; x_wconf 87' lang='lat' dir='ltr'><strong>es-</strong></span> 
     </span>
    </p>
   </div>
   <div class='ocr_carea' id='block_1_53' title="bbox 2209 2700 3793 2775">
    <p class='ocr_par' dir='ltr' id='par_1_53' title="bbox 2209 2700 3793 2775">
     <span class='ocr_line' id='line_1_53' title="bbox 2209 2700 3793 2775; baseline 0.006 -21"><span class='ocrx_word' id='word_1_416' title='bbox 2209 2701 2394 2759; x_wconf 50' lang='lat' dir='ltr'><strong>sentia.</strong></span> <span class='ocrx_word' id='word_1_417' title='bbox 2413 2700 2556 2770; x_wconf 83' lang='lat' dir='ltr'><strong>ejus,</strong></span> <span class='ocrx_word' id='word_1_418' title='bbox 2590 2711 2788 2772; x_wconf 69' lang='lat' dir='ltr'><strong>praeter</strong></span> <span class='ocrx_word' id='word_1_419' title='bbox 2829 2702 3115 2756; x_wconf 86' lang='lat' dir='ltr'><strong>scientiam</strong></span> <span class='ocrx_word' id='word_1_420' title='bbox 3149 2703 3339 2773; x_wconf 82' lang='lat' dir='ltr'><strong>ipsius.</strong></span> <span class='ocrx_word' id='word_1_421' title='bbox 3375 2703 3546 2758; x_wconf 79' lang='lat' dir='ltr'><strong>Aliter</strong></span> <span class='ocrx_word' id='word_1_422' title='bbox 3587 2706 3793 2775; x_wconf 85' lang='lat' dir='ltr'><strong>quippe</strong></span> 
     </span>
    </p>
   </div>
   <div class='ocr_carea' id='block_1_54' title="bbox 2209 2792 3796 2861">
    <p class='ocr_par' dir='ltr' id='par_1_54' title="bbox 2209 2792 3796 2861">
     <span class='ocr_line' id='line_1_54' title="bbox 2209 2792 3796 2861; baseline 0.005 -17"><span class='ocrx_word' id='word_1_423' title='bbox 2209 2792 2548 2860; x_wconf 85' lang='lat' dir='ltr'><strong>compositus</strong></span> <span class='ocrx_word' id='word_1_424' title='bbox 2577 2793 2703 2859; x_wconf 88' lang='lat' dir='ltr'><strong>erit,</strong></span> <span class='ocrx_word' id='word_1_425' title='bbox 2732 2808 2855 2847; x_wconf 92' lang='lat' dir='ltr'><strong>cum</strong></span> <span class='ocrx_word' id='word_1_426' title='bbox 2888 2795 2942 2848; x_wconf 88' lang='lat' dir='ltr'><strong>itt</strong></span> <span class='ocrx_word' id='word_1_427' title='bbox 2970 2795 3076 2850; x_wconf 89' lang='lat' dir='ltr'><strong>alio</strong></span> <span class='ocrx_word' id='word_1_428' title='bbox 3103 2797 3362 2861; x_wconf 84' lang='lat' dir='ltr'><strong>essentia,</strong></span> <span class='ocrx_word' id='word_1_429' title='bbox 3395 2798 3447 2851; x_wconf 88' lang='lat' dir='ltr'><strong>itt</strong></span> <span class='ocrx_word' id='word_1_430' title='bbox 3478 2797 3585 2852; x_wconf 91' lang='lat' dir='ltr'><strong>alio</strong></span> <span class='ocrx_word' id='word_1_431' title='bbox 3615 2800 3796 2854; x_wconf 84' lang='lat' dir='ltr'><strong>scien-</strong></span> 
     </span>
    </p>
   </div>
   <div class='ocr_carea' id='block_1_55' title="bbox 2212 2883 3790 2956">
    <p class='ocr_par' dir='ltr' id='par_1_55' title="bbox 2212 2883 3790 2956">
     <span class='ocr_line' id='line_1_55' title="bbox 2212 2883 3790 2956; baseline 0.005 -21"><span class='ocrx_word' id='word_1_432' title='bbox 2212 2883 2284 2936; x_wconf 87' lang='lat' dir='ltr'><strong>tia</strong></span> <span class='ocrx_word' id='word_1_433' title='bbox 2318 2883 2663 2952; x_wconf 90' lang='lat' dir='ltr'><strong>inspiciatur.</strong></span> <span class='ocrx_word' id='word_1_434' title='bbox 2704 2884 2768 2939; x_wconf 87' lang='lat' dir='ltr'><strong>Et</strong></span> <span class='ocrx_word' id='word_1_435' title='bbox 2810 2886 3047 2940; x_wconf 80' lang='lat' dir='ltr'><strong>essentia</strong></span> <span class='ocrx_word' id='word_1_436' title='bbox 3091 2888 3308 2956; x_wconf 81' lang='lat' dir='ltr'><strong>quidem</strong></span> <span class='ocrx_word' id='word_1_437' title='bbox 3358 2903 3544 2944; x_wconf 85' lang='lat' dir='ltr'><strong>cat-ere</strong></span> <span class='ocrx_word' id='word_1_438' title='bbox 3587 2891 3790 2944; x_wconf 83' lang='lat' dir='ltr'><strong>intelli-</strong></span> 
     </span>
    </p>
   </div>
   <div class='ocr_carea' id='block_1_56' title="bbox 2210 2976 3791 3044">
    <p class='ocr_par' dir='ltr' id='par_1_56' title="bbox 2210 2976 3791 3044">
     <span class='ocr_line' id='line_1_56' title="bbox 2210 2976 3791 3044; baseline 0.004 -13"><span class='ocrx_word' id='word_1_439' title='bbox 2210 2976 2410 3044; x_wconf 82' lang='lat' dir='ltr'><strong>gentia,</strong></span> <span class='ocrx_word' id='word_1_440' title='bbox 2455 2978 2678 3034; x_wconf 86' lang='lat' dir='ltr'><strong>sclentia</strong></span> <span class='ocrx_word' id='word_1_441' title='bbox 2713 2993 2841 3033; x_wconf 90' lang='lat' dir='ltr'><strong>vero</strong></span> <span class='ocrx_word' id='word_1_442' title='bbox 2870 2979 2988 3033; x_wconf 82' lang='lat' dir='ltr'><strong>sine</strong></span> <span class='ocrx_word' id='word_1_443' title='bbox 3015 2980 3321 3035; x_wconf 70' lang='lat' dir='ltr'><strong>substantia</strong></span> <span class='ocrx_word' id='word_1_444' title='bbox 3365 2996 3489 3036; x_wconf 83' lang='lat' dir='ltr'><strong>esse</strong></span> <span class='ocrx_word' id='word_1_445' title='bbox 3513 2983 3791 3037; x_wconf 90' lang='lat' dir='ltr'><strong>credetur.</strong></span> 
     </span>
    </p>
   </div>
   <div class='ocr_carea' id='block_1_57' title="bbox 2213 3068 3790 3143">
    <p class='ocr_par' dir='ltr' id='par_1_57' title="bbox 2213 3068 3790 3143">
     <span class='ocr_line' id='line_1_57' title="bbox 2213 3068 3790 3143; baseline 0.005 -21"><span class='ocrx_word' id='word_1_446' title='bbox 2213 3068 2504 3124; x_wconf 84' lang='lat' dir='ltr'><strong>Enimvero</strong></span> <span class='ocrx_word' id='word_1_447' title='bbox 2541 3071 2675 3141; x_wconf 88' lang='lat' dir='ltr'><strong>dare</strong></span> <span class='ocrx_word' id='word_1_448' title='bbox 2734 3080 2790 3125; x_wconf 88' lang='lat' dir='ltr'><strong>et</strong></span> <span class='ocrx_word' id='word_1_449' title='bbox 2834 3071 3082 3142; x_wconf 88' lang='lat' dir='ltr'><strong>accipere</strong></span> <span class='ocrx_word' id='word_1_450' title='bbox 3109 3075 3254 3143; x_wconf 90' lang='lat' dir='ltr'><strong>quod</strong></span> <span class='ocrx_word' id='word_1_451' title='bbox 3296 3074 3518 3141; x_wconf 90' lang='lat' dir='ltr'><strong>dicitur,</strong></span> <span class='ocrx_word' id='word_1_452' title='bbox 3571 3089 3790 3130; x_wconf 79' lang='lat' dir='ltr'><strong>causam</strong></span> 
     </span>
    </p>
   </div>
   <div class='ocr_carea' id='block_1_58' title="bbox 531 3158 3797 3259">
    <p class='ocr_par' dir='ltr' id='par_1_58' title="bbox 531 3158 3797 3259">
     <span class='ocr_line' id='line_1_58' title="bbox 531 3158 3797 3259; baseline 0.003 -47"><span class='ocrx_word' id='word_1_453' title='bbox 531 3158 747 3225; x_wconf 81' lang='lat' dir='ltr'><strong>Omnia,</strong></span> <span class='ocrx_word' id='word_1_454' title='bbox 791 3176 908 3231; x_wconf 75' lang='lat' dir='ltr'><strong>qua:</strong></span> <span class='ocrx_word' id='word_1_455' title='bbox 964 3160 1118 3214; x_wconf 73' lang='lat' dir='ltr'><strong>habet</strong></span> <span class='ocrx_word' id='word_1_456' title='bbox 1170 3160 1337 3215; x_wconf 84' lang='lat' dir='ltr'><strong>Pater</strong></span> <span class='ocrx_word' id='word_1_457' title='bbox 1384 3178 1502 3215; x_wconf 84' lang='lat' dir='ltr'><strong>mea</strong></span> <span class='ocrx_word' id='word_1_458' title='bbox 1548 3170 1693 3228; x_wconf 81' lang='lat' dir='ltr'><strong>sunt,</strong></span> <span class='ocrx_word' id='word_1_459' title='bbox 1746 3160 1892 3230; x_wconf 88' lang='lat' dir='ltr'><strong>quod</strong></span> <span class='ocrx_word' id='word_1_460' title='bbox 1945 3159 2107 3214; x_wconf 84' lang='lat' dir='ltr'><strong>etiam</strong></span> <span class='ocrx_word' id='word_1_461' title='bbox 2139 3197 2184 3259; x_wconf 62' lang='grc' dir='ltr'>Ο</span> <span class='ocrx_word' id='word_1_462' title='bbox 2213 3163 2544 3232; x_wconf 80' lang='lat' dir='ltr'><strong>causaleque</strong></span> <span class='ocrx_word' id='word_1_463' title='bbox 2589 3163 2806 3233; x_wconf 86' lang='lat' dir='ltr'><strong>signare</strong></span> <span class='ocrx_word' id='word_1_464' title='bbox 2836 3166 3180 3220; x_wconf 79' lang='lat' dir='ltr'><strong>monstravit.</strong></span> <span class='ocrx_word' id='word_1_465' title='bbox 3225 3164 3340 3219; x_wconf 81' lang='lat' dir='ltr'><strong>Hoc</strong></span> <span class='ocrx_word' id='word_1_466' title='bbox 3366 3174 3545 3220; x_wconf 88' lang='lat' dir='ltr'><strong>autem</strong></span> <span class='ocrx_word' id='word_1_467' title='bbox 3578 3169 3797 3237; x_wconf 82' lang='lat' dir='ltr'><strong>exposi-</strong></span> 
     </span>
    </p>
   </div>
   <div class='ocr_carea' id='block_1_59' title="bbox 529 3252 2106 3325">
    <p class='ocr_par' dir='ltr' id='par_1_59' title="bbox 529 3252 2106 3325">
     <span class='ocr_line' id='line_1_59' title="bbox 529 3252 2106 3325; baseline 0.001 -18"><span class='ocrx_word' id='word_1_468' title='bbox 529 3252 650 3307; x_wconf 87' lang='lat' dir='ltr'><strong>sine</strong></span> <span class='ocrx_word' id='word_1_469' title='bbox 701 3267 785 3318; x_wconf 90' lang='lat' dir='ltr'><strong>eo,</strong></span> <span class='ocrx_word' id='word_1_470' title='bbox 821 3254 969 3323; x_wconf 89' lang='lat' dir='ltr'><strong>quod</strong></span> <span class='ocrx_word' id='word_1_471' title='bbox 1018 3255 1288 3325; x_wconf 89' lang='lat' dir='ltr'><strong>sequitur,</strong></span> <span class='ocrx_word' id='word_1_472' title='bbox 1324 3255 1501 3310; x_wconf 91' lang='lat' dir='ltr'><strong>solum</strong></span> <span class='ocrx_word' id='word_1_473' title='bbox 1549 3268 1645 3324; x_wconf 87' lang='lat' dir='ltr'><strong>per</strong></span> <span class='ocrx_word' id='word_1_474' title='bbox 1679 3268 1737 3308; x_wconf 74' lang='lat' dir='ltr'><strong>se.</strong></span> <span class='ocrx_word' id='word_1_475' title='bbox 1774 3253 1952 3324; x_wconf 84' lang='lat' dir='ltr'><strong>ipsum</strong></span> <span class='ocrx_word' id='word_1_476' title='bbox 1999 3253 2106 3308; x_wconf 86' lang='lat' dir='ltr'><strong>diei</strong></span> 
     </span>
    </p>
   </div>
   <div class='ocr_carea' id='block_1_60' title="bbox 530 3350 768 3414">
    <p class='ocr_par' dir='ltr' id='par_1_60' title="bbox 530 3350 768 3414">
     <span class='ocr_line' id='line_1_60' title="bbox 530 3350 768 3414; baseline 0 -17"><span class='ocrx_word' id='word_1_477' title='bbox 530 3350 768 3414; x_wconf 88' lang='lat' dir='ltr'><strong>poterat.</strong></span> 
     </span>
    </p>
   </div>
   <div class='ocr_carea' id='block_1_61' title="bbox 601 3428 2108 3510">
    <p class='ocr_par' dir='ltr' id='par_1_61' title="bbox 601 3428 2108 3510">
     <span class='ocr_line' id='line_1_61' title="bbox 601 3428 2108 3510; baseline 0 -18"><span class='ocrx_word' id='word_1_478' title='bbox 601 3438 890 3503; x_wconf 66' lang='lat' dir='ltr'><strong>Caeterum,</strong></span> <span class='ocrx_word' id='word_1_479' title='bbox 926 3439 971 3494; x_wconf 90' lang='lat' dir='ltr'><strong>si</strong></span> <span class='ocrx_word' id='word_1_480' title='bbox 1006 3438 1132 3510; x_wconf 88' lang='lat' dir='ltr'><strong>quis</strong></span> <span class='ocrx_word' id='word_1_481' title='bbox 1165 3438 1348 3494; x_wconf 87' lang='lat' dir='ltr'><strong>divum</strong></span> <span class='ocrx_word' id='word_1_482' title='bbox 1378 3428 1830 3510; x_wconf 77' lang='lat' dir='ltr'><strong>Chrysostomum</strong></span> <span class='ocrx_word' id='word_1_483' title='bbox 1865 3438 2108 3510; x_wconf 86' lang='lat' dir='ltr'><strong>objiciat,</strong></span> 
     </span>
    </p>
   </div>
   <div class='ocr_carea' id='block_1_62' title="bbox 528 3529 2109 3599">
    <p class='ocr_par' dir='ltr' id='par_1_62' title="bbox 528 3529 2109 3599">
     <span class='ocr_line' id='line_1_62' title="bbox 528 3529 2109 3599; baseline -0.001 -16"><span class='ocrx_word' id='word_1_484' title='bbox 528 3531 583 3583; x_wconf 79' lang='lat' dir='ltr'><strong>in</strong></span> <span class='ocrx_word' id='word_1_485' title='bbox 608 3530 845 3599; x_wconf 85' lang='lat' dir='ltr'><strong>quodam</strong></span> <span class='ocrx_word' id='word_1_486' title='bbox 875 3545 1129 3586; x_wconf 82' lang='lat' dir='ltr'><strong>sermone</strong></span> <span class='ocrx_word' id='word_1_487' title='bbox 1156 3545 1259 3586; x_wconf 92' lang='lat' dir='ltr'><strong>suo</strong></span> <span class='ocrx_word' id='word_1_488' title='bbox 1290 3531 1342 3586; x_wconf 89' lang='lat' dir='ltr'><strong>id</strong></span> <span class='ocrx_word' id='word_1_489' title='bbox 1372 3540 1759 3599; x_wconf 79' lang='lat' dir='ltr'><strong>exponentem,</strong></span> <span class='ocrx_word' id='word_1_490' title='bbox 1791 3529 1940 3598; x_wconf 86' lang='lat' dir='ltr'><strong>quod</strong></span> <span class='ocrx_word' id='word_1_491' title='bbox 1972 3531 2109 3585; x_wconf 90' lang='lat' dir='ltr'><strong>dici-</strong></span> 
     </span>
    </p>
   </div>
   <div class='ocr_carea' id='block_1_63' title="bbox 536 3619 2108 3693">
    <p class='ocr_par' dir='ltr' id='par_1_63' title="bbox 536 3619 2108 3693">
     <span class='ocr_line' id='line_1_63' title="bbox 536 3619 2108 3693; baseline 0.001 -19"><span class='ocrx_word' id='word_1_492' title='bbox 536 3627 680 3674; x_wconf 86' lang='lat' dir='ltr'><strong>tur:</strong></span> <span class='ocrx_word' id='word_1_493' title='bbox 734 3619 819 3673; x_wconf 81' lang='lat' dir='ltr'><strong>Ea:</strong></span> <span class='ocrx_word' id='word_1_494' title='bbox 870 3637 983 3676; x_wconf 82' lang='lat' dir='ltr'><strong>meo</strong></span> <span class='ocrx_word' id='word_1_495' title='bbox 1038 3623 1262 3693; x_wconf 72' lang='lat' dir='ltr'><strong>accipiet</strong></span> <span class='ocrx_word' id='word_1_496' title='bbox 1301 3637 1322 3679; x_wconf 89' lang='lat'><strong><em>:</em></strong></span> <span class='ocrx_word' id='word_1_497' title='bbox 1369 3623 1622 3679; x_wconf 66' lang='lat' dir='ltr'><strong>videlicet</strong></span> <span class='ocrx_word' id='word_1_498' title='bbox 1667 3640 1735 3679; x_wconf 77' lang='lat' dir='ltr'><strong>ea:</strong></span> <span class='ocrx_word' id='word_1_499' title='bbox 1763 3639 1879 3678; x_wconf 85' lang='lat' dir='ltr'><strong>mea</strong></span> <span class='ocrx_word' id='word_1_500' title='bbox 1928 3639 2108 3689; x_wconf 80' lang='lat' dir='ltr'><strong>carne,</strong></span> 
     </span>
    </p>
   </div>
   <div class='ocr_carea' id='block_1_64' title="bbox 536 3716 2113 3787">
    <p class='ocr_par' dir='ltr' id='par_1_64' title="bbox 536 3716 2113 3787">
     <span class='ocr_line' id='line_1_64' title="bbox 536 3716 2113 3787; baseline 0.003 -21"><span class='ocrx_word' id='word_1_501' title='bbox 536 3721 700 3784; x_wconf 88' lang='lat' dir='ltr'><strong>atque</strong></span> <span class='ocrx_word' id='word_1_502' title='bbox 741 3728 807 3768; x_wconf 79' lang='lat' dir='ltr'><strong>ea:</strong></span> <span class='ocrx_word' id='word_1_503' title='bbox 848 3730 960 3770; x_wconf 84' lang='lat' dir='ltr'><strong>meo</strong></span> <span class='ocrx_word' id='word_1_504' title='bbox 1004 3731 1240 3786; x_wconf 80' lang='lat' dir='ltr'><strong>corpore,</strong></span> <span class='ocrx_word' id='word_1_505' title='bbox 1287 3716 1452 3771; x_wconf 83' lang='lat' dir='ltr'><strong>veluti</strong></span> <span class='ocrx_word' id='word_1_506' title='bbox 1497 3730 1561 3771; x_wconf 90' lang='lat' dir='ltr'><strong>ex</strong></span> <span class='ocrx_word' id='word_1_507' title='bbox 1605 3716 1842 3772; x_wconf 88' lang='lat' dir='ltr'><strong>cisterna</strong></span> <span class='ocrx_word' id='word_1_508' title='bbox 1876 3716 2113 3787; x_wconf 88' lang='lat' dir='ltr'><strong>quadam</strong></span> 
     </span>
    </p>
   </div>
   <div class='ocr_carea' id='block_1_65' title="bbox 533 3804 2113 3875">
    <p class='ocr_par' dir='ltr' id='par_1_65' title="bbox 533 3804 2113 3875">
     <span class='ocr_line' id='line_1_65' title="bbox 533 3804 2113 3875; baseline 0.001 -18"><span class='ocrx_word' id='word_1_509' title='bbox 533 3804 661 3858; x_wconf 91' lang='lat' dir='ltr'><strong>inde</strong></span> <span class='ocrx_word' id='word_1_510' title='bbox 681 3804 962 3860; x_wconf 82' lang='lat' dir='ltr'><strong>hauriens.</strong></span> <span class='ocrx_word' id='word_1_511' title='bbox 990 3805 1274 3875; x_wconf 88' lang='lat' dir='ltr'><strong>lmpletum</strong></span> <span class='ocrx_word' id='word_1_512' title='bbox 1306 3806 1453 3861; x_wconf 90' lang='lat' dir='ltr'><strong>enim</strong></span> <span class='ocrx_word' id='word_1_513' title='bbox 1488 3805 1660 3860; x_wconf 79' lang='lat' dir='ltr'><strong>fuisse</strong></span> <span class='ocrx_word' id='word_1_514' title='bbox 1693 3804 1880 3861; x_wconf 83' lang='lat' dir='ltr'><strong>Jesutn</strong></span> <span class='ocrx_word' id='word_1_515' title='bbox 1913 3820 2113 3861; x_wconf 85' lang='lat' dir='ltr'><strong>secun-</strong></span> 
     </span>
    </p>
   </div>
   <div class='ocr_carea' id='block_1_66' title="bbox 530 3897 2110 3967">
    <p class='ocr_par' dir='ltr' id='par_1_66' title="bbox 530 3897 2110 3967">
     <span class='ocr_line' id='line_1_66' title="bbox 530 3897 2110 3967; baseline -0.001 -14"><span class='ocrx_word' id='word_1_516' title='bbox 530 3898 662 3953; x_wconf 91' lang='lat' dir='ltr'><strong>dum</strong></span> <span class='ocrx_word' id='word_1_517' title='bbox 689 3897 966 3952; x_wconf 88' lang='lat' dir='ltr'><strong>hominem</strong></span> <span class='ocrx_word' id='word_1_518' title='bbox 998 3898 1255 3953; x_wconf 89' lang='lat' dir='ltr'><strong>omnibus</strong></span> <span class='ocrx_word' id='word_1_519' title='bbox 1287 3897 1477 3967; x_wconf 81' lang='lat' dir='ltr'><strong>gratiis</strong></span> <span class='ocrx_word' id='word_1_520' title='bbox 1504 3897 1763 3967; x_wconf 90' lang='lat' dir='ltr'><strong>Spiritus,</strong></span> <span class='ocrx_word' id='word_1_521' title='bbox 1794 3898 1863 3952; x_wconf 87' lang='lat' dir='ltr'><strong>ab</strong></span> <span class='ocrx_word' id='word_1_522' title='bbox 1890 3897 1982 3951; x_wconf 91' lang='lat' dir='ltr'><strong>illo</strong></span> <span class='ocrx_word' id='word_1_523' title='bbox 2009 3898 2110 3952; x_wconf 86' lang='lat' dir='ltr'><strong>sibi</strong></span> 
     </span>
    </p>
   </div>
   <div class='ocr_carea' id='block_1_67' title="bbox 531 3989 2119 4059">
    <p class='ocr_par' dir='ltr' id='par_1_67' title="bbox 531 3989 2119 4059">
     <span class='ocr_line' id='line_1_67' title="bbox 531 3989 2119 4059; baseline -0.001 -15"><span class='ocrx_word' id='word_1_524' title='bbox 531 3990 712 4045; x_wconf 86' lang='lat' dir='ltr'><strong>insitis</strong></span> <span class='ocrx_word' id='word_1_525' title='bbox 754 4000 809 4044; x_wconf 90' lang='lat' dir='ltr'><strong>et</strong></span> <span class='ocrx_word' id='word_1_526' title='bbox 839 3990 894 4043; x_wconf 91' lang='lat' dir='ltr'><strong>in</strong></span> <span class='ocrx_word' id='word_1_527' title='bbox 923 4005 982 4044; x_wconf 90' lang='lat' dir='ltr'><strong>se</strong></span> <span class='ocrx_word' id='word_1_528' title='bbox 1011 3990 1329 4054; x_wconf 78' lang='lat' dir='ltr'><strong>reconditis,</strong></span> <span class='ocrx_word' id='word_1_529' title='bbox 1356 3998 1520 4059; x_wconf 88' lang='lat' dir='ltr'><strong>atque</strong></span> <span class='ocrx_word' id='word_1_530' title='bbox 1546 3989 1648 4044; x_wconf 84' lang='lat' dir='ltr'><strong>ita&#39;</strong></span> <span class='ocrx_word' id='word_1_531' title='bbox 1672 3989 1890 4044; x_wconf 67' lang='lat' dir='ltr'><strong>caeteris</strong></span> <span class='ocrx_word' id='word_1_532' title='bbox 1929 3990 2119 4045; x_wconf 60' lang='lat' dir='ltr'><strong>distria</strong></span> 
     </span>
    </p>
   </div>
   <div class='ocr_carea' id='block_1_68' title="bbox 537 4081 2114 4151">
    <p class='ocr_par' dir='ltr' id='par_1_68' title="bbox 537 4081 2114 4151">
     <span class='ocr_line' id='line_1_68' title="bbox 537 4081 2114 4151; baseline 0.001 -17"><span class='ocrx_word' id='word_1_533' title='bbox 537 4083 741 4146; x_wconf 84' lang='lat' dir='ltr'><strong>buisse,</strong></span> <span class='ocrx_word' id='word_1_534' title='bbox 780 4093 836 4137; x_wconf 91' lang='lat' dir='ltr'><strong>ut</strong></span> <span class='ocrx_word' id='word_1_535' title='bbox 879 4081 1097 4136; x_wconf 84' lang='lat' dir='ltr'><strong>interim</strong></span> <span class='ocrx_word' id='word_1_536' title='bbox 1143 4082 1344 4138; x_wconf 87' lang='lat' dir='ltr'><strong>summi</strong></span> <span class='ocrx_word' id='word_1_537' title='bbox 1389 4081 1553 4151; x_wconf 91' lang='lat' dir='ltr'><strong>hujus</strong></span> <span class='ocrx_word' id='word_1_538' title='bbox 1599 4081 1698 4135; x_wconf 79' lang='lat' dir='ltr'><strong>viri</strong></span> <span class='ocrx_word' id='word_1_539' title='bbox 1751 4081 1922 4136; x_wconf 80' lang='lat' dir='ltr'><strong>fuisse</strong></span> <span class='ocrx_word' id='word_1_540' title='bbox 1969 4085 2114 4137; x_wconf 90' lang='lat' dir='ltr'><strong>hunc</strong></span> 
     </span>
    </p>
   </div>
   <div class='ocr_carea' id='block_1_69' title="bbox 534 4175 2109 4245">
    <p class='ocr_par' dir='ltr' id='par_1_69' title="bbox 534 4175 2109 4245">
     <span class='ocr_line' id='line_1_69' title="bbox 534 4175 2109 4245; baseline -0.001 -15"><span class='ocrx_word' id='word_1_541' title='bbox 534 4189 841 4231; x_wconf 86' lang='lat' dir='ltr'><strong>sermonem</strong></span> <span class='ocrx_word' id='word_1_542' title='bbox 867 4175 1265 4238; x_wconf 85' lang='lat' dir='ltr'><strong>concedamus;</strong></span> <span class='ocrx_word' id='word_1_543' title='bbox 1300 4175 1456 4231; x_wconf 83' lang='lat' dir='ltr'><strong>valde</strong></span> <span class='ocrx_word' id='word_1_544' title='bbox 1491 4175 1637 4229; x_wconf 90' lang='lat' dir='ltr'><strong>enim</strong></span> <span class='ocrx_word' id='word_1_545' title='bbox 1677 4184 1966 4245; x_wconf 86' lang='lat' dir='ltr'><strong>suspectus</strong></span> <span class='ocrx_word' id='word_1_546' title='bbox 2004 4185 2109 4243; x_wconf 85' lang='lat' dir='ltr'><strong>est,</strong></span> 
     </span>
    </p>
   </div>
   <div class='ocr_carea' id='block_1_70' title="bbox 535 4268 2114 4339">
    <p class='ocr_par' dir='ltr' id='par_1_70' title="bbox 535 4268 2114 4339">
     <span class='ocr_line' id='line_1_70' title="bbox 535 4268 2114 4339; baseline 0.002 -16"><span class='ocrx_word' id='word_1_547' title='bbox 535 4283 602 4323; x_wconf 87' lang='lat' dir='ltr'><strong>eo</strong></span> <span class='ocrx_word' id='word_1_548' title='bbox 628 4268 775 4339; x_wconf 91' lang='lat' dir='ltr'><strong>quod</strong></span> <span class='ocrx_word' id='word_1_549' title='bbox 819 4268 1044 4337; x_wconf 80' lang='lat' dir='ltr'><strong>reliquis</strong></span> <span class='ocrx_word' id='word_1_550' title='bbox 1078 4268 1421 4324; x_wconf 88' lang='lat' dir='ltr'><strong>sermonibus</strong></span> <span class='ocrx_word' id='word_1_551' title='bbox 1467 4268 1613 4323; x_wconf 90' lang='lat' dir='ltr'><strong>illius</strong></span> <span class='ocrx_word' id='word_1_552' title='bbox 1649 4270 1871 4324; x_wconf 90' lang='lat' dir='ltr'><strong>minime</strong></span> <span class='ocrx_word' id='word_1_553' title='bbox 1918 4270 2114 4326; x_wconf 88' lang='lat' dir='ltr'><strong>similis</strong></span> 
     </span>
    </p>
   </div>
   <div class='ocr_carea' id='block_1_71' title="bbox 536 4359 2112 4430">
    <p class='ocr_par' dir='ltr' id='par_1_71' title="bbox 536 4359 2112 4430">
     <span class='ocr_line' id='line_1_71' title="bbox 536 4359 2112 4430; baseline -0.001 -14"><span class='ocrx_word' id='word_1_554' title='bbox 536 4361 637 4428; x_wconf 86' lang='lat' dir='ltr'><strong>sit,</strong></span> <span class='ocrx_word' id='word_1_555' title='bbox 677 4375 854 4429; x_wconf 88' lang='lat' dir='ltr'><strong>neque</strong></span> <span class='ocrx_word' id='word_1_556' title='bbox 885 4375 1071 4426; x_wconf 88' lang='lat' dir='ltr'><strong>sensu,</strong></span> <span class='ocrx_word' id='word_1_557' title='bbox 1108 4375 1284 4430; x_wconf 87' lang='lat' dir='ltr'><strong>neque</strong></span> <span class='ocrx_word' id='word_1_558' title='bbox 1317 4359 1533 4415; x_wconf 88' lang='lat' dir='ltr'><strong>dicendi</strong></span> <span class='ocrx_word' id='word_1_559' title='bbox 1585 4361 1770 4415; x_wconf 71' lang='lat' dir='ltr'><strong>modo.</strong></span> <span class='ocrx_word' id='word_1_560' title='bbox 1809 4359 1931 4415; x_wconf 87' lang='lat' dir='ltr'><strong>Erat</strong></span> <span class='ocrx_word' id='word_1_561' title='bbox 1966 4362 2112 4415; x_wconf 87' lang='lat' dir='ltr'><strong>enim</strong></span> 
     </span>
    </p>
   </div>
   <div class='ocr_carea' id='block_1_72' title="bbox 538 4452 2110 4523">
    <p class='ocr_par' dir='ltr' id='par_1_72' title="bbox 538 4452 2110 4523">
     <span class='ocr_line' id='line_1_72' title="bbox 538 4452 2110 4523; baseline 0.001 -18"><span class='ocrx_word' id='word_1_562' title='bbox 538 4453 712 4523; x_wconf 82' lang='lat' dir='ltr'><strong>magis</strong></span> <span class='ocrx_word' id='word_1_563' title='bbox 743 4452 1019 4522; x_wconf 88' lang='lat' dir='ltr'><strong>proprium</strong></span> <span class='ocrx_word' id='word_1_564' title='bbox 1053 4452 1232 4507; x_wconf 83' lang='lat' dir='ltr'><strong>dicere</strong></span> <span class='ocrx_word' id='word_1_565' title='bbox 1264 4452 1529 4523; x_wconf 89' lang='lat' dir='ltr'><strong>Spiritum</strong></span> <span class='ocrx_word' id='word_1_566' title='bbox 1580 4468 1644 4507; x_wconf 89' lang='lat' dir='ltr'><strong>ex</strong></span> <span class='ocrx_word' id='word_1_567' title='bbox 1677 4456 1858 4522; x_wconf 70' lang='lat' dir='ltr'><strong>seipso</strong></span> <span class='ocrx_word' id='word_1_568' title='bbox 1890 4455 1987 4507; x_wconf 85' lang='lat' dir='ltr'><strong>ista</strong></span> <span class='ocrx_word' id='word_1_569' title='bbox 2020 4469 2110 4508; x_wconf 88' lang='lat' dir='ltr'><strong>ac-</strong></span> 
     </span>
    </p>
   </div>
   <div class='ocr_carea' id='block_1_73' title="bbox 2220 3255 3321 3325">
    <p class='ocr_par' dir='ltr' id='par_1_73' title="bbox 2220 3255 3321 3325">
     <span class='ocr_line' id='line_1_73' title="bbox 2220 3255 3321 3325; baseline 0 -15"><span class='ocrx_word' id='word_1_570' title='bbox 2220 3255 2446 3322; x_wconf 79' lang='lat' dir='ltr'><strong>tionem,</strong></span> <span class='ocrx_word' id='word_1_571' title='bbox 2470 3269 2633 3325; x_wconf 87' lang='lat' dir='ltr'><strong>quam</strong></span> <span class='ocrx_word' id='word_1_572' title='bbox 2665 3255 3039 3324; x_wconf 75' lang='lat' dir='ltr'><strong>praediximus,</strong></span> <span class='ocrx_word' id='word_1_573' title='bbox 3078 3257 3321 3311; x_wconf 87' lang='lat' dir='ltr'><strong>roborat.</strong></span> 
     </span>
    </p>
   </div>
   <div class='ocr_carea' id='block_1_74' title="bbox 2287 3345 3795 3421">
    <p class='ocr_par' dir='ltr' id='par_1_74' title="bbox 2287 3345 3795 3421">
     <span class='ocr_line' id='line_1_74' title="bbox 2287 3345 3795 3421; baseline 0.003 -21"><span class='ocrx_word' id='word_1_574' title='bbox 2287 3345 2758 3412; x_wconf 81' lang='lat' dir='ltr'><strong>Quemadmodum</strong></span> <span class='ocrx_word' id='word_1_575' title='bbox 2794 3348 2958 3417; x_wconf 88' lang='lat' dir='ltr'><strong>igitur</strong></span> <span class='ocrx_word' id='word_1_576' title='bbox 3007 3349 3115 3412; x_wconf 89' lang='lat' dir='ltr'><strong>his,</strong></span> <span class='ocrx_word' id='word_1_577' title='bbox 3160 3348 3252 3418; x_wconf 89' lang='lat' dir='ltr'><strong>qtti</strong></span> <span class='ocrx_word' id='word_1_578' title='bbox 3303 3364 3480 3421; x_wconf 75' lang='lat' dir='ltr'><strong>majus</strong></span> <span class='ocrx_word' id='word_1_579' title='bbox 3527 3347 3583 3404; x_wconf 91' lang='lat' dir='ltr'><strong>in</strong></span> <span class='ocrx_word' id='word_1_580' title='bbox 3629 3349 3795 3405; x_wconf 84' lang='lat' dir='ltr'><strong>Patre</strong></span> 
     </span>
    </p>
   </div>
   <div class='ocr_carea' id='block_1_75' title="bbox 2219 3436 3795 3511">
    <p class='ocr_par' dir='ltr' id='par_1_75' title="bbox 2219 3436 3795 3511">
     <span class='ocr_line' id='line_1_75' title="bbox 2219 3436 3795 3511; baseline 0.004 -20"><span class='ocrx_word' id='word_1_581' title='bbox 2219 3437 2304 3506; x_wconf 89' lang='lat' dir='ltr'><strong>pie</strong></span> <span class='ocrx_word' id='word_1_582' title='bbox 2329 3452 2509 3493; x_wconf 80' lang='lat' dir='ltr'><strong>causa:</strong></span> <span class='ocrx_word' id='word_1_583' title='bbox 2541 3437 2752 3494; x_wconf 89' lang='lat' dir='ltr'><strong>ratione</strong></span> <span class='ocrx_word' id='word_1_584' title='bbox 2781 3439 3110 3509; x_wconf 88' lang='lat' dir='ltr'><strong>suscipiunt,</strong></span> <span class='ocrx_word' id='word_1_585' title='bbox 3137 3436 3323 3495; x_wconf 89' lang='lat' dir='ltr'><strong>dicere</strong></span> <span class='ocrx_word' id='word_1_586' title='bbox 3356 3441 3408 3495; x_wconf 87' lang='lat' dir='ltr'><strong>id</strong></span> <span class='ocrx_word' id='word_1_587' title='bbox 3438 3455 3656 3511; x_wconf 89' lang='lat' dir='ltr'><strong>quoque</strong></span> <span class='ocrx_word' id='word_1_588' title='bbox 3683 3457 3795 3497; x_wconf 90' lang='lat' dir='ltr'><strong>non</strong></span> 
     </span>
    </p>
   </div>
   <div class='ocr_carea' id='block_1_76' title="bbox 2218 3528 3795 3599">
    <p class='ocr_par' dir='ltr' id='par_1_76' title="bbox 2218 3528 3795 3599">
     <span class='ocr_line' id='line_1_76' title="bbox 2218 3528 3795 3599; baseline 0.003 -16"><span class='ocrx_word' id='word_1_589' title='bbox 2218 3528 2321 3585; x_wconf 91' lang='lat' dir='ltr'><strong>nisi</strong></span> <span class='ocrx_word' id='word_1_590' title='bbox 2356 3528 2503 3599; x_wconf 89' lang='lat' dir='ltr'><strong>pium</strong></span> <span class='ocrx_word' id='word_1_591' title='bbox 2532 3538 2638 3594; x_wconf 87' lang='lat' dir='ltr'><strong>est,</strong></span> <span class='ocrx_word' id='word_1_592' title='bbox 2663 3530 2820 3599; x_wconf 89' lang='lat' dir='ltr'><strong>juxta</strong></span> <span class='ocrx_word' id='word_1_593' title='bbox 2860 3538 3178 3586; x_wconf 89' lang='lat' dir='ltr'><strong>sanctorum</strong></span> <span class='ocrx_word' id='word_1_594' title='bbox 3209 3531 3421 3586; x_wconf 88' lang='lat' dir='ltr'><strong>scilicet</strong></span> <span class='ocrx_word' id='word_1_595' title='bbox 3444 3531 3750 3587; x_wconf 89' lang='lat' dir='ltr'><strong>doctrinam</strong></span> <span class='ocrx_word' id='word_1_596' title='bbox 3778 3550 3795 3588; x_wconf 90' lang='lat'><strong>:</strong></span> 
     </span>
    </p>
   </div>
   <div class='ocr_carea' id='block_1_77' title="bbox 2219 3618 3794 3692">
    <p class='ocr_par' dir='ltr' id='par_1_77' title="bbox 2219 3618 3794 3692">
     <span class='ocr_line' id='line_1_77' title="bbox 2219 3618 3794 3692; baseline 0.002 -18"><span class='ocrx_word' id='word_1_597' title='bbox 2219 3620 2292 3675; x_wconf 91' lang='lat' dir='ltr'><strong>ita</strong></span> <span class='ocrx_word' id='word_1_598' title='bbox 2316 3629 2370 3675; x_wconf 91' lang='lat' dir='ltr'><strong>et</strong></span> <span class='ocrx_word' id='word_1_599' title='bbox 2392 3620 2444 3674; x_wconf 92' lang='lat' dir='ltr'><strong>in</strong></span> <span class='ocrx_word' id='word_1_600' title='bbox 2465 3618 2608 3675; x_wconf 87' lang='lat' dir='ltr'><strong>Filio</strong></span> <span class='ocrx_word' id='word_1_601' title='bbox 2629 3619 2921 3675; x_wconf 88' lang='lat' dir='ltr'><strong>dicendum</strong></span> <span class='ocrx_word' id='word_1_602' title='bbox 2944 3621 3242 3675; x_wconf 89' lang='lat' dir='ltr'><strong>secundum</strong></span> <span class='ocrx_word' id='word_1_603' title='bbox 3269 3620 3623 3676; x_wconf 79' lang='lat' dir='ltr'><strong>Athanasium</strong></span> <span class='ocrx_word' id='word_1_604' title='bbox 3646 3622 3794 3692; x_wconf 90' lang='lat' dir='ltr'><strong>quod</strong></span> 
     </span>
    </p>
   </div>
   <div class='ocr_carea' id='block_1_78' title="bbox 2219 3710 3794 3782">
    <p class='ocr_par' dir='ltr' id='par_1_78' title="bbox 2219 3710 3794 3782">
     <span class='ocr_line' id='line_1_78' title="bbox 2219 3710 3794 3782; baseline 0.001 -16"><span class='ocrx_word' id='word_1_605' title='bbox 2219 3711 2426 3767; x_wconf 88' lang='lat' dir='ltr'><strong>scilicet</strong></span> <span class='ocrx_word' id='word_1_606' title='bbox 2457 3710 2663 3781; x_wconf 90' lang='lat' dir='ltr'><strong>Spiritu</strong></span> <span class='ocrx_word' id='word_1_607' title='bbox 2696 3711 2768 3768; x_wconf 88' lang='lat' dir='ltr'><strong>sit</strong></span> <span class='ocrx_word' id='word_1_608' title='bbox 2800 3711 3005 3781; x_wconf 85' lang='lat' dir='ltr'><strong>major:</strong></span> <span class='ocrx_word' id='word_1_609' title='bbox 3042 3711 3115 3766; x_wconf 92' lang='lat' dir='ltr'><strong>ita</strong></span> <span class='ocrx_word' id='word_1_610' title='bbox 3141 3726 3271 3782; x_wconf 81' lang='lat' dir='ltr'><strong>ergo</strong></span> <span class='ocrx_word' id='word_1_611' title='bbox 3295 3711 3431 3766; x_wconf 90' lang='lat' dir='ltr'><strong>nihil</strong></span> <span class='ocrx_word' id='word_1_612' title='bbox 3460 3711 3794 3782; x_wconf 89' lang='lat' dir='ltr'><strong>prohibebit,</strong></span> 
     </span>
    </p>
   </div>
   <div class='ocr_carea' id='block_1_79' title="bbox 2219 3803 3794 3876">
    <p class='ocr_par' dir='ltr' id='par_1_79' title="bbox 2219 3803 3794 3876">
     <span class='ocr_line' id='line_1_79' title="bbox 2219 3803 3794 3876; baseline 0 -16"><span class='ocrx_word' id='word_1_613' title='bbox 2219 3804 2383 3860; x_wconf 90' lang='lat' dir='ltr'><strong>etiam</strong></span> <span class='ocrx_word' id='word_1_614' title='bbox 2432 3803 2607 3873; x_wconf 89' lang='lat' dir='ltr'><strong>ipsius</strong></span> <span class='ocrx_word' id='word_1_615' title='bbox 2653 3804 3031 3876; x_wconf 87' lang='lat' dir='ltr'><strong>Chrysostomi</strong></span> <span class='ocrx_word' id='word_1_616' title='bbox 3079 3805 3329 3859; x_wconf 80' lang='lat' dir='ltr'><strong>traditam</strong></span> <span class='ocrx_word' id='word_1_617' title='bbox 3374 3804 3794 3873; x_wconf 87' lang='lat' dir='ltr'><strong>expositionem,</strong></span> 
     </span>
    </p>
   </div>
   <div class='ocr_carea' id='block_1_80' title="bbox 2221 3894 3797 3961">
    <p class='ocr_par' dir='ltr' id='par_1_80' title="bbox 2221 3894 3797 3961">
     <span class='ocr_line' id='line_1_80' title="bbox 2221 3894 3797 3961; baseline 0.002 -13"><span class='ocrx_word' id='word_1_618' title='bbox 2221 3910 2423 3961; x_wconf 74' lang='lat' dir='ltr'><strong>rerum,</strong></span> <span class='ocrx_word' id='word_1_619' title='bbox 2466 3909 2531 3949; x_wconf 88' lang='lat' dir='ltr'><strong>ac</strong></span> <span class='ocrx_word' id='word_1_620' title='bbox 2576 3895 2939 3950; x_wconf 88' lang='lat' dir='ltr'><strong>necessariam</strong></span> <span class='ocrx_word' id='word_1_621' title='bbox 2989 3894 3350 3950; x_wconf 84' lang='lat' dir='ltr'><strong>existimare:</strong></span> <span class='ocrx_word' id='word_1_622' title='bbox 3386 3894 3625 3949; x_wconf 86' lang='lat' dir='ltr'><strong>maxime</strong></span> <span class='ocrx_word' id='word_1_623' title='bbox 3672 3911 3797 3951; x_wconf 93' lang='lat' dir='ltr'><strong>cum</strong></span> 
     </span>
    </p>
   </div>
   <div class='ocr_carea' id='block_1_81' title="bbox 2221 3986 3800 4058">
    <p class='ocr_par' dir='ltr' id='par_1_81' title="bbox 2221 3986 3800 4058">
     <span class='ocr_line' id='line_1_81' title="bbox 2221 3986 3800 4058; baseline 0.002 -18"><span class='ocrx_word' id='word_1_624' title='bbox 2221 3986 2383 4042; x_wconf 87' lang='lat' dir='ltr'><strong>hodie</strong></span> <span class='ocrx_word' id='word_1_625' title='bbox 2436 3986 2584 4041; x_wconf 89' lang='lat' dir='ltr'><strong>nulla</strong></span> <span class='ocrx_word' id='word_1_626' title='bbox 2642 4001 2746 4042; x_wconf 90' lang='lat' dir='ltr'><strong>nos</strong></span> <span class='ocrx_word' id='word_1_627' title='bbox 2805 3987 3190 4042; x_wconf 69' lang='lat' dir='ltr'><strong>haereticorum</strong></span> <span class='ocrx_word' id='word_1_628' title='bbox 3248 3986 3608 4043; x_wconf 87' lang='lat' dir='ltr'><strong>contradictio</strong></span> <span class='ocrx_word' id='word_1_629' title='bbox 3673 4003 3800 4058; x_wconf 81' lang='lat' dir='ltr'><strong>per-</strong></span> 
     </span>
    </p>
   </div>
   <div class='ocr_carea' id='block_1_82' title="bbox 2221 4078 2777 4145">
    <p class='ocr_par' dir='ltr' id='par_1_82' title="bbox 2221 4078 2777 4145">
     <span class='ocr_line' id='line_1_82' title="bbox 2221 4078 2777 4145; baseline 0.002 -13"><span class='ocrx_word' id='word_1_630' title='bbox 2221 4078 2423 4133; x_wconf 89' lang='lat' dir='ltr'><strong>turbet.</strong></span> <span class='ocrx_word' id='word_1_631' title='bbox 2768 4138 2777 4145; x_wconf 64' lang='grc'><em>,</em></span> 
     </span>
    </p>
   </div>
   <div class='ocr_carea' id='block_1_83' title="bbox 2292 4167 3795 4244">
    <p class='ocr_par' dir='ltr' id='par_1_83' title="bbox 2292 4167 3795 4244">
     <span class='ocr_line' id='line_1_83' title="bbox 2292 4167 3795 4244; baseline 0.004 -20"><span class='ocrx_word' id='word_1_632' title='bbox 2292 4167 2348 4224; x_wconf 91' lang='lat' dir='ltr'><strong>Si</strong></span> <span class='ocrx_word' id='word_1_633' title='bbox 2399 4169 2564 4241; x_wconf 80' lang='lat' dir='ltr'><strong>igitur</strong></span> <span class='ocrx_word' id='word_1_634' title='bbox 2616 4185 2795 4240; x_wconf 89' lang='lat' dir='ltr'><strong>neque</strong></span> <span class='ocrx_word' id='word_1_635' title='bbox 2830 4169 3154 4227; x_wconf 89' lang='lat' dir='ltr'><strong>doctoribus</strong></span> <span class='ocrx_word' id='word_1_636' title='bbox 3183 4171 3428 4243; x_wconf 87' lang='lat' dir='ltr'><strong>reliquis,</strong></span> <span class='ocrx_word' id='word_1_637' title='bbox 3469 4189 3645 4244; x_wconf 87' lang='lat' dir='ltr'><strong>neque</strong></span> <span class='ocrx_word' id='word_1_638' title='bbox 3690 4176 3795 4232; x_wconf 86' lang='lat' dir='ltr'><strong>sibi</strong></span> 
     </span>
    </p>
   </div>
   <div class='ocr_carea' id='block_1_84' title="bbox 2223 4262 3797 4334">
    <p class='ocr_par' dir='ltr' id='par_1_84' title="bbox 2223 4262 3797 4334">
     <span class='ocr_line' id='line_1_84' title="bbox 2223 4262 3797 4334; baseline 0.003 -17"><span class='ocrx_word' id='word_1_639' title='bbox 2223 4262 2322 4332; x_wconf 91' lang='lat' dir='ltr'><strong>ipsi</strong></span> <span class='ocrx_word' id='word_1_640' title='bbox 2353 4263 2664 4318; x_wconf 88' lang='lat' dir='ltr'><strong>contrarius</strong></span> <span class='ocrx_word' id='word_1_641' title='bbox 2692 4272 2796 4329; x_wconf 90' lang='lat' dir='ltr'><strong>est,</strong></span> <span class='ocrx_word' id='word_1_642' title='bbox 2829 4264 3106 4334; x_wconf 90' lang='lat' dir='ltr'><strong>quomodo</strong></span> <span class='ocrx_word' id='word_1_643' title='bbox 3139 4265 3457 4334; x_wconf 63' lang='lat' dir='ltr'><strong>praedictam</strong></span> <span class='ocrx_word' id='word_1_644' title='bbox 3492 4265 3797 4334; x_wconf 87' lang='lat' dir='ltr'><strong>expositio-</strong></span> 
     </span>
    </p>
   </div>
   <div class='ocr_carea' id='block_1_85' title="bbox 2220 4354 3799 4420">
    <p class='ocr_par' dir='ltr' id='par_1_85' title="bbox 2220 4354 3799 4420">
     <span class='ocr_line' id='line_1_85' title="bbox 2220 4354 3799 4420; baseline 0.002 -12"><span class='ocrx_word' id='word_1_645' title='bbox 2220 4369 2344 4411; x_wconf 87' lang='lat' dir='ltr'><strong>nem</strong></span> <span class='ocrx_word' id='word_1_646' title='bbox 2385 4354 2463 4409; x_wconf 90' lang='lat' dir='ltr'><strong>illi</strong></span> <span class='ocrx_word' id='word_1_647' title='bbox 2499 4355 2825 4410; x_wconf 88' lang='lat' dir='ltr'><strong>contrariam</strong></span> <span class='ocrx_word' id='word_1_648' title='bbox 2856 4354 3138 4420; x_wconf 87' lang='lat' dir='ltr'><strong>dieemns;</strong></span> <span class='ocrx_word' id='word_1_649' title='bbox 3197 4355 3242 4410; x_wconf 94' lang='lat' dir='ltr'><strong>si</strong></span> <span class='ocrx_word' id='word_1_650' title='bbox 3284 4368 3337 4409; x_wconf 90' lang='lat' dir='ltr'><strong>et</strong></span> <span class='ocrx_word' id='word_1_651' title='bbox 3374 4356 3466 4410; x_wconf 90' lang='lat' dir='ltr'><strong>illo</strong></span> <span class='ocrx_word' id='word_1_652' title='bbox 3496 4358 3658 4411; x_wconf 90' lang='lat' dir='ltr'><strong>modo</strong></span> <span class='ocrx_word' id='word_1_653' title='bbox 3689 4357 3799 4412; x_wconf 88' lang='lat' dir='ltr'><strong>alia</strong></span> 
     </span>
    </p>
   </div>
   <div class='ocr_carea' id='block_1_86' title="bbox 2222 4445 3801 4515">
    <p class='ocr_par' dir='ltr' id='par_1_86' title="bbox 2222 4445 3801 4515">
     <span class='ocr_line' id='line_1_86' title="bbox 2222 4445 3801 4515; baseline 0.002 -13"><span class='ocrx_word' id='word_1_654' title='bbox 2222 4448 2436 4503; x_wconf 87' lang='lat' dir='ltr'><strong>ratione</strong></span> <span class='ocrx_word' id='word_1_655' title='bbox 2470 4446 2577 4501; x_wconf 92' lang='lat' dir='ltr'><strong>dici</strong></span> <span class='ocrx_word' id='word_1_656' title='bbox 2613 4453 2814 4515; x_wconf 85' lang='lat' dir='ltr'><strong>potest,</strong></span> <span class='ocrx_word' id='word_1_657' title='bbox 2856 4445 3003 4499; x_wconf 88' lang='lat' dir='ltr'><strong>nulla</strong></span> <span class='ocrx_word' id='word_1_658' title='bbox 3034 4448 3335 4514; x_wconf 65' lang='lat' dir='ltr'><strong>praesertim</strong></span> <span class='ocrx_word' id='word_1_659' title='bbox 3368 4449 3801 4505; x_wconf 87' lang='lat' dir='ltr'><strong>contradictione</strong></span> 
     </span>
    </p>
   </div>
   <div class='ocr_carea' id='block_1_87' title="bbox 535 4541 3801 4617">
    <p class='ocr_par' dir='ltr' id='par_1_87' title="bbox 535 4541 3801 4617">
     <span class='ocr_line' id='line_1_87' title="bbox 535 4541 3801 4617; baseline 0 -16"><span class='ocrx_word' id='word_1_660' title='bbox 535 4546 738 4617; x_wconf 84' lang='lat' dir='ltr'><strong>cipere,</strong></span> <span class='ocrx_word' id='word_1_661' title='bbox 784 4561 909 4600; x_wconf 89' lang='lat' dir='ltr'><strong>eum</strong></span> <span class='ocrx_word' id='word_1_662' title='bbox 963 4546 1078 4616; x_wconf 83' lang='lat' dir='ltr'><strong>ipse</strong></span> <span class='ocrx_word' id='word_1_663' title='bbox 1124 4547 1297 4616; x_wconf 83' lang='lat' dir='ltr'><strong>magis</strong></span> <span class='ocrx_word' id='word_1_664' title='bbox 1346 4546 1654 4617; x_wconf 90' lang='lat' dir='ltr'><strong>hujustnodi</strong></span> <span class='ocrx_word' id='word_1_665' title='bbox 1712 4562 1999 4601; x_wconf 90' lang='lat' dir='ltr'><strong>munerum</strong></span> <span class='ocrx_word' id='word_1_666' title='bbox 2043 4547 2114 4601; x_wconf 91' lang='lat' dir='ltr'><strong>sit</strong></span> <span class='ocrx_word' id='word_1_667' title='bbox 2148 4556 2189 4611; x_wconf 85' lang='grc' dir='ltr'>ι)</span> <span class='ocrx_word' id='word_1_668' title='bbox 2219 4541 2574 4613; x_wconf 65' lang='lat' dir='ltr'><strong>perurgente?</strong></span> <span class='ocrx_word' id='word_1_669' title='bbox 2609 4541 2803 4610; x_wconf 88' lang='lat' dir='ltr'><strong>Colligi</strong></span> <span class='ocrx_word' id='word_1_670' title='bbox 2851 4551 3032 4595; x_wconf 88' lang='lat' dir='ltr'><strong>autem</strong></span> <span class='ocrx_word' id='word_1_671' title='bbox 3065 4552 3119 4595; x_wconf 89' lang='lat' dir='ltr'><strong>et</strong></span> <span class='ocrx_word' id='word_1_672' title='bbox 3157 4543 3260 4597; x_wconf 92' lang='lat' dir='ltr'><strong>hoc</strong></span> <span class='ocrx_word' id='word_1_673' title='bbox 3294 4557 3359 4596; x_wconf 85' lang='lat' dir='ltr'><strong>ex</strong></span> <span class='ocrx_word' id='word_1_674' title='bbox 3403 4545 3675 4612; x_wconf 62' lang='lat' dir='ltr'><strong>praedictis</strong></span> <span class='ocrx_word' id='word_1_675' title='bbox 3704 4560 3801 4614; x_wconf 83' lang='lat' dir='ltr'><strong>po-</strong></span> 
     </span>
    </p>
   </div>
   <div class='ocr_carea' id='block_1_88' title="bbox 535 4635 2116 4708">
    <p class='ocr_par' dir='ltr' id='par_1_88' title="bbox 535 4635 2116 4708">
     <span class='ocr_line' id='line_1_88' title="bbox 535 4635 2116 4708; baseline 0.001 -16"><span class='ocrx_word' id='word_1_676' title='bbox 535 4640 681 4703; x_wconf 84' lang='lat' dir='ltr'><strong>t&#39;ons,</strong></span> <span class='ocrx_word' id='word_1_677' title='bbox 715 4653 875 4706; x_wconf 89' lang='lat' dir='ltr'><strong>quam</strong></span> <span class='ocrx_word' id='word_1_678' title='bbox 907 4635 1118 4692; x_wconf 88' lang='lat' dir='ltr'><strong>Domini</strong></span> <span class='ocrx_word' id='word_1_679' title='bbox 1146 4653 1345 4707; x_wconf 87' lang='lat' dir='ltr'><strong>corpus</strong></span> <span class='ocrx_word' id='word_1_680' title='bbox 1378 4637 1434 4691; x_wconf 92' lang='lat' dir='ltr'><strong>in</strong></span> <span class='ocrx_word' id='word_1_681' title='bbox 1462 4647 1726 4708; x_wconf 88' lang='lat' dir='ltr'><strong>quantum</strong></span> <span class='ocrx_word' id='word_1_682' title='bbox 1754 4652 1990 4707; x_wconf 82' lang='lat' dir='ltr'><strong>corpus:</strong></span> <span class='ocrx_word' id='word_1_683' title='bbox 2024 4656 2116 4694; x_wconf 77' lang='lat' dir='ltr'><strong>es-</strong></span> 
     </span>
    </p>
   </div>
   <div class='ocr_carea' id='block_1_89' title="bbox 537 4730 2112 4800">
    <p class='ocr_par' dir='ltr' id='par_1_89' title="bbox 537 4730 2112 4800">
     <span class='ocr_line' id='line_1_89' title="bbox 537 4730 2112 4800; baseline 0.001 -16"><span class='ocrx_word' id='word_1_684' title='bbox 537 4732 890 4800; x_wconf 70' lang='lat' dir='ltr'><strong>prcssius&#39;pte</strong></span> <span class='ocrx_word' id='word_1_685' title='bbox 922 4730 1201 4784; x_wconf 87' lang='lat' dir='ltr'><strong>diceretur</strong></span> <span class='ocrx_word' id='word_1_686' title='bbox 1251 4740 1305 4785; x_wconf 91' lang='lat' dir='ltr'><strong>et</strong></span> <span class='ocrx_word' id='word_1_687' title='bbox 1349 4732 1552 4792; x_wconf 80' lang='lat' dir='ltr'><strong>verius,</strong></span> <span class='ocrx_word' id='word_1_688' title='bbox 1590 4731 1788 4786; x_wconf 83' lang='lat' dir='ltr'><strong>Filium</strong></span> <span class='ocrx_word' id='word_1_689' title='bbox 1831 4746 1857 4784; x_wconf 90' lang='lat' dir='ltr'><strong>a</strong></span> <span class='ocrx_word' id='word_1_690' title='bbox 1907 4732 2112 4800; x_wconf 82' lang='lat' dir='ltr'><strong>Spiritu</strong></span> 
     </span>
    </p>
   </div>
   <div class='ocr_carea' id='block_1_90' title="bbox 535 4822 2114 4894">
    <p class='ocr_par' dir='ltr' id='par_1_90' title="bbox 535 4822 2114 4894">
     <span class='ocr_line' id='line_1_90' title="bbox 535 4822 2114 4894; baseline -0.003 -16"><span class='ocrx_word' id='word_1_691' title='bbox 535 4822 802 4894; x_wconf 87' lang='lat' dir='ltr'><strong>accipere,</strong></span> <span class='ocrx_word' id='word_1_692' title='bbox 829 4833 880 4877; x_wconf 90' lang='lat' dir='ltr'><strong>et</strong></span> <span class='ocrx_word' id='word_1_693' title='bbox 905 4822 1036 4877; x_wconf 89' lang='lat' dir='ltr'><strong>dare</strong></span> <span class='ocrx_word' id='word_1_694' title='bbox 1060 4823 1239 4889; x_wconf 86' lang='lat' dir='ltr'><strong>nobis,</strong></span> <span class='ocrx_word' id='word_1_695' title='bbox 1269 4837 1390 4876; x_wconf 92' lang='lat' dir='ltr'><strong>cum</strong></span> <span class='ocrx_word' id='word_1_696' title='bbox 1423 4832 1477 4877; x_wconf 92' lang='lat' dir='ltr'><strong>et</strong></span> <span class='ocrx_word' id='word_1_697' title='bbox 1509 4824 1625 4893; x_wconf 83' lang='lat' dir='ltr'><strong>ipse</strong></span> <span class='ocrx_word' id='word_1_698' title='bbox 1657 4824 1758 4878; x_wconf 66' lang='lat' dir='ltr'><strong>ista</strong></span> <span class='ocrx_word' id='word_1_699' title='bbox 1790 4826 1879 4876; x_wconf 89' lang='lat' dir='ltr'><strong>det</strong></span> <span class='ocrx_word' id='word_1_700' title='bbox 1907 4843 1920 4878; x_wconf 89' lang='lat'><strong>:</strong></span> <span class='ocrx_word' id='word_1_701' title='bbox 1952 4826 2114 4893; x_wconf 79' lang='lat' dir='ltr'><strong>atque.</strong></span> 
     </span>
    </p>
   </div>
   <div class='ocr_carea' id='block_1_91' title="bbox 536 4914 2115 4986">
    <p class='ocr_par' dir='ltr' id='par_1_91' title="bbox 536 4914 2115 4986">
     <span class='ocr_line' id='line_1_91' title="bbox 536 4914 2115 4986; baseline 0.001 -17"><span class='ocrx_word' id='word_1_702' title='bbox 536 4931 602 4969; x_wconf 83' lang='lat' dir='ltr'><strong>eo</strong></span> <span class='ocrx_word' id='word_1_703' title='bbox 659 4917 863 4986; x_wconf 77' lang='lat' dir='ltr'><strong>magis,</strong></span> <span class='ocrx_word' id='word_1_704' title='bbox 938 4930 1043 4985; x_wconf 88' lang='lat' dir='ltr'><strong>quo</strong></span> <span class='ocrx_word' id='word_1_705' title='bbox 1087 4925 1141 4969; x_wconf 87' lang='lat' dir='ltr'><strong>ct</strong></span> <span class='ocrx_word' id='word_1_706' title='bbox 1197 4914 1313 4986; x_wconf 88' lang='lat' dir='ltr'><strong>ipse</strong></span> <span class='ocrx_word' id='word_1_707' title='bbox 1371 4915 1635 4986; x_wconf 86' lang='lat' dir='ltr'><strong>Spiritum</strong></span> <span class='ocrx_word' id='word_1_708' title='bbox 1690 4916 1810 4981; x_wconf 85' lang='lat' dir='ltr'><strong>dat,</strong></span> <span class='ocrx_word' id='word_1_709' title='bbox 1864 4930 1970 4969; x_wconf 92' lang='lat' dir='ltr'><strong>non</strong></span> <span class='ocrx_word' id='word_1_710' title='bbox 2029 4917 2115 4970; x_wconf 87' lang='lat' dir='ltr'><strong>ille</strong></span> 
     </span>
    </p>
   </div>
   <div class='ocr_carea' id='block_1_92' title="bbox 536 5007 762 5064">
    <p class='ocr_par' dir='ltr' id='par_1_92' title="bbox 536 5007 762 5064">
     <span class='ocr_line' id='line_1_92' title="bbox 536 5007 762 5064; baseline 0.013 -3"><span class='ocrx_word' id='word_1_711' title='bbox 536 5007 762 5064; x_wconf 87' lang='lat' dir='ltr'><strong>Filium.</strong></span> 
     </span>
    </p>
   </div>
   <div class='ocr_carea' id='block_1_93' title="bbox 614 5100 2107 5172">
    <p class='ocr_par' dir='ltr' id='par_1_93' title="bbox 614 5100 2107 5172">
     <span class='ocr_line' id='line_1_93' title="bbox 614 5100 2107 5172; baseline -0.001 -17"><span class='ocrx_word' id='word_1_712' title='bbox 614 5103 794 5157; x_wconf 86' lang='lat' dir='ltr'><strong>Posito</strong></span> <span class='ocrx_word' id='word_1_713' title='bbox 817 5113 1021 5163; x_wconf 86' lang='lat' dir='ltr'><strong>tamen,</strong></span> <span class='ocrx_word' id='word_1_714' title='bbox 1052 5101 1195 5157; x_wconf 90' lang='lat' dir='ltr'><strong>hunc</strong></span> <span class='ocrx_word' id='word_1_715' title='bbox 1222 5116 1530 5156; x_wconf 88' lang='lat' dir='ltr'><strong>sermonem</strong></span> <span class='ocrx_word' id='word_1_716' title='bbox 1568 5116 1685 5155; x_wconf 88' lang='lat' dir='ltr'><strong>esse</strong></span> <span class='ocrx_word' id='word_1_717' title='bbox 1716 5100 2107 5172; x_wconf 74' lang='lat' dir='ltr'><strong>Ch:ysostonti,</strong></span> 
     </span>
    </p>
   </div>
   <div class='ocr_carea' id='block_1_94' title="bbox 535 5190 2111 5262">
    <p class='ocr_par' dir='ltr' id='par_1_94' title="bbox 535 5190 2111 5262">
     <span class='ocr_line' id='line_1_94' title="bbox 535 5190 2111 5262; baseline -0.001 -16"><span class='ocrx_word' id='word_1_718' title='bbox 535 5193 627 5247; x_wconf 87' lang='lat' dir='ltr'><strong>hic</strong></span> <span class='ocrx_word' id='word_1_719' title='bbox 660 5192 762 5246; x_wconf 86' lang='lat' dir='ltr'><strong>ista</strong></span> <span class='ocrx_word' id='word_1_720' title='bbox 806 5190 1145 5254; x_wconf 77' lang='lat' dir='ltr'><strong>docebimus,</strong></span> <span class='ocrx_word' id='word_1_721' title='bbox 1186 5207 1365 5262; x_wconf 88' lang='lat' dir='ltr'><strong>neque</strong></span> <span class='ocrx_word' id='word_1_722' title='bbox 1413 5192 1794 5262; x_wconf 80' lang='lat' dir='ltr'><strong>superioribus</strong></span> <span class='ocrx_word' id='word_1_723' title='bbox 1842 5192 2111 5245; x_wconf 84' lang='lat' dir='ltr'><strong>contraria</strong></span> 
     </span>
    </p>
   </div>
   <div class='ocr_carea' id='block_1_95' title="bbox 534 5283 2114 5354">
    <p class='ocr_par' dir='ltr' id='par_1_95' title="bbox 534 5283 2114 5354">
     <span class='ocr_line' id='line_1_95' title="bbox 534 5283 2114 5354; baseline 0 -20"><span class='ocrx_word' id='word_1_724' title='bbox 534 5301 682 5349; x_wconf 73' lang='lat' dir='ltr'><strong>esse,</strong></span> <span class='ocrx_word' id='word_1_725' title='bbox 716 5300 892 5354; x_wconf 87' lang='lat' dir='ltr'><strong>neque</strong></span> <span class='ocrx_word' id='word_1_726' title='bbox 931 5283 1190 5338; x_wconf 85' lang='lat' dir='ltr'><strong>traditam</strong></span> <span class='ocrx_word' id='word_1_727' title='bbox 1223 5300 1252 5338; x_wconf 88' lang='lat' dir='ltr'><strong>a</strong></span> <span class='ocrx_word' id='word_1_728' title='bbox 1285 5286 1493 5339; x_wconf 86' lang='lat' dir='ltr'><strong>sanctis</strong></span> <span class='ocrx_word' id='word_1_729' title='bbox 1528 5283 1786 5338; x_wconf 86' lang='lat' dir='ltr'><strong>Patribus</strong></span> <span class='ocrx_word' id='word_1_730' title='bbox 1816 5283 2114 5352; x_wconf 81' lang='lat' dir='ltr'><strong>expositio-</strong></span> 
     </span>
    </p>
   </div>
   <div class='ocr_carea' id='block_1_96' title="bbox 536 5372 2115 5447">
    <p class='ocr_par' dir='ltr' id='par_1_96' title="bbox 536 5372 2115 5447">
     <span class='ocr_line' id='line_1_96' title="bbox 536 5372 2115 5447; baseline -0.005 -15"><span class='ocrx_word' id='word_1_731' title='bbox 536 5395 685 5445; x_wconf 85' lang='lat' dir='ltr'><strong>nem,</strong></span> <span class='ocrx_word' id='word_1_732' title='bbox 709 5377 813 5434; x_wconf 88' lang='lat' dir='ltr'><strong>hoc</strong></span> <span class='ocrx_word' id='word_1_733' title='bbox 849 5379 1044 5447; x_wconf 85' lang='lat' dir='ltr'><strong>posito,</strong></span> <span class='ocrx_word' id='word_1_734' title='bbox 1079 5386 1295 5431; x_wconf 89' lang='lat' dir='ltr'><strong>nutare.</strong></span> <span class='ocrx_word' id='word_1_735' title='bbox 1331 5374 1519 5445; x_wconf 81' lang='lat' dir='ltr'><strong>Neque</strong></span> <span class='ocrx_word' id='word_1_736' title='bbox 1549 5376 1653 5429; x_wconf 90' lang='lat' dir='ltr'><strong>ista</strong></span> <span class='ocrx_word' id='word_1_737' title='bbox 1683 5373 1786 5427; x_wconf 88' lang='lat' dir='ltr'><strong>sibi</strong></span> <span class='ocrx_word' id='word_1_738' title='bbox 1819 5372 1953 5427; x_wconf 88' lang='lat' dir='ltr'><strong>adeo</strong></span> <span class='ocrx_word' id='word_1_739' title='bbox 1984 5389 2115 5426; x_wconf 88' lang='lat' dir='ltr'><strong>con-</strong></span> 
     </span>
    </p>
   </div>
   <div class='ocr_carea' id='block_1_97' title="bbox 537 5466 2116 5541">
    <p class='ocr_par' dir='ltr' id='par_1_97' title="bbox 537 5466 2116 5541">
     <span class='ocr_line' id='line_1_97' title="bbox 537 5466 2116 5541; baseline -0.003 -16"><span class='ocrx_word' id='word_1_740' title='bbox 537 5474 724 5537; x_wconf 84' lang='lat' dir='ltr'><strong>traria,</strong></span> <span class='ocrx_word' id='word_1_741' title='bbox 776 5482 835 5526; x_wconf 87' lang='lat' dir='ltr'><strong>ttt</strong></span> <span class='ocrx_word' id='word_1_742' title='bbox 897 5487 1006 5527; x_wconf 79' lang='lat' dir='ltr'><strong>uno</strong></span> <span class='ocrx_word' id='word_1_743' title='bbox 1044 5471 1263 5541; x_wconf 86' lang='lat' dir='ltr'><strong>‘posito,</strong></span> <span class='ocrx_word' id='word_1_744' title='bbox 1324 5469 1590 5535; x_wconf 88' lang='lat' dir='ltr'><strong>reliquum</strong></span> <span class='ocrx_word' id='word_1_745' title='bbox 1641 5466 1966 5521; x_wconf 79' lang='lat' dir='ltr'><strong>inconstans</strong></span> <span class='ocrx_word' id='word_1_746' title='bbox 2021 5466 2116 5521; x_wconf 91' lang='lat' dir='ltr'><strong>sit.</strong></span> 
     </span>
    </p>
   </div>
   <div class='ocr_carea' id='block_1_98' title="bbox 534 5545 2112 5635">
    <p class='ocr_par' dir='ltr' id='par_1_98' title="bbox 534 5545 2112 5635">
     <span class='ocr_line' id='line_1_98' title="bbox 534 5545 2112 5635; baseline -0.004 -18"><span class='ocrx_word' id='word_1_747' title='bbox 534 5563 723 5635; x_wconf 85' lang='lat' dir='ltr'><strong>Neque</strong></span> <span class='ocrx_word' id='word_1_748' title='bbox 770 5566 940 5631; x_wconf 90' lang='lat' dir='ltr'><strong>enim,</strong></span> <span class='ocrx_word' id='word_1_749' title='bbox 966 5563 1088 5623; x_wconf 83' lang='lat' dir='ltr'><strong>etsi.</strong></span> <span class='ocrx_word' id='word_1_750' title='bbox 1123 5570 1183 5618; x_wconf 89' lang='lat' dir='ltr'><strong>ut</strong></span> <span class='ocrx_word' id='word_1_751' title='bbox 1218 5562 1405 5625; x_wconf 92' lang='lat' dir='ltr'><strong>homo,</strong></span> <span class='ocrx_word' id='word_1_752' title='bbox 1437 5545 1605 5613; x_wconf 75' lang='lat' dir='ltr'><strong>Filius</strong></span> <span class='ocrx_word' id='word_1_753' title='bbox 1657 5557 1909 5621; x_wconf 83' lang='lat' dir='ltr'><strong>mittitur,</strong></span> <span class='ocrx_word' id='word_1_754' title='bbox 1940 5557 2112 5626; x_wconf 86' lang='lat' dir='ltr'><strong>pluri-</strong></span> 
     </span>
    </p>
   </div>
   <div class='ocr_carea' id='block_1_99' title="bbox 609 5698 2112 5775">
    <p class='ocr_par' dir='ltr' id='par_1_99' title="bbox 609 5698 2112 5775">
     <span class='ocr_line' id='line_1_99' title="bbox 609 5698 2112 5775; baseline -0.003 -20"><span class='ocrx_word' id='word_1_755' title='bbox 609 5704 721 5775; x_wconf 69' lang='lat'><strong>{27)</strong></span> <span class='ocrx_word' id='word_1_756' title='bbox 763 5703 887 5775; x_wconf 76' lang='lat' dir='ltr'><strong>llmc</strong></span> <span class='ocrx_word' id='word_1_757' title='bbox 917 5718 1036 5771; x_wconf 81' lang='lat' dir='ltr'><strong>quae</strong></span> <span class='ocrx_word' id='word_1_758' title='bbox 1084 5713 1152 5757; x_wconf 83' lang='lat' dir='ltr'><strong>ne</strong></span> <span class='ocrx_word' id='word_1_759' title='bbox 1187 5701 1393 5775; x_wconf 86' lang='lat' dir='ltr'><strong>majore</strong></span> <span class='ocrx_word' id='word_1_760' title='bbox 1421 5708 1473 5753; x_wconf 79' lang='lat' dir='ltr'><strong>rt</strong></span> <span class='ocrx_word' id='word_1_761' title='bbox 1503 5699 1724 5775; x_wconf 76' lang='lat' dir='ltr'><strong>minore</strong></span> <span class='ocrx_word' id='word_1_762' title='bbox 1745 5698 1833 5751; x_wconf 91' lang='lat' dir='ltr'><strong>hic</strong></span> <span class='ocrx_word' id='word_1_763' title='bbox 1864 5706 1918 5775; x_wconf 83' lang='lat' dir='ltr'><strong>et</strong></span> <span class='ocrx_word' id='word_1_764' title='bbox 1948 5711 2112 5775; x_wconf 70' lang='lat' dir='ltr'><strong>supra</strong></span> 
     </span>
    </p>
   </div>
   <div class='ocr_carea' id='block_1_100' title="bbox 538 5768 2110 5843">
    <p class='ocr_par' dir='ltr' id='par_1_100' title="bbox 538 5768 2110 5843">
     <span class='ocr_line' id='line_1_100' title="bbox 538 5768 2110 5843; baseline -0.006 -14"><span class='ocrx_word' id='word_1_765' title='bbox 538 5768 738 5843; x_wconf 60' lang='lat' dir='ltr'><strong>MltpiuS</strong></span> <span class='ocrx_word' id='word_1_766' title='bbox 771 5768 999 5828; x_wconf 81' lang='lat' dir='ltr'><strong>Calecas</strong></span> <span class='ocrx_word' id='word_1_767' title='bbox 1031 5774 1245 5841; x_wconf 80' lang='lat' dir='ltr'><strong>repetit,</strong></span> <span class='ocrx_word' id='word_1_768' title='bbox 1277 5768 1375 5843; x_wconf 78' lang='lat' dir='ltr'><strong>pie</strong></span> <span class='ocrx_word' id='word_1_769' title='bbox 1395 5780 1449 5825; x_wconf 88' lang='lat' dir='ltr'><strong>et</strong></span> <span class='ocrx_word' id='word_1_770' title='bbox 1474 5769 1761 5825; x_wconf 87' lang='lat' dir='ltr'><strong>commode</strong></span> <span class='ocrx_word' id='word_1_771' title='bbox 1791 5768 2110 5843; x_wconf 74' lang='lat' dir='ltr'><strong>accipienda</strong></span> 
     </span>
    </p>
   </div>
   <div class='ocr_carea' id='block_1_101' title="bbox 538 5839 2113 5912">
    <p class='ocr_par' dir='ltr' id='par_1_101' title="bbox 538 5839 2113 5912">
     <span class='ocr_line' id='line_1_101' title="bbox 538 5839 2113 5912; baseline -0.007 -10"><span class='ocrx_word' id='word_1_772' title='bbox 538 5839 693 5905; x_wconf 84' lang='lat' dir='ltr'><strong>sunt,</strong></span> <span class='ocrx_word' id='word_1_773' title='bbox 755 5853 810 5898; x_wconf 87' lang='lat' dir='ltr'><strong>ttt</strong></span> <span class='ocrx_word' id='word_1_774' title='bbox 866 5852 918 5896; x_wconf 83' lang='lat' dir='ltr'><strong>ct</strong></span> <span class='ocrx_word' id='word_1_775' title='bbox 969 5844 1056 5896; x_wconf 84' lang='lat' dir='ltr'><strong>illa</strong></span> <span class='ocrx_word' id='word_1_776' title='bbox 1094 5839 1157 5897; x_wconf 80' lang='lat' dir='ltr'><strong>de</strong></span> <span class='ocrx_word' id='word_1_777' title='bbox 1213 5841 1549 5912; x_wconf 85' lang='lat' dir='ltr'><strong>ptioritatc:</strong></span> <span class='ocrx_word' id='word_1_778' title='bbox 1608 5854 1732 5894; x_wconf 86' lang='lat' dir='ltr'><strong>nam</strong></span> <span class='ocrx_word' id='word_1_779' title='bbox 1793 5839 2113 5909; x_wconf 83' lang='lat' dir='ltr'><strong>simpliciter</strong></span> 
     </span>
    </p>
   </div>
   <div class='ocr_carea' id='block_1_102' title="bbox 2218 4631 3797 4705">
    <p class='ocr_par' dir='ltr' id='par_1_102' title="bbox 2218 4631 3797 4705">
     <span class='ocr_line' id='line_1_102' title="bbox 2218 4631 3797 4705; baseline 0.001 -14"><span class='ocrx_word' id='word_1_780' title='bbox 2218 4646 2341 4700; x_wconf 83' lang='lat' dir='ltr'><strong>test,</strong></span> <span class='ocrx_word' id='word_1_781' title='bbox 2373 4636 2499 4705; x_wconf 78' lang='lat' dir='ltr'><strong>quia</strong></span> <span class='ocrx_word' id='word_1_782' title='bbox 2528 4634 2708 4704; x_wconf 88' lang='lat' dir='ltr'><strong>majus</strong></span> <span class='ocrx_word' id='word_1_783' title='bbox 2740 4633 2876 4705; x_wconf 74' lang='grc'>(27),</span> <span class='ocrx_word' id='word_1_784' title='bbox 2904 4633 3047 4702; x_wconf 90' lang='lat' dir='ltr'><strong>quod</strong></span> <span class='ocrx_word' id='word_1_785' title='bbox 3074 4631 3213 4687; x_wconf 74' lang='lat' dir='ltr'><strong>Filio</strong></span> <span class='ocrx_word' id='word_1_786' title='bbox 3241 4636 3541 4689; x_wconf 89' lang='lat' dir='ltr'><strong>secundum</strong></span> <span class='ocrx_word' id='word_1_787' title='bbox 3572 4650 3797 4692; x_wconf 86' lang='lat' dir='ltr'><strong>causam</strong></span> 
     </span>
    </p>
   </div>
   <div class='ocr_carea' id='block_1_103' title="bbox 2217 4724 3802 4797">
    <p class='ocr_par' dir='ltr' id='par_1_103' title="bbox 2217 4724 3802 4797">
     <span class='ocr_line' id='line_1_103' title="bbox 2217 4724 3802 4797; baseline 0.001 -15"><span class='ocrx_word' id='word_1_788' title='bbox 2217 4727 2544 4783; x_wconf 81' lang='lat' dir='ltr'><strong>Athanasius</strong></span> <span class='ocrx_word' id='word_1_789' title='bbox 2583 4725 2827 4786; x_wconf 70' lang='lat' dir='ltr'><strong>reddidit.</strong></span> <span class='ocrx_word' id='word_1_790' title='bbox 2857 4725 2959 4778; x_wconf 92' lang='lat' dir='ltr'><strong>hoc</strong></span> <span class='ocrx_word' id='word_1_791' title='bbox 2990 4739 3111 4794; x_wconf 86' lang='lat' dir='ltr'><strong>mag</strong></span> <span class='ocrx_word' id='word_1_792' title='bbox 3135 4740 3239 4780; x_wconf 91' lang='lat' dir='ltr'><strong>nus</strong></span> <span class='ocrx_word' id='word_1_793' title='bbox 3266 4724 3503 4782; x_wconf 87' lang='lat' dir='ltr'><strong>Basilius</strong></span> <span class='ocrx_word' id='word_1_794' title='bbox 3540 4728 3593 4782; x_wconf 91' lang='lat' dir='ltr'><strong>in</strong></span> <span class='ocrx_word' id='word_1_795' title='bbox 3629 4728 3802 4797; x_wconf 78' lang='lat' dir='ltr'><strong>Spiri-</strong></span> 
     </span>
    </p>
   </div>
   <div class='ocr_carea' id='block_1_104' title="bbox 2218 4814 3802 4889">
    <p class='ocr_par' dir='ltr' id='par_1_104' title="bbox 2218 4814 3802 4889">
     <span class='ocr_line' id='line_1_104' title="bbox 2218 4814 3802 4889; baseline -0.001 -14"><span class='ocrx_word' id='word_1_796' title='bbox 2218 4830 2272 4875; x_wconf 90' lang='lat' dir='ltr'><strong>tu</strong></span> <span class='ocrx_word' id='word_1_797' title='bbox 2309 4819 2508 4889; x_wconf 88' lang='lat' dir='ltr'><strong>posuit,</strong></span> <span class='ocrx_word' id='word_1_798' title='bbox 2548 4831 2797 4872; x_wconf 85' lang='lat' dir='ltr'><strong>asserens</strong></span> <span class='ocrx_word' id='word_1_799' title='bbox 2825 4816 2976 4870; x_wconf 91' lang='lat' dir='ltr'><strong>illum</strong></span> <span class='ocrx_word' id='word_1_800' title='bbox 3005 4814 3144 4870; x_wconf 87' lang='lat' dir='ltr'><strong>Filio</strong></span> <span class='ocrx_word' id='word_1_801' title='bbox 3172 4817 3471 4872; x_wconf 89' lang='lat' dir='ltr'><strong>concedere</strong></span> <span class='ocrx_word' id='word_1_802' title='bbox 3521 4828 3573 4873; x_wconf 89' lang='lat' dir='ltr'><strong>et</strong></span> <span class='ocrx_word' id='word_1_803' title='bbox 3608 4820 3802 4874; x_wconf 90' lang='lat' dir='ltr'><strong>ordine</strong></span> 
     </span>
    </p>
   </div>
   <div class='ocr_carea' id='block_1_105' title="bbox 2216 4905 3797 4979">
    <p class='ocr_par' dir='ltr' id='par_1_105' title="bbox 2216 4905 3797 4979">
     <span class='ocr_line' id='line_1_105' title="bbox 2216 4905 3797 4979; baseline -0.002 -12"><span class='ocrx_word' id='word_1_804' title='bbox 2216 4922 2269 4967; x_wconf 91' lang='lat' dir='ltr'><strong>et</strong></span> <span class='ocrx_word' id='word_1_805' title='bbox 2295 4910 2574 4979; x_wconf 79' lang='lat' dir='ltr'><strong>dignitate.</strong></span> <span class='ocrx_word' id='word_1_806' title='bbox 2594 4908 2729 4963; x_wconf 91' lang='lat' dir='ltr'><strong>Nam</strong></span> <span class='ocrx_word' id='word_1_807' title='bbox 2767 4907 2810 4961; x_wconf 93' lang='lat' dir='ltr'><strong>si</strong></span> <span class='ocrx_word' id='word_1_808' title='bbox 2847 4905 3086 4976; x_wconf 86' lang='lat' dir='ltr'><strong>Spiritus</strong></span> <span class='ocrx_word' id='word_1_809' title='bbox 3113 4908 3364 4963; x_wconf 87' lang='lat' dir='ltr'><strong>concedit</strong></span> <span class='ocrx_word' id='word_1_810' title='bbox 3390 4907 3547 4974; x_wconf 81' lang='lat' dir='ltr'><strong>Filio,</strong></span> <span class='ocrx_word' id='word_1_811' title='bbox 3573 4919 3625 4963; x_wconf 90' lang='lat' dir='ltr'><strong>et</strong></span> <span class='ocrx_word' id='word_1_812' title='bbox 3658 4912 3797 4964; x_wconf 87' lang='lat' dir='ltr'><strong>ordi-</strong></span> 
     </span>
    </p>
   </div>
   <div class='ocr_carea' id='block_1_106' title="bbox 2219 4999 3803 5072">
    <p class='ocr_par' dir='ltr' id='par_1_106' title="bbox 2219 4999 3803 5072">
     <span class='ocr_line' id='line_1_106' title="bbox 2219 4999 3803 5072; baseline -0.001 -16"><span class='ocrx_word' id='word_1_813' title='bbox 2219 5018 2285 5057; x_wconf 91' lang='lat' dir='ltr'><strong>ne</strong></span> <span class='ocrx_word' id='word_1_814' title='bbox 2336 5012 2390 5056; x_wconf 89' lang='lat' dir='ltr'><strong>et</strong></span> <span class='ocrx_word' id='word_1_815' title='bbox 2416 5002 2698 5071; x_wconf 66' lang='lat' dir='ltr'><strong>dignitate,</strong></span> <span class='ocrx_word' id='word_1_816' title='bbox 2724 5008 2935 5054; x_wconf 83' lang='lat' dir='ltr'><strong>constat</strong></span> <span class='ocrx_word' id='word_1_817' title='bbox 2974 4999 3176 5054; x_wconf 88' lang='lat' dir='ltr'><strong>Filium</strong></span> <span class='ocrx_word' id='word_1_818' title='bbox 3211 5002 3470 5072; x_wconf 80' lang='lat' dir='ltr'><strong>majorem</strong></span> <span class='ocrx_word' id='word_1_819' title='bbox 3502 5017 3623 5057; x_wconf 86' lang='lat' dir='ltr'><strong>esse</strong></span> <span class='ocrx_word' id='word_1_820' title='bbox 3654 5004 3803 5057; x_wconf 84' lang='lat' dir='ltr'><strong>ordi-</strong></span> 
     </span>
    </p>
   </div>
   <div class='ocr_carea' id='block_1_107' title="bbox 2223 5090 3798 5165">
    <p class='ocr_par' dir='ltr' id='par_1_107' title="bbox 2223 5090 3798 5165">
     <span class='ocr_line' id='line_1_107' title="bbox 2223 5090 3798 5165; baseline -0.001 -15"><span class='ocrx_word' id='word_1_821' title='bbox 2223 5112 2290 5150; x_wconf 89' lang='lat' dir='ltr'><strong>ne</strong></span> <span class='ocrx_word' id='word_1_822' title='bbox 2342 5110 2403 5150; x_wconf 91' lang='lat' dir='ltr'><strong>ac</strong></span> <span class='ocrx_word' id='word_1_823' title='bbox 2428 5093 2712 5165; x_wconf 85' lang='lat' dir='ltr'><strong>dignitate.</strong></span> <span class='ocrx_word' id='word_1_824' title='bbox 2739 5090 2851 5146; x_wconf 89' lang='lat' dir='ltr'><strong>lloc</strong></span> <span class='ocrx_word' id='word_1_825' title='bbox 2877 5101 3055 5147; x_wconf 90' lang='lat' dir='ltr'><strong>autem</strong></span> <span class='ocrx_word' id='word_1_826' title='bbox 3079 5094 3240 5148; x_wconf 76' lang='lat' dir='ltr'><strong>etiam</strong></span> <span class='ocrx_word' id='word_1_827' title='bbox 3272 5097 3335 5147; x_wconf 89' lang='lat' dir='ltr'><strong>ad</strong></span> <span class='ocrx_word' id='word_1_828' title='bbox 3359 5094 3798 5163; x_wconf 78' lang='lat' dir='ltr'><strong>Amphilochium</strong></span> 
     </span>
    </p>
   </div>
   <div class='ocr_carea' id='block_1_108' title="bbox 2220 5183 3804 5255">
    <p class='ocr_par' dir='ltr' id='par_1_108' title="bbox 2220 5183 3804 5255">
     <span class='ocr_line' id='line_1_108' title="bbox 2220 5183 3804 5255; baseline -0.001 -11"><span class='ocrx_word' id='word_1_829' title='bbox 2220 5186 2487 5249; x_wconf 74' lang='lat' dir='ltr'><strong>scribens,</strong></span> <span class='ocrx_word' id='word_1_830' title='bbox 2544 5183 2805 5240; x_wconf 83' lang='lat' dir='ltr'><strong>indicavit</strong></span> <span class='ocrx_word' id='word_1_831' title='bbox 2870 5183 3060 5239; x_wconf 88' lang='lat' dir='ltr'><strong>dicens</strong></span> <span class='ocrx_word' id='word_1_832' title='bbox 3106 5200 3122 5239; x_wconf 88' lang='lat'><strong>:</strong></span> <span class='ocrx_word' id='word_1_833' title='bbox 3176 5184 3325 5239; x_wconf 88' lang='lat' dir='ltr'><strong>Sicut</strong></span> <span class='ocrx_word' id='word_1_834' title='bbox 3376 5201 3507 5255; x_wconf 83' lang='lat' dir='ltr'><strong>ergo</strong></span> <span class='ocrx_word' id='word_1_835' title='bbox 3567 5186 3804 5255; x_wconf 89' lang='lat' dir='ltr'><strong>Spiritus</strong></span> 
     </span>
    </p>
   </div>
   <div class='ocr_carea' id='block_1_109' title="bbox 2221 5275 3804 5346">
    <p class='ocr_par' dir='ltr' id='par_1_109' title="bbox 2221 5275 3804 5346">
     <span class='ocr_line' id='line_1_109' title="bbox 2221 5275 3804 5346; baseline -0.003 -12"><span class='ocrx_word' id='word_1_836' title='bbox 2221 5289 2463 5341; x_wconf 84' lang='lat' dir='ltr'><strong>sanctus,</strong></span> <span class='ocrx_word' id='word_1_837' title='bbox 2491 5277 2609 5346; x_wconf 87' lang='lat' dir='ltr'><strong>ejus</strong></span> <span class='ocrx_word' id='word_1_838' title='bbox 2667 5291 2734 5330; x_wconf 85' lang='lat' dir='ltr'><strong>ex</strong></span> <span class='ocrx_word' id='word_1_839' title='bbox 2765 5291 2875 5345; x_wconf 87' lang='lat' dir='ltr'><strong>quo</strong></span> <span class='ocrx_word' id='word_1_840' title='bbox 2908 5275 3177 5346; x_wconf 78' lang='lat' dir='ltr'><strong>processit</strong></span> <span class='ocrx_word' id='word_1_841' title='bbox 3208 5276 3639 5343; x_wconf 75' lang='lat' dir='ltr'><strong>magnitudinem</strong></span> <span class='ocrx_word' id='word_1_842' title='bbox 3669 5278 3804 5331; x_wconf 82' lang='lat' dir='ltr'><strong>insi-</strong></span> 
     </span>
    </p>
   </div>
   <div class='ocr_carea' id='block_1_110' title="bbox 2226 5367 3800 5437">
    <p class='ocr_par' dir='ltr' id='par_1_110' title="bbox 2226 5367 3800 5437">
     <span class='ocr_line' id='line_1_110' title="bbox 2226 5367 3800 5437; baseline -0.003 -10"><span class='ocrx_word' id='word_1_843' title='bbox 2226 5379 2380 5433; x_wconf 88' lang='lat' dir='ltr'><strong>nuat,</strong></span> <span class='ocrx_word' id='word_1_844' title='bbox 2418 5367 2537 5422; x_wconf 84' lang='lat' dir='ltr'><strong>Filii</strong></span> <span class='ocrx_word' id='word_1_845' title='bbox 2587 5368 2820 5433; x_wconf 83' lang='lat' dir='ltr'><strong>scilicet,</strong></span> <span class='ocrx_word' id='word_1_846' title='bbox 2853 5368 2919 5421; x_wconf 88' lang='lat' dir='ltr'><strong>de</strong></span> <span class='ocrx_word' id='word_1_847' title='bbox 2950 5368 3070 5437; x_wconf 81' lang='lat' dir='ltr'><strong>ipso</strong></span> <span class='ocrx_word' id='word_1_848' title='bbox 3110 5368 3256 5420; x_wconf 88' lang='lat' dir='ltr'><strong>enim</strong></span> <span class='ocrx_word' id='word_1_849' title='bbox 3306 5369 3406 5421; x_wconf 88' lang='lat' dir='ltr'><strong>sibi</strong></span> <span class='ocrx_word' id='word_1_850' title='bbox 3440 5384 3619 5422; x_wconf 89' lang='lat' dir='ltr'><strong>sermo</strong></span> <span class='ocrx_word' id='word_1_851' title='bbox 3648 5380 3800 5434; x_wconf 85' lang='lat' dir='ltr'><strong>erat;</strong></span> 
     </span>
    </p>
   </div>
   <div class='ocr_carea' id='block_1_111' title="bbox 2224 5460 3800 5537">
    <p class='ocr_par' dir='ltr' id='par_1_111' title="bbox 2224 5460 3800 5537">
     <span class='ocr_line' id='line_1_111' title="bbox 2224 5460 3800 5537; baseline -0.006 -15"><span class='ocrx_word' id='word_1_852' title='bbox 2224 5467 2325 5522; x_wconf 82' lang='lat' dir='ltr'><strong>etsi</strong></span> <span class='ocrx_word' id='word_1_853' title='bbox 2359 5468 2523 5537; x_wconf 84' lang='lat' dir='ltr'><strong>igitur</strong></span> <span class='ocrx_word' id='word_1_854' title='bbox 2555 5480 2678 5518; x_wconf 80' lang='lat' dir='ltr'><strong>eum</strong></span> <span class='ocrx_word' id='word_1_855' title='bbox 2715 5461 2858 5516; x_wconf 83' lang='lat' dir='ltr'><strong>Filio</strong></span> <span class='ocrx_word' id='word_1_856' title='bbox 2889 5461 3191 5516; x_wconf 88' lang='lat' dir='ltr'><strong>concedere</strong></span> <span class='ocrx_word' id='word_1_857' title='bbox 3244 5460 3398 5522; x_wconf 78' lang='lat' dir='ltr'><strong>dixit,</strong></span> <span class='ocrx_word' id='word_1_858' title='bbox 3427 5476 3590 5513; x_wconf 90' lang='lat' dir='ltr'><strong>unam</strong></span> <span class='ocrx_word' id='word_1_859' title='bbox 3621 5469 3800 5515; x_wconf 81' lang='lat' dir='ltr'><strong>tamen</strong></span> 
     </span>
    </p>
   </div>
   <div class='ocr_carea' id='block_1_112' title="bbox 2226 5550 3801 5627">
    <p class='ocr_par' dir='ltr' id='par_1_112' title="bbox 2226 5550 3801 5627">
     <span class='ocr_line' id='line_1_112' title="bbox 2226 5550 3801 5627; baseline -0.006 -13"><span class='ocrx_word' id='word_1_860' title='bbox 2226 5558 2515 5627; x_wconf 83' lang='lat' dir='ltr'><strong>utriusque</strong></span> <span class='ocrx_word' id='word_1_861' title='bbox 2563 5564 2819 5610; x_wconf 88' lang='lat' dir='ltr'><strong>naturam</strong></span> <span class='ocrx_word' id='word_1_862' title='bbox 2868 5551 3178 5616; x_wconf 76' lang='lat' dir='ltr'><strong>conﬁtetur,</strong></span> <span class='ocrx_word' id='word_1_863' title='bbox 3220 5550 3475 5620; x_wconf 84' lang='lat' dir='ltr'><strong>quoniam</strong></span> <span class='ocrx_word' id='word_1_864' title='bbox 3528 5551 3706 5607; x_wconf 81' lang='lat' dir='ltr'><strong>deitas</strong></span> <span class='ocrx_word' id='word_1_865' title='bbox 3750 5553 3801 5605; x_wconf 90' lang='lat' dir='ltr'><strong>in</strong></span> 
     </span>
    </p>
   </div>
   <div class='ocr_carea' id='block_1_113' title="bbox 2222 5683 3801 5768">
    <p class='ocr_par' dir='ltr' id='par_1_113' title="bbox 2222 5683 3801 5768">
     <span class='ocr_line' id='line_1_113' title="bbox 2222 5683 3801 5768; baseline -0.011 -16"><span class='ocrx_word' id='word_1_866' title='bbox 2222 5696 2357 5752; x_wconf 90' lang='lat' dir='ltr'><strong>nihil</strong></span> <span class='ocrx_word' id='word_1_867' title='bbox 2386 5697 2563 5768; x_wconf 87' lang='lat' dir='ltr'><strong>majus</strong></span> <span class='ocrx_word' id='word_1_868' title='bbox 2594 5701 2686 5750; x_wconf 89' lang='lat' dir='ltr'><strong>aut</strong></span> <span class='ocrx_word' id='word_1_869' title='bbox 2721 5693 2899 5749; x_wconf 90' lang='lat' dir='ltr'><strong>minus</strong></span> <span class='ocrx_word' id='word_1_870' title='bbox 2926 5704 3006 5748; x_wconf 87' lang='lat' dir='ltr'><strong>cst</strong></span> <span class='ocrx_word' id='word_1_871' title='bbox 3037 5691 3089 5746; x_wconf 88' lang='lat' dir='ltr'><strong>itt</strong></span> <span class='ocrx_word' id='word_1_872' title='bbox 3120 5689 3200 5744; x_wconf 82' lang='lat' dir='ltr'><strong>SS</strong></span> <span class='ocrx_word' id='word_1_873' title='bbox 3274 5683 3557 5740; x_wconf 63' lang='lat' dir='ltr'><strong>Trinitatis</strong></span> <span class='ocrx_word' id='word_1_874' title='bbox 3601 5696 3801 5757; x_wconf 56' lang='lat' dir='ltr'><strong>mysltjv</strong></span> 
     </span>
    </p>
   </div>
   <div class='ocr_carea' id='block_1_114' title="bbox 2223 5784 2326 5823">
    <p class='ocr_par' dir='ltr' id='par_1_114' title="bbox 2223 5784 2326 5823">
     <span class='ocr_line' id='line_1_114' title="bbox 2223 5784 2326 5823; baseline 0.01 -2"><span class='ocrx_word' id='word_1_875' title='bbox 2223 5784 2326 5823; x_wconf 78' lang='grc' dir='ltr'><strong>ΗΟ.</strong></span> 
     </span>
    </p>
   </div>
  </div>
