  <div class='ocr_page' id='page_1' title='image "/cluster/home/n/w/nwhite01/storage/ocr_20150623/152/mdp.39015078384735/038.png"; bbox 0 0 4144 6296; ppageno 0'>
   <div class='ocr_carea' id='block_1_1' title="bbox 294 363 3578 429">
    <p class='ocr_par' dir='ltr' id='par_1_1' title="bbox 294 363 3578 429">
     <span class='ocr_line' id='line_1_1' title="bbox 294 363 3578 429; baseline 0 -1"><span class='ocrx_word' id='word_1_1' title='bbox 294 363 362 428; x_wconf 71' lang='grc'><strong>61</strong></span> <span class='ocrx_word' id='word_1_2' title='bbox 1440 365 1836 426; x_wconf 74' lang='lat' dir='ltr'><strong>ADVERSUS</strong></span> <span class='ocrx_word' id='word_1_3' title='bbox 1873 365 2188 428; x_wconf 70' lang='lat' dir='ltr'><strong>GRECOS</strong></span> <span class='ocrx_word' id='word_1_4' title='bbox 2239 367 2387 428; x_wconf 91' lang='lat' dir='ltr'><strong>LlB.</strong></span> <span class='ocrx_word' id='word_1_5' title='bbox 2435 367 2517 429; x_wconf 90' lang='lat' dir='ltr'><strong>II.</strong></span> <span class='ocrx_word' id='word_1_6' title='bbox 3505 366 3578 428; x_wconf 67' lang='lat'><strong>6&#39;2</strong></span> 
     </span>
    </p>
   </div>
   <div class='ocr_carea' id='block_1_2' title="bbox 291 479 3574 552">
    <p class='ocr_par' dir='ltr' id='par_1_2' title="bbox 291 479 3574 552">
     <span class='ocr_line' id='line_1_2' title="bbox 291 479 3574 552; baseline 0.001 -21"><span class='ocrx_word' id='word_1_7' title='bbox 291 491 545 549; x_wconf 76' lang='lat' dir='ltr'><strong>utroque</strong></span> <span class='ocrx_word' id='word_1_8' title='bbox 573 494 703 534; x_wconf 88' lang='lat' dir='ltr'><strong>una.</strong></span> <span class='ocrx_word' id='word_1_9' title='bbox 733 481 808 533; x_wconf 78' lang='lat' dir='ltr'><strong>Ae.</strong></span> <span class='ocrx_word' id='word_1_10' title='bbox 845 479 1006 534; x_wconf 85' lang='lat' dir='ltr'><strong>veluti</strong></span> <span class='ocrx_word' id='word_1_11' title='bbox 1034 494 1157 536; x_wconf 90' lang='lat' dir='ltr'><strong>cum</strong></span> <span class='ocrx_word' id='word_1_12' title='bbox 1191 483 1351 536; x_wconf 86' lang='lat' dir='ltr'><strong>Pater</strong></span> <span class='ocrx_word' id='word_1_13' title='bbox 1381 483 1516 537; x_wconf 81' lang='lat' dir='ltr'><strong>Filio</strong></span> <span class='ocrx_word' id='word_1_14' title='bbox 1543 485 1736 551; x_wconf 87' lang='lat' dir='ltr'><strong>major,</strong></span> <span class='ocrx_word' id='word_1_15' title='bbox 1764 499 1890 536; x_wconf 87' lang='lat' dir='ltr'><strong>cau-</strong></span> <span class='ocrx_word' id='word_1_16' title='bbox 1921 489 1965 545; x_wconf 74' lang='grc' dir='ltr'>Α</span> <span class='ocrx_word' id='word_1_17' title='bbox 1994 483 2181 543; x_wconf 83' lang='lat' dir='ltr'><strong>etiam.</strong></span> <span class='ocrx_word' id='word_1_18' title='bbox 2205 484 2349 552; x_wconf 79' lang='lat' dir='ltr'><strong>quod</strong></span> <span class='ocrx_word' id='word_1_19' title='bbox 2373 485 2594 547; x_wconf 87' lang='lat' dir='ltr'><strong>dicitur,</strong></span> <span class='ocrx_word' id='word_1_20' title='bbox 2621 484 2685 537; x_wconf 87' lang='lat' dir='ltr'><strong>ab</strong></span> <span class='ocrx_word' id='word_1_21' title='bbox 2711 499 2774 537; x_wconf 89' lang='lat' dir='ltr'><strong>eo</strong></span> <span class='ocrx_word' id='word_1_22' title='bbox 2805 498 2926 538; x_wconf 71' lang='lat' dir='ltr'><strong>ess-.3</strong></span> <span class='ocrx_word' id='word_1_23' title='bbox 2961 483 3180 547; x_wconf 83' lang='lat' dir='ltr'><strong>habere,</strong></span> <span class='ocrx_word' id='word_1_24' title='bbox 3210 483 3574 537; x_wconf 78' lang='lat' dir='ltr'><strong>substantiam</strong></span> 
     </span>
    </p>
   </div>
   <div class='ocr_carea' id='block_1_3' title="bbox 294 572 1898 641">
    <p class='ocr_par' dir='ltr' id='par_1_3' title="bbox 294 572 1898 641">
     <span class='ocr_line' id='line_1_3' title="bbox 294 572 1898 641; baseline 0.003 -15"><span class='ocrx_word' id='word_1_25' title='bbox 294 589 372 626; x_wconf 64' lang='lat' dir='ltr'><strong>sae</strong></span> <span class='ocrx_word' id='word_1_26' title='bbox 411 573 646 626; x_wconf 76' lang='lat' dir='ltr'><strong>ratione</strong></span> <span class='ocrx_word' id='word_1_27' title='bbox 691 572 928 627; x_wconf 83' lang='lat' dir='ltr'><strong>dicitur:</strong></span> <span class='ocrx_word' id='word_1_28' title='bbox 968 589 1072 628; x_wconf 88' lang='lat' dir='ltr'><strong>non</strong></span> <span class='ocrx_word' id='word_1_29' title='bbox 1121 576 1470 641; x_wconf 47' lang='lat' dir='ltr'><strong>ideo1tamen</strong></span> <span class='ocrx_word' id='word_1_30' title='bbox 1522 575 1693 631; x_wconf 84' lang='lat' dir='ltr'><strong>Filius</strong></span> <span class='ocrx_word' id='word_1_31' title='bbox 1737 576 1898 631; x_wconf 78' lang='lat' dir='ltr'><strong>Patre</strong></span> 
     </span>
    </p>
   </div>
   <div class='ocr_carea' id='block_1_4' title="bbox 301 665 1895 738">
    <p class='ocr_par' dir='ltr' id='par_1_4' title="bbox 301 665 1895 738">
     <span class='ocr_line' id='line_1_4' title="bbox 301 665 1895 738; baseline 0.006 -24"><span class='ocrx_word' id='word_1_32' title='bbox 301 666 499 716; x_wconf 78' lang='lat' dir='ltr'><strong>minor</strong></span> <span class='ocrx_word' id='word_1_33' title='bbox 537 674 639 719; x_wconf 90' lang='lat' dir='ltr'><strong>est.</strong></span> <span class='ocrx_word' id='word_1_34' title='bbox 669 665 769 730; x_wconf 88' lang='lat' dir='ltr'><strong>Ita,</strong></span> <span class='ocrx_word' id='word_1_35' title='bbox 797 675 848 720; x_wconf 92' lang='lat' dir='ltr'><strong>et</strong></span> <span class='ocrx_word' id='word_1_36' title='bbox 881 682 1003 721; x_wconf 90' lang='lat' dir='ltr'><strong>cum</strong></span> <span class='ocrx_word' id='word_1_37' title='bbox 1031 667 1204 722; x_wconf 89' lang='lat' dir='ltr'><strong>Filius</strong></span> <span class='ocrx_word' id='word_1_38' title='bbox 1253 670 1426 738; x_wconf 84' lang='lat' dir='ltr'><strong>major</strong></span> <span class='ocrx_word' id='word_1_39' title='bbox 1461 670 1667 738; x_wconf 85' lang='lat' dir='ltr'><strong>Spiritu</strong></span> <span class='ocrx_word' id='word_1_40' title='bbox 1706 680 1895 723; x_wconf 88' lang='lat' dir='ltr'><strong>sancto</strong></span> 
     </span>
    </p>
   </div>
   <div class='ocr_carea' id='block_1_5' title="bbox 303 758 1897 830">
    <p class='ocr_par' dir='ltr' id='par_1_5' title="bbox 303 758 1897 830">
     <span class='ocr_line' id='line_1_5' title="bbox 303 758 1897 830; baseline 0.005 -22"><span class='ocrx_word' id='word_1_41' title='bbox 303 767 628 822; x_wconf 69' lang='lat' dir='ltr'><strong>assenatur,</strong></span> <span class='ocrx_word' id='word_1_42' title='bbox 660 773 767 812; x_wconf 90' lang='lat' dir='ltr'><strong>non</strong></span> <span class='ocrx_word' id='word_1_43' title='bbox 798 767 978 813; x_wconf 86' lang='lat' dir='ltr'><strong>tamen</strong></span> <span class='ocrx_word' id='word_1_44' title='bbox 1009 758 1148 813; x_wconf 85' lang='lat' dir='ltr'><strong>Filio</strong></span> <span class='ocrx_word' id='word_1_45' title='bbox 1177 762 1357 814; x_wconf 89' lang='lat' dir='ltr'><strong>minor</strong></span> <span class='ocrx_word' id='word_1_46' title='bbox 1391 760 1633 830; x_wconf 76' lang='lat' dir='ltr'><strong>Spiritus</strong></span> <span class='ocrx_word' id='word_1_47' title='bbox 1672 770 1897 816; x_wconf 89' lang='lat' dir='ltr'><strong>sanctus</strong></span> 
     </span>
    </p>
   </div>
   <div class='ocr_carea' id='block_1_6' title="bbox 310 846 1900 921">
    <p class='ocr_par' dir='ltr' id='par_1_6' title="bbox 310 846 1900 921">
     <span class='ocr_line' id='line_1_6' title="bbox 310 846 1900 921; baseline 0.004 -21"><span class='ocrx_word' id='word_1_48' title='bbox 310 846 668 917; x_wconf 73' lang='lat' dir='ltr'><strong>intelligitur.</strong></span> <span class='ocrx_word' id='word_1_49' title='bbox 707 849 823 904; x_wconf 84' lang='lat' dir='ltr'><strong>Una</strong></span> <span class='ocrx_word' id='word_1_50' title='bbox 859 853 1060 921; x_wconf 83' lang='lat' dir='ltr'><strong>quippe</strong></span> <span class='ocrx_word' id='word_1_51' title='bbox 1102 853 1266 905; x_wconf 81' lang='lat' dir='ltr'><strong>trinm</strong></span> <span class='ocrx_word' id='word_1_52' title='bbox 1315 853 1555 906; x_wconf 84' lang='lat' dir='ltr'><strong>essentia</strong></span> <span class='ocrx_word' id='word_1_53' title='bbox 1597 863 1699 906; x_wconf 91' lang='lat' dir='ltr'><strong>est.</strong></span> <span class='ocrx_word' id='word_1_54' title='bbox 1729 853 1900 906; x_wconf 87' lang='lat' dir='ltr'><strong>Porro</strong></span> 
     </span>
    </p>
   </div>
   <div class='ocr_carea' id='block_1_7' title="bbox 319 941 1894 1013">
    <p class='ocr_par' dir='ltr' id='par_1_7' title="bbox 319 941 1894 1013">
     <span class='ocr_line' id='line_1_7' title="bbox 319 941 1894 1013; baseline 0.003 -21"><span class='ocrx_word' id='word_1_55' title='bbox 319 955 453 993; x_wconf 91' lang='lat' dir='ltr'><strong>cum</strong></span> <span class='ocrx_word' id='word_1_56' title='bbox 523 941 831 1011; x_wconf 90' lang='lat' dir='ltr'><strong>hujusmodi</strong></span> <span class='ocrx_word' id='word_1_57' title='bbox 901 945 1200 998; x_wconf 86' lang='lat' dir='ltr'><strong>secundum</strong></span> <span class='ocrx_word' id='word_1_58' title='bbox 1257 945 1600 1013; x_wconf 81' lang='lat' dir='ltr'><strong>personalem</strong></span> <span class='ocrx_word' id='word_1_59' title='bbox 1653 944 1894 997; x_wconf 73' lang='lat' dir='ltr'><strong>ordinem</strong></span> 
     </span>
    </p>
   </div>
   <div class='ocr_carea' id='block_1_8' title="bbox 317 1031 1894 1103">
    <p class='ocr_par' dir='ltr' id='par_1_8' title="bbox 317 1031 1894 1103">
     <span class='ocr_line' id='line_1_8' title="bbox 317 1031 1894 1103; baseline 0.001 -21"><span class='ocrx_word' id='word_1_60' title='bbox 317 1031 602 1094; x_wconf 86' lang='lat' dir='ltr'><strong>dicuntur,</strong></span> <span class='ocrx_word' id='word_1_61' title='bbox 650 1034 764 1087; x_wconf 91' lang='lat' dir='ltr'><strong>sola</strong></span> <span class='ocrx_word' id='word_1_62' title='bbox 819 1049 986 1088; x_wconf 89' lang='lat' dir='ltr'><strong>causa</strong></span> <span class='ocrx_word' id='word_1_63' title='bbox 1065 1046 1228 1103; x_wconf 88' lang='lat' dir='ltr'><strong>atque</strong></span> <span class='ocrx_word' id='word_1_64' title='bbox 1277 1034 1486 1088; x_wconf 83' lang='lat' dir='ltr'><strong>causali</strong></span> <span class='ocrx_word' id='word_1_65' title='bbox 1541 1049 1894 1103; x_wconf 89' lang='lat' dir='ltr'><strong>personarum</strong></span> 
     </span>
    </p>
   </div>
   <div class='ocr_carea' id='block_1_9' title="bbox 318 1122 1898 1194">
    <p class='ocr_par' dir='ltr' id='par_1_9' title="bbox 318 1122 1898 1194">
     <span class='ocr_line' id='line_1_9' title="bbox 318 1122 1898 1194; baseline 0.001 -20"><span class='ocrx_word' id='word_1_66' title='bbox 318 1122 584 1176; x_wconf 84' lang='lat' dir='ltr'><strong>discretio</strong></span> <span class='ocrx_word' id='word_1_67' title='bbox 617 1126 882 1179; x_wconf 84' lang='lat' dir='ltr'><strong>redditur.</strong></span> <span class='ocrx_word' id='word_1_68' title='bbox 910 1124 1056 1178; x_wconf 83' lang='lat' dir='ltr'><strong>Nihil</strong></span> <span class='ocrx_word' id='word_1_69' title='bbox 1090 1127 1234 1178; x_wconf 86' lang='lat' dir='ltr'><strong>enim</strong></span> <span class='ocrx_word' id='word_1_70' title='bbox 1266 1125 1426 1194; x_wconf 79' lang='lat' dir='ltr'><strong>aliud</strong></span> <span class='ocrx_word' id='word_1_71' title='bbox 1473 1126 1788 1186; x_wconf 87' lang='lat' dir='ltr'><strong>concedere,</strong></span> <span class='ocrx_word' id='word_1_72' title='bbox 1819 1123 1898 1178; x_wconf 85' lang='lat' dir='ltr'><strong>vel</strong></span> 
     </span>
    </p>
   </div>
   <div class='ocr_carea' id='block_1_10' title="bbox 320 1216 1904 1286">
    <p class='ocr_par' dir='ltr' id='par_1_10' title="bbox 320 1216 1904 1286">
     <span class='ocr_line' id='line_1_10' title="bbox 320 1216 1904 1286; baseline 0.002 -18"><span class='ocrx_word' id='word_1_73' title='bbox 320 1216 625 1268; x_wconf 84' lang='lat' dir='ltr'><strong>secundum</strong></span> <span class='ocrx_word' id='word_1_74' title='bbox 678 1232 802 1272; x_wconf 87' lang='lat' dir='ltr'><strong>esse</strong></span> <span class='ocrx_word' id='word_1_75' title='bbox 841 1218 1137 1286; x_wconf 75' lang='lat' dir='ltr'><strong>signiﬁcat.</strong></span> <span class='ocrx_word' id='word_1_76' title='bbox 1173 1217 1277 1270; x_wconf 90' lang='lat' dir='ltr'><strong>nisi</strong></span> <span class='ocrx_word' id='word_1_77' title='bbox 1315 1217 1473 1270; x_wconf 86' lang='lat' dir='ltr'><strong>aliam</strong></span> <span class='ocrx_word' id='word_1_78' title='bbox 1521 1226 1648 1270; x_wconf 84' lang='lat' dir='ltr'><strong>ante</strong></span> <span class='ocrx_word' id='word_1_79' title='bbox 1678 1231 1736 1271; x_wconf 88' lang='lat' dir='ltr'><strong>se</strong></span> <span class='ocrx_word' id='word_1_80' title='bbox 1779 1231 1904 1271; x_wconf 84' lang='lat' dir='ltr'><strong>esse</strong></span> 
     </span>
    </p>
   </div>
   <div class='ocr_carea' id='block_1_11' title="bbox 319 1308 1897 1378">
    <p class='ocr_par' dir='ltr' id='par_1_11' title="bbox 319 1308 1897 1378">
     <span class='ocr_line' id='line_1_11' title="bbox 319 1308 1897 1378; baseline 0.003 -21"><span class='ocrx_word' id='word_1_81' title='bbox 319 1322 638 1375; x_wconf 84' lang='lat' dir='ltr'><strong>personam,</strong></span> <span class='ocrx_word' id='word_1_82' title='bbox 689 1323 810 1376; x_wconf 62' lang='lat' dir='ltr'><strong>qua:</strong></span> <span class='ocrx_word' id='word_1_83' title='bbox 869 1318 994 1361; x_wconf 89' lang='lat' dir='ltr'><strong>ante</strong></span> <span class='ocrx_word' id='word_1_84' title='bbox 1071 1317 1252 1361; x_wconf 84' lang='lat' dir='ltr'><strong>tuente</strong></span> <span class='ocrx_word' id='word_1_85' title='bbox 1325 1308 1679 1376; x_wconf 70' lang='lat' dir='ltr'><strong>concipiatur,</strong></span> <span class='ocrx_word' id='word_1_86' title='bbox 1734 1325 1897 1378; x_wconf 89' lang='lat' dir='ltr'><strong>quam</strong></span> 
     </span>
    </p>
   </div>
   <div class='ocr_carea' id='block_1_12' title="bbox 322 1397 466 1466">
    <p class='ocr_par' dir='ltr' id='par_1_12' title="bbox 322 1397 466 1466">
     <span class='ocr_line' id='line_1_12' title="bbox 322 1397 466 1466; baseline 0.014 -16"><span class='ocrx_word' id='word_1_87' title='bbox 322 1397 336 1450; x_wconf 91' lang='lat' dir='ltr'><strong>i</strong></span> <span class='ocrx_word' id='word_1_88' title='bbox 344 1412 466 1466; x_wconf 88' lang='lat' dir='ltr'><strong>pse.</strong></span> 
     </span>
    </p>
   </div>
   <div class='ocr_carea' id='block_1_13' title="bbox 398 1532 1896 1610">
    <p class='ocr_par' dir='ltr' id='par_1_13' title="bbox 398 1532 1896 1610">
     <span class='ocr_line' id='line_1_13' title="bbox 398 1532 1896 1610; baseline 0.006 -24"><span class='ocrx_word' id='word_1_89' title='bbox 398 1532 591 1604; x_wconf 75' lang='lat' dir='ltr'><strong>Porro,</strong></span> <span class='ocrx_word' id='word_1_90' title='bbox 628 1534 720 1604; x_wconf 87' lang='lat' dir='ltr'><strong>qui</strong></span> <span class='ocrx_word' id='word_1_91' title='bbox 749 1534 818 1588; x_wconf 84' lang='lat' dir='ltr'><strong>ita</strong></span> <span class='ocrx_word' id='word_1_92' title='bbox 856 1535 1036 1590; x_wconf 73' lang='lat' dir='ltr'><strong>Basiiii</strong></span> <span class='ocrx_word' id='word_1_93' title='bbox 1076 1537 1273 1591; x_wconf 93' lang='lat' dir='ltr'><strong>dictum</strong></span> <span class='ocrx_word' id='word_1_94' title='bbox 1315 1539 1612 1609; x_wconf 80' lang='lat' dir='ltr'><strong>accipiunt,</strong></span> <span class='ocrx_word' id='word_1_95' title='bbox 1649 1553 1706 1594; x_wconf 90' lang='lat' dir='ltr'><strong>ut</strong></span> <span class='ocrx_word' id='word_1_96' title='bbox 1750 1543 1896 1610; x_wconf 88' lang='lat' dir='ltr'><strong>quod</strong></span> 
     </span>
    </p>
   </div>
   <div class='ocr_carea' id='block_1_14' title="bbox 329 1624 1899 1701">
    <p class='ocr_par' dir='ltr' id='par_1_14' title="bbox 329 1624 1899 1701">
     <span class='ocr_line' id='line_1_14' title="bbox 329 1624 1899 1701; baseline 0.005 -25"><span class='ocrx_word' id='word_1_97' title='bbox 329 1624 420 1676; x_wconf 77' lang='lat' dir='ltr'><strong>ille</strong></span> <span class='ocrx_word' id='word_1_98' title='bbox 449 1627 522 1678; x_wconf 79' lang='lat' dir='ltr'><strong>ait</strong></span> <span class='ocrx_word' id='word_1_99' title='bbox 551 1625 810 1694; x_wconf 85' lang='lat' dir='ltr'><strong>Spiritum</strong></span> <span class='ocrx_word' id='word_1_100' title='bbox 845 1642 871 1678; x_wconf 91' lang='lat' dir='ltr'><strong>a</strong></span> <span class='ocrx_word' id='word_1_101' title='bbox 907 1627 1044 1681; x_wconf 81' lang='lat' dir='ltr'><strong>Filio</strong></span> <span class='ocrx_word' id='word_1_102' title='bbox 1074 1644 1198 1684; x_wconf 90' lang='lat' dir='ltr'><strong>esse</strong></span> <span class='ocrx_word' id='word_1_103' title='bbox 1243 1629 1467 1695; x_wconf 90' lang='lat' dir='ltr'><strong>habere,</strong></span> <span class='ocrx_word' id='word_1_104' title='bbox 1495 1632 1562 1685; x_wconf 89' lang='lat' dir='ltr'><strong>ab</strong></span> <span class='ocrx_word' id='word_1_105' title='bbox 1597 1632 1714 1701; x_wconf 90' lang='lat' dir='ltr'><strong>ipso</strong></span> <span class='ocrx_word' id='word_1_106' title='bbox 1757 1631 1899 1696; x_wconf 87' lang='lat' dir='ltr'><strong>dari,</strong></span> 
     </span>
    </p>
   </div>
   <div class='ocr_carea' id='block_1_15' title="bbox 329 1715 1902 1788">
    <p class='ocr_par' dir='ltr' id='par_1_15' title="bbox 329 1715 1902 1788">
     <span class='ocr_line' id='line_1_15' title="bbox 329 1715 1902 1788; baseline 0.006 -22"><span class='ocrx_word' id='word_1_107' title='bbox 329 1715 528 1768; x_wconf 87' lang='lat' dir='ltr'><strong>habere</strong></span> <span class='ocrx_word' id='word_1_108' title='bbox 578 1716 883 1785; x_wconf 82' lang='lat' dir='ltr'><strong>signiﬁcare</strong></span> <span class='ocrx_word' id='word_1_109' title='bbox 917 1725 1128 1787; x_wconf 85' lang='lat' dir='ltr'><strong>putent,</strong></span> <span class='ocrx_word' id='word_1_110' title='bbox 1174 1733 1294 1772; x_wconf 86' lang='lat' dir='ltr'><strong>esse</strong></span> <span class='ocrx_word' id='word_1_111' title='bbox 1341 1735 1437 1787; x_wconf 91' lang='lat' dir='ltr'><strong>pro</strong></span> <span class='ocrx_word' id='word_1_112' title='bbox 1483 1735 1571 1784; x_wconf 89' lang='lat' dir='ltr'><strong>eo,</strong></span> <span class='ocrx_word' id='word_1_113' title='bbox 1621 1721 1765 1788; x_wconf 88' lang='lat' dir='ltr'><strong>quod</strong></span> <span class='ocrx_word' id='word_1_114' title='bbox 1817 1730 1902 1775; x_wconf 90' lang='lat' dir='ltr'><strong>est</strong></span> 
     </span>
    </p>
   </div>
   <div class='ocr_carea' id='block_1_16' title="bbox 327 1807 1982 1881">
    <p class='ocr_par' dir='ltr' id='par_1_16' title="bbox 327 1807 1982 1881">
     <span class='ocr_line' id='line_1_16' title="bbox 327 1807 1982 1881; baseline 0.008 -24"><span class='ocrx_word' id='word_1_115' title='bbox 327 1807 471 1872; x_wconf 88' lang='lat' dir='ltr'><strong>dari,</strong></span> <span class='ocrx_word' id='word_1_116' title='bbox 511 1807 884 1876; x_wconf 84' lang='lat' dir='ltr'><strong>accipientes:</strong></span> <span class='ocrx_word' id='word_1_117' title='bbox 925 1819 1111 1864; x_wconf 83' lang='lat' dir='ltr'><strong>contra</strong></span> <span class='ocrx_word' id='word_1_118' title='bbox 1159 1812 1383 1864; x_wconf 88' lang='lat' dir='ltr'><strong>omnino</strong></span> <span class='ocrx_word' id='word_1_119' title='bbox 1426 1811 1692 1876; x_wconf 89' lang='lat' dir='ltr'><strong>sentiunt,</strong></span> <span class='ocrx_word' id='word_1_120' title='bbox 1743 1829 1906 1881; x_wconf 86' lang='lat' dir='ltr'><strong>quam</strong></span> <span class='ocrx_word' id='word_1_121' title='bbox 1935 1814 1982 1872; x_wconf 82' lang='grc' dir='ltr'><strong>Β</strong></span> 
     </span>
    </p>
   </div>
   <div class='ocr_carea' id='block_1_17' title="bbox 325 1901 1907 1959">
    <p class='ocr_par' dir='ltr' id='par_1_17' title="bbox 325 1901 1907 1959">
     <span class='ocr_line' id='line_1_17' title="bbox 325 1901 1907 1959; baseline 0.003 -7"><span class='ocrx_word' id='word_1_122' title='bbox 325 1915 386 1954; x_wconf 87' lang='lat' dir='ltr'><strong>se</strong></span> <span class='ocrx_word' id='word_1_123' title='bbox 425 1901 581 1954; x_wconf 81' lang='lat' dir='ltr'><strong>habet</strong></span> <span class='ocrx_word' id='word_1_124' title='bbox 610 1902 850 1956; x_wconf 81' lang='lat' dir='ltr'><strong>doctoris</strong></span> <span class='ocrx_word' id='word_1_125' title='bbox 885 1903 1132 1955; x_wconf 80' lang='lat' dir='ltr'><strong>intentio.</strong></span> <span class='ocrx_word' id='word_1_126' title='bbox 1167 1902 1260 1956; x_wconf 88' lang='lat' dir='ltr'><strong>llle</strong></span> <span class='ocrx_word' id='word_1_127' title='bbox 1286 1904 1433 1957; x_wconf 89' lang='lat' dir='ltr'><strong>enim</strong></span> <span class='ocrx_word' id='word_1_128' title='bbox 1460 1904 1907 1959; x_wconf 81' lang='lat' dir='ltr'><strong>consubstantia-</strong></span> 
     </span>
    </p>
   </div>
   <div class='ocr_carea' id='block_1_18' title="bbox 323 1989 1907 2063">
    <p class='ocr_par' dir='ltr' id='par_1_18' title="bbox 323 1989 1907 2063">
     <span class='ocr_line' id='line_1_18' title="bbox 323 1989 1907 2063; baseline 0.003 -20"><span class='ocrx_word' id='word_1_129' title='bbox 323 1989 432 2043; x_wconf 89' lang='lat' dir='ltr'><strong>lem</strong></span> <span class='ocrx_word' id='word_1_130' title='bbox 477 1991 622 2045; x_wconf 87' lang='lat' dir='ltr'><strong>Patri</strong></span> <span class='ocrx_word' id='word_1_131' title='bbox 661 1990 856 2045; x_wconf 85' lang='lat' dir='ltr'><strong>Filium</strong></span> <span class='ocrx_word' id='word_1_132' title='bbox 892 2006 1014 2044; x_wconf 89' lang='lat' dir='ltr'><strong>cum</strong></span> <span class='ocrx_word' id='word_1_133' title='bbox 1060 1992 1412 2055; x_wconf 84' lang='lat' dir='ltr'><strong>ostendisset,</strong></span> <span class='ocrx_word' id='word_1_134' title='bbox 1442 1994 1605 2048; x_wconf 85' lang='lat' dir='ltr'><strong>etiam</strong></span> <span class='ocrx_word' id='word_1_135' title='bbox 1643 1994 1907 2063; x_wconf 85' lang='lat' dir='ltr'><strong>Spiritum</strong></span> 
     </span>
    </p>
   </div>
   <div class='ocr_carea' id='block_1_19' title="bbox 326 2082 1906 2154">
    <p class='ocr_par' dir='ltr' id='par_1_19' title="bbox 326 2082 1906 2154">
     <span class='ocr_line' id='line_1_19' title="bbox 326 2082 1906 2154; baseline 0.003 -20"><span class='ocrx_word' id='word_1_136' title='bbox 326 2092 584 2137; x_wconf 78' lang='lat' dir='ltr'><strong>sanctum</strong></span> <span class='ocrx_word' id='word_1_137' title='bbox 641 2083 1162 2137; x_wconf 71' lang='lat' dir='ltr'><strong>eoosuhstantialem</strong></span> <span class='ocrx_word' id='word_1_138' title='bbox 1219 2082 1378 2149; x_wconf 86' lang='lat' dir='ltr'><strong>Filio,</strong></span> <span class='ocrx_word' id='word_1_139' title='bbox 1435 2099 1498 2138; x_wconf 88' lang='lat' dir='ltr'><strong>ac</strong></span> <span class='ocrx_word' id='word_1_140' title='bbox 1563 2100 1659 2153; x_wconf 87' lang='lat' dir='ltr'><strong>per</strong></span> <span class='ocrx_word' id='word_1_141' title='bbox 1709 2085 1906 2154; x_wconf 80' lang='lat' dir='ltr'><strong>ipsam,</strong></span> 
     </span>
    </p>
   </div>
   <div class='ocr_carea' id='block_1_20' title="bbox 329 2161 1906 2242">
    <p class='ocr_par' dir='ltr' id='par_1_20' title="bbox 329 2161 1906 2242">
     <span class='ocr_line' id='line_1_20' title="bbox 329 2161 1906 2242; baseline 0.001 -16"><span class='ocrx_word' id='word_1_142' title='bbox 329 2172 483 2227; x_wconf 86' lang='lat' dir='ltr'><strong>Patri</strong></span> <span class='ocrx_word' id='word_1_143' title='bbox 540 2161 886 2228; x_wconf 46' lang='lat' dir='ltr'><strong>concludere&quot;</strong></span> <span class='ocrx_word' id='word_1_144' title='bbox 919 2175 1172 2230; x_wconf 85' lang='lat' dir='ltr'><strong>intendit.</strong></span> <span class='ocrx_word' id='word_1_145' title='bbox 1214 2175 1483 2230; x_wconf 66' lang='lat' dir='ltr'><strong>Cirtermn</strong></span> <span class='ocrx_word' id='word_1_146' title='bbox 1515 2177 1631 2230; x_wconf 81' lang='lat' dir='ltr'><strong>dati</strong></span> <span class='ocrx_word' id='word_1_147' title='bbox 1675 2192 1704 2230; x_wconf 69' lang='grc' dir='ltr'><strong>δ</strong></span> <span class='ocrx_word' id='word_1_148' title='bbox 1748 2176 1906 2242; x_wconf 86' lang='lat' dir='ltr'><strong>Filio,</strong></span> 
     </span>
    </p>
   </div>
   <div class='ocr_carea' id='block_1_21' title="bbox 325 2268 1908 2344">
    <p class='ocr_par' dir='ltr' id='par_1_21' title="bbox 325 2268 1908 2344">
     <span class='ocr_line' id='line_1_21' title="bbox 325 2268 1908 2344; baseline 0.003 -24"><span class='ocrx_word' id='word_1_149' title='bbox 325 2268 665 2322; x_wconf 90' lang='lat' dir='ltr'><strong>contrarium</strong></span> <span class='ocrx_word' id='word_1_150' title='bbox 695 2269 990 2330; x_wconf 85' lang='lat' dir='ltr'><strong>concludit,</strong></span> <span class='ocrx_word' id='word_1_151' title='bbox 1021 2269 1121 2322; x_wconf 63' lang='lat' dir='ltr'><strong>nisi</strong></span> <span class='ocrx_word' id='word_1_152' title='bbox 1153 2271 1298 2340; x_wconf 87' lang='lat' dir='ltr'><strong>quod</strong></span> <span class='ocrx_word' id='word_1_153' title='bbox 1328 2270 1488 2324; x_wconf 88' lang='lat' dir='ltr'><strong>datur</strong></span> <span class='ocrx_word' id='word_1_154' title='bbox 1515 2285 1610 2344; x_wconf 82' lang='lat' dir='ltr'><strong>per</strong></span> <span class='ocrx_word' id='word_1_155' title='bbox 1633 2286 1780 2333; x_wconf 89' lang='lat' dir='ltr'><strong>eum,</strong></span> <span class='ocrx_word' id='word_1_156' title='bbox 1815 2287 1908 2340; x_wconf 90' lang='lat' dir='ltr'><strong>per</strong></span> 
     </span>
    </p>
   </div>
   <div class='ocr_carea' id='block_1_22' title="bbox 323 2359 1908 2429">
    <p class='ocr_par' dir='ltr' id='par_1_22' title="bbox 323 2359 1908 2429">
     <span class='ocr_line' id='line_1_22' title="bbox 323 2359 1908 2429; baseline 0.004 -18"><span class='ocrx_word' id='word_1_157' title='bbox 323 2374 490 2427; x_wconf 90' lang='lat' dir='ltr'><strong>quem</strong></span> <span class='ocrx_word' id='word_1_158' title='bbox 522 2359 683 2412; x_wconf 88' lang='lat' dir='ltr'><strong>datur</strong></span> <span class='ocrx_word' id='word_1_159' title='bbox 711 2359 1056 2426; x_wconf 79' lang='lat' dir='ltr'><strong>naturaliter,</strong></span> <span class='ocrx_word' id='word_1_160' title='bbox 1101 2370 1152 2414; x_wconf 92' lang='lat' dir='ltr'><strong>et</strong></span> <span class='ocrx_word' id='word_1_161' title='bbox 1195 2361 1562 2416; x_wconf 89' lang='lat' dir='ltr'><strong>essentialiter</strong></span> <span class='ocrx_word' id='word_1_162' title='bbox 1614 2363 1908 2429; x_wconf 84' lang='lat' dir='ltr'><strong>procedere</strong></span> 
     </span>
    </p>
   </div>
   <div class='ocr_carea' id='block_1_23' title="bbox 326 2451 1905 2519">
    <p class='ocr_par' dir='ltr' id='par_1_23' title="bbox 326 2451 1905 2519">
     <span class='ocr_line' id='line_1_23' title="bbox 326 2451 1905 2519; baseline 0.008 -21"><span class='ocrx_word' id='word_1_163' title='bbox 326 2459 800 2518; x_wconf 67' lang='lat' dir='ltr'><strong>prmsupponatur,</strong></span> <span class='ocrx_word' id='word_1_164' title='bbox 834 2451 1051 2519; x_wconf 81' lang='lat' dir='ltr'><strong>quando</strong></span> <span class='ocrx_word' id='word_1_165' title='bbox 1078 2453 1238 2505; x_wconf 82' lang='lat' dir='ltr'><strong>etiam</strong></span> <span class='ocrx_word' id='word_1_166' title='bbox 1271 2454 1412 2519; x_wconf 89' lang='lat' dir='ltr'><strong>dari,</strong></span> <span class='ocrx_word' id='word_1_167' title='bbox 1449 2455 1501 2507; x_wconf 92' lang='lat' dir='ltr'><strong>in</strong></span> <span class='ocrx_word' id='word_1_168' title='bbox 1540 2453 1740 2508; x_wconf 72' lang='lat' dir='ltr'><strong>divinis</strong></span> <span class='ocrx_word' id='word_1_169' title='bbox 1765 2455 1905 2510; x_wconf 90' lang='lat' dir='ltr'><strong>idem</strong></span> 
     </span>
    </p>
   </div>
   <div class='ocr_carea' id='block_1_24' title="bbox 325 2541 1908 2616">
    <p class='ocr_par' dir='ltr' id='par_1_24' title="bbox 325 2541 1908 2616">
     <span class='ocr_line' id='line_1_24' title="bbox 325 2541 1908 2616; baseline 0.006 -20"><span class='ocrx_word' id='word_1_170' title='bbox 325 2552 433 2605; x_wconf 83' lang='lat' dir='ltr'><strong>est,</strong></span> <span class='ocrx_word' id='word_1_171' title='bbox 486 2541 631 2610; x_wconf 86' lang='lat' dir='ltr'><strong>quod</strong></span> <span class='ocrx_word' id='word_1_172' title='bbox 693 2543 1006 2611; x_wconf 80' lang='lat' dir='ltr'><strong>procedere.</strong></span> <span class='ocrx_word' id='word_1_173' title='bbox 1072 2544 1339 2610; x_wconf 89' lang='lat' dir='ltr'><strong>Quoniam</strong></span> <span class='ocrx_word' id='word_1_174' title='bbox 1391 2547 1555 2616; x_wconf 77' lang='lat' dir='ltr'><strong>igitur</strong></span> <span class='ocrx_word' id='word_1_175' title='bbox 1610 2550 1908 2606; x_wconf 84' lang='lat' dir='ltr'><strong>Eunomius</strong></span> 
     </span>
    </p>
   </div>
   <div class='ocr_carea' id='block_1_25' title="bbox 325 2634 1911 2713">
    <p class='ocr_par' dir='ltr' id='par_1_25' title="bbox 325 2634 1911 2713">
     <span class='ocr_line' id='line_1_25' title="bbox 325 2634 1911 2713; baseline 0.006 -25"><span class='ocrx_word' id='word_1_176' title='bbox 325 2635 663 2688; x_wconf 82' lang='lat' dir='ltr'><strong>creationem</strong></span> <span class='ocrx_word' id='word_1_177' title='bbox 694 2635 816 2688; x_wconf 87' lang='lat' dir='ltr'><strong>Filii</strong></span> <span class='ocrx_word' id='word_1_178' title='bbox 846 2634 1108 2705; x_wconf 84' lang='lat' dir='ltr'><strong>Spiritum</strong></span> <span class='ocrx_word' id='word_1_179' title='bbox 1129 2649 1378 2694; x_wconf 86' lang='lat' dir='ltr'><strong>sanctum</strong></span> <span class='ocrx_word' id='word_1_180' title='bbox 1412 2656 1534 2696; x_wconf 90' lang='lat' dir='ltr'><strong>esse</strong></span> <span class='ocrx_word' id='word_1_181' title='bbox 1564 2643 1911 2713; x_wconf 85' lang='lat' dir='ltr'><strong>blasphema-</strong></span> 
     </span>
    </p>
   </div>
   <div class='ocr_carea' id='block_1_26' title="bbox 328 2725 1909 2798">
    <p class='ocr_par' dir='ltr' id='par_1_26' title="bbox 328 2725 1909 2798">
     <span class='ocr_line' id='line_1_26' title="bbox 328 2725 1909 2798; baseline 0.008 -21"><span class='ocrx_word' id='word_1_182' title='bbox 328 2725 443 2788; x_wconf 88' lang='lat' dir='ltr'><strong>bat,</strong></span> <span class='ocrx_word' id='word_1_183' title='bbox 479 2725 593 2778; x_wconf 86' lang='lat' dir='ltr'><strong>dari</strong></span> <span class='ocrx_word' id='word_1_184' title='bbox 643 2735 822 2780; x_wconf 88' lang='lat' dir='ltr'><strong>autem</strong></span> <span class='ocrx_word' id='word_1_185' title='bbox 875 2727 1051 2780; x_wconf 91' lang='lat' dir='ltr'><strong>solum</strong></span> <span class='ocrx_word' id='word_1_186' title='bbox 1101 2731 1242 2798; x_wconf 87' lang='lat' dir='ltr'><strong>quod</strong></span> <span class='ocrx_word' id='word_1_187' title='bbox 1292 2732 1514 2796; x_wconf 86' lang='lat' dir='ltr'><strong>dicitur,</strong></span> <span class='ocrx_word' id='word_1_188' title='bbox 1552 2735 1617 2787; x_wconf 90' lang='lat' dir='ltr'><strong>ad</strong></span> <span class='ocrx_word' id='word_1_189' title='bbox 1663 2735 1800 2789; x_wconf 91' lang='lat' dir='ltr'><strong>hanc</strong></span> <span class='ocrx_word' id='word_1_190' title='bbox 1835 2735 1909 2789; x_wconf 90' lang='lat' dir='ltr'><strong>illi</strong></span> 
     </span>
    </p>
   </div>
   <div class='ocr_carea' id='block_1_27' title="bbox 327 2817 1909 2894">
    <p class='ocr_par' dir='ltr' id='par_1_27' title="bbox 327 2817 1909 2894">
     <span class='ocr_line' id='line_1_27' title="bbox 327 2817 1909 2894; baseline 0.006 -25"><span class='ocrx_word' id='word_1_191' title='bbox 327 2817 728 2886; x_wconf 79' lang='lat' dir='ltr'><strong>blasphemiam</strong></span> <span class='ocrx_word' id='word_1_192' title='bbox 782 2821 1195 2888; x_wconf 85' lang='lat' dir='ltr'><strong>epitulabatur:</strong></span> <span class='ocrx_word' id='word_1_193' title='bbox 1249 2833 1474 2878; x_wconf 87' lang='lat' dir='ltr'><strong>sanctus</strong></span> <span class='ocrx_word' id='word_1_194' title='bbox 1522 2826 1762 2894; x_wconf 77' lang='lat' dir='ltr'><strong>profecto</strong></span> <span class='ocrx_word' id='word_1_195' title='bbox 1808 2829 1909 2894; x_wconf 87' lang='lat' dir='ltr'><strong>vir,</strong></span> 
     </span>
    </p>
   </div>
   <div class='ocr_carea' id='block_1_28' title="bbox 330 2911 1914 2981">
    <p class='ocr_par' dir='ltr' id='par_1_28' title="bbox 330 2911 1914 2981">
     <span class='ocr_line' id='line_1_28' title="bbox 330 2911 1914 2981; baseline 0.008 -21"><span class='ocrx_word' id='word_1_196' title='bbox 330 2918 497 2978; x_wconf 88' lang='lat' dir='ltr'><strong>atque</strong></span> <span class='ocrx_word' id='word_1_197' title='bbox 542 2911 912 2974; x_wconf 88' lang='lat' dir='ltr'><strong>doctissimus,</strong></span> <span class='ocrx_word' id='word_1_198' title='bbox 946 2928 1230 2981; x_wconf 86' lang='lat' dir='ltr'><strong>nunquam</strong></span> <span class='ocrx_word' id='word_1_199' title='bbox 1268 2917 1404 2969; x_wconf 89' lang='lat' dir='ltr'><strong>adeo</strong></span> <span class='ocrx_word' id='word_1_200' title='bbox 1452 2916 1685 2970; x_wconf 87' lang='lat' dir='ltr'><strong>imbecill</strong></span> <span class='ocrx_word' id='word_1_201' title='bbox 1711 2925 1810 2979; x_wconf 89' lang='lat' dir='ltr'><strong>ter,</strong></span> <span class='ocrx_word' id='word_1_202' title='bbox 1849 2934 1914 2973; x_wconf 90' lang='lat' dir='ltr'><strong>ac</strong></span> 
     </span>
    </p>
   </div>
   <div class='ocr_carea' id='block_1_29' title="bbox 333 3002 1910 3078">
    <p class='ocr_par' dir='ltr' id='par_1_29' title="bbox 333 3002 1910 3078">
     <span class='ocr_line' id='line_1_29' title="bbox 333 3002 1910 3078; baseline 0.007 -24"><span class='ocrx_word' id='word_1_203' title='bbox 333 3016 435 3071; x_wconf 90' lang='lat' dir='ltr'><strong>pro</strong></span> <span class='ocrx_word' id='word_1_204' title='bbox 469 3002 704 3056; x_wconf 87' lang='lat' dir='ltr'><strong>inimicis</strong></span> <span class='ocrx_word' id='word_1_205' title='bbox 732 3004 896 3059; x_wconf 60' lang='lat' dir='ltr'><strong>etiam</strong></span> <span class='ocrx_word' id='word_1_206' title='bbox 921 3006 1155 3073; x_wconf 82' lang='lat' dir='ltr'><strong>egisset;</strong></span> <span class='ocrx_word' id='word_1_207' title='bbox 1193 3005 1301 3060; x_wconf 89' lang='lat' dir='ltr'><strong>imo</strong></span> <span class='ocrx_word' id='word_1_208' title='bbox 1332 3009 1376 3062; x_wconf 92' lang='lat' dir='ltr'><strong>si</strong></span> <span class='ocrx_word' id='word_1_209' title='bbox 1409 3009 1634 3063; x_wconf 89' lang='lat' dir='ltr'><strong>omnino</strong></span> <span class='ocrx_word' id='word_1_210' title='bbox 1664 3011 1910 3078; x_wconf 86' lang='lat' dir='ltr'><strong>putavis-</strong></span> 
     </span>
    </p>
   </div>
   <div class='ocr_carea' id='block_1_30' title="bbox 330 3095 1906 3172">
    <p class='ocr_par' dir='ltr' id='par_1_30' title="bbox 330 3095 1906 3172">
     <span class='ocr_line' id='line_1_30' title="bbox 330 3095 1906 3172; baseline 0.004 -24"><span class='ocrx_word' id='word_1_211' title='bbox 330 3105 436 3159; x_wconf 86' lang='lat' dir='ltr'><strong>set,</strong></span> <span class='ocrx_word' id='word_1_212' title='bbox 483 3095 798 3163; x_wconf 86' lang='lat' dir='ltr'><strong>hujusmodi</strong></span> <span class='ocrx_word' id='word_1_213' title='bbox 846 3097 1242 3165; x_wconf 77' lang='lat' dir='ltr'><strong>expositioaem</strong></span> <span class='ocrx_word' id='word_1_214' title='bbox 1288 3113 1350 3150; x_wconf 80' lang='lat' dir='ltr'><strong>ex</strong></span> <span class='ocrx_word' id='word_1_215' title='bbox 1398 3101 1578 3154; x_wconf 84' lang='lat' dir='ltr'><strong>verbis</strong></span> <span class='ocrx_word' id='word_1_216' title='bbox 1627 3102 1741 3154; x_wconf 88' lang='lat' dir='ltr'><strong>suis</strong></span> <span class='ocrx_word' id='word_1_217' title='bbox 1788 3102 1906 3172; x_wconf 90' lang='lat' dir='ltr'><strong>capi</strong></span> 
     </span>
    </p>
   </div>
   <div class='ocr_carea' id='block_1_31' title="bbox 331 3189 1902 3258">
    <p class='ocr_par' dir='ltr' id='par_1_31' title="bbox 331 3189 1902 3258">
     <span class='ocr_line' id='line_1_31' title="bbox 331 3189 1902 3258; baseline 0.007 -22"><span class='ocrx_word' id='word_1_218' title='bbox 331 3202 514 3254; x_wconf 80' lang='lat' dir='ltr'><strong>posse,</strong></span> <span class='ocrx_word' id='word_1_219' title='bbox 548 3189 631 3241; x_wconf 90' lang='lat' dir='ltr'><strong>vel</strong></span> <span class='ocrx_word' id='word_1_220' title='bbox 674 3189 724 3241; x_wconf 88' lang='lat' dir='ltr'><strong>id</strong></span> <span class='ocrx_word' id='word_1_221' title='bbox 771 3204 1051 3258; x_wconf 85' lang='lat' dir='ltr'><strong>nunquam</strong></span> <span class='ocrx_word' id='word_1_222' title='bbox 1102 3190 1316 3258; x_wconf 82' lang='lat' dir='ltr'><strong>penitus</strong></span> <span class='ocrx_word' id='word_1_223' title='bbox 1345 3193 1590 3256; x_wconf 71' lang='lat' dir='ltr'><strong>dixisset,</strong></span> <span class='ocrx_word' id='word_1_224' title='bbox 1641 3201 1734 3247; x_wconf 82' lang='lat' dir='ltr'><strong>aut</strong></span> <span class='ocrx_word' id='word_1_225' title='bbox 1780 3209 1902 3247; x_wconf 88' lang='lat' dir='ltr'><strong>cum</strong></span> 
     </span>
    </p>
   </div>
   <div class='ocr_carea' id='block_1_32' title="bbox 332 3275 1908 3347">
    <p class='ocr_par' dir='ltr' id='par_1_32' title="bbox 332 3275 1908 3347">
     <span class='ocr_line' id='line_1_32' title="bbox 332 3275 1908 3347; baseline 0.01 -24"><span class='ocrx_word' id='word_1_226' title='bbox 332 3275 638 3344; x_wconf 85' lang='lat' dir='ltr'><strong>adjectione</strong></span> <span class='ocrx_word' id='word_1_227' title='bbox 669 3292 732 3331; x_wconf 88' lang='lat' dir='ltr'><strong>ac</strong></span> <span class='ocrx_word' id='word_1_228' title='bbox 765 3278 1147 3346; x_wconf 75' lang='lat' dir='ltr'><strong>pra-ﬁnitione,</strong></span> <span class='ocrx_word' id='word_1_229' title='bbox 1173 3279 1327 3347; x_wconf 80' lang='lat' dir='ltr'><strong>juxta</strong></span> <span class='ocrx_word' id='word_1_230' title='bbox 1361 3280 1643 3335; x_wconf 88' lang='lat' dir='ltr'><strong>doctorutn</strong></span> <span class='ocrx_word' id='word_1_231' title='bbox 1682 3299 1908 3338; x_wconf 86' lang='lat' dir='ltr'><strong>consue-</strong></span> 
     </span>
    </p>
   </div>
   <div class='ocr_carea' id='block_1_33' title="bbox 336 3367 1908 3445">
    <p class='ocr_par' dir='ltr' id='par_1_33' title="bbox 336 3367 1908 3445">
     <span class='ocr_line' id='line_1_33' title="bbox 336 3367 1908 3445; baseline 0.006 -27"><span class='ocrx_word' id='word_1_232' title='bbox 336 3367 575 3422; x_wconf 86' lang='lat' dir='ltr'><strong>tudinem</strong></span> <span class='ocrx_word' id='word_1_233' title='bbox 609 3369 870 3436; x_wconf 82' lang='lat' dir='ltr'><strong>dixisset;</strong></span> <span class='ocrx_word' id='word_1_234' title='bbox 910 3380 1072 3440; x_wconf 86' lang='lat' dir='ltr'><strong>atque</strong></span> <span class='ocrx_word' id='word_1_235' title='bbox 1099 3371 1344 3436; x_wconf 89' lang='lat' dir='ltr'><strong>omnino,</strong></span> <span class='ocrx_word' id='word_1_236' title='bbox 1376 3380 1436 3426; x_wconf 90' lang='lat' dir='ltr'><strong>ut</strong></span> <span class='ocrx_word' id='word_1_237' title='bbox 1471 3373 1574 3427; x_wconf 82' lang='lat' dir='ltr'><strong>fuit</strong></span> <span class='ocrx_word' id='word_1_238' title='bbox 1604 3373 1908 3445; x_wconf 79' lang='lat' dir='ltr'><strong>diligentis-</strong></span> 
     </span>
    </p>
   </div>
   <div class='ocr_carea' id='block_1_34' title="bbox 341 3459 1911 3536">
    <p class='ocr_par' dir='ltr' id='par_1_34' title="bbox 341 3459 1911 3536">
     <span class='ocr_line' id='line_1_34' title="bbox 341 3459 1911 3536; baseline 0.008 -26"><span class='ocrx_word' id='word_1_239' title='bbox 341 3459 532 3524; x_wconf 82' lang='lat' dir='ltr'><strong>simus,</strong></span> <span class='ocrx_word' id='word_1_240' title='bbox 577 3461 628 3516; x_wconf 92' lang='lat' dir='ltr'><strong>in</strong></span> <span class='ocrx_word' id='word_1_241' title='bbox 678 3463 780 3517; x_wconf 86' lang='lat' dir='ltr'><strong>hac</strong></span> <span class='ocrx_word' id='word_1_242' title='bbox 829 3477 887 3516; x_wconf 88' lang='lat' dir='ltr'><strong>re</strong></span> <span class='ocrx_word' id='word_1_243' title='bbox 919 3463 974 3516; x_wconf 91' lang='lat' dir='ltr'><strong>in</strong></span> <span class='ocrx_word' id='word_1_244' title='bbox 1031 3464 1224 3532; x_wconf 88' lang='lat' dir='ltr'><strong>primis</strong></span> <span class='ocrx_word' id='word_1_245' title='bbox 1275 3464 1567 3518; x_wconf 84' lang='lat' dir='ltr'><strong>maximam</strong></span> <span class='ocrx_word' id='word_1_246' title='bbox 1617 3466 1911 3536; x_wconf 75' lang='lat' dir='ltr'><strong>diligentia:</strong></span> 
     </span>
    </p>
   </div>
   <div class='ocr_carea' id='block_1_35' title="bbox 341 3554 1917 3625">
    <p class='ocr_par' dir='ltr' id='par_1_35' title="bbox 341 3554 1917 3625">
     <span class='ocr_line' id='line_1_35' title="bbox 341 3554 1917 3625; baseline 0.008 -24"><span class='ocrx_word' id='word_1_247' title='bbox 341 3564 526 3606; x_wconf 88' lang='lat' dir='ltr'><strong>curam</strong></span> <span class='ocrx_word' id='word_1_248' title='bbox 555 3554 856 3620; x_wconf 86' lang='lat' dir='ltr'><strong>habuisset,</strong></span> <span class='ocrx_word' id='word_1_249' title='bbox 885 3570 954 3609; x_wconf 91' lang='lat' dir='ltr'><strong>ne</strong></span> <span class='ocrx_word' id='word_1_250' title='bbox 982 3564 1170 3610; x_wconf 89' lang='lat' dir='ltr'><strong>contra</strong></span> <span class='ocrx_word' id='word_1_251' title='bbox 1196 3571 1359 3625; x_wconf 84' lang='lat' dir='ltr'><strong>quam</strong></span> <span class='ocrx_word' id='word_1_252' title='bbox 1389 3558 1786 3625; x_wconf 82' lang='lat' dir='ltr'><strong>proposuisset,</strong></span> <span class='ocrx_word' id='word_1_253' title='bbox 1807 3558 1917 3613; x_wconf 81' lang='lat' dir='ltr'><strong>em-</strong></span> 
     </span>
    </p>
   </div>
   <div class='ocr_carea' id='block_1_36' title="bbox 337 3654 506 3697">
    <p class='ocr_par' dir='ltr' id='par_1_36' title="bbox 337 3654 506 3697">
     <span class='ocr_line' id='line_1_36' title="bbox 337 3654 506 3697; baseline 0.036 -5"><span class='ocrx_word' id='word_1_254' title='bbox 337 3654 506 3697; x_wconf 72' lang='lat' dir='ltr'><strong>CCI’CL</strong></span> 
     </span>
    </p>
   </div>
   <div class='ocr_carea' id='block_1_37' title="bbox 414 3777 1916 3847">
    <p class='ocr_par' dir='ltr' id='par_1_37' title="bbox 414 3777 1916 3847">
     <span class='ocr_line' id='line_1_37' title="bbox 414 3777 1916 3847; baseline 0.008 -19"><span class='ocrx_word' id='word_1_255' title='bbox 414 3777 488 3830; x_wconf 79' lang='lat' dir='ltr'><strong>Ex</strong></span> <span class='ocrx_word' id='word_1_256' title='bbox 535 3793 646 3847; x_wconf 93' lang='lat' dir='ltr'><strong>quo</strong></span> <span class='ocrx_word' id='word_1_257' title='bbox 700 3779 828 3832; x_wconf 89' lang='lat' dir='ltr'><strong>item</strong></span> <span class='ocrx_word' id='word_1_258' title='bbox 881 3789 1115 3846; x_wconf 88' lang='lat' dir='ltr'><strong>constat,</strong></span> <span class='ocrx_word' id='word_1_259' title='bbox 1149 3780 1352 3837; x_wconf 91' lang='lat' dir='ltr'><strong>idcirco</strong></span> <span class='ocrx_word' id='word_1_260' title='bbox 1397 3781 1506 3838; x_wconf 88' lang='lat' dir='ltr'><strong>dici</strong></span> <span class='ocrx_word' id='word_1_261' title='bbox 1536 3798 1565 3837; x_wconf 88' lang='lat' dir='ltr'><strong>a</strong></span> <span class='ocrx_word' id='word_1_262' title='bbox 1615 3781 1749 3838; x_wconf 84' lang='lat' dir='ltr'><strong>Filio</strong></span> <span class='ocrx_word' id='word_1_263' title='bbox 1801 3784 1916 3840; x_wconf 88' lang='lat' dir='ltr'><strong>dari</strong></span> 
     </span>
    </p>
   </div>
   <div class='ocr_carea' id='block_1_38' title="bbox 343 3863 1910 3943">
    <p class='ocr_par' dir='ltr' id='par_1_38' title="bbox 343 3863 1910 3943">
     <span class='ocr_line' id='line_1_38' title="bbox 343 3863 1910 3943; baseline 0.008 -25"><span class='ocrx_word' id='word_1_264' title='bbox 343 3863 610 3936; x_wconf 88' lang='lat' dir='ltr'><strong>Spiritum</strong></span> <span class='ocrx_word' id='word_1_265' title='bbox 661 3877 935 3935; x_wconf 89' lang='lat' dir='ltr'><strong>sanctum,</strong></span> <span class='ocrx_word' id='word_1_266' title='bbox 990 3872 1246 3941; x_wconf 87' lang='lat' dir='ltr'><strong>quoniam</strong></span> <span class='ocrx_word' id='word_1_267' title='bbox 1289 3874 1354 3927; x_wconf 87' lang='lat' dir='ltr'><strong>ab</strong></span> <span class='ocrx_word' id='word_1_268' title='bbox 1390 3873 1510 3943; x_wconf 91' lang='lat' dir='ltr'><strong>ipso</strong></span> <span class='ocrx_word' id='word_1_269' title='bbox 1561 3889 1680 3930; x_wconf 89' lang='lat' dir='ltr'><strong>esse</strong></span> <span class='ocrx_word' id='word_1_270' title='bbox 1730 3875 1910 3930; x_wconf 81' lang='lat' dir='ltr'><strong>habet.</strong></span> 
     </span>
    </p>
   </div>
   <div class='ocr_carea' id='block_1_39' title="bbox 339 3959 1908 4038">
    <p class='ocr_par' dir='ltr' id='par_1_39' title="bbox 339 3959 1908 4038">
     <span class='ocr_line' id='line_1_39' title="bbox 339 3959 1908 4038; baseline 0.006 -26"><span class='ocrx_word' id='word_1_271' title='bbox 339 3959 489 4014; x_wconf 83' lang='lat' dir='ltr'><strong>Alias</strong></span> <span class='ocrx_word' id='word_1_272' title='bbox 539 3962 682 4016; x_wconf 91' lang='lat' dir='ltr'><strong>enim</strong></span> <span class='ocrx_word' id='word_1_273' title='bbox 729 3965 966 4018; x_wconf 90' lang='lat' dir='ltr'><strong>ministri</strong></span> <span class='ocrx_word' id='word_1_274' title='bbox 1017 3965 1340 4036; x_wconf 80' lang='lat' dir='ltr'><strong>fungeretur</strong></span> <span class='ocrx_word' id='word_1_275' title='bbox 1373 3967 1568 4033; x_wconf 83' lang='lat' dir='ltr'><strong>oiIicio,</strong></span> <span class='ocrx_word' id='word_1_276' title='bbox 1608 3969 1751 4038; x_wconf 90' lang='lat' dir='ltr'><strong>quod</strong></span> <span class='ocrx_word' id='word_1_277' title='bbox 1790 3986 1908 4034; x_wconf 88' lang='lat' dir='ltr'><strong>_non</strong></span> 
     </span>
    </p>
   </div>
   <div class='ocr_carea' id='block_1_40' title="bbox 343 4052 1910 4130">
    <p class='ocr_par' dir='ltr' id='par_1_40' title="bbox 343 4052 1910 4130">
     <span class='ocr_line' id='line_1_40' title="bbox 343 4052 1910 4130; baseline 0.008 -26"><span class='ocrx_word' id='word_1_278' title='bbox 343 4052 645 4125; x_wconf 39' lang='lat' dir='ltr'><strong>per‘ipsum</strong></span> <span class='ocrx_word' id='word_1_279' title='bbox 681 4056 1003 4110; x_wconf 84' lang='lat' dir='ltr'><strong>naturaliter</strong></span> <span class='ocrx_word' id='word_1_280' title='bbox 1035 4054 1376 4128; x_wconf 71' lang='lat' dir='ltr'><strong>proceder&#39;et.</strong></span> <span class='ocrx_word' id='word_1_281' title='bbox 1412 4059 1678 4128; x_wconf 76' lang='lat' dir='ltr'><strong>przebens.</strong></span> <span class='ocrx_word' id='word_1_282' title='bbox 1715 4059 1910 4130; x_wconf 84' lang='lat' dir='ltr'><strong>Liquet</strong></span> 
     </span>
    </p>
   </div>
   <div class='ocr_carea' id='block_1_41' title="bbox 353 4256 865 4300">
    <p class='ocr_par' dir='ltr' id='par_1_41' title="bbox 353 4256 865 4291">
     <span class='ocr_line' id='line_1_41' title="bbox 353 4256 865 4291; baseline 0.01 -5"><span class='ocrx_word' id='word_1_283' title='bbox 353 4256 865 4291; x_wconf 53' lang='lat'><strong>=22:</strong></span> 
     </span>
    </p>
   </div>
   <div class='ocr_carea' id='block_1_42' title="bbox 2007 574 2938 644">
    <p class='ocr_par' dir='ltr' id='par_1_42' title="bbox 2007 574 2938 644">
     <span class='ocr_line' id='line_1_42' title="bbox 2007 574 2938 644; baseline 0.002 -16"><span class='ocrx_word' id='word_1_284' title='bbox 2007 575 2240 644; x_wconf 88' lang='lat' dir='ltr'><strong>Spiritus</strong></span> <span class='ocrx_word' id='word_1_285' title='bbox 2267 591 2362 643; x_wconf 90' lang='lat' dir='ltr'><strong>per</strong></span> <span class='ocrx_word' id='word_1_286' title='bbox 2389 575 2580 629; x_wconf 82' lang='lat' dir='ltr'><strong>Filium</strong></span> <span class='ocrx_word' id='word_1_287' title='bbox 2611 574 2938 644; x_wconf 83' lang='lat' dir='ltr'><strong>signiﬁcare.</strong></span> 
     </span>
    </p>
   </div>
   <div class='ocr_carea' id='block_1_43' title="bbox 2077 666 3576 738">
    <p class='ocr_par' dir='ltr' id='par_1_43' title="bbox 2077 666 3576 738">
     <span class='ocr_line' id='line_1_43' title="bbox 2077 666 3576 738; baseline -0.002 -17"><span class='ocrx_word' id='word_1_288' title='bbox 2077 670 2360 730; x_wconf 72' lang='lat' dir='ltr'><strong>Prmterea,</strong></span> <span class='ocrx_word' id='word_1_289' title='bbox 2399 684 2624 738; x_wconf 79' lang='lat' dir='ltr'><strong>magnus</strong></span> <span class='ocrx_word' id='word_1_290' title='bbox 2653 670 2764 736; x_wconf 84' lang='lat' dir='ltr'><strong>ipse</strong></span> <span class='ocrx_word' id='word_1_291' title='bbox 2796 668 3048 730; x_wconf 64' lang='lat' dir='ltr'><strong>Basilius,</strong></span> <span class='ocrx_word' id='word_1_292' title='bbox 3085 668 3138 720; x_wconf 89' lang='lat' dir='ltr'><strong>in</strong></span> <span class='ocrx_word' id='word_1_293' title='bbox 3175 667 3270 722; x_wconf 86' lang='lat' dir='ltr'><strong>lib.</strong></span> <span class='ocrx_word' id='word_1_294' title='bbox 3309 683 3358 719; x_wconf 86' lang='lat' dir='ltr'><strong>Iv</strong></span> <span class='ocrx_word' id='word_1_295' title='bbox 3413 666 3576 732; x_wconf 72' lang='lat' dir='ltr'><strong>Qua--</strong></span> 
     </span>
    </p>
   </div>
   <div class='ocr_carea' id='block_1_44' title="bbox 2003 758 3574 828">
    <p class='ocr_par' dir='ltr' id='par_1_44' title="bbox 2003 758 3574 828">
     <span class='ocr_line' id='line_1_44' title="bbox 2003 758 3574 828; baseline -0.006 -11"><span class='ocrx_word' id='word_1_296' title='bbox 2003 781 2025 818; x_wconf 73' lang='grc' dir='ltr'><strong>δ</strong></span> <span class='ocrx_word' id='word_1_297' title='bbox 2055 766 2252 828; x_wconf 86' lang='lat' dir='ltr'><strong>ianum,</strong></span> <span class='ocrx_word' id='word_1_298' title='bbox 2295 764 2369 815; x_wconf 89' lang='lat' dir='ltr'><strong>ait</strong></span> <span class='ocrx_word' id='word_1_299' title='bbox 2403 778 2415 814; x_wconf 90' lang='lat'>:</span> <span class='ocrx_word' id='word_1_300' title='bbox 2461 779 2477 810; x_wconf 77' lang='grc' dir='ltr'><strong>ι</strong></span> <span class='ocrx_word' id='word_1_301' title='bbox 2521 760 2704 828; x_wconf 73' lang='lat' dir='ltr'><strong>Neque</strong></span> <span class='ocrx_word' id='word_1_302' title='bbox 2735 758 2878 812; x_wconf 87' lang='lat' dir='ltr'><strong>enim</strong></span> <span class='ocrx_word' id='word_1_303' title='bbox 2913 759 3093 811; x_wconf 61' lang='lat' dir='ltr'><strong>minus</strong></span> <span class='ocrx_word' id='word_1_304' title='bbox 3121 758 3325 826; x_wconf 81' lang='lat' dir='ltr'><strong>aliquid</strong></span> <span class='ocrx_word' id='word_1_305' title='bbox 3351 773 3574 809; x_wconf 82' lang='lat' dir='ltr'><strong>eramus</strong></span> 
     </span>
    </p>
   </div>
   <div class='ocr_carea' id='block_1_45' title="bbox 2008 848 3574 923">
    <p class='ocr_par' dir='ltr' id='par_1_45' title="bbox 2008 848 3574 923">
     <span class='ocr_line' id='line_1_45' title="bbox 2008 848 3574 923; baseline -0.006 -14"><span class='ocrx_word' id='word_1_306' title='bbox 2008 857 2245 910; x_wconf 84' lang='lat' dir='ltr'><strong>habituri</strong></span> <span class='ocrx_word' id='word_1_307' title='bbox 2297 855 2362 908; x_wconf 89' lang='lat' dir='ltr'><strong>ad</strong></span> <span class='ocrx_word' id='word_1_308' title='bbox 2412 854 2839 923; x_wconf 70' lang='lat' dir='ltr'><strong>agnoscendum,</strong></span> <span class='ocrx_word' id='word_1_309' title='bbox 2883 851 3028 919; x_wconf 91' lang='lat' dir='ltr'><strong>quod</strong></span> <span class='ocrx_word' id='word_1_310' title='bbox 3067 850 3302 918; x_wconf 88' lang='lat' dir='ltr'><strong>Spiritus</strong></span> <span class='ocrx_word' id='word_1_311' title='bbox 3345 866 3409 903; x_wconf 80' lang='lat' dir='ltr'><strong>ex</strong></span> <span class='ocrx_word' id='word_1_312' title='bbox 3467 848 3574 900; x_wconf 74' lang='lat' dir='ltr'><strong>lleo</strong></span> 
     </span>
    </p>
   </div>
   <div class='ocr_carea' id='block_1_46' title="bbox 2007 938 3574 1015">
    <p class='ocr_par' dir='ltr' id='par_1_46' title="bbox 2007 938 3574 1015">
     <span class='ocr_line' id='line_1_46' title="bbox 2007 938 3574 1015; baseline -0.008 -13"><span class='ocrx_word' id='word_1_313' title='bbox 2007 949 2105 1013; x_wconf 91' lang='lat' dir='ltr'><strong>sit,</strong></span> <span class='ocrx_word' id='word_1_314' title='bbox 2141 947 2400 1015; x_wconf 89' lang='lat' dir='ltr'><strong>Spiritum</strong></span> <span class='ocrx_word' id='word_1_315' title='bbox 2428 945 2538 998; x_wconf 90' lang='lat' dir='ltr'><strong>oris</strong></span> <span class='ocrx_word' id='word_1_316' title='bbox 2567 943 2685 1012; x_wconf 83' lang='lat' dir='ltr'><strong>ejus</strong></span> <span class='ocrx_word' id='word_1_317' title='bbox 2714 943 2888 1011; x_wconf 89' lang='lat' dir='ltr'><strong>ipsum</strong></span> <span class='ocrx_word' id='word_1_318' title='bbox 2925 956 3042 996; x_wconf 87' lang='lat' dir='ltr'><strong>esse</strong></span> <span class='ocrx_word' id='word_1_319' title='bbox 3074 941 3385 1003; x_wconf 89' lang='lat' dir='ltr'><strong>audientes;</strong></span> <span class='ocrx_word' id='word_1_320' title='bbox 3423 960 3438 988; x_wconf 78' lang='grc' dir='ltr'><strong>ι</strong></span> <span class='ocrx_word' id='word_1_321' title='bbox 3480 938 3574 991; x_wconf 83' lang='lat' dir='ltr'><strong>sed</strong></span> 
     </span>
    </p>
   </div>
   <div class='ocr_carea' id='block_1_47' title="bbox 2009 1033 3580 1106">
    <p class='ocr_par' dir='ltr' id='par_1_47' title="bbox 2009 1033 3580 1106">
     <span class='ocr_line' id='line_1_47' title="bbox 2009 1033 3580 1106; baseline -0.006 -12"><span class='ocrx_word' id='word_1_322' title='bbox 2009 1040 2110 1094; x_wconf 90' lang='lat' dir='ltr'><strong>hoc</strong></span> <span class='ocrx_word' id='word_1_323' title='bbox 2142 1039 2385 1092; x_wconf 73' lang='lat' dir='ltr'><strong>sufﬁcere</strong></span> <span class='ocrx_word' id='word_1_324' title='bbox 2438 1044 2648 1106; x_wconf 88' lang='lat' dir='ltr'><strong>poterat</strong></span> <span class='ocrx_word' id='word_1_325' title='bbox 2687 1050 2782 1103; x_wconf 87' lang='lat' dir='ltr'><strong>per</strong></span> <span class='ocrx_word' id='word_1_326' title='bbox 2816 1050 2875 1090; x_wconf 89' lang='lat' dir='ltr'><strong>se</strong></span> <span class='ocrx_word' id='word_1_327' title='bbox 2906 1034 2970 1086; x_wconf 89' lang='lat' dir='ltr'><strong>ad</strong></span> <span class='ocrx_word' id='word_1_328' title='bbox 3022 1033 3400 1091; x_wconf 82' lang='lat' dir='ltr'><strong>itnlicandum,</strong></span> <span class='ocrx_word' id='word_1_329' title='bbox 3452 1033 3580 1084; x_wconf 82' lang='lat' dir='ltr'><strong>sub-</strong></span> 
     </span>
    </p>
   </div>
   <div class='ocr_carea' id='block_1_48' title="bbox 2006 1126 3573 1199">
    <p class='ocr_par' dir='ltr' id='par_1_48' title="bbox 2006 1126 3573 1199">
     <span class='ocr_line' id='line_1_48' title="bbox 2006 1126 3573 1199; baseline -0.008 -11"><span class='ocrx_word' id='word_1_330' title='bbox 2006 1134 2262 1188; x_wconf 73' lang='lat' dir='ltr'><strong>stantiam</strong></span> <span class='ocrx_word' id='word_1_331' title='bbox 2298 1130 2416 1199; x_wconf 89' lang='lat' dir='ltr'><strong>ejus</strong></span> <span class='ocrx_word' id='word_1_332' title='bbox 2475 1146 2540 1183; x_wconf 80' lang='lat' dir='ltr'><strong>ex</strong></span> <span class='ocrx_word' id='word_1_333' title='bbox 2577 1129 2686 1183; x_wconf 89' lang='lat' dir='ltr'><strong>Deo</strong></span> <span class='ocrx_word' id='word_1_334' title='bbox 2716 1144 2855 1183; x_wconf 89' lang='lat' dir='ltr'><strong>esse.</strong></span> <span class='ocrx_word' id='word_1_335' title='bbox 2897 1128 2953 1181; x_wconf 92' lang='lat' dir='ltr'><strong>Si</strong></span> <span class='ocrx_word' id='word_1_336' title='bbox 2999 1128 3163 1188; x_wconf 72' lang='lat' dir='ltr'><strong>igitur</strong></span> <span class='ocrx_word' id='word_1_337' title='bbox 3214 1126 3477 1191; x_wconf 84' lang='lat' dir='ltr'><strong>Sp&#39;ritnm</strong></span> <span class='ocrx_word' id='word_1_338' title='bbox 3511 1140 3573 1178; x_wconf 71' lang='lat' dir='ltr'><strong>es</strong></span> 
     </span>
    </p>
   </div>
   <div class='ocr_carea' id='block_1_49' title="bbox 2012 1221 3579 1294">
    <p class='ocr_par' dir='ltr' id='par_1_49' title="bbox 2012 1221 3579 1294">
     <span class='ocr_line' id='line_1_49' title="bbox 2012 1221 3579 1294; baseline -0.009 -12"><span class='ocrx_word' id='word_1_339' title='bbox 2012 1227 2117 1282; x_wconf 90' lang='lat' dir='ltr'><strong>Deo</strong></span> <span class='ocrx_word' id='word_1_340' title='bbox 2145 1243 2282 1290; x_wconf 89' lang='lat' dir='ltr'><strong>esse,</strong></span> <span class='ocrx_word' id='word_1_341' title='bbox 2317 1227 2454 1279; x_wconf 90' lang='lat' dir='ltr'><strong>idem</strong></span> <span class='ocrx_word' id='word_1_342' title='bbox 2505 1235 2606 1289; x_wconf 58' lang='lat' dir='ltr'><strong>est,</strong></span> <span class='ocrx_word' id='word_1_343' title='bbox 2638 1228 2783 1294; x_wconf 88' lang='lat' dir='ltr'><strong>quod</strong></span> <span class='ocrx_word' id='word_1_344' title='bbox 2833 1223 3096 1294; x_wconf 86' lang='lat' dir='ltr'><strong>Spiritum</strong></span> <span class='ocrx_word' id='word_1_345' title='bbox 3133 1223 3246 1274; x_wconf 82' lang='lat' dir='ltr'><strong>oris</strong></span> <span class='ocrx_word' id='word_1_346' title='bbox 3280 1222 3398 1289; x_wconf 89' lang='lat' dir='ltr'><strong>ejus</strong></span> <span class='ocrx_word' id='word_1_347' title='bbox 3437 1221 3579 1280; x_wconf 80' lang='lat' dir='ltr'><strong>diei;</strong></span> 
     </span>
    </p>
   </div>
   <div class='ocr_carea' id='block_1_50' title="bbox 2006 1313 3580 1386">
    <p class='ocr_par' dir='ltr' id='par_1_50' title="bbox 2006 1313 3580 1386">
     <span class='ocr_line' id='line_1_50' title="bbox 2006 1313 3580 1386; baseline -0.006 -15"><span class='ocrx_word' id='word_1_348' title='bbox 2006 1335 2068 1371; x_wconf 91' lang='lat' dir='ltr'><strong>os</strong></span> <span class='ocrx_word' id='word_1_349' title='bbox 2107 1328 2288 1370; x_wconf 78' lang='lat' dir='ltr'><strong>autem</strong></span> <span class='ocrx_word' id='word_1_350' title='bbox 2338 1317 2514 1370; x_wconf 80' lang='lat' dir='ltr'><strong>Patris</strong></span> <span class='ocrx_word' id='word_1_351' title='bbox 2571 1316 2740 1370; x_wconf 75' lang='lat' dir='ltr'><strong>Filius</strong></span> <span class='ocrx_word' id='word_1_352' title='bbox 2777 1333 2806 1369; x_wconf 91' lang='lat' dir='ltr'><strong>a</strong></span> <span class='ocrx_word' id='word_1_353' title='bbox 2842 1317 3119 1386; x_wconf 69' lang='lat' dir='ltr'><strong>magistris</strong></span> <span class='ocrx_word' id='word_1_354' title='bbox 3157 1315 3414 1369; x_wconf 64' lang='lat' dir='ltr'><strong>Ecclesia!</strong></span> <span class='ocrx_word' id='word_1_355' title='bbox 3445 1313 3580 1366; x_wconf 84' lang='lat' dir='ltr'><strong>dici-</strong></span> 
     </span>
    </p>
   </div>
   <div class='ocr_carea' id='block_1_51' title="bbox 2009 1405 3578 1478">
    <p class='ocr_par' dir='ltr' id='par_1_51' title="bbox 2009 1405 3578 1478">
     <span class='ocr_line' id='line_1_51' title="bbox 2009 1405 3578 1478; baseline -0.006 -13"><span class='ocrx_word' id='word_1_356' title='bbox 2009 1423 2128 1472; x_wconf 82' lang='lat' dir='ltr'><strong>tur;</strong></span> <span class='ocrx_word' id='word_1_357' title='bbox 2164 1411 2305 1464; x_wconf 90' lang='lat' dir='ltr'><strong>idem</strong></span> <span class='ocrx_word' id='word_1_358' title='bbox 2355 1425 2484 1478; x_wconf 78' lang='lat' dir='ltr'><strong>ergo</strong></span> <span class='ocrx_word' id='word_1_359' title='bbox 2515 1423 2618 1471; x_wconf 85' lang='lat' dir='ltr'><strong>est,</strong></span> <span class='ocrx_word' id='word_1_360' title='bbox 2655 1406 2917 1478; x_wconf 84' lang='lat' dir='ltr'><strong>Spiritum</strong></span> <span class='ocrx_word' id='word_1_361' title='bbox 2959 1425 3021 1460; x_wconf 76' lang='lat' dir='ltr'><strong>ex</strong></span> <span class='ocrx_word' id='word_1_362' title='bbox 3058 1407 3163 1461; x_wconf 87' lang='lat' dir='ltr'><strong>Deo</strong></span> <span class='ocrx_word' id='word_1_363' title='bbox 3198 1421 3339 1470; x_wconf 82' lang='lat' dir='ltr'><strong>esse,</strong></span> <span class='ocrx_word' id='word_1_364' title='bbox 3376 1405 3578 1466; x_wconf 88' lang='lat' dir='ltr'><strong>dicere,</strong></span> 
     </span>
    </p>
   </div>
   <div class='ocr_carea' id='block_1_52' title="bbox 2004 1496 3581 1574">
    <p class='ocr_par' dir='ltr' id='par_1_52' title="bbox 2004 1496 3581 1574">
     <span class='ocr_line' id='line_1_52' title="bbox 2004 1496 3581 1574; baseline -0.008 -14"><span class='ocrx_word' id='word_1_365' title='bbox 2004 1517 2059 1560; x_wconf 93' lang='lat' dir='ltr'><strong>et</strong></span> <span class='ocrx_word' id='word_1_366' title='bbox 2089 1507 2262 1574; x_wconf 87' lang='lat' dir='ltr'><strong>ipsutn</strong></span> <span class='ocrx_word' id='word_1_367' title='bbox 2293 1501 2414 1555; x_wconf 79' lang='lat' dir='ltr'><strong>Filii</strong></span> <span class='ocrx_word' id='word_1_368' title='bbox 2450 1501 2708 1570; x_wconf 85' lang='lat' dir='ltr'><strong>Spiritum</strong></span> <span class='ocrx_word' id='word_1_369' title='bbox 2746 1502 2942 1554; x_wconf 84' lang='lat' dir='ltr'><strong>dicere.</strong></span> <span class='ocrx_word' id='word_1_370' title='bbox 2983 1503 3045 1552; x_wconf 77' lang='lat' dir='ltr'><strong>At</strong></span> <span class='ocrx_word' id='word_1_371' title='bbox 3075 1499 3205 1552; x_wconf 89' lang='lat' dir='ltr'><strong>illud</strong></span> <span class='ocrx_word' id='word_1_372' title='bbox 3253 1498 3425 1550; x_wconf 83' lang='lat' dir='ltr'><strong>sancti</strong></span> <span class='ocrx_word' id='word_1_373' title='bbox 3459 1496 3581 1564; x_wconf 71' lang='lat' dir='ltr'><strong>Spi-</strong></span> 
     </span>
    </p>
   </div>
   <div class='ocr_carea' id='block_1_53' title="bbox 2008 1591 3576 1662">
    <p class='ocr_par' dir='ltr' id='par_1_53' title="bbox 2008 1591 3576 1662">
     <span class='ocr_line' id='line_1_53' title="bbox 2008 1591 3576 1662; baseline -0.006 -12"><span class='ocrx_word' id='word_1_374' title='bbox 2008 1599 2144 1650; x_wconf 89' lang='lat' dir='ltr'><strong>ritus</strong></span> <span class='ocrx_word' id='word_1_375' title='bbox 2176 1613 2240 1650; x_wconf 81' lang='lat' dir='ltr'><strong>ex</strong></span> <span class='ocrx_word' id='word_1_376' title='bbox 2271 1595 2377 1648; x_wconf 88' lang='lat' dir='ltr'><strong>Deo</strong></span> <span class='ocrx_word' id='word_1_377' title='bbox 2413 1594 2776 1648; x_wconf 78' lang='lat' dir='ltr'><strong>substantiam</strong></span> <span class='ocrx_word' id='word_1_378' title='bbox 2813 1594 3103 1662; x_wconf 75' lang='lat' dir='ltr'><strong>signiﬁcat.</strong></span> <span class='ocrx_word' id='word_1_379' title='bbox 3133 1591 3320 1660; x_wconf 69' lang='lat' dir='ltr'><strong>[taque</strong></span> <span class='ocrx_word' id='word_1_380' title='bbox 3347 1600 3399 1642; x_wconf 91' lang='lat' dir='ltr'><strong>et</strong></span> <span class='ocrx_word' id='word_1_381' title='bbox 3430 1592 3576 1656; x_wconf 82' lang='lat' dir='ltr'><strong>quod</strong></span> 
     </span>
    </p>
   </div>
   <div class='ocr_carea' id='block_1_54' title="bbox 2010 1681 3579 1755">
    <p class='ocr_par' dir='ltr' id='par_1_54' title="bbox 2010 1681 3579 1755">
     <span class='ocr_line' id='line_1_54' title="bbox 2010 1681 3579 1755; baseline -0.006 -15"><span class='ocrx_word' id='word_1_382' title='bbox 2010 1687 2130 1740; x_wconf 74' lang='lat' dir='ltr'><strong>Fiiii</strong></span> <span class='ocrx_word' id='word_1_383' title='bbox 2165 1685 2398 1755; x_wconf 85' lang='lat' dir='ltr'><strong>Spiritus</strong></span> <span class='ocrx_word' id='word_1_384' title='bbox 2429 1687 2650 1748; x_wconf 86' lang='lat' dir='ltr'><strong>dicitur,</strong></span> <span class='ocrx_word' id='word_1_385' title='bbox 2693 1685 2940 1737; x_wconf 82' lang='lat' dir='ltr'><strong>eamdem</strong></span> <span class='ocrx_word' id='word_1_386' title='bbox 2980 1685 3164 1736; x_wconf 77' lang='lat' dir='ltr'><strong>itidem</strong></span> <span class='ocrx_word' id='word_1_387' title='bbox 3215 1681 3579 1736; x_wconf 83' lang='lat' dir='ltr'><strong>substantiam</strong></span> 
     </span>
    </p>
   </div>
   <div class='ocr_carea' id='block_1_55' title="bbox 2015 1774 3582 1847">
    <p class='ocr_par' dir='ltr' id='par_1_55' title="bbox 2015 1774 3582 1847">
     <span class='ocr_line' id='line_1_55' title="bbox 2015 1774 3582 1847; baseline -0.004 -17"><span class='ocrx_word' id='word_1_388' title='bbox 2015 1778 2249 1847; x_wconf 75' lang='lat' dir='ltr'><strong>Spiritus</strong></span> <span class='ocrx_word' id='word_1_389' title='bbox 2283 1787 2334 1830; x_wconf 86' lang='lat' dir='ltr'><strong>et</strong></span> <span class='ocrx_word' id='word_1_390' title='bbox 2367 1793 2458 1845; x_wconf 90' lang='lat' dir='ltr'><strong>per</strong></span> <span class='ocrx_word' id='word_1_391' title='bbox 2489 1777 2684 1830; x_wconf 87' lang='lat' dir='ltr'><strong>Filium</strong></span> <span class='ocrx_word' id='word_1_392' title='bbox 2735 1789 2786 1831; x_wconf 86' lang='lat' dir='ltr'><strong>ct</strong></span> <span class='ocrx_word' id='word_1_393' title='bbox 2814 1793 2842 1830; x_wconf 71' lang='grc' dir='ltr'><strong>ει</strong></span> <span class='ocrx_word' id='word_1_394' title='bbox 2874 1775 3009 1828; x_wconf 85' lang='lat' dir='ltr'><strong>Filio</strong></span> <span class='ocrx_word' id='word_1_395' title='bbox 3035 1777 3298 1840; x_wconf 74' lang='lat' dir='ltr'><strong>designat.</strong></span> <span class='ocrx_word' id='word_1_396' title='bbox 3323 1774 3467 1826; x_wconf 81' lang='lat' dir='ltr'><strong>Solii.</strong></span> <span class='ocrx_word' id='word_1_397' title='bbox 3490 1789 3582 1826; x_wconf 68' lang='lat' dir='ltr'><strong>ere</strong></span> 
     </span>
    </p>
   </div>
   <div class='ocr_carea' id='block_1_56' title="bbox 2012 1865 3579 1936">
    <p class='ocr_par' dir='ltr' id='par_1_56' title="bbox 2012 1865 3579 1936">
     <span class='ocr_line' id='line_1_56' title="bbox 2012 1865 3579 1936; baseline -0.004 -15"><span class='ocrx_word' id='word_1_398' title='bbox 2012 1869 2192 1936; x_wconf 83' lang='lat' dir='ltr'><strong>itaque</strong></span> <span class='ocrx_word' id='word_1_399' title='bbox 2219 1869 2294 1920; x_wconf 87' lang='lat' dir='ltr'><strong>ait</strong></span> <span class='ocrx_word' id='word_1_400' title='bbox 2322 1880 2374 1922; x_wconf 90' lang='lat' dir='ltr'><strong>et</strong></span> <span class='ocrx_word' id='word_1_401' title='bbox 2414 1870 2516 1923; x_wconf 91' lang='lat' dir='ltr'><strong>hoc</strong></span> <span class='ocrx_word' id='word_1_402' title='bbox 2541 1869 2606 1922; x_wconf 81' lang='lat' dir='ltr'><strong>ad</strong></span> <span class='ocrx_word' id='word_1_403' title='bbox 2647 1869 3028 1922; x_wconf 82' lang='lat' dir='ltr'><strong>insinuandam</strong></span> <span class='ocrx_word' id='word_1_404' title='bbox 3066 1867 3424 1920; x_wconf 64' lang='lat' dir='ltr'><strong>substantiam</strong></span> <span class='ocrx_word' id='word_1_405' title='bbox 3457 1865 3579 1931; x_wconf 84' lang='lat' dir='ltr'><strong>Spi-</strong></span> 
     </span>
    </p>
   </div>
   <div class='ocr_carea' id='block_1_57' title="bbox 2011 1958 3588 2028">
    <p class='ocr_par' dir='ltr' id='par_1_57' title="bbox 2011 1958 3588 2028">
     <span class='ocr_line' id='line_1_57' title="bbox 2011 1958 3588 2028; baseline -0.008 -15"><span class='ocrx_word' id='word_1_406' title='bbox 2011 1961 2169 2013; x_wconf 86' lang='lat' dir='ltr'><strong>ritus.</strong></span> <span class='ocrx_word' id='word_1_407' title='bbox 2205 1958 2360 2013; x_wconf 86' lang='lat' dir='ltr'><strong>Unde</strong></span> <span class='ocrx_word' id='word_1_408' title='bbox 2387 1971 2598 2014; x_wconf 73' lang='lat' dir='ltr'><strong>(‘onsmt</strong></span> <span class='ocrx_word' id='word_1_409' title='bbox 2627 1961 2810 2021; x_wconf 86' lang='lat' dir='ltr'><strong>etiam,</strong></span> <span class='ocrx_word' id='word_1_410' title='bbox 2836 1961 2958 2028; x_wconf 72' lang='lat' dir='ltr'><strong>quia</strong></span> <span class='ocrx_word' id='word_1_411' title='bbox 2992 1977 3095 2012; x_wconf 74' lang='lat' dir='ltr'><strong>non</strong></span> <span class='ocrx_word' id='word_1_412' title='bbox 3122 1959 3256 2011; x_wconf 86' lang='lat' dir='ltr'><strong>alias</strong></span> <span class='ocrx_word' id='word_1_413' title='bbox 3288 1958 3407 2011; x_wconf 81' lang='lat' dir='ltr'><strong>Filii</strong></span> <span class='ocrx_word' id='word_1_414' title='bbox 3444 1961 3588 2008; x_wconf 74' lang='lat' dir='ltr'><strong>dire-</strong></span> 
     </span>
    </p>
   </div>
   <div class='ocr_carea' id='block_1_58' title="bbox 2013 2049 3587 2121">
    <p class='ocr_par' dir='ltr' id='par_1_58' title="bbox 2013 2049 3587 2121">
     <span class='ocr_line' id='line_1_58' title="bbox 2013 2049 3587 2121; baseline -0.003 -15"><span class='ocrx_word' id='word_1_415' title='bbox 2013 2061 2160 2106; x_wconf 89' lang='lat' dir='ltr'><strong>retur</strong></span> <span class='ocrx_word' id='word_1_416' title='bbox 2187 2051 2443 2120; x_wconf 84' lang='lat' dir='ltr'><strong>Spiritus,</strong></span> <span class='ocrx_word' id='word_1_417' title='bbox 2483 2052 2588 2106; x_wconf 90' lang='lat' dir='ltr'><strong>nisi</strong></span> <span class='ocrx_word' id='word_1_418' title='bbox 2637 2067 2730 2121; x_wconf 92' lang='lat' dir='ltr'><strong>per</strong></span> <span class='ocrx_word' id='word_1_419' title='bbox 2759 2051 2960 2120; x_wconf 90' lang='lat' dir='ltr'><strong>ipsum,</strong></span> <span class='ocrx_word' id='word_1_420' title='bbox 2991 2061 3042 2104; x_wconf 89' lang='lat' dir='ltr'><strong>et</strong></span> <span class='ocrx_word' id='word_1_421' title='bbox 3073 2067 3134 2104; x_wconf 82' lang='lat' dir='ltr'><strong>ex</strong></span> <span class='ocrx_word' id='word_1_422' title='bbox 3184 2049 3300 2120; x_wconf 81' lang='lat' dir='ltr'><strong>ipso</strong></span> <span class='ocrx_word' id='word_1_423' title='bbox 3333 2051 3587 2102; x_wconf 73' lang='lat' dir='ltr'><strong>sul-stan-</strong></span> 
     </span>
    </p>
   </div>
   <div class='ocr_carea' id='block_1_59' title="bbox 2014 2144 2412 2198">
    <p class='ocr_par' dir='ltr' id='par_1_59' title="bbox 2014 2144 2412 2198">
     <span class='ocr_line' id='line_1_59' title="bbox 2014 2144 2412 2198; baseline -0.005 0"><span class='ocrx_word' id='word_1_424' title='bbox 2014 2145 2140 2198; x_wconf 81' lang='lat' dir='ltr'><strong>liam</strong></span> <span class='ocrx_word' id='word_1_425' title='bbox 2172 2144 2412 2196; x_wconf 79' lang='lat' dir='ltr'><strong>haberet.</strong></span> 
     </span>
    </p>
   </div>
   <div class='ocr_carea' id='block_1_60' title="bbox 2083 2231 3583 2302">
    <p class='ocr_par' dir='ltr' id='par_1_60' title="bbox 2083 2231 3583 2302">
     <span class='ocr_line' id='line_1_60' title="bbox 2083 2231 3583 2302; baseline -0.001 -18"><span class='ocrx_word' id='word_1_426' title='bbox 2083 2234 2352 2299; x_wconf 87' lang='lat' dir='ltr'><strong>Quoniam</strong></span> <span class='ocrx_word' id='word_1_427' title='bbox 2396 2234 2560 2302; x_wconf 77' lang='lat' dir='ltr'><strong>igitur</strong></span> <span class='ocrx_word' id='word_1_428' title='bbox 2607 2234 2658 2288; x_wconf 91' lang='lat' dir='ltr'><strong>in</strong></span> <span class='ocrx_word' id='word_1_429' title='bbox 2718 2231 2850 2297; x_wconf 90' lang='lat' dir='ltr'><strong>Deo,</strong></span> <span class='ocrx_word' id='word_1_430' title='bbox 2887 2244 2940 2287; x_wconf 92' lang='lat' dir='ltr'><strong>et</strong></span> <span class='ocrx_word' id='word_1_431' title='bbox 2994 2232 3244 2296; x_wconf 88' lang='lat' dir='ltr'><strong>materia,</strong></span> <span class='ocrx_word' id='word_1_432' title='bbox 3281 2240 3334 2286; x_wconf 90' lang='lat' dir='ltr'><strong>et</strong></span> <span class='ocrx_word' id='word_1_433' title='bbox 3387 2241 3583 2284; x_wconf 73' lang='lat' dir='ltr'><strong>cuncta</strong></span> 
     </span>
    </p>
   </div>
   <div class='ocr_carea' id='block_1_61' title="bbox 2010 2325 3576 2394">
    <p class='ocr_par' dir='ltr' id='par_1_61' title="bbox 2010 2325 3576 2394">
     <span class='ocr_line' id='line_1_61' title="bbox 2010 2325 3576 2394; baseline 0.001 -19"><span class='ocrx_word' id='word_1_434' title='bbox 2010 2341 2128 2393; x_wconf 65' lang='lat' dir='ltr'><strong>quae</strong></span> <span class='ocrx_word' id='word_1_435' title='bbox 2165 2334 2293 2378; x_wconf 73' lang='lat' dir='ltr'><strong>sunt</strong></span> <span class='ocrx_word' id='word_1_436' title='bbox 2327 2342 2388 2378; x_wconf 81' lang='lat' dir='ltr'><strong>ex</strong></span> <span class='ocrx_word' id='word_1_437' title='bbox 2422 2326 2670 2390; x_wconf 84' lang='lat' dir='ltr'><strong>materia,</strong></span> <span class='ocrx_word' id='word_1_438' title='bbox 2719 2327 2936 2394; x_wconf 87' lang='lat' dir='ltr'><strong>penitus</strong></span> <span class='ocrx_word' id='word_1_439' title='bbox 2987 2327 3164 2379; x_wconf 84' lang='lat' dir='ltr'><strong>locum</strong></span> <span class='ocrx_word' id='word_1_440' title='bbox 3199 2340 3304 2376; x_wconf 91' lang='lat' dir='ltr'><strong>non</strong></span> <span class='ocrx_word' id='word_1_441' title='bbox 3345 2325 3576 2383; x_wconf 70' lang='lat' dir='ltr'><strong>habent.</strong></span> 
     </span>
    </p>
   </div>
   <div class='ocr_carea' id='block_1_62' title="bbox 2009 2416 3585 2486">
    <p class='ocr_par' dir='ltr' id='par_1_62' title="bbox 2009 2416 3585 2486">
     <span class='ocr_line' id='line_1_62' title="bbox 2009 2416 3585 2486; baseline -0.003 -15"><span class='ocrx_word' id='word_1_442' title='bbox 2009 2428 2061 2471; x_wconf 89' lang='lat' dir='ltr'><strong>et</strong></span> <span class='ocrx_word' id='word_1_443' title='bbox 2112 2433 2285 2486; x_wconf 87' lang='lat' dir='ltr'><strong>neque</strong></span> <span class='ocrx_word' id='word_1_444' title='bbox 2331 2418 2628 2471; x_wconf 88' lang='lat' dir='ltr'><strong>secundum</strong></span> <span class='ocrx_word' id='word_1_445' title='bbox 2665 2419 3043 2471; x_wconf 72' lang='lat' dir='ltr'><strong>excellentiam</strong></span> <span class='ocrx_word' id='word_1_446' title='bbox 3083 2428 3243 2486; x_wconf 78' lang='lat' dir='ltr'><strong>atque</strong></span> <span class='ocrx_word' id='word_1_447' title='bbox 3275 2416 3585 2480; x_wconf 78' lang='lat' dir='ltr'><strong>defectum,</strong></span> 
     </span>
    </p>
   </div>
   <div class='ocr_carea' id='block_1_63' title="bbox 2013 2507 3585 2578">
    <p class='ocr_par' dir='ltr' id='par_1_63' title="bbox 2013 2507 3585 2578">
     <span class='ocr_line' id='line_1_63' title="bbox 2013 2507 3585 2578; baseline -0.001 -19"><span class='ocrx_word' id='word_1_448' title='bbox 2013 2524 2184 2576; x_wconf 83' lang='lat' dir='ltr'><strong>neque</strong></span> <span class='ocrx_word' id='word_1_449' title='bbox 2236 2518 2292 2561; x_wconf 89' lang='lat' dir='ltr'><strong>ut</strong></span> <span class='ocrx_word' id='word_1_450' title='bbox 2349 2509 2641 2578; x_wconf 78' lang='lat' dir='ltr'><strong>possessio,</strong></span> <span class='ocrx_word' id='word_1_451' title='bbox 2675 2510 2788 2563; x_wconf 74' lang='lat' dir='ltr'><strong>sive</strong></span> <span class='ocrx_word' id='word_1_452' title='bbox 2830 2509 3055 2571; x_wconf 78' lang='lat' dir='ltr'><strong>factura,</strong></span> <span class='ocrx_word' id='word_1_453' title='bbox 3110 2509 3226 2562; x_wconf 77' lang='lat' dir='ltr'><strong>sive</strong></span> <span class='ocrx_word' id='word_1_454' title='bbox 3277 2523 3424 2576; x_wconf 85' lang='lat' dir='ltr'><strong>pars,</strong></span> <span class='ocrx_word' id='word_1_455' title='bbox 3471 2507 3585 2559; x_wconf 74' lang='lat' dir='ltr'><strong>sive</strong></span> 
     </span>
    </p>
   </div>
   <div class='ocr_carea' id='block_1_64' title="bbox 2010 2599 3584 2668">
    <p class='ocr_par' dir='ltr' id='par_1_64' title="bbox 2010 2599 3584 2668">
     <span class='ocr_line' id='line_1_64' title="bbox 2010 2599 3584 2668; baseline 0.001 -18"><span class='ocrx_word' id='word_1_456' title='bbox 2010 2599 2355 2658; x_wconf 75' lang='lat' dir='ltr'><strong>ntemlmnn.</strong></span> <span class='ocrx_word' id='word_1_457' title='bbox 2395 2615 2568 2668; x_wconf 83' lang='lat' dir='ltr'><strong>neque</strong></span> <span class='ocrx_word' id='word_1_458' title='bbox 2613 2601 3021 2668; x_wconf 80' lang='lat' dir='ltr'><strong>quomodolibet</strong></span> <span class='ocrx_word' id='word_1_459' title='bbox 3070 2599 3225 2652; x_wconf 76' lang='lat' dir='ltr'><strong>aliter</strong></span> <span class='ocrx_word' id='word_1_460' title='bbox 3255 2607 3430 2667; x_wconf 88' lang='lat' dir='ltr'><strong>potest</strong></span> <span class='ocrx_word' id='word_1_461' title='bbox 3483 2599 3584 2651; x_wconf 89' lang='lat' dir='ltr'><strong>hoe</strong></span> 
     </span>
    </p>
   </div>
   <div class='ocr_carea' id='block_1_65' title="bbox 2013 2687 3585 2759">
    <p class='ocr_par' dir='ltr' id='par_1_65' title="bbox 2013 2687 3585 2759">
     <span class='ocr_line' id='line_1_65' title="bbox 2013 2687 3585 2759; baseline 0 -19"><span class='ocrx_word' id='word_1_462' title='bbox 2013 2687 2197 2758; x_wconf 84' lang='lat' dir='ltr'><strong>hujus,</strong></span> <span class='ocrx_word' id='word_1_463' title='bbox 2245 2700 2335 2743; x_wconf 82' lang='lat' dir='ltr'><strong>aut</strong></span> <span class='ocrx_word' id='word_1_464' title='bbox 2392 2689 2555 2757; x_wconf 84' lang='lat' dir='ltr'><strong>hujus</strong></span> <span class='ocrx_word' id='word_1_465' title='bbox 2599 2689 2728 2752; x_wconf 85' lang='lat' dir='ltr'><strong>diei,</strong></span> <span class='ocrx_word' id='word_1_466' title='bbox 2768 2691 3067 2742; x_wconf 81' lang='lat' dir='ltr'><strong>secundum</strong></span> <span class='ocrx_word' id='word_1_467' title='bbox 3124 2689 3430 2759; x_wconf 76' lang='lat' dir='ltr'><strong>hujusmodi</strong></span> <span class='ocrx_word' id='word_1_468' title='bbox 3465 2703 3585 2756; x_wconf 82' lang='lat' dir='ltr'><strong>pro-</strong></span> 
     </span>
    </p>
   </div>
   <div class='ocr_carea' id='block_1_66' title="bbox 2015 2778 3677 2850">
    <p class='ocr_par' dir='ltr' id='par_1_66' title="bbox 2015 2778 3677 2850">
     <span class='ocr_line' id='line_1_66' title="bbox 2015 2778 3677 2850; baseline -0.001 -18"><span class='ocrx_word' id='word_1_469' title='bbox 2015 2783 2332 2850; x_wconf 83' lang='lat' dir='ltr'><strong>prietatem;</strong></span> <span class='ocrx_word' id='word_1_470' title='bbox 2361 2790 2575 2834; x_wconf 87' lang='lat' dir='ltr'><strong>constat</strong></span> <span class='ocrx_word' id='word_1_471' title='bbox 2618 2779 2880 2846; x_wconf 79' lang='lat' dir='ltr'><strong>profecto,</strong></span> <span class='ocrx_word' id='word_1_472' title='bbox 2914 2783 3040 2847; x_wconf 73' lang='lat' dir='ltr'><strong>qu&#39;a</strong></span> <span class='ocrx_word' id='word_1_473' title='bbox 3089 2794 3211 2832; x_wconf 88' lang='lat' dir='ltr'><strong>cum</strong></span> <span class='ocrx_word' id='word_1_474' title='bbox 3263 2781 3364 2832; x_wconf 88' lang='lat' dir='ltr'><strong>hoe</strong></span> <span class='ocrx_word' id='word_1_475' title='bbox 3401 2779 3584 2846; x_wconf 85' lang='lat' dir='ltr'><strong>hujus.</strong></span> <span class='ocrx_word' id='word_1_476' title='bbox 3645 2778 3677 2846; x_wconf 64' lang='grc'><strong>’,</strong></span> 
     </span>
    </p>
   </div>
   <div class='ocr_carea' id='block_1_67' title="bbox 2013 2870 3586 2939">
    <p class='ocr_par' dir='ltr' id='par_1_67' title="bbox 2013 2870 3586 2939">
     <span class='ocr_line' id='line_1_67' title="bbox 2013 2870 3586 2939; baseline -0.002 -14"><span class='ocrx_word' id='word_1_477' title='bbox 2013 2881 2106 2925; x_wconf 86' lang='lat' dir='ltr'><strong>aut</strong></span> <span class='ocrx_word' id='word_1_478' title='bbox 2137 2872 2299 2938; x_wconf 88' lang='lat' dir='ltr'><strong>hujus</strong></span> <span class='ocrx_word' id='word_1_479' title='bbox 2356 2888 2382 2924; x_wconf 90' lang='lat' dir='ltr'><strong>a</strong></span> <span class='ocrx_word' id='word_1_480' title='bbox 2441 2871 2704 2939; x_wconf 75' lang='lat' dir='ltr'><strong>theologis</strong></span> <span class='ocrx_word' id='word_1_481' title='bbox 2744 2870 2963 2934; x_wconf 81' lang='lat' dir='ltr'><strong>dicitur,</strong></span> <span class='ocrx_word' id='word_1_482' title='bbox 3029 2886 3189 2924; x_wconf 69' lang='lat' dir='ltr'><strong>causa</strong></span> <span class='ocrx_word' id='word_1_483' title='bbox 3238 2870 3586 2933; x_wconf 84' lang='lat' dir='ltr'><strong>insinuatur;</strong></span> 
     </span>
    </p>
   </div>
   <div class='ocr_carea' id='block_1_68' title="bbox 2013 2963 3058 3032">
    <p class='ocr_par' dir='ltr' id='par_1_68' title="bbox 2013 2963 3058 3032">
     <span class='ocr_line' id='line_1_68' title="bbox 2013 2963 3058 3032; baseline 0 -16"><span class='ocrx_word' id='word_1_484' title='bbox 2013 2963 2174 3017; x_wconf 85' lang='lat' dir='ltr'><strong>aliter</strong></span> <span class='ocrx_word' id='word_1_485' title='bbox 2204 2963 2348 3017; x_wconf 83' lang='lat' dir='ltr'><strong>enim</strong></span> <span class='ocrx_word' id='word_1_486' title='bbox 2382 2978 2504 3017; x_wconf 79' lang='lat' dir='ltr'><strong>esse</strong></span> <span class='ocrx_word' id='word_1_487' title='bbox 2533 2963 2790 3032; x_wconf 69' lang='lat' dir='ltr'><strong>possitile</strong></span> <span class='ocrx_word' id='word_1_488' title='bbox 2822 2981 2926 3017; x_wconf 88' lang='lat' dir='ltr'><strong>non</strong></span> <span class='ocrx_word' id='word_1_489' title='bbox 2955 2974 3058 3018; x_wconf 85' lang='lat' dir='ltr'><strong>est.</strong></span> 
     </span>
    </p>
   </div>
   <div class='ocr_carea' id='block_1_69' title="bbox 2088 3053 3588 3126">
    <p class='ocr_par' dir='ltr' id='par_1_69' title="bbox 2088 3053 3588 3126">
     <span class='ocr_line' id='line_1_69' title="bbox 2088 3053 3588 3126; baseline -0.003 -17"><span class='ocrx_word' id='word_1_490' title='bbox 2088 3057 2159 3110; x_wconf 80' lang='lat' dir='ltr'><strong>Ex</strong></span> <span class='ocrx_word' id='word_1_491' title='bbox 2195 3073 2302 3126; x_wconf 91' lang='lat' dir='ltr'><strong>quo</strong></span> <span class='ocrx_word' id='word_1_492' title='bbox 2332 3068 2384 3109; x_wconf 90' lang='lat' dir='ltr'><strong>et</strong></span> <span class='ocrx_word' id='word_1_493' title='bbox 2411 3056 2538 3109; x_wconf 89' lang='lat' dir='ltr'><strong>illud</strong></span> <span class='ocrx_word' id='word_1_494' title='bbox 2572 3073 2676 3109; x_wconf 81' lang='lat' dir='ltr'><strong>tina</strong></span> <span class='ocrx_word' id='word_1_495' title='bbox 2727 3057 3060 3121; x_wconf 87' lang='lat' dir='ltr'><strong>insinuatur,</strong></span> <span class='ocrx_word' id='word_1_496' title='bbox 3098 3055 3360 3124; x_wconf 90' lang='lat' dir='ltr'><strong>Spiritum</strong></span> <span class='ocrx_word' id='word_1_497' title='bbox 3396 3056 3458 3104; x_wconf 88' lang='lat' dir='ltr'><strong>ad</strong></span> <span class='ocrx_word' id='word_1_498' title='bbox 3504 3053 3588 3106; x_wconf 72' lang='lat' dir='ltr'><strong>Fi—</strong></span> 
     </span>
    </p>
   </div>
   <div class='ocr_carea' id='block_1_70' title="bbox 1937 3147 3585 3227">
    <p class='ocr_par' dir='ltr' id='par_1_70' title="bbox 1937 3147 3585 3227">
     <span class='ocr_line' id='line_1_70' title="bbox 1937 3147 3585 3227; baseline -0.005 -25"><span class='ocrx_word' id='word_1_499' title='bbox 1937 3167 1979 3227; x_wconf 75' lang='lat' dir='ltr'><strong><em>C</em></strong></span> <span class='ocrx_word' id='word_1_500' title='bbox 2011 3149 2144 3202; x_wconf 89' lang='lat' dir='ltr'><strong>lium</strong></span> <span class='ocrx_word' id='word_1_501' title='bbox 2181 3151 2408 3205; x_wconf 83' lang='lat' dir='ltr'><strong>relative</strong></span> <span class='ocrx_word' id='word_1_502' title='bbox 2450 3151 2578 3214; x_wconf 86' lang='lat' dir='ltr'><strong>dici,</strong></span> <span class='ocrx_word' id='word_1_503' title='bbox 2607 3152 2650 3204; x_wconf 86' lang='lat' dir='ltr'><strong>si</strong></span> <span class='ocrx_word' id='word_1_504' title='bbox 2686 3152 2797 3204; x_wconf 76' lang='lat' dir='ltr'><strong>lucc</strong></span> <span class='ocrx_word' id='word_1_505' title='bbox 2845 3148 2910 3202; x_wconf 87' lang='lat' dir='ltr'><strong>ad</strong></span> <span class='ocrx_word' id='word_1_506' title='bbox 2970 3149 3200 3202; x_wconf 87' lang='lat' dir='ltr'><strong>invicem</strong></span> <span class='ocrx_word' id='word_1_507' title='bbox 3255 3147 3585 3208; x_wconf 77' lang='lat' dir='ltr'><strong>discernere,</strong></span> 
     </span>
    </p>
   </div>
   <div class='ocr_carea' id='block_1_71' title="bbox 2013 3239 3582 3311">
    <p class='ocr_par' dir='ltr' id='par_1_71' title="bbox 2013 3239 3582 3311">
     <span class='ocr_line' id='line_1_71' title="bbox 2013 3239 3582 3311; baseline -0.004 -15"><span class='ocrx_word' id='word_1_508' title='bbox 2013 3243 2312 3296; x_wconf 79' lang='lat' dir='ltr'><strong>secundum</strong></span> <span class='ocrx_word' id='word_1_509' title='bbox 2345 3259 2523 3297; x_wconf 70' lang='lat' dir='ltr'><strong>causa-</strong></span> <span class='ocrx_word' id='word_1_510' title='bbox 2578 3243 2926 3311; x_wconf 82' lang='lat' dir='ltr'><strong>causalisque</strong></span> <span class='ocrx_word' id='word_1_511' title='bbox 2959 3242 3276 3294; x_wconf 85' lang='lat' dir='ltr'><strong>relationem</strong></span> <span class='ocrx_word' id='word_1_512' title='bbox 3313 3239 3541 3290; x_wconf 80' lang='lat' dir='ltr'><strong>velimus</strong></span> <span class='ocrx_word' id='word_1_513' title='bbox 3571 3257 3582 3292; x_wconf 93' lang='lat'>:</span> 
     </span>
    </p>
   </div>
   <div class='ocr_carea' id='block_1_72' title="bbox 2014 3332 3587 3404">
    <p class='ocr_par' dir='ltr' id='par_1_72' title="bbox 2014 3332 3587 3404">
     <span class='ocr_line' id='line_1_72' title="bbox 2014 3332 3587 3404; baseline -0.001 -18"><span class='ocrx_word' id='word_1_514' title='bbox 2014 3333 2283 3401; x_wconf 81' lang='lat' dir='ltr'><strong>siquidem</strong></span> <span class='ocrx_word' id='word_1_515' title='bbox 2330 3333 2484 3404; x_wconf 79' lang='lat' dir='ltr'><strong>juxta</strong></span> <span class='ocrx_word' id='word_1_516' title='bbox 2539 3332 2857 3402; x_wconf 71' lang='lat' dir='ltr'><strong>Gregorium</strong></span> <span class='ocrx_word' id='word_1_517' title='bbox 2913 3332 3264 3402; x_wconf 71' lang='lat' dir='ltr'><strong>Nyssenum:</strong></span> <span class='ocrx_word' id='word_1_518' title='bbox 3322 3352 3339 3383; x_wconf 74' lang='grc' dir='ltr'><strong>ι</strong></span> <span class='ocrx_word' id='word_1_519' title='bbox 3391 3332 3445 3384; x_wconf 81' lang='lat' dir='ltr'><strong>In</strong></span> <span class='ocrx_word' id='word_1_520' title='bbox 3488 3335 3587 3385; x_wconf 87' lang='lat' dir='ltr'><strong>hoc</strong></span> 
     </span>
    </p>
   </div>
   <div class='ocr_carea' id='block_1_73' title="bbox 2015 3423 3588 3491">
    <p class='ocr_par' dir='ltr' id='par_1_73' title="bbox 2015 3423 3588 3491">
     <span class='ocr_line' id='line_1_73' title="bbox 2015 3423 3588 3491; baseline -0.004 -13"><span class='ocrx_word' id='word_1_521' title='bbox 2015 3424 2215 3487; x_wconf 83' lang='lat' dir='ltr'><strong>solum,</strong></span> <span class='ocrx_word' id='word_1_522' title='bbox 2245 3424 2473 3478; x_wconf 89' lang='lat' dir='ltr'><strong>alterum</strong></span> <span class='ocrx_word' id='word_1_523' title='bbox 2521 3425 2588 3477; x_wconf 86' lang='lat' dir='ltr'><strong>ab</strong></span> <span class='ocrx_word' id='word_1_524' title='bbox 2638 3425 2808 3478; x_wconf 88' lang='lat' dir='ltr'><strong>altero</strong></span> <span class='ocrx_word' id='word_1_525' title='bbox 2839 3424 3099 3491; x_wconf 73' lang='lat' dir='ltr'><strong>diSIingui</strong></span> <span class='ocrx_word' id='word_1_526' title='bbox 3134 3423 3588 3489; x_wconf 70' lang='lat' dir='ltr'><strong>deprehendimus</strong></span> 
     </span>
    </p>
   </div>
   <div class='ocr_carea' id='block_1_74' title="bbox 2014 3515 3593 3582">
    <p class='ocr_par' dir='ltr' id='par_1_74' title="bbox 2014 3515 3593 3582">
     <span class='ocr_line' id='line_1_74' title="bbox 2014 3515 3593 3582; baseline 0.002 -16"><span class='ocrx_word' id='word_1_527' title='bbox 2014 3515 2159 3582; x_wconf 88' lang='lat' dir='ltr'><strong>quod</strong></span> <span class='ocrx_word' id='word_1_528' title='bbox 2205 3515 2291 3568; x_wconf 90' lang='lat' dir='ltr'><strong>ille</strong></span> <span class='ocrx_word' id='word_1_529' title='bbox 2337 3531 2525 3577; x_wconf 84' lang='lat' dir='ltr'><strong>causa,</strong></span> <span class='ocrx_word' id='word_1_530' title='bbox 2559 3517 2658 3569; x_wconf 91' lang='lat' dir='ltr'><strong>istc</strong></span> <span class='ocrx_word' id='word_1_531' title='bbox 2701 3531 2765 3568; x_wconf 82' lang='lat' dir='ltr'><strong>cx</strong></span> <span class='ocrx_word' id='word_1_532' title='bbox 2800 3531 2962 3570; x_wconf 89' lang='lat' dir='ltr'><strong>eausa</strong></span> <span class='ocrx_word' id='word_1_533' title='bbox 3007 3518 3093 3570; x_wconf 81' lang='lat' dir='ltr'><strong>sit.</strong></span> <span class='ocrx_word' id='word_1_534' title='bbox 3132 3535 3148 3566; x_wconf 79' lang='grc' dir='ltr'><strong>ι</strong></span> <span class='ocrx_word' id='word_1_535' title='bbox 3188 3515 3341 3581; x_wconf 75' lang='lat' dir='ltr'><strong>Quod</strong></span> <span class='ocrx_word' id='word_1_536' title='bbox 3403 3529 3593 3569; x_wconf 78' lang='lat' dir='ltr'><strong>rursuI</strong></span> 
     </span>
    </p>
   </div>
   <div class='ocr_carea' id='block_1_75' title="bbox 2015 3604 3588 3668">
    <p class='ocr_par' dir='ltr' id='par_1_75' title="bbox 2015 3604 3588 3668">
     <span class='ocr_line' id='line_1_75' title="bbox 2015 3604 3588 3668; baseline 0.002 -11"><span class='ocrx_word' id='word_1_537' title='bbox 2015 3604 2089 3657; x_wconf 82' lang='lat' dir='ltr'><strong>ita</strong></span> <span class='ocrx_word' id='word_1_538' title='bbox 2121 3605 2326 3668; x_wconf 86' lang='lat' dir='ltr'><strong>divisit,</strong></span> <span class='ocrx_word' id='word_1_539' title='bbox 2364 3616 2422 3658; x_wconf 91' lang='lat' dir='ltr'><strong>ut</strong></span> <span class='ocrx_word' id='word_1_540' title='bbox 2469 3608 2632 3659; x_wconf 90' lang='lat' dir='ltr'><strong>alium</strong></span> <span class='ocrx_word' id='word_1_541' title='bbox 2687 3608 2889 3660; x_wconf 82' lang='lat' dir='ltr'><strong>diceret</strong></span> <span class='ocrx_word' id='word_1_542' title='bbox 2945 3623 3066 3660; x_wconf 68' lang='lat' dir='ltr'><strong>es&lt;e</strong></span> <span class='ocrx_word' id='word_1_543' title='bbox 3123 3608 3473 3661; x_wconf 87' lang='lat' dir='ltr'><strong>continenter</strong></span> <span class='ocrx_word' id='word_1_544' title='bbox 3525 3624 3588 3660; x_wconf 64' lang='lat' dir='ltr'><strong>ex</strong></span> 
     </span>
    </p>
   </div>
   <div class='ocr_carea' id='block_1_76' title="bbox 2017 3693 3590 3764">
    <p class='ocr_par' dir='ltr' id='par_1_76' title="bbox 2017 3693 3590 3764">
     <span class='ocr_line' id='line_1_76' title="bbox 2017 3693 3590 3764; baseline 0.005 -20"><span class='ocrx_word' id='word_1_545' title='bbox 2017 3693 2224 3762; x_wconf 86' lang='lat' dir='ltr'><strong>primo;</strong></span> <span class='ocrx_word' id='word_1_546' title='bbox 2259 3694 2425 3746; x_wconf 84' lang='lat' dir='ltr'><strong>alium</strong></span> <span class='ocrx_word' id='word_1_547' title='bbox 2481 3711 2574 3763; x_wconf 88' lang='lat' dir='ltr'><strong>per</strong></span> <span class='ocrx_word' id='word_1_548' title='bbox 2623 3711 2768 3759; x_wconf 83' lang='lat' dir='ltr'><strong>cum,</strong></span> <span class='ocrx_word' id='word_1_549' title='bbox 2819 3697 2910 3764; x_wconf 84' lang='lat' dir='ltr'><strong>qui</strong></span> <span class='ocrx_word' id='word_1_550' title='bbox 2959 3698 3301 3750; x_wconf 89' lang='lat' dir='ltr'><strong>continenter</strong></span> <span class='ocrx_word' id='word_1_551' title='bbox 3348 3709 3489 3750; x_wconf 80' lang='lat' dir='ltr'><strong>esset</strong></span> <span class='ocrx_word' id='word_1_552' title='bbox 3524 3713 3590 3752; x_wconf 74' lang='lat' dir='ltr'><strong>ex</strong></span> 
     </span>
    </p>
   </div>
   <div class='ocr_carea' id='block_1_77' title="bbox 2018 3784 3592 3856">
    <p class='ocr_par' dir='ltr' id='par_1_77' title="bbox 2018 3784 3592 3856">
     <span class='ocr_line' id='line_1_77' title="bbox 2018 3784 3592 3856; baseline 0.004 -20"><span class='ocrx_word' id='word_1_553' title='bbox 2018 3784 2214 3853; x_wconf 89' lang='lat' dir='ltr'><strong>primo,</strong></span> <span class='ocrx_word' id='word_1_554' title='bbox 2264 3800 2505 3840; x_wconf 76' lang='lat' dir='ltr'><strong>manare.</strong></span> <span class='ocrx_word' id='word_1_555' title='bbox 2543 3786 2647 3840; x_wconf 82' lang='lat' dir='ltr'><strong>Sed</strong></span> <span class='ocrx_word' id='word_1_556' title='bbox 2701 3787 2812 3855; x_wconf 89' lang='lat' dir='ltr'><strong>jam</strong></span> <span class='ocrx_word' id='word_1_557' title='bbox 2870 3787 2992 3840; x_wconf 89' lang='lat' dir='ltr'><strong>lihri</strong></span> <span class='ocrx_word' id='word_1_558' title='bbox 3053 3788 3214 3856; x_wconf 86' lang='lat' dir='ltr'><strong>hujus</strong></span> <span class='ocrx_word' id='word_1_559' title='bbox 3265 3789 3592 3843; x_wconf 74' lang='lat' dir='ltr'><strong>Continenda</strong></span> 
     </span>
    </p>
   </div>
   <div class='ocr_carea' id='block_1_78' title="bbox 2016 3877 3594 3944">
    <p class='ocr_par' dir='ltr' id='par_1_78' title="bbox 2016 3877 3594 3944">
     <span class='ocr_line' id='line_1_78' title="bbox 2016 3877 3594 3944; baseline 0.004 -17"><span class='ocrx_word' id='word_1_560' title='bbox 2016 3877 2309 3944; x_wconf 79' lang='lat' dir='ltr'><strong>longitudo</strong></span> <span class='ocrx_word' id='word_1_561' title='bbox 2339 3888 2442 3941; x_wconf 90' lang='lat' dir='ltr'><strong>est,</strong></span> <span class='ocrx_word' id='word_1_562' title='bbox 2481 3891 2535 3933; x_wconf 92' lang='lat' dir='ltr'><strong>ut</strong></span> <span class='ocrx_word' id='word_1_563' title='bbox 2565 3879 2630 3933; x_wconf 85' lang='lat' dir='ltr'><strong>ad</strong></span> <span class='ocrx_word' id='word_1_564' title='bbox 2660 3897 2720 3934; x_wconf 89' lang='lat' dir='ltr'><strong>ea</strong></span> <span class='ocrx_word' id='word_1_565' title='bbox 2758 3897 2877 3944; x_wconf 66' lang='lat' dir='ltr'><strong>qua:</strong></span> <span class='ocrx_word' id='word_1_566' title='bbox 2907 3890 3132 3942; x_wconf 88' lang='lat' dir='ltr'><strong>restant,</strong></span> <span class='ocrx_word' id='word_1_567' title='bbox 3172 3881 3390 3936; x_wconf 81' lang='lat' dir='ltr'><strong>lectoris</strong></span> <span class='ocrx_word' id='word_1_568' title='bbox 3421 3883 3594 3934; x_wconf 78' lang='lat' dir='ltr'><strong>inten-</strong></span> 
     </span>
    </p>
   </div>
   <div class='ocr_carea' id='block_1_79' title="bbox 2019 3969 3594 4043">
    <p class='ocr_par' dir='ltr' id='par_1_79' title="bbox 2019 3969 3594 4043">
     <span class='ocr_line' id='line_1_79' title="bbox 2019 3969 3594 4043; baseline 0.005 -21"><span class='ocrx_word' id='word_1_569' title='bbox 2019 3971 2094 4022; x_wconf 82' lang='lat' dir='ltr'><strong>tio</strong></span> <span class='ocrx_word' id='word_1_570' title='bbox 2143 3969 2358 4023; x_wconf 84' lang='lat' dir='ltr'><strong>interim</strong></span> <span class='ocrx_word' id='word_1_571' title='bbox 2391 3987 2418 4024; x_wconf 87' lang='lat' dir='ltr'><strong>a</strong></span> <span class='ocrx_word' id='word_1_572' title='bbox 2453 3973 2640 4026; x_wconf 81' lang='lat' dir='ltr'><strong>labore</strong></span> <span class='ocrx_word' id='word_1_573' title='bbox 2687 3982 2962 4042; x_wconf 89' lang='lat' dir='ltr'><strong>reparata,</strong></span> <span class='ocrx_word' id='word_1_574' title='bbox 2991 3972 3225 4026; x_wconf 82' lang='lat' dir='ltr'><strong>alacrior</strong></span> <span class='ocrx_word' id='word_1_575' title='bbox 3273 3983 3437 4043; x_wconf 86' lang='lat' dir='ltr'><strong>atque</strong></span> <span class='ocrx_word' id='word_1_576' title='bbox 3472 3973 3594 4041; x_wconf 69' lang='lat' dir='ltr'><strong>Vigi-</strong></span> 
     </span>
    </p>
   </div>
   <div class='ocr_carea' id='block_1_80' title="bbox 2017 4061 2510 4134">
    <p class='ocr_par' dir='ltr' id='par_1_80' title="bbox 2017 4061 2510 4134">
     <span class='ocr_line' id='line_1_80' title="bbox 2017 4061 2510 4134; baseline 0.004 -19"><span class='ocrx_word' id='word_1_577' title='bbox 2017 4061 2218 4115; x_wconf 88' lang='lat' dir='ltr'><strong>lantior</strong></span> <span class='ocrx_word' id='word_1_578' title='bbox 2241 4073 2510 4134; x_wconf 80' lang='lat' dir='ltr'><strong>assurgat.</strong></span> 
     </span>
    </p>
   </div>
   <div class='ocr_carea' id='block_1_81' title="bbox 865 4268 1907 4296">
    <p class='ocr_par' dir='ltr' id='par_1_81' title="bbox 865 4268 1907 4296">
     <span class='ocr_line' id='line_1_81' title="bbox 865 4268 1902 4280; baseline 0.005 -6"><span class='ocrx_word' id='word_1_579' title='bbox 865 4268 1233 4275; x_wconf 66' lang='lat'><strong>..___........-._._-__.</strong></span> <span class='ocrx_word' id='word_1_580' title='bbox 1259 4268 1540 4276; x_wconf 39' lang='grc' dir='ltr'><strong>...α-...υ---κσ</strong></span> <span class='ocrx_word' id='word_1_581' title='bbox 1555 4271 1652 4276; x_wconf 66' lang='grc' dir='ltr'><strong>...η-</strong></span> <span class='ocrx_word' id='word_1_582' title='bbox 1681 4272 1791 4278; x_wconf 84' lang='lat'><strong>..._--</strong></span> <span class='ocrx_word' id='word_1_583' title='bbox 1823 4273 1902 4280; x_wconf 57' lang='grc' dir='ltr'><strong>--μ</strong></span> 
     </span>
     <span class='ocr_line' id='line_1_82' title="bbox 865 4283 1907 4296; baseline 0.007 -6"><span class='ocrx_word' id='word_1_584' title='bbox 865 4283 1907 4296; x_wconf 63' lang='lat' dir='ltr'><em>W</em></span> 
     </span>
    </p>
   </div>
   <div class='ocr_carea' id='block_1_82' title="bbox 2010 4268 3547 4296">
    <p class='ocr_par' dir='ltr' id='par_1_82' title="bbox 2010 4275 3547 4296">
     <span class='ocr_line' id='line_1_83' title="bbox 2010 4275 3547 4296; baseline -0.003 0"><span class='ocrx_word' id='word_1_585' title='bbox 2010 4275 2578 4296; x_wconf 47' lang='grc' dir='ltr'><strong>ΞἹέῗ-’τΡ-’σσ-ι-</strong></span> <span class='ocrx_word' id='word_1_586' title='bbox 2603 4280 3046 4292; x_wconf 51' lang='lat' dir='ltr'><strong>-m«-———-.__—--—_</strong></span> <span class='ocrx_word' id='word_1_587' title='bbox 3111 4287 3156 4293; x_wconf 67' lang='grc' dir='ltr'><strong>..ρ</strong></span> <span class='ocrx_word' id='word_1_588' title='bbox 3171 4287 3194 4293; x_wconf 83' lang='grc'><strong>--</strong></span> <span class='ocrx_word' id='word_1_589' title='bbox 3227 4287 3266 4292; x_wconf 89' lang='grc'><strong>-..</strong></span> <span class='ocrx_word' id='word_1_590' title='bbox 3303 4289 3318 4292; x_wconf 92' lang='grc'>..</span> <span class='ocrx_word' id='word_1_591' title='bbox 3349 4289 3351 4291; x_wconf 89' lang='grc'>.</span> <span class='ocrx_word' id='word_1_592' title='bbox 3375 4288 3416 4292; x_wconf 46' lang='lat'><strong>._.</strong></span> <span class='ocrx_word' id='word_1_593' title='bbox 3441 4288 3476 4292; x_wconf 88' lang='lat'><strong>..-</strong></span> <span class='ocrx_word' id='word_1_594' title='bbox 3497 4283 3547 4296; x_wconf 56' lang='grc' dir='ltr'><strong>..ς</strong></span> 
     </span>
    </p>
   </div>
   <div class='ocr_carea' id='block_1_83' title="bbox 2819 4299 3547 4314">
    <p class='ocr_par' dir='ltr' id='par_1_83' title="bbox 2819 4299 3547 4314">
     <span class='ocr_line' id='line_1_84' title="bbox 2819 4299 3547 4314; baseline 0.004 -6"><span class='ocrx_word' id='word_1_595' title='bbox 2819 4299 2867 4308; x_wconf 70' lang='grc'><strong>.-</strong></span> <span class='ocrx_word' id='word_1_596' title='bbox 2889 4301 3301 4311; x_wconf 51' lang='grc' dir='ltr'><strong>*“--ν--ιΜ-η</strong></span> <span class='ocrx_word' id='word_1_597' title='bbox 3351 4305 3380 4311; x_wconf 49' lang='grc' dir='ltr'><strong>μ-</strong></span> <span class='ocrx_word' id='word_1_598' title='bbox 3394 4305 3412 4311; x_wconf 53' lang='grc' dir='ltr'><strong>,μ</strong></span> <span class='ocrx_word' id='word_1_599' title='bbox 3433 4299 3547 4314; x_wconf 54' lang='grc' dir='ltr'><strong>...ρ-,υ</strong></span> 
     </span>
    </p>
   </div>
   <div class='ocr_carea' id='block_1_84' title="bbox 1395 4464 2531 4564">
    <p class='ocr_par' dir='ltr' id='par_1_84' title="bbox 1395 4464 2531 4564">
     <span class='ocr_line' id='line_1_85' title="bbox 1395 4464 2531 4564; baseline 0.012 -16"><span class='ocrx_word' id='word_1_600' title='bbox 1395 4464 1750 4554; x_wconf 79' lang='lat' dir='ltr'><strong>LIBER</strong></span> <span class='ocrx_word' id='word_1_601' title='bbox 1878 4470 2531 4564; x_wconf 86' lang='lat' dir='ltr'><strong>SECUNDUS.</strong></span> 
     </span>
    </p>
   </div>
   <div class='ocr_carea' id='block_1_85' title="bbox 871 4661 3050 4750">
    <p class='ocr_par' dir='ltr' id='par_1_85' title="bbox 871 4661 3050 4750">
     <span class='ocr_line' id='line_1_86' title="bbox 871 4661 3050 4750; baseline 0.01 -31"><span class='ocrx_word' id='word_1_602' title='bbox 871 4661 1046 4737; x_wconf 79' lang='lat' dir='ltr'><strong>Jesu,</strong></span> <span class='ocrx_word' id='word_1_603' title='bbox 1085 4663 1266 4726; x_wconf 81' lang='lat' dir='ltr'><strong>nobis</strong></span> <span class='ocrx_word' id='word_1_604' title='bbox 1299 4667 1480 4744; x_wconf 61' lang='lat' dir='ltr'><strong>prati,</strong></span> <span class='ocrx_word' id='word_1_605' title='bbox 1518 4673 1573 4726; x_wconf 82' lang='lat' dir='ltr'><strong>et</strong></span> <span class='ocrx_word' id='word_1_606' title='bbox 1603 4667 1735 4730; x_wconf 63' lang='lat' dir='ltr'><strong>dux:</strong></span> <span class='ocrx_word' id='word_1_607' title='bbox 1775 4679 1924 4731; x_wconf 81' lang='lat' dir='ltr'><strong>esto.</strong></span> <span class='ocrx_word' id='word_1_608' title='bbox 1966 4673 2047 4733; x_wconf 88' lang='lat' dir='ltr'><strong>Te</strong></span> <span class='ocrx_word' id='word_1_609' title='bbox 2098 4675 2259 4735; x_wconf 89' lang='lat' dir='ltr'><strong>enim</strong></span> <span class='ocrx_word' id='word_1_610' title='bbox 2312 4676 2487 4750; x_wconf 85' lang='lat' dir='ltr'><strong>duce,</strong></span> <span class='ocrx_word' id='word_1_611' title='bbox 2521 4698 2646 4739; x_wconf 83' lang='lat' dir='ltr'><strong>non</strong></span> <span class='ocrx_word' id='word_1_612' title='bbox 2679 4681 3050 4743; x_wconf 74' lang='lat' dir='ltr'><strong>errabimus.</strong></span> 
     </span>
    </p>
   </div>
   <div class='ocr_carea' id='block_1_86' title="bbox 405 4953 3577 5063">
    <p class='ocr_par' dir='ltr' id='par_1_86' title="bbox 405 4953 3577 5063">
     <span class='ocr_line' id='line_1_87' title="bbox 405 4953 3577 5063; baseline 0.012 -55"><span class='ocrx_word' id='word_1_613' title='bbox 405 4953 463 5009; x_wconf 84' lang='lat' dir='ltr'><strong>In</strong></span> <span class='ocrx_word' id='word_1_614' title='bbox 497 4957 672 5063; x_wconf 60' lang='lat' dir='ltr'><strong>sacris</strong></span> <span class='ocrx_word' id='word_1_615' title='bbox 709 4958 925 5063; x_wconf 70' lang='lat' dir='ltr'><strong>Litteris</strong></span> <span class='ocrx_word' id='word_1_616' title='bbox 972 4965 1206 5033; x_wconf 84' lang='lat' dir='ltr'><strong>Spiritus</strong></span> <span class='ocrx_word' id='word_1_617' title='bbox 1252 4984 1474 5030; x_wconf 88' lang='lat' dir='ltr'><strong>sanctus</strong></span> <span class='ocrx_word' id='word_1_618' title='bbox 1515 4976 1604 5030; x_wconf 81' lang='lat' dir='ltr'><strong>Dei</strong></span> <span class='ocrx_word' id='word_1_619' title='bbox 1647 4979 1898 5047; x_wconf 83' lang='lat' dir='ltr'><strong>spiracu-</strong></span> <span class='ocrx_word' id='word_1_620' title='bbox 1937 4985 1980 5039; x_wconf 89' lang='lat' dir='ltr'><strong>D</strong></span> <span class='ocrx_word' id='word_1_621' title='bbox 2011 4997 2076 5035; x_wconf 80' lang='lat' dir='ltr'><strong>ex</strong></span> <span class='ocrx_word' id='word_1_622' title='bbox 2108 4997 2202 5038; x_wconf 92' lang='lat' dir='ltr'><strong>ore</strong></span> <span class='ocrx_word' id='word_1_623' title='bbox 2235 4985 2479 5051; x_wconf 88' lang='lat' dir='ltr'><strong>prodeat.</strong></span> <span class='ocrx_word' id='word_1_624' title='bbox 2521 5005 2537 5036; x_wconf 83' lang='grc' dir='ltr'><strong>ι</strong></span> <span class='ocrx_word' id='word_1_625' title='bbox 2572 4987 2832 5054; x_wconf 87' lang='lat' dir='ltr'><strong>Idemque</strong></span> <span class='ocrx_word' id='word_1_626' title='bbox 2870 4987 2922 5041; x_wconf 87' lang='lat' dir='ltr'><strong>in</strong></span> <span class='ocrx_word' id='word_1_627' title='bbox 2965 4989 3101 5042; x_wconf 60' lang='lat' dir='ltr'><strong>libro</strong></span> <span class='ocrx_word' id='word_1_628' title='bbox 3131 4992 3194 5045; x_wconf 87' lang='lat' dir='ltr'><strong>ad</strong></span> <span class='ocrx_word' id='word_1_629' title='bbox 3227 4992 3577 5063; x_wconf 69' lang='lat' dir='ltr'><strong>Serapionem</strong></span> 
     </span>
    </p>
   </div>
   <div class='ocr_carea' id='block_1_87' title="bbox 337 5042 1912 5135">
    <p class='ocr_par' dir='ltr' id='par_1_87' title="bbox 337 5042 1912 5135">
     <span class='ocr_line' id='line_1_88' title="bbox 337 5042 1912 5135; baseline 0.02 -41"><span class='ocrx_word' id='word_1_630' title='bbox 337 5042 445 5135; x_wconf 79' lang='lat' dir='ltr'><strong>lum</strong></span> <span class='ocrx_word' id='word_1_631' title='bbox 477 5047 679 5103; x_wconf 89' lang='lat' dir='ltr'><strong>dicitur</strong></span> <span class='ocrx_word' id='word_1_632' title='bbox 713 5067 727 5104; x_wconf 92' lang='lat'><strong>:</strong></span> <span class='ocrx_word' id='word_1_633' title='bbox 769 5052 1130 5121; x_wconf 82' lang='lat' dir='ltr'><strong>Spiraculum,</strong></span> <span class='ocrx_word' id='word_1_634' title='bbox 1183 5065 1347 5128; x_wconf 87' lang='lat' dir='ltr'><strong>enim,</strong></span> <span class='ocrx_word' id='word_1_635' title='bbox 1386 5068 1780 5135; x_wconf 77' lang='lat' dir='ltr'><strong>omnipotentis.</strong></span> <span class='ocrx_word' id='word_1_636' title='bbox 1834 5075 1912 5126; x_wconf 88' lang='lat' dir='ltr'><strong>ait</strong></span> 
     </span>
    </p>
   </div>
   <div class='ocr_carea' id='block_1_88' title="bbox 337 5132 1908 5232">
    <p class='ocr_par' dir='ltr' id='par_1_88' title="bbox 337 5132 1908 5232">
     <span class='ocr_line' id='line_1_89' title="bbox 337 5132 1908 5232; baseline 0.02 -45"><span class='ocrx_word' id='word_1_637' title='bbox 337 5132 532 5192; x_wconf 84' lang='lat' dir='ltr'><strong>beatus</strong></span> <span class='ocrx_word' id='word_1_638' title='bbox 557 5137 684 5204; x_wconf 81' lang='lat' dir='ltr'><strong>Job,</strong></span> <span class='ocrx_word' id='word_1_639' title='bbox 711 5144 890 5197; x_wconf 79' lang='lat' dir='ltr'><strong>edocet</strong></span> <span class='ocrx_word' id='word_1_640' title='bbox 917 5163 996 5199; x_wconf 85' lang='lat' dir='ltr'><strong>me</strong></span> <span class='ocrx_word' id='word_1_641' title='bbox 1015 5150 1052 5202; x_wconf 87' lang='grc'><strong>¹.</strong></span> <span class='ocrx_word' id='word_1_642' title='bbox 1077 5150 1116 5202; x_wconf 83' lang='grc' dir='ltr'><strong>Δ</strong></span> <span class='ocrx_word' id='word_1_643' title='bbox 1146 5153 1402 5219; x_wconf 87' lang='lat' dir='ltr'><strong>spirando</strong></span> <span class='ocrx_word' id='word_1_644' title='bbox 1424 5132 1566 5210; x_wconf 87' lang='lat' dir='ltr'><strong>enim</strong></span> <span class='ocrx_word' id='word_1_645' title='bbox 1598 5169 1908 5232; x_wconf 87' lang='lat' dir='ltr'><strong>utrumque,</strong></span> 
     </span>
    </p>
   </div>
   <div class='ocr_carea' id='block_1_89' title="bbox 337 5231 1905 5308">
    <p class='ocr_par' dir='ltr' id='par_1_89' title="bbox 337 5231 1905 5308">
     <span class='ocr_line' id='line_1_90' title="bbox 337 5231 1905 5308; baseline 0.018 -30"><span class='ocrx_word' id='word_1_646' title='bbox 337 5237 390 5278; x_wconf 88' lang='lat' dir='ltr'><strong>et</strong></span> <span class='ocrx_word' id='word_1_647' title='bbox 437 5231 654 5296; x_wconf 79' lang='lat' dir='ltr'><strong>spiritus</strong></span> <span class='ocrx_word' id='word_1_648' title='bbox 711 5236 942 5301; x_wconf 84' lang='lat' dir='ltr'><strong>scilicet,</strong></span> <span class='ocrx_word' id='word_1_649' title='bbox 1003 5249 1057 5293; x_wconf 90' lang='lat' dir='ltr'><strong>et</strong></span> <span class='ocrx_word' id='word_1_650' title='bbox 1115 5243 1440 5306; x_wconf 67' lang='lat' dir='ltr'><strong>spiraculum</strong></span> <span class='ocrx_word' id='word_1_651' title='bbox 1497 5231 1905 5308; x_wconf 86' lang='lat' dir='ltr'><strong>denominatur.</strong></span> 
     </span>
    </p>
   </div>
   <div class='ocr_carea' id='block_1_90' title="bbox 337 5313 1905 5404">
    <p class='ocr_par' dir='ltr' id='par_1_90' title="bbox 337 5313 1905 5404">
     <span class='ocr_line' id='line_1_91' title="bbox 337 5313 1905 5404; baseline 0.015 -34"><span class='ocrx_word' id='word_1_652' title='bbox 337 5313 469 5374; x_wconf 86' lang='lat' dir='ltr'><strong>Nam</strong></span> <span class='ocrx_word' id='word_1_653' title='bbox 523 5330 577 5374; x_wconf 88' lang='lat' dir='ltr'><strong>et</strong></span> <span class='ocrx_word' id='word_1_654' title='bbox 613 5338 840 5394; x_wconf 77' lang='lat' dir='ltr'><strong>magnus</strong></span> <span class='ocrx_word' id='word_1_655' title='bbox 863 5329 1220 5394; x_wconf 78' lang='lat' dir='ltr'><strong>Athanasius,</strong></span> <span class='ocrx_word' id='word_1_656' title='bbox 1264 5334 1316 5386; x_wconf 93' lang='lat' dir='ltr'><strong>in</strong></span> <span class='ocrx_word' id='word_1_657' title='bbox 1351 5336 1488 5388; x_wconf 88' lang='lat' dir='ltr'><strong>libro</strong></span> <span class='ocrx_word' id='word_1_658' title='bbox 1524 5339 1616 5404; x_wconf 91' lang='lat' dir='ltr'><strong>qui</strong></span> <span class='ocrx_word' id='word_1_659' title='bbox 1649 5339 1905 5396; x_wconf 78' lang='lat' dir='ltr'><strong>inscrihi-</strong></span> 
     </span>
    </p>
   </div>
   <div class='ocr_carea' id='block_1_91' title="bbox 339 5411 1906 5488">
    <p class='ocr_par' dir='ltr' id='par_1_91' title="bbox 339 5411 1906 5488">
     <span class='ocr_line' id='line_1_92' title="bbox 339 5411 1906 5488; baseline 0.017 -27"><span class='ocrx_word' id='word_1_660' title='bbox 339 5417 469 5467; x_wconf 88' lang='lat' dir='ltr'><strong>tur:</strong></span> <span class='ocrx_word' id='word_1_661' title='bbox 527 5411 871 5482; x_wconf 79' lang='lat' dir='ltr'><strong>Repreltensio</strong></span> <span class='ocrx_word' id='word_1_662' title='bbox 919 5421 1283 5479; x_wconf 78' lang='lat' dir='ltr'><strong>simulationis</strong></span> <span class='ocrx_word' id='word_1_663' title='bbox 1337 5424 1535 5481; x_wconf 77' lang='lat' dir='ltr'><strong>Meletii</strong></span> <span class='ocrx_word' id='word_1_664' title='bbox 1591 5420 1906 5488; x_wconf 44' lang='lat' dir='ltr'><strong>et&#39;Ii‘usebii</strong></span> 
     </span>
    </p>
   </div>
   <div class='ocr_carea' id='block_1_92' title="bbox 339 5499 1902 5592">
    <p class='ocr_par' dir='ltr' id='par_1_92' title="bbox 339 5499 1902 5592">
     <span class='ocr_line' id='line_1_93' title="bbox 339 5499 1902 5592; baseline 0.017 -39"><span class='ocrx_word' id='word_1_665' title='bbox 339 5499 475 5556; x_wconf 81' lang='lat' dir='ltr'><strong>dixit</strong></span> <span class='ocrx_word' id='word_1_666' title='bbox 505 5521 522 5556; x_wconf 90' lang='lat'><strong>:</strong></span> <span class='ocrx_word' id='word_1_667' title='bbox 561 5524 580 5556; x_wconf 70' lang='grc' dir='ltr'><em>ς</em></span> <span class='ocrx_word' id='word_1_668' title='bbox 621 5504 738 5560; x_wconf 82' lang='grc' dir='ltr'><strong>Νοιι</strong></span> <span class='ocrx_word' id='word_1_669' title='bbox 795 5512 1067 5569; x_wconf 76' lang='lat' dir='ltr'><strong>nativitati</strong></span> <span class='ocrx_word' id='word_1_670' title='bbox 1123 5518 1298 5572; x_wconf 86' lang='lat' dir='ltr'><strong>sancti</strong></span> <span class='ocrx_word' id='word_1_671' title='bbox 1341 5517 1578 5587; x_wconf 89' lang='lat' dir='ltr'><strong>Spiritus</strong></span> <span class='ocrx_word' id='word_1_672' title='bbox 1625 5528 1902 5592; x_wconf 69' lang='lat' dir='ltr'><strong>processio</strong></span> 
     </span>
    </p>
   </div>
   <div class='ocr_carea' id='block_1_93' title="bbox 339 5593 1904 5692">
    <p class='ocr_par' dir='ltr' id='par_1_93' title="bbox 339 5593 1904 5688">
     <span class='ocr_line' id='line_1_94' title="bbox 339 5593 1904 5688; baseline 0.019 -43"><span class='ocrx_word' id='word_1_673' title='bbox 339 5593 696 5663; x_wconf 76' lang='lat' dir='ltr'><strong>assimilatur,</strong></span> <span class='ocrx_word' id='word_1_674' title='bbox 742 5603 836 5656; x_wconf 88' lang='lat' dir='ltr'><strong>sed</strong></span> <span class='ocrx_word' id='word_1_675' title='bbox 862 5605 1133 5674; x_wconf 86' lang='lat' dir='ltr'><strong>spiraeulo</strong></span> <span class='ocrx_word' id='word_1_676' title='bbox 1155 5651 1168 5673; x_wconf 94' lang='lat'><strong>,</strong></span> <span class='ocrx_word' id='word_1_677' title='bbox 1206 5613 1348 5682; x_wconf 85' lang='lat' dir='ltr'><strong>quod</strong></span> <span class='ocrx_word' id='word_1_678' title='bbox 1383 5613 1714 5682; x_wconf 81' lang='lat' dir='ltr'><strong>spi:aculum</strong></span> <span class='ocrx_word' id='word_1_679' title='bbox 1745 5621 1904 5688; x_wconf 90' lang='lat' dir='ltr'><strong>quasi</strong></span> 
     </span>
    </p>
   </div>
   <div class='ocr_carea' id='block_1_94' title="bbox 448 5779 928 5849">
    <p class='ocr_par' dir='ltr' id='par_1_94' title="bbox 448 5779 928 5849">
     <span class='ocr_line' id='line_1_95' title="bbox 448 5779 928 5849; baseline 0.015 -17"><span class='ocrx_word' id='word_1_680' title='bbox 448 5784 474 5812; x_wconf 83' lang='lat'><strong>’</strong></span> <span class='ocrx_word' id='word_1_681' title='bbox 517 5779 612 5835; x_wconf 72' lang='lat' dir='ltr'><strong>Joh</strong></span> <span class='ocrx_word' id='word_1_682' title='bbox 642 5799 840 5849; x_wconf 71' lang='lat' dir='ltr'><strong>xxxiii,</strong></span> <span class='ocrx_word' id='word_1_683' title='bbox 885 5787 928 5839; x_wconf 67' lang='grc' dir='ltr'><strong>ί.</strong></span> 
     </span>
    </p>
   </div>
   <div class='ocr_carea' id='block_1_95' title="bbox 2020 5072 3586 5154">
    <p class='ocr_par' dir='ltr' id='par_1_95' title="bbox 2020 5072 3586 5154">
     <span class='ocr_line' id='line_1_96' title="bbox 2020 5072 3586 5154; baseline 0.008 -29"><span class='ocrx_word' id='word_1_684' title='bbox 2020 5072 2098 5126; x_wconf 83' lang='lat' dir='ltr'><strong>De</strong></span> <span class='ocrx_word' id='word_1_685' title='bbox 2133 5073 2337 5138; x_wconf 84' lang='lat' dir='ltr'><strong>Spiritu</strong></span> <span class='ocrx_word' id='word_1_686' title='bbox 2363 5088 2591 5131; x_wconf 73' lang='lat' dir='ltr'><strong>sancto:</strong></span> <span class='ocrx_word' id='word_1_687' title='bbox 2633 5097 2651 5130; x_wconf 74' lang='grc' dir='ltr'><strong>ε</strong></span> <span class='ocrx_word' id='word_1_688' title='bbox 2693 5077 2928 5147; x_wconf 91' lang='lat' dir='ltr'><strong>Spiritus</strong></span> <span class='ocrx_word' id='word_1_689' title='bbox 2952 5081 3074 5145; x_wconf 87' lang='lat' dir='ltr'><strong>iste,</strong></span> <span class='ocrx_word' id='word_1_690' title='bbox 3111 5083 3306 5154; x_wconf 89' lang='lat' dir='ltr'><strong>inquit,</strong></span> <span class='ocrx_word' id='word_1_691' title='bbox 3340 5092 3586 5154; x_wconf 84' lang='lat' dir='ltr'><strong>spiracu-</strong></span> 
     </span>
    </p>
   </div>
   <div class='ocr_carea' id='block_1_96' title="bbox 2016 5163 3579 5242">
    <p class='ocr_par' dir='ltr' id='par_1_96' title="bbox 2016 5163 3579 5242">
     <span class='ocr_line' id='line_1_97' title="bbox 2016 5163 3579 5242; baseline 0.006 -26"><span class='ocrx_word' id='word_1_692' title='bbox 2016 5163 2127 5218; x_wconf 90' lang='lat' dir='ltr'><strong>lum</strong></span> <span class='ocrx_word' id='word_1_693' title='bbox 2158 5163 2281 5219; x_wconf 88' lang='lat' dir='ltr'><strong>Filii</strong></span> <span class='ocrx_word' id='word_1_694' title='bbox 2317 5176 2420 5221; x_wconf 77' lang='grc' dir='ltr'><strong>εει.</strong></span> <span class='ocrx_word' id='word_1_695' title='bbox 2456 5185 2473 5217; x_wconf 77' lang='grc' dir='ltr'><strong>ι</strong></span> <span class='ocrx_word' id='word_1_696' title='bbox 2514 5167 2569 5222; x_wconf 87' lang='lat' dir='ltr'><strong>Si</strong></span> <span class='ocrx_word' id='word_1_697' title='bbox 2604 5170 2767 5239; x_wconf 77' lang='lat' dir='ltr'><strong>igitur</strong></span> <span class='ocrx_word' id='word_1_698' title='bbox 2798 5169 3034 5240; x_wconf 88' lang='lat' dir='ltr'><strong>Spiritus</strong></span> <span class='ocrx_word' id='word_1_699' title='bbox 3068 5175 3289 5242; x_wconf 88' lang='lat' dir='ltr'><strong>quidem</strong></span> <span class='ocrx_word' id='word_1_700' title='bbox 3331 5176 3452 5229; x_wconf 80' lang='lat' dir='ltr'><strong>Filii</strong></span> <span class='ocrx_word' id='word_1_701' title='bbox 3475 5186 3579 5236; x_wconf 84' lang='lat' dir='ltr'><strong>est,</strong></span> 
     </span>
    </p>
   </div>
   <div class='ocr_carea' id='block_1_97' title="bbox 2016 5259 3584 5333">
    <p class='ocr_par' dir='ltr' id='par_1_97' title="bbox 2016 5259 3584 5333">
     <span class='ocr_line' id='line_1_98' title="bbox 2016 5259 3584 5333; baseline 0.002 -20"><span class='ocrx_word' id='word_1_702' title='bbox 2016 5268 2066 5313; x_wconf 90' lang='lat' dir='ltr'><strong>ct</strong></span> <span class='ocrx_word' id='word_1_703' title='bbox 2101 5259 2300 5314; x_wconf 90' lang='lat' dir='ltr'><strong>dicitur</strong></span> <span class='ocrx_word' id='word_1_704' title='bbox 2323 5259 2557 5329; x_wconf 84' lang='lat' dir='ltr'><strong>Spiritus</strong></span> <span class='ocrx_word' id='word_1_705' title='bbox 2581 5302 2594 5326; x_wconf 89' lang='lat'><strong>,</strong></span> <span class='ocrx_word' id='word_1_706' title='bbox 2619 5263 2986 5332; x_wconf 45' lang='lat' dir='ltr'><strong>gspiraculum</strong></span> <span class='ocrx_word' id='word_1_707' title='bbox 3021 5277 3229 5331; x_wconf 85' lang='lat' dir='ltr'><strong>autem,</strong></span> <span class='ocrx_word' id='word_1_708' title='bbox 3259 5277 3313 5319; x_wconf 91' lang='lat' dir='ltr'><strong>et</strong></span> <span class='ocrx_word' id='word_1_709' title='bbox 3347 5265 3584 5333; x_wconf 89' lang='lat' dir='ltr'><strong>Spiritus</strong></span> 
     </span>
    </p>
   </div>
   <div class='ocr_carea' id='block_1_98' title="bbox 2017 5352 3584 5422">
    <p class='ocr_par' dir='ltr' id='par_1_98' title="bbox 2017 5352 3584 5422">
     <span class='ocr_line' id='line_1_99' title="bbox 2017 5352 3584 5422; baseline -0.001 -19"><span class='ocrx_word' id='word_1_710' title='bbox 2017 5352 2158 5405; x_wconf 88' lang='lat' dir='ltr'><strong>idem</strong></span> <span class='ocrx_word' id='word_1_711' title='bbox 2192 5359 2297 5417; x_wconf 85' lang='lat' dir='ltr'><strong>est;</strong></span> <span class='ocrx_word' id='word_1_712' title='bbox 2338 5352 2675 5421; x_wconf 91' lang='lat' dir='ltr'><strong>spiraculum</strong></span> <span class='ocrx_word' id='word_1_713' title='bbox 2732 5369 2859 5407; x_wconf 84' lang='lat' dir='ltr'><strong>vere</strong></span> <span class='ocrx_word' id='word_1_714' title='bbox 2895 5355 3157 5422; x_wconf 90' lang='lat' dir='ltr'><strong>spirantis</strong></span> <span class='ocrx_word' id='word_1_715' title='bbox 3188 5365 3301 5417; x_wconf 87' lang='lat' dir='ltr'><strong>est;</strong></span> <span class='ocrx_word' id='word_1_716' title='bbox 3352 5352 3584 5406; x_wconf 77' lang='lat' dir='ltr'><strong>manife-</strong></span> 
     </span>
    </p>
   </div>
   <div class='ocr_carea' id='block_1_99' title="bbox 2014 5438 3573 5508">
    <p class='ocr_par' dir='ltr' id='par_1_99' title="bbox 2014 5438 3573 5508">
     <span class='ocr_line' id='line_1_100' title="bbox 2014 5438 3573 5508; baseline -0.002 -16"><span class='ocrx_word' id='word_1_717' title='bbox 2014 5451 2156 5495; x_wconf 79' lang='lat' dir='ltr'><strong>stum</strong></span> <span class='ocrx_word' id='word_1_718' title='bbox 2206 5450 2310 5506; x_wconf 88' lang='lat' dir='ltr'><strong>est,</strong></span> <span class='ocrx_word' id='word_1_719' title='bbox 2340 5441 2600 5508; x_wconf 89' lang='lat' dir='ltr'><strong>Spiritum</strong></span> <span class='ocrx_word' id='word_1_720' title='bbox 2635 5451 2883 5498; x_wconf 87' lang='lat' dir='ltr'><strong>sanctum</strong></span> <span class='ocrx_word' id='word_1_721' title='bbox 2937 5445 3001 5494; x_wconf 31' lang='lat' dir='ltr'><strong>a‘l</strong></span> <span class='ocrx_word' id='word_1_722' title='bbox 3037 5441 3258 5501; x_wconf 85' lang='lat' dir='ltr'><strong>Filium,</strong></span> <span class='ocrx_word' id='word_1_723' title='bbox 3310 5440 3467 5506; x_wconf 87' lang='lat' dir='ltr'><strong>quasi</strong></span> <span class='ocrx_word' id='word_1_724' title='bbox 3507 5438 3573 5489; x_wconf 89' lang='lat' dir='ltr'><strong>ad</strong></span> 
     </span>
    </p>
   </div>
   <div class='ocr_carea' id='block_1_100' title="bbox 2012 5523 3575 5596">
    <p class='ocr_par' dir='ltr' id='par_1_100' title="bbox 2012 5523 3575 5596">
     <span class='ocr_line' id='line_1_101' title="bbox 2012 5523 3575 5596; baseline -0.004 -17"><span class='ocrx_word' id='word_1_725' title='bbox 2012 5529 2366 5596; x_wconf 89' lang='lat' dir='ltr'><strong>inspirantem</strong></span> <span class='ocrx_word' id='word_1_726' title='bbox 2406 5529 2617 5582; x_wconf 76' lang='lat' dir='ltr'><strong>referri.</strong></span> <span class='ocrx_word' id='word_1_727' title='bbox 2649 5527 2780 5580; x_wconf 86' lang='lat' dir='ltr'><strong>Nam</strong></span> <span class='ocrx_word' id='word_1_728' title='bbox 2808 5528 2852 5578; x_wconf 91' lang='lat' dir='ltr'><strong>si</strong></span> <span class='ocrx_word' id='word_1_729' title='bbox 2889 5524 3222 5592; x_wconf 88' lang='lat' dir='ltr'><strong>spiraculum</strong></span> <span class='ocrx_word' id='word_1_730' title='bbox 3248 5523 3420 5589; x_wconf 82' lang='lat' dir='ltr'><strong>ipsius</strong></span> <span class='ocrx_word' id='word_1_731' title='bbox 3448 5529 3532 5576; x_wconf 86' lang='lat' dir='ltr'><strong>est</strong></span> <span class='ocrx_word' id='word_1_732' title='bbox 3558 5557 3575 5583; x_wconf 91' lang='lat'><strong>,</strong></span> 
     </span>
    </p>
   </div>
   <div class='ocr_carea' id='block_1_101' title="bbox 2015 5611 3580 5688">
    <p class='ocr_par' dir='ltr' id='par_1_101' title="bbox 2015 5611 3580 5688">
     <span class='ocr_line' id='line_1_102' title="bbox 2015 5611 3580 5688; baseline -0.011 -11"><span class='ocrx_word' id='word_1_733' title='bbox 2015 5627 2250 5685; x_wconf 87' lang='lat' dir='ltr'><strong>constat,</strong></span> <span class='ocrx_word' id='word_1_734' title='bbox 2289 5619 2414 5688; x_wconf 90' lang='lat' dir='ltr'><strong>quia</strong></span> <span class='ocrx_word' id='word_1_735' title='bbox 2451 5617 2519 5671; x_wconf 86' lang='lat' dir='ltr'><strong>ab</strong></span> <span class='ocrx_word' id='word_1_736' title='bbox 2555 5632 2621 5672; x_wconf 89' lang='lat' dir='ltr'><strong>eo</strong></span> <span class='ocrx_word' id='word_1_737' title='bbox 2657 5615 2981 5683; x_wconf 88' lang='lat' dir='ltr'><strong>inspiratur,</strong></span> <span class='ocrx_word' id='word_1_738' title='bbox 3019 5613 3244 5678; x_wconf 83' lang='lat' dir='ltr'><strong>ipseque</strong></span> <span class='ocrx_word' id='word_1_739' title='bbox 3297 5611 3580 5682; x_wconf 77' lang='lat' dir='ltr'><strong>inspirans</strong></span> 
     </span>
    </p>
   </div>
  </div>
