4144 6296
549 343 620 406 63
1806 349 2119 413 MANUEL

2238 355 2549 419 CALECE
3750 377 3834 438 Ιί4

549 464 654 508 est.
697 453 1044 524 Spiraculum
1096 453 1317 526 quippe,
1364 464 1424 512 ιιι
1467 456 1738 533 diximus,
1782 475 1812 516 a
1863 463 2346 532 spirandersse
2403 469 2608 525 audiet.
2669 473 2788 540 lpsa
2847 473 3010 544 igitur
3067 491 3297 545 persona
3361 478 3620 549 Spiritus,
3692 489 3831 542 sive

552 544 961 600 denominatum
992 555 1096 602 est.

622 635 887 702 Quoniam
920 652 1046 692 vero
1097 639 1428 708 spiraculum
1480 644 1570 699 Dei
1631 645 1834 701 dicitur
1884 646 2124 716 Spiritus

553 735 798 790 sanctus.
854 744 993 784 unus
1041 742 1221 786 autem
1277 733 1417 789 Deus
1465 747 1549 791 est
1597 737 1756 792 Pater
1818 747 1872 794 et
1907 737 2119 806 Filius;

551 819 750 888 quippe
780 819 906 873 dum
941 837 1048 876 una
1072 826 1310 879 essentia
1347 826 1440 892 sit,
1466 838 1679 883 servata
1715 831 1892 884 solum
1929 847 2120 902 perso-

553 909 660 963 nali
690 909 1019 978 differentia,
1055 929 1161 983 qua
1194 916 1336 970 alius
1369 919 1564 987 gignit,
1602 929 1655 973 et
1687 920 1830 976 alius
1857 923 2120 994 gignitur,

553 1010 809 1070 totusque
840 1019 906 1058 ex
930 1013 1044 1059 toto
1075 1005 1316 1074 Spiritus
1350 1019 1574 1063 sanctus
1603 1012 1872 1067 asseritur
1899 1030 1914 1068 :
1943 1030 2123 1086 neque

551 1093 699 1148 aliud
749 1103 836 1150 est
887 1102 1035 1151 totus
1080 1095 1264 1162 Pater,
1304 1098 1452 1154 aliud
1502 1110 1650 1157 totus
1696 1103 1890 1170 Filius,
1946 1122 2123 1179 neque

549 1183 856 1250 dissonum,
902 1194 1118 1241 constat
1151 1189 1280 1256 quia
1328 1191 1486 1245 Pater
1549 1203 1604 1248 et
1649 1193 1823 1252 Filius
1853 1213 1996 1254 unus
2040 1209 2125 1255 est

552 1277 767 1344 spirans
797 1287 1048 1332 sanctum
1075 1277 1366 1348 Spiritum,
1399 1297 1634 1352 quorum
1669 1287 1760 1341 ille
1783 1289 2120 1358 spiraculum

551 1375 656 1422 est.
694 1364 848 1422 Unde
873 1376 928 1423 et
957 1372 1257 1439 productor
1299 1387 1398 1442 per
1433 1374 1669 1431 Verbum
1705 1379 1889 1435 dictus
1921 1391 2027 1437 est.

624 1456 861 1512 Sanctus
907 1474 1126 1530 quoque
1174 1461 1514 1532 Epiphanius
1562 1466 1616 1521 in
1669 1483 1734 1523 eo
1767 1469 1926 1536 libro,
1959 1486 2122 1541 quem

553 1545 831 1615 inscripsit
865 1547 1160 1603 Anc/teram
1194 1548 1586 1625 [Aucoratum],
1641 1557 1720 1612 sic
1769 1558 1843 1612 ait
1877 1575 1892 1612 :
1920 1577 1937 1610 ι
1965 1559 2125 1616 Pater

551 1645 669 1691 erat
713 1643 968 1709 semper,J
1003 1648 1055 1696 et
1108 1639 1278 1697 Filius
1336 1653 1457 1698 erat
1504 1660 1745 1716 semper,
1782 1659 1838 1705 et
1886 1650 2124 1718 Spiritus

531 1736 778 1782 ‘sancms
831 1744 1043 1799 semper
1076 1746 1141 1786 ex
1178 1730 1336 1788 Patre
1373 1735 1542 1804 spirat
1593 1746 1647 1792 et
1673 1737 1833 1796 Filio.
1865 1759 1882 1793 ι
1923 1743 2120 1798 Verum

551 1821 852 1890 enimvero,
885 1833 945 1878 ut
979 1840 1226 1896 germen,
1254 1837 1308 1883 et
1339 1827 1510 1888 Filius
1542 1831 1684 1887 idem
1716 1844 1822 1902 est,
1851 1847 1906 1892 et
1942 1837 2116 1909 Spiri-
2153 1807 2195 1862 Β

552 1924 658 1983 tus,
692 1924 748 1970 et
793 1918 940 1988 quod
983 1919 1239 1989 spiratur.
1290 1924 1456 1996 Atqui
1504 1926 1800 1994 productor
1835 1943 1931 1998 per
1965 1945 2023 1986 se
2053 1931 2120 1988 ad

549 2011 878 2076 productum
913 2013 1152 2079 dicitur;
1186 2030 1320 2087 ergo
1363 2025 1419 2072 et
1451 2017 1520 2072 ad
1571 2015 1836 2088 Spiritum
1880 2020 2117 2078 dicetur.

550 2104 758 2172 Itaque,
807 2104 970 2174 cujus
1004 2115 1087 2160 est
1119 2105 1358 2175 Spiritus
1390 2117 1445 2162 et
1497 2109 1568 2162 ab
1601 2126 1666 2165 eo
1710 2112 2036 2182 inspiratur,
2067 2122 2121 2170 et

548 2194 615 2245 ad
646 2195 798 2247 illum
843 2194 1076 2251 relative
1107 2197 1327 2252 dicitur.
1362 2197 1442 2253 Ex
1479 2200 1676 2268 quibus
1713 2203 1841 2258 item
1877 2215 2117 2272 constat,

552 2285 812 2352 quoniam
871 2285 1113 2355 Spiritus
1163 2288 1390 2344 relative
1445 2287 1564 2345 Filii
1625 2291 1864 2361 Spiritus
1896 2295 2124 2351 dicitur.

547 2376 817 2441 Quocirca
853 2387 906 2433 et
933 2378 1038 2432 hoc
1068 2379 1134 2433 ad
1169 2379 1558 2436 insinuandam
1590 2383 1709 2453 ejus
1752 2387 2115 2442 substantiam

548 2469 817 2537 suilicere,
864 2484 1096 2538 magnus
1149 2470 1328 2541 inquit
1380 2471 1636 2528 Basilius.
1679 2473 1796 2531 Nisi
1841 2477 1990 2532 enim
2044 2479 2116 2534 ita

549 2571 717 2627 esset,
742 2577 862 2616 eum
894 2562 1164 2632 Spiritum
1192 2563 1452 2631 dicimus,
1480 2565 1532 2621 in
1575 2582 1736 2623 unam
1772 2579 1974 2625 sanctae
1998 2569 2122 2628 Tri-

550 2653 741 2708 nitatis
775 2670 1068 2725 personam
1119 2657 1380 2726 cogitatio
1407 2673 1517 2714 non
1567 2672 1895 2731 recurreret,
1929 2666 2019 2720 sed
2060 2666 2116 2722 in

549 2761 720 2801 unum
754 2747 942 2802 Deum.
980 2745 1046 2804 Et
1080 2747 1222 2805 Deus
1248 2751 1394 2806 enim
1433 2751 1683 2808 absolute
1712 2753 1950 2825 Spiritus
1979 2759 2116 2816 dici-

549 2852 655 2908 tur,
688 2848 851 2912 atque
891 2843 963 2899 ita
1011 2858 1186 2915 neque
1229 2844 1474 2902 Trinitas
1523 2858 1674 2904 esset
1739 2848 1905 2917 Deus,
1942 2868 2117 2924 neque

547 2951 648 2989 nos
679 2938 916 3006 propriis
963 2952 1084 2990 eam
1132 2937 1446 2993 nominibus
1487 2941 1898 3004 confiteremur,
1940 2959 2114 3013 neque

548 3027 602 3081 in
634 3028 1020 3095 cogitationem
1059 3027 1223 3083 trium
1252 3043 1613 3100 personarum
1645 3029 2064 3088 addueeremur.

617 3139 922 3193 Attestatur
951 3147 1135 3194 autem
1185 3141 1270 3196 his
1305 3151 1361 3197 et
1394 3153 1617 3199 sanctus
1672 3145 2012 3212 Augustinus
2057 3146 2110 3199 in
2142 3130 2184 3189 (ἶ

547 3230 684 3285 libro
710 3246 740 3284 v
772 3229 848 3284 De
897 3229 1188 3298 Trinitate,
1245 3232 1322 3288 ita
1377 3233 1568 3290 dicens
1602 3249 1616 3288 :
1659 3253 1678 3288 ι
1715 3235 1950 3304 Spiritus
1983 3250 2112 3290 vero

545 3329 770 3377 sanctus
790 3320 1090 3375 secundum
1119 3321 1194 3384 id,
1226 3321 1375 3390 quod
1399 3321 1668 3392 scriptum
1695 3333 1815 3389 est,
1848 3323 2111 3394 quoniam

550 3410 690 3466 Deus
715 3410 951 3482 Spiritus
980 3421 1086 3470 est.
1111 3420 1289 3481 potest
1321 3411 1542 3483 quidem
1578 3413 1960 3471 universaliter
1983 3415 2113 3480 dici,

546 3503 676 3570 quia
738 3513 790 3558 et
827 3501 985 3558 Pater
1013 3502 1277 3572 Spiritus,
1327 3511 1384 3558 et
1417 3502 1588 3560 Filius
1630 3505 1891 3576 Spiritus.
1926 3505 2116 3576 Itaque

545 3603 598 3648 et
653 3593 812 3649 Pater
855 3601 1105 3661 sanctus,
1158 3602 1213 3650 et
1263 3593 1440 3653 Filius
1483 3607 1731 3662 sanctus,
1780 3606 1836 3653 et
1878 3599 2116 3670 Spiritus

545 3670 792 3750 sanctus,
846 3688 1109 3757 quoniam
1164 3703 1309 3744 unus
1367 3687 1568 3746 Deus:
1625 3697 1680 3746 et
1726 3691 1914 3766 utique
1969 3691 2113 3750 Deus

543 3789 772 3837 sanctus
801 3789 904 3847 est,
938 3790 994 3836 et
1036 3779 1179 3838 Deus
1215 3782 1458 3851 Spiritus
1489 3791 1593 3850 est,
1639 3793 1693 3836 et
1727 3792 1908 3852 potest
1937 3785 2118 3853 appel-

545 3873 648 3928 lari
677 3873 941 3940 Trinitas,
989 3882 1039 3929 et
1075 3873 1314 3944 Spiritus
1351 3881 1601 3930 sanctus.
1654 3873 1761 3928 Sed
1798 3881 1980 3930 tamen
2026 3875 2116 3930 ille

547 3965 786 4034 Spiritus
810 3974 1033 4020 sanctus
1065 3965 1159 4035 qui
1197 3979 1306 4020 non
1342 3963 1606 4029 Trinitas,
1635 3965 1728 4020 sed
1765 3965 1820 4020 iu
1849 3965 2115 4023 Trinitate

546 4058 887 4128 intelligitur.
943 4057 996 4125 in
1051 4072 1138 4122 eo,
1191 4058 1335 4125 quod
1374 4056 1594 4126 proprie
1643 4056 1842 4112 dicitur
1876 4056 2114 4126 Spiritus

545 4156 791 4210 sanctus,
846 4145 1070 4199 relative
1123 4145 1344 4208 dicitur,
1408 4161 1532 4200 cum
1581 4145 1648 4201 ad
1696 4145 1911 4201 Patrem
1963 4156 2016 4201 et
2045 4148 2112 4202 ad

544 4238 742 4293 Filium
791 4237 1055 4303 refertur;
1109 4238 1237 4307 quia
1288 4234 1526 4306 Spiritus
1577 4246 1822 4308 sanctus,
1854 4247 1910 4294 et
1938 4237 2114 4295 Patris

544 4341 599 4386 et
621 4329 746 4384 Filii
779 4329 1017 4399 Spiritus
1044 4339 1150 4384 est.
1187 4347 1206 4380 ι

2223 559 2575 626 productum,
2616 557 2751 620 ’sive
2809 565 3059 635 spiritus,
3119 569 3235 624 sive
3289 573 3614 640 procedens,
3688 577 3831 632 sive

2223 649 2433 718 aliquid
2489 652 2637 708 aliud
2707 655 2942 722 dicatur,
2995 657 3283 714 Trinitatis
3341 663 3503 717 tertia
3557 680 3827 730 persona

2222 740 2396 798 Patris
2421 753 2467 797 et
2503 742 2624 798 Filii
2651 761 2771 802 esse
2795 747 3016 811 dicitur,
3053 760 3107 805 et
3135 751 3200 807 ad
3233 752 3448 808 Patrem
3508 767 3560 810 et
3590 757 3822 814 Filium

2223 831 2473 887 refertur.
2526 833 2584 888 In
2638 835 2839 891 divinis
2893 847 3075 893 autem
3134 845 3420 912 personis,
3479 849 3623 916 quod
3679 865 3829 905 esse

2223 925 2455 995 alicujus
2483 927 2707 1001 dicitur,
2736 942 2824 982 aut
2855 946 2922 1000 ex
2958 931 3050 984 illo
3079 943 3183 998 est,
3213 945 3306 989 aut
3341 952 3505 1006 causa
3535 949 3621 994 est
3651 943 3821 1010 ejus,

2221 1015 2381 1086 cujus
2409 1033 2533 1074 esse
2578 1019 2800 1074 dicitur.
2837 1019 2992 1075 Nulla
3027 1023 3173 1078 enim
3209 1025 3312 1080 alia
3345 1028 3456 1083 illic
3484 1031 3823 1089 diﬂ‘erentia

2222 1116 2326 1169 est,
2385 1116 2584 1176 prater
2653 1111 2971 1167 relationem
3013 1129 3154 1182 [quae
3219 1119 3517 1173 secundum
3569 1137 3822 1178 causam

2221 1197 2439 1253 causale
2508 1207 2610 1254 est.
2692 1201 2868 1256 Aliter
2943 1204 3089 1259 enim
3162 1219 3269 1260 non
3340 1217 3485 1263 esset
3552 1211 3826 1270 Trinitas

2222 1287 2389 1342 Deus.

2291 1403 2446 1468 Quod
2491 1413 2674 1459 autem
2717 1421 2748 1460 a
2792 1409 3121 1477 quibusdam
3171 1413 3429 1474 infertur.
3459 1423 3518 1470 ut
3562 1416 3767 1473 dicant
3805 1437 3824 1475 :

2229 1512 2248 1545 ‹
2286 1493 2423 1558 Quia
2475 1503 2530 1549 et
2574 1495 2743 1565 janua
2801 1500 3000 1557 domus
3050 1504 3272 1568 dicitur,
3323 1517 3377 1560 et
3431 1507 3603 1574 Deus,
3651 1509 3822 1566 Dens

2224 1596 2431 1653 noster,
2465 1588 2558 1643 sed
2607 1605 2782 1659 neque
2807 1592 2976 1662 janua
3004 1610 3066 1649 ex
3101 1596 3287 1664 domo,
3323 1616 3502 1670 neque
3540 1617 3601 1656 ex
3637 1605 3820 1660 nobis

2224 1678 2388 1746 Deus,
2417 1681 2632 1748 penitus
2660 1683 2958 1739 absurdum
3000 1699 3052 1740 et
3083 1687 3292 1744 fmdum
3341 1701 3446 1746 est.
3488 1712 3504 1743 ι
3551 1693 3814 1749 Primum

2223 1773 2367 1827 enim
2415 1775 2467 1829 in
2511 1775 2714 1832 divinis
2765 1781 3014 1845 personis
3057 1781 3232 1835 solum
3293 1783 3531 1854 dignitas
3581 1789 3805 1842 servari

2227 1863 2450 1929 dicitur,
2493 1876 2573 1932 ut,
2619 1867 2766 1937 quod
2809 1869 3038 1939 alicujus
3079 1871 3299 1940 dicitur,
3347 1883 3442 1928 aut
3477 1890 3540 1930 ex
3575 1877 3667 1931 illo
3698 1879 3810 1943 sit,

2227 1965 2320 2012 aut
2359 1973 2526 2012 causa
2572 1959 2692 2030 ejus
2741 1975 2886 2027 esse,
2933 1963 3091 2032 cujus
3136 1964 3354 2028 dicitur,
3410 1966 3749 2038 intelligatur
3787 1989 3805 2026 :

2225 2051 2670 2120 quandoquidem
2709 2052 2819 2107 illic
2855 2055 3000 2108 nulla
3032 2063 3113 2110 est
3141 2058 3245 2109 alia
3267 2056 3588 2112 tliﬂ‘ercntia.
3611 2058 3810 2130 Neque

2223 2143 2367 2193 enim
2403 2151 2461 2195 ut
2509 2143 2836 2207 membrum,
2876 2153 2969 2199 aut
3001 2161 3150 2214 pars,
3203 2159 3294 2202 aut
3346 2149 3803 2221 instrumentum,

2223 2243 2313 2283 ant
2349 2233 2649 2299 possessio,
2681 2243 2776 2288 aut
2807 2238 3224 2304 quomodolibet
3255 2241 3433 2302 aliter.
3465 2255 3519 2297 ut
3549 2243 3605 2296 in
3636 2259 3803 2300 crea-

2224 2321 2363 2378 turis
2410 2323 2489 2385 nt,
2529 2325 2630 2378 hoc
2667 2325 2832 2394 hujus
2865 2327 3088 2382 dicitur.
3123 2331 3324 2386 Deinde
3349 2333 3547 2388 dicitur
3570 2337 3798 2408 quidem

2226 2412 2390 2476 Deus,
2434 2415 2575 2470 Deus
2629 2416 2924 2486 Abraham,
2956 2429 3010 2475 et
3061 2420 3237 2486 Isaac,
3273 2435 3328 2480 et
3376 2427 3643 2496 omnium,
3695 2431 3797 2484 sed

2217 2505 2486 2576 justorum
2532 2508 2772 2577 quidem,
2812 2520 2870 2564 ut
2925 2516 3134 2569 mansio
3195 2526 3247 2573 et
3291 2534 3432 2572 sors.
3489 2519 3795 2580 [hereditas

2220 2598 2364 2653 enim
2426 2610 2743 2656 sanctorum
2815 2603 2955 2660 Deus
3009 2616 3126 2672 est;
3190 2620 3568 2665 creaturarum
3633 2629 3787 2679 vero,

2220 2696 2656 2762 ceterorumque
2690 2693 3038 2764 simpliciter,
3068 2709 3124 2752 ut
3149 2711 3386 2767 creator,
3414 2708 3468 2754 et
3501 2701 3788 2772 Dominus,

2222 2795 2562 2852 suorumque
2587 2784 2988 2854 providentiam
3019 2804 3230 2856 gerens.

2285 2893 2365 2949 Ex
2393 2911 2503 2965 quo
2531 2893 2725 2967 liquet,
2758 2913 2826 2953 ne
2859 2900 2912 2953 in
2944 2899 3049 2957 hoc
3074 2903 3294 2972 quidem
3327 2903 3514 2956 deesse
3537 2903 3785 2958 ordinem

2215 2991 2518 3043 secundum
2552 3006 2612 3044 ea
2637 3007 2759 3059 quae
2788 2994 3047 3048 dicuntur
3067 2995 3150 3048 Ad
3171 2993 3400 3081 aliquid.
3427 2991 3786 3052 Animadver-

2220 3077 2358 3135 titur.
2398 3078 2444 3134 is
2483 3080 2621 3135 ordo
2656 3084 2959 3139 secundum
3005 3086 3061 3140 id
3107 3077 3267 3154 quod
3300 3083 3509 3156 perﬁcit
3541 3094 3594 3142 et
3636 3091 3778 3158 quod

2219 3171 2520 3239 perﬁcitur,
2551 3173 2811 3242 quodque
2845 3175 2985 3242 regit
3014 3185 3070 3230 et
3100 3179 3244 3245 quod
3276 3179 3499 3249 regitur.
3549 3181 3782 3252 Ideoque

2218 3273 2392 3330 neque
2423 3261 2667 3330 Spiritus
2697 3263 2996 3320 secundum
3029 3269 3370 3336 personalem
3401 3271 3780 3341 proprietatem

2216 3365 2397 3420 suam,
2451 3355 2716 3410 creaturae
2785 3354 3020 3424 Spiritus
3068 3359 3286 3436 dicitur,
3338 3362 3430 3418 sed
3483 3365 3780 3419 secundum

2216 3444 2360 3512 quod
2412 3443 2555 3500 Deus
2591 3463 2732 3503 unus
2767 3458 2850 3504 εει
2893 3464 3016 3504 cum
3053 3450 3213 3507 Patre
3243 3462 3297 3509 et
3343 3453 3505 3520 Filio,
3532 3455 3780 3510 sanctiﬁ-

2215 3545 2371 3598 cans,
2427 3544 2594 3611 atque
2647 3536 2959 3606 inSpirans,
3004 3549 3098 3595 aut
3148 3541 3309 3597 aliter
3354 3560 3448 3600 eos
3493 3545 3585 3614 qui
3635 3547 3782 3618 digni

2216 3634 2362 3692 sunt,
2393 3626 2644 3684 meliores
2678 3627 2936 3694 eﬂiciens,
2963 3641 3128 3702 atque
3158 3648 3254 3690 eos
3282 3635 3532 3692 visitans.

2286 3737 2576 3807 Praeterea,
2631 3743 2892 3812 quoniam
2945 3746 3241 3814 productor
3290 3764 3414 3803 cum
3471 3749 3543 3804 sit
3591 3764 3780 3804 eorum

2214 3845 2335 3896 qua:
2387 3833 2471 3883 Ad
2527 3834 2732 3902 aliquid
2783 3835 3067 3900 dicuntur,
3113 3839 3180 3893 ad
3237 3841 3525 3910 solumque
3572 3843 3784 3898 dicatur

2217 3919 2503 3988 Spiritum,
2565 3931 2783 3976 constat
2811 3933 2866 3977 et
2898 3923 3161 3994 Spiritum
3190 3942 3255 3981 ex
3291 3930 3378 3983 his
3413 3946 3534 3998 quae
3563 3932 3640 3984 Ad
3678 3931 3783 3984 ali-

2213 4014 2338 4081 quid
2368 4011 2629 4066 dicuntur
2669 4027 2813 4078 esse,
2846 4025 3009 4083 atque
3051 4016 3118 4070 ad
3153 4018 3328 4072 solum
3359 4021 3551 4075 referri
3585 4025 3786 4092 produ-

2216 4112 2443 4157 ctorem.
2496 4102 2633 4157 Nam
2671 4104 2716 4159 si
2771 4105 2925 4172 quid,
2968 4107 3271 4161 secundum
3329 4111 3477 4180 quod
3517 4113 3781 4182 ejusmodi

2214 4201 2320 4259 est,
2354 4192 2420 4246 ad
2453 4192 2598 4246 aliud
2635 4194 2838 4263 aliquid
2870 4195 3092 4278 dicitur,
3130 4209 3365 4269 constat,
3397 4204 3525 4270 quia
3559 4215 3614 4258 et
3654 4205 3782 4259 illud

2214 4283 2280 4338 ad
2312 4287 2570 4352 primum,
2591 4287 2751 4355 quasi
2780 4287 2844 4340 ad
2870 4287 3075 4357 aliquid
3101 4288 3322 4346 dicitur.
3346 4291 3402 4347 Si
3429 4294 3572 4347 enim
3597 4294 3781 4358 homo,

2216 4379 2516 4433 secundum
2543 4380 2688 4448 quod
2728 4379 3014 4448 Dominus,
3057 4381 3122 4434 ad
3171 4382 3338 4436 alium
3381 4383 3616 4453 aliquem
3645 4385 3783 4438 diei-

614 4443 927 4512 Theologus
973 4443 1099 4496 item
1151 4441 1446 4513 Gregorius
1492 4443 1566 4499 ait
1611 4461 1625 4498 :
1668 4463 1688 4498 ί
1727 4443 2106 4504 Emanationis

2218 4481 2317 4533 tur,
2342 4479 2396 4524 et
2423 4471 2514 4525 ille
2544 4479 2605 4524 ut
2632 4485 2824 4525 servus
2851 4470 2920 4524 ad
2952 4486 3077 4524 eutn
3111 4471 3399 4534 referetur,
3421 4476 3566 4542 quod
3593 4492 3784 4530 servus

545 4536 611 4591 ad
658 4535 981 4590 alterutrum
1021 4534 1238 4591 habitus
1279 4534 1690 4602 diﬂ'erentiam;
1747 4536 2109 4593 differentiam

542 4627 704 4683 etiam
735 4626 952 4681 illorum
996 4626 1414 4695 appellationem
1457 4627 1748 4694 etl‘ecisse;
1783 4637 1841 4683 ut
1879 4629 2109 4694 scilicet,

542 4721 685 4776 alius
716 4719 936 4792 quidem
974 4719 1170 4789 Filius,
1207 4721 1348 4776 alius
1377 4719 1617 4792 Spiritus
1647 4731 1872 4779 sanctus
1903 4724 2112 4780 dicere-

542 4819 655 4868 tur.
696 4829 717 4864 ι

615 4924 722 4980 Sed
767 4934 820 4980 et
850 4926 1148 4996 Gregorius
1181 4924 1462 4997 Nyssenus
1505 4924 1582 4980 ait
1613 4940 1628 4979 :
1663 4943 1682 4976 ‹
1717 4923 1892 4979 Filius
1932 4934 2109 4980 autem

544 5027 773 5074 sanctus
800 5017 1044 5088 Spiritus
1077 5034 1257 5089 neque
1286 5030 1392 5085 est,
1443 5035 1620 5090 neque
1663 5019 1883 5080 dicitur,
1937 5035 2113 5085 neque

541 5110 884 5168 convertitur
960 5112 1178 5167 habitus
1249 5113 1351 5167 ista
1432 5113 1847 5183 consequentia.
1913 5129 1931 5164 ι
2008 5111 2110 5166 Ubi

539 5219 674 5259 vero
725 5202 948 5258 habitus
996 5215 1118 5271 est,
1184 5214 1240 5258 et
1299 5205 1622 5261 relationem
1689 5204 1936 5275 profectu
1989 5219 2112 5259 csse

539 5305 779 5353 constat.

613 5411 770 5480 Quod
803 5411 848 5466 si
881 5410 1003 5482 quis
1031 5411 1343 5473 contendat,
1377 5427 1439 5466 ac
1467 5412 1705 5482 Spiritus
1734 5431 1932 5472 nomen
1968 5417 2111 5472 inter

540 5523 626 5572 ea,
711 5522 831 5576 qute
884 5505 1163 5570 dicuntur,
1227 5506 1294 5558 ad
1348 5507 1583 5576 aliquid,
1631 5523 1832 5576 ponere
1884 5510 2110 5565 omnino

542 5605 739 5653 renuat
760 5639 774 5663 ,
811 5596 1046 5666 primum
1080 5594 1323 5664 quidem,
1346 5604 1543 5663 praeter
1566 5611 1782 5652 onmem
1820 5599 2108 5665 rationem,

547 5692 878 5758 Patremque
912 5688 1210 5746 sententias
1245 5689 1448 5745 sentire
1497 5704 1554 5744 se
1596 5691 1828 5746 noverit.
1909 5693 2107 5748 Deinde

549 5785 711 5841 nobis
745 5795 852 5836 non
879 5781 944 5836 de
972 5783 1212 5850 nomine,
1236 5782 1328 5839 scd
1355 5781 1420 5838 de
1447 5797 1505 5838 re
1535 5783 1770 5840 maxime
1801 5798 2105 5842 sermonem

2213 4573 2270 4618 et
2319 4563 2578 4617 dominus
2621 4562 2686 4616 ad
2721 4563 3047 4616 alterutrum
3099 4578 3312 4633 semper
3356 4565 3582 4619 relativa
3636 4567 3778 4624 sint.

2215 4654 2318 4710 hoc
2368 4653 2547 4720 ipsum
2603 4662 2658 4707 et
2693 4653 2746 4708 in
2781 4656 3058 4719 omnibus,
3095 4670 3215 4724 qua:
3256 4657 3412 4724 quasi
3451 4657 3532 4710 Ad
3579 4657 3782 4726 aliquid

2214 4761 2272 4800 se
2299 4747 2365 4801 ad
2399 4747 2630 4801 invicem
2662 4745 2882 4800 habent.
2903 4746 3073 4816 Cujus
3098 4762 3229 4816 ergo
3260 4746 3520 4816 Spiritus,
3549 4749 3782 4817 Spiritus

2213 4848 2318 4902 est,
2363 4838 2452 4893 ille
2484 4838 2784 4909 productor
2816 4848 2925 4902 est,
2964 4838 3313 4908 Spiritusque
3359 4841 3426 4894 ad
3467 4857 3590 4895 eutn
3627 4843 3783 4906 cujus

2211 4940 2298 4987 est
2333 4928 2590 5000 Spiritus,
2621 4932 2778 4999 quasi
2826 4930 2890 4982 ad
2939 4929 3323 4998 productorem
3359 4930 3615 4988 refertur.
3660 4933 3781 5002 Spi-

2212 5027 2352 5080 ritus
2386 5033 2569 5078 autem
2599 5023 2722 5077 Filii
2751 5023 2992 5092 Spiritus
3023 5023 3262 5090 dicitur;
3295 5025 3464 5080 Filius
3499 5039 3627 5094 ergo
3654 5041 3782 5092 pro-

2213 5117 2409 5171 ductor
2442 5115 2618 5170 sancti
2659 5113 2899 5183 Spiritus
2928 5124 3030 5179 est,
3083 5126 3134 5171 et
3188 5117 3405 5186 spirans
3445 5117 3621 5184 ipsum
3674 5127 3778 5170 est.

2215 5207 2449 5275 Ideoque
2483 5219 2775 5274 processus
2801 5205 2952 5262 illius
2982 5206 3258 5277 spiraculo
3291 5206 3648 5270 assimilatur,
3672 5217 3724 5260 et
3749 5221 3779 5258 a

2214 5299 2472 5369 Spirand’o
2497 5297 2878 5353 denominatus
2910 5309 3012 5363 est,
3059 5308 3112 5352 et
3148 5298 3481 5366 spiraculum
3524 5297 3643 5352 Filii
3683 5313 3780 5366 ap-

2214 5393 2446 5461 pellatus
2481 5399 2583 5446 est.
2617 5391 2691 5446 Ac
2719 5391 2872 5462 juxta
2909 5397 3158 5444 sanctum
3198 5388 3580 5460 Epiphaniam,
3613 5389 3782 5459 Spiri-

2216 5495 2301 5540 tus
2333 5499 2400 5539 ex
2434 5484 2592 5539 Patre
2622 5483 2792 5552 spirat
2823 5491 2875 5538 et
2909 5481 3069 5536 Filio.

2283 5596 2548 5651 Praeterea
2585 5595 2818 5652 Basilius
2848 5594 2900 5649 in
2947 5593 3097 5650 libris
3132 5601 3323 5649 contra
3371 5593 3695 5647 Ennomium
3728 5601 3780 5646 et

2217 5690 2402 5743 Arium
2437 5705 2450 5742 :
2482 5708 2499 5739 ι
2529 5688 2785 5758 Spiritus,
2815 5685 3013 5758 inquit,
3047 5687 3110 5739 ad
3148 5685 3357 5740 Patrem
3395 5685 3776 5754 proprietatem

2219 5781 2480 5853 intelligo,
2501 5780 2627 5851 quia
2658 5780 2901 5850 procedit
2935 5796 2996 5836 cx
3026 5777 3209 5834 Patre.
3236 5777 3313 5834 Ad
3343 5775 3537 5833 Filium
3571 5784 3773 5840 autem,
