4144 6296
361 337 453 399 65

1476 334 1876 398 ADVERbUS
1917 332 2234 395 GRAECOS
2276 326 2435 398 ιιιιξ
2466 338 2543 398 ll.
3563 338 3632 402 f6

370 452 649 520 quoniam
681 451 881 506 audio:
911 449 1111 521 Siquis
1148 450 1403 507 Spiritum
1436 451 1633 507 Christi
1666 468 1767 506 non
1788 450 1962 516 habet,
1995 458 2039 515 Α
2069 450 2540 504 consubstantiale
2597 450 2772 520 ipsum
2847 450 3221 522 principaliter
3275 451 3627 524 signiﬁcaret.

374 545 475 597 hic
502 560 606 597 non
632 553 707 597 est
746 544 859 614 ejus
886 546 928 597 ³.
968 562 986 595 ι

466 633 737 699 Quoniam
775 635 940 702 igitur
971 651 1075 690 non
1106 638 1277 707 magis
1301 638 1556 707 proprius
1579 636 1775 703 Patris,
1799 651 1961 707 quam

386 724 521 778 Filii
547 734 630 780 est
666 726 901 797 Spiritus
928 738 1167 792 sanctus,
1187 730 1312 797 quia
1343 740 1426 785 est
1447 730 1633 784 eadem
1663 729 1961 784 substantia

392 813 581 870 Patris
648 825 701 870 et
753 818 898 880 Filii,
950 816 1187 889 Spiritus
1235 828 1415 874 autem
1473 819 1860 889 proprietatem
1895 818 1961 872 ad

392 906 612 961 Patrem
671 908 752 962 vir
803 919 1028 965 sanctus
1085 912 1360 981 intelligit.
1419 912 1545 981 quia
1601 912 1847 981 procedit
1894 925 1961 965 ex

394 1000 577 1061 Patre,
610 1004 924 1056 necessario
973 1014 1027 1058 et
1074 1005 1139 1057 ad
1194 1003 1393 1057 Filium
1442 1004 1743 1073 pr0prietas
1772 1003 1960 1058 eadem

391 1091 605 1145 ratione
653 1094 1003 1165 intelligenda
1052 1105 1161 1150 est.
1193 1096 1383 1165 itaque
1413 1094 1559 1164 quod
1596 1096 1796 1151 dicitur
1839 1096 1964 1167 Spi-

389 1182 534 1237 ritus
573 1183 807 1248 Christi,
845 1196 900 1240 et
954 1188 1195 1257 Spiritus
1231 1185 1375 1250 Filii,
1414 1202 1477 1241 ex
1513 1202 1579 1242 eo
1618 1188 1791 1257 ipsum
1840 1204 1961 1244 esse

388 1278 778 1340 commendat;
834 1279 1073 1332 maxime
1106 1293 1228 1332 cum
1261 1280 1345 1333 vir
1390 1291 1608 1335 sanctus
1642 1282 1961 1349 praemiserit

392 1368 607 1433 dicens,
637 1369 702 1422 ad
736 1369 1131 1424 ostendendum
1162 1371 1307 1425 illius
1335 1372 1717 1437 substantiam,
1754 1388 1818 1428 cx
1850 1374 1959 1428 Deo

390 1471 536 1518 esse.
557 1457 608 1510 id
634 1460 900 1522 sullicere,
921 1464 1065 1531 quod
1096 1463 1299 1519 dicitur
1322 1483 1336 1519 :
1358 1460 1589 1532 Spiritus
1611 1467 1720 1521 oris
1750 1468 1893 1522 illius
1911 1467 1952 1522 ³.

391 1547 499 1603 Sed
536 1560 590 1604 et
620 1550 672 1603 in
704 1552 955 1620 capitulis
997 1569 1214 1625 quoque
1245 1557 1310 1610 ad
1363 1558 1803 1628 Amphilochium
1834 1559 1908 1612 ait
1939 1578 1951 1614 :

401 1658 422 1690 ι
456 1641 633 1710 Neque
671 1643 799 1698 hinc
834 1647 1008 1699 solum
1041 1657 1248 1701 natura;
1280 1651 1599 1703 communio
1625 1651 1953 1712 ostenditur,

389 1732 486 1785 sed
515 1733 641 1801 quia
690 1735 850 1788 etiam
885 1751 947 1789 ex
986 1736 1094 1790 Deo
1119 1752 1244 1793 esse
1274 1739 1498 1802 dicitur,
1538 1754 1645 1793 non
1674 1742 1833 1810 quasi
1861 1756 1957 1810 per

380 1826 566 1879 omnia
614 1840 678 1879 ex
738 1826 847 1880 Deo
893 1829 1169 1898 prodiens,
1218 1830 1312 1883 sed
1363 1829 1517 1892 quasi
1572 1829 1807 1899 Spiritus
1842 1832 1955 1886 oris

380 1915 570 1980 illius;
602 1917 729 1970 hinc
760 1918 979 1984 quidem
1020 1920 1296 1973 insinuata
1324 1922 1674 1990 proprietate,
1699 1922 1956 1977 substan-

378 2010 471 2062 tia:
493 2023 621 2062 vero
648 2011 819 2085 modo.
840 2012 1096 2066 ineﬂ'abili
1124 2022 1363 2067 serrato.
1395 2014 1461 2069 Et
1488 2014 1726 2085 Spiritus
1753 2024 1957 2081 autem,

392 2101 598 2170 inquit,
631 2101 754 2156 Filii
790 2103 1013 2169 dicitur,
1054 2106 1210 2175 quasi
1255 2107 1506 2178 proprius
1541 2107 1615 2162 illi
1664 2122 1758 2178 per
1795 2115 1953 2162 natu-

378 2205 525 2248 ram.
568 2210 588 2243 υ

457 2281 531 2335 Ex
588 2282 672 2338 his
731 2292 911 2339 autem
970 2294 1206 2353 constat,
1263 2286 1390 2358 quia
1430 2302 1660 2359 magnas
1716 2286 1953 2345 Basilius

374 2375 767 2443 proprietatem
817 2376 871 2430 in
903 2376 1105 2433 divinis
1138 2381 1392 2449 personis
1419 2380 1602 2435 dicere
1634 2381 1768 2445 vult,
1807 2380 1952 2434 velut

372 2482 562 2521 causa:
625 2468 973 2540 causalisque
1019 2473 1381 2528 consortium.
1428 2473 1580 2540 Quod
1622 2473 1767 2529 enim
1797 2472 1948 2536 dicit,

374 2559 489 2613 tale
516 2568 593 2613 est
623 2579 638 2615 :
671 2559 807 2615 Cum
837 2562 1095 2635 audimus
1126 2565 1387 2636 Spiritum
1418 2575 1663 2621 sanctum
1694 2575 1746 2621 et
1777 2564 1953 2637 Spiri-

377 2660 498 2704 tum
552 2652 663 2706 oris
710 2651 828 2718 Dei,
880 2652 1233 2727 intelligimus
1282 2656 1459 2727 ipsum
1529 2657 1853 2711 naturaliter
1885 2670 1951 2710 ex

379 2743 495 2796 Deo
526 2758 667 2799 esse.
702 2742 815 2799 lloc
842 2754 926 2801 est
967 2747 1114 2801 enim
1150 2748 1493 2818 preprietas;
1540 2753 1761 2802 modum
1796 2762 1947 2813 vero,

377 2849 493 2901 quo
515 2850 579 2886 ex
612 2835 717 2887 Deo
740 2844 845 2897 est,
873 2836 977 2890 hoc
1000 2847 1079 2891 cst
1100 2839 1393 2907 procedere
1413 2840 1589 2907 ipsum
1613 2840 1946 2909 ignoramus.

380 2923 500 2979 Etsi
539 2927 683 2979 enim
720 2926 885 2981 alium
920 2928 1140 2996 quidem
1172 2926 1343 3000 gigni,
1387 2928 1554 2983 alium
1587 2946 1718 2985 vero
1760 2946 1951 3001 proce-

375 3016 537 3080 dere,
586 3029 751 3087 atque
786 3019 952 3073 alimn
981 3021 1201 3090 quidem
1247 3023 1364 3077 sine
1408 3023 1585 3077 medio
1628 3039 1690 3077 ex
1736 3024 1944 3093 primo,

2064 540 2223 596 Nunc
2257 555 2391 596 vero
2418 541 2731 612 hujusmodi
2756 544 3141 612 proprietatem
3166 544 3631 599 consubstantiale

2064 634 2337 703 sequitur.
2376 632 2529 688 Sicut
2551 642 2605 689 et
2637 634 2829 700 Filius,
2862 649 3057 689 nomen
3082 637 3383 691 secundum
3417 651 3476 691 se
3500 640 3627 704 qui-

2063 727 2185 780 detn
2248 741 2565 795 processum
2620 726 2852 794 alicujus
2903 741 2968 781 ex
3022 728 3209 797 aliquo
3243 727 3533 795 signiﬁcat,
3570 730 3624 782 in

2064 818 2254 871 eadem
2308 819 2509 884 specie,
2549 828 2949 887 consequenter
2984 834 3113 872 vero
3160 820 3627 881 consubstantialc

2063 912 2251 965 etiam.
2282 911 2436 976 Quod
2471 909 2616 963 enim
2654 912 2723 964 ita
2761 911 3045 979 processit,
3100 910 3416 965 necessario
3460 912 3623 965 etiam

2064 1004 2535 1058 consubstantiale
2592 1015 2695 1059 est.
2736 1002 2852 1057 Non
2902 1003 3065 1072 igitur
3116 1002 3354 1071 Spiritus
3406 1012 3626 1057 sanctus

2062 1078 2319 1166 proprius
2376 1095 2497 1152 Filii
2549 1097 2845 1151 secundum
2896 1105 3147 1149 naturam
3183 1096 3476 1157 diceretur,
3522 1096 3625 1149 nisi

2062 1199 2158 1254 per
2189 1186 2367 1254 ipsum
2410 1187 2710 1254 procedens
2737 1185 3083 1247 naturaliter,
3118 1200 3210 1253 per
3248 1185 3426 1253 ipsum
3460 1184 3625 1238 etiam

2060 1278 2426 1333 substantiam
2462 1278 2701 1334 haberet.
2733 1277 2887 1343 Quod
2914 1279 3061 1332 enim
3089 1294 3151 1331 ex
3185 1277 3389 1345 aliquo,
3417 1285 3509 1330 aut
3534 1292 3630 1346 per

2059 1369 2281 1439 aliquod
2327 1372 2627 1425 secundum
2678 1371 3018 1438 tequivocum
3057 1384 3372 1438 processum
3424 1370 3626 1437 prodit,

2057 1473 2273 1529 unaque
2308 1474 2373 1514 ex
2410 1461 2501 1514 illo
2534 1476 2659 1515 esse
2692 1470 3055 1524 monstratur,
3094 1475 3121 1512 a
3153 1474 3264 1530 quo
3297 1469 3349 1513 et
3384 1459 3628 1527 proprie-

2058 1561 2139 1606 tas
2165 1551 2400 1607 maxime
2420 1552 2619 1616 elucct,
2643 1561 2696 1605 et
2721 1552 3189 1606 consubstantiale
3206 1559 3623 1620 consequenter,

2055 1641 2414 1713 ejusdemque
2442 1644 2641 1714 speciei
2672 1644 3099 1698 demonstratur.

2129 1733 2339 1789 Idcirco
2365 1750 2595 1805 magnus
2624 1750 2841 1805 quoque
2893 1733 3128 1789 Basilius
3157 1733 3285 1787 hinc
3321 1733 3624 1802 proprieta-

2062 1836 2167 1881 tem
2198 1826 2465 1880 insinuari
2496 1826 2658 1890 dixit,
2679 1825 2810 1895 quia
2838 1840 2902 1877 ex
2935 1824 3042 1876 Deo
3068 1837 3190 1877 esse
3226 1823 3439 1877 dicitur.
3466 1821 3621 1887 Quod

2063 1928 2242 1972 autem
2277 1933 2342 1972 ex
2389 1917 2501 1971 Deo
2539 1933 2657 1971 esse
2703 1916 2928 1979 dicitur,
2976 1930 3198 1971 causam
3231 1917 3485 1977 ostendit,
3516 1930 3622 1984 qua

2060 2011 2396 2078 praecedente
2423 2008 2896 2064 consubstantiale
2920 2008 3081 2061 etiam
3117 2006 3413 2061 secundum
3438 2006 3626 2073 hujus-

2061 2101 2204 2155 modi
2260 2100 2647 2170 pr0prietatem
2711 2100 2765 2153 in
2821 2099 3023 2154 divinis
3072 2099 3323 2169 personis
3354 2099 3621 2166 sequitur.

2053 2191 2323 2258 Quoniam
2351 2192 2519 2262 igitur
2542 2190 2777 2261 Spiritus
2801 2200 3024 2246 sanctus
3046 2190 3345 2245 secundum
3369 2199 3619 2245 naturam

2053 2285 2307 2356 preprius
2342 2295 2426 2340 est
2470 2283 2633 2351 Filio,
2666 2290 2882 2339 constat
2915 2284 3044 2353 quia
3078 2283 3145 2337 ad
3175 2284 3328 2337 illum
3353 2282 3515 2336 rcluti
3552 2283 3619 2335 ad

2050 2389 2275 2431 causam
2326 2374 2581 2431 refertur.
2617 2374 2771 2431 Unde
2802 2373 2968 2430 etiam
3020 2373 3506 2429 consubstantialis
3540 2373 3620 2429 illi

2048 2475 2155 2523 est.

2122 2582 2351 2655 Magnus
2381 2583 2509 2637 item
2528 2581 2760 2638 Basilius
2782 2581 2839 2637 in
2870 2579 3221 2651 Expositione
3248 2596 3395 2635 xxxtt
3425 2580 3620 2651 psalmi

2050 2675 2127 2730 ait
2187 2692 2202 2729 :
2284 2694 2302 2727 ς
2345 2674 2500 2729 Sicut
2560 2673 2723 2743 igitur
2804 2682 3022 2727 creator
3081 2668 3316 2726 Verbum
3385 2669 3621 2725 firmavit

2048 2766 2219 2821 ccelos
2241 2804 2257 2829 ,
2296 2765 2367 2819 ita
2399 2774 2451 2818 et
2476 2762 2737 2833 Spiritus,
2764 2764 2854 2831 qui
2894 2778 2956 2815 ex
2990 2762 3098 2817 Deo
3126 2771 3229 2824 est,
3264 2762 3358 2831 qui
3396 2777 3425 2815 a
3456 2762 3618 2815 Patre

2049 2854 2316 2924 procedit,
2353 2854 2453 2907 hoc
2482 2861 2585 2915 est,
2632 2855 2726 2921 qtti
2776 2866 2841 2904 ex
2883 2866 2978 2904 ore
3026 2852 3166 2917 ejus,
3201 2865 3268 2905 ne
3323 2850 3454 2920 quid
3492 2866 3615 2903 eum

2046 2948 2379 3002 exteriorum
2430 2960 2574 3010 esse,
2620 2959 2797 3013 neque
2828 2952 3228 3008 creaturarum,
3274 2944 3559 3017 arbitreris
3600 2962 3613 2998 :

2052 3039 2143 3094 sed
2174 3047 2232 3092 ut
2262 3038 2407 3107 quod
2437 3053 2499 3091 ex
2534 3036 2645 3091 Deo
2670 3036 2871 3090 habeat
2898 3034 3289 3097 substantiam,
3322 3034 3617 3105 glorillces.

376 3108 549 3164 alium
581 3126 708 3166 vero
737 3127 832 3182 per
863 3129 1012 3180 eum,
1045 3115 1135 3185 qui
1171 3115 1289 3168 sine
1327 3114 1506 3169 medio
1537 3130 1602 3170 ex
1637 3116 1811 3186 primo
1840 3127 1943 3182 est.
1973 3107 2019 3167 θ
2053 3129 2255 3186 Omnes
2288 3129 2431 3183 enim
2467 3128 2520 3181 in
2554 3142 2617 3182 eo
2650 3128 2885 3181 virtutes
2912 3126 3075 3181 simul
3111 3124 3363 3180 contulit.
3397 3144 3416 3177 ι

378 3202 743 3257 substantiam
795 3206 993 3260 habere
1036 3207 1337 3272 credimus,
1380 3207 1735 3262 nihilominus
1768 3216 1945 3264 tamen

377 3294 598 3348 modum
632 3296 968 3365 ignoramus.
1018 3299 1133 3355 Hoc
1163 3316 1289 3371 ergo
1319 3300 1554 3372 cognito,
1601 3294 1744 3373 quia
1770 3313 1847 3357 est
1878 3319 1944 3357 ex

382 3384 491 3439 Deo
543 3390 891 3455 naturaliter,
945 3405 1342 3461 censequenter
1374 3395 1649 3464 quomodo
1698 3396 1768 3450 sit
1797 3410 1944 3464 qua:-

377 3487 536 3532 l‘lllll‘.

452 3569 637 3638 Itaque
677 3573 985 3641 proprietas
1023 3576 1137 3628 haec
1167 3576 1541 3644 principaliter
1573 3576 1794 3645 quidem
1821 3591 1949 3631 cau-

376 3678 496 3716 sam
560 3676 615 3719 et
660 3673 880 3721 ‘causate
930 3670 1220 3737 signiﬁcat.
1270 3669 1495 3736 Deinde,
1535 3681 1947 3739 consequenter,

380 3754 854 3811 eousubstantiale
886 3746 1075 3812 etiam.
1104 3761 1279 3829 Atque
1310 3760 1473 3830 hujus
1522 3761 1785 3817 indiciam
1819 3774 1901 3818 est
1931 3782 1945 3819 :

378 3842 617 3911 primum
682 3847 947 3914 quidem,
1021 3850 1147 3919 quia
1206 3850 1677 3907 consubstantiale
1740 3851 1945 3907 nullam

378 3936 584 3992 indicat
613 3937 1024 3995 discretionem.
1059 3942 1372 4011 Proprietas
1398 3958 1529 3998 vero
1578 3943 1945 3999 dill‘erentiam

377 4031 876 4102 discretiouenique
925 4038 1294 4090 cetnmendat.
1340 4034 1568 4103 Deinde,
1617 4038 1761 4106 quod
1812 4052 1946 4091 con-

375 4126 759 4179 substantialia
810 4128 1030 4196 quidem
1079 4128 1336 4196 invicem,
1368 4131 1666 4185 secundum
1700 4132 1941 4184 eamdem

374 4215 666 4270 verborum
710 4219 999 4282 rationem,
1052 4219 1258 4288 absque
1310 4220 1418 4273 ulla
1472 4219 1779 4290 adiectione
1817 4235 1946 4275 con-

374 4317 700 4375 vertuntur;
738 4308 896 4364 Pater
923 4311 1123 4381 quippe
1153 4312 1637 4368 consubstantialis
1675 4324 1757 4368 est
1782 4311 1939 4377 Filio,

2121 3221 2186 3276 Et
2215 3231 2338 3292 post
2367 3236 2537 3292 pauca
2570 3240 2584 3277 :
2619 3239 2637 3272 ι
2674 3220 2783 3275 lloc
2824 3220 3042 3291 quidem
3094 3220 3147 3272 in
3206 3218 3327 3273 loco
3377 3216 3615 3287 Spiritus

2049 3319 2162 3371 oris
2195 3315 2315 3385 ejus
2361 3315 2490 3380 dici,
2538 3323 2595 3368 ut
2641 3314 2977 3383 intelligatur
3020 3311 3289 3376 Salvator,
3330 3311 3617 3365 sanctissi-

2048 3423 2279 3477 musque
2340 3406 2458 3475 ejus
2522 3405 2776 3476 Spiritus.
2861 3402 2960 3459 Ubi
3035 3412 3215 3457 autem
3278 3401 3618 3455 invenietur?

2047 3499 2308 3567 Apostolo
2352 3498 2561 3552 scilicet
2609 3497 2823 3552 dicente
2868 3496 2935 3550 de
2979 3493 3117 3549 Filio
3152 3511 3168 3549 ε
3205 3491 3403 3547 Ferem
3438 3495 3618 3546 omnia

2059 3588 2226 3640 Verbo
2272 3588 2480 3640 virtutis
2528 3604 2639 3640 suae
2669 3587 2709 3640 ⁸.
2767 3585 3037 3641 Virtutem
3112 3597 3163 3657 et
3206 3587 3439 3641 Verbqu
3493 3584 3614 3640 Filii

2050 3677 2313 3749 Spiritum
2371 3688 2619 3733 Sanctum
2672 3678 2873 3747 posuit.
2917 3696 2934 3729 ι
2994 3681 3069 3733 Ac
3128 3696 3392 3734 rursum:
3447 3680 3614 3745 Quem

2052 3772 2310 3826 Dominus
2346 3770 2502 3825 Jesus
2555 3772 2837 3840 interﬁcis!
2876 3770 3082 3843 Spiritu
3127 3772 3233 3825 oris
3282 3774 3386 3835 sui,
3418 3784 3465 3825 et
3520 3775 3613 3825 de-

2046 3872 2213 3917 struet
2270 3863 2629 3917 illustrations
2672 3862 2925 3917 aduentus
2973 3865 3053 3916 sui
3077 3861 3249 3939 ’.νΕχ
3296 3879 3404 3933 quo
3447 3864 3610 3919 etiam

2046 3962 2282 4020 constat,
2310 3956 2539 4009 stultum
2578 3964 2631 4009 et
2666 3955 3098 4009 irrationabilem
3144 3955 3311 4009 fuisse
3344 3970 3611 4025 quorum-

2046 4050 2169 4102 dam
2203 4048 2621 4118 maliguitatem,
2646 4048 2739 4117 qui
2769 4063 2833 4101 ex
2863 4049 2963 4102 hoc
2984 4048 3223 4117 Apostoli
3250 4049 3398 4102 dicto
3429 4048 3612 4113 Jesus,

2044 4140 2386 4205 deleverunt,
2418 4155 2485 4193 ne
2521 4142 2586 4194 de
2613 4137 2751 4193 Filio
2790 4138 2879 4193 Dei
2926 4141 3026 4193 hoc
3059 4140 3409 4209 intelligatur.
3448 4140 3521 4193 Ex
3548 4156 3613 4195 eo

2042 4245 2213 4295 enim,
2256 4228 2401 4299 quod
2457 4228 2661 4283 illatum
2716 4238 2818 4294 est,
2854 4229 3232 4295 illustratiotte,
3277 4239 3606 4299 arguuntur.

2041 4319 2249 4375 Futura
2322 4321 2464 4375 enim
2531 4321 2799 4389 apparitio
2866 4320 3077 4375 Domini
3147 4320 3273 4375 Jcsu
3343 4323 3608 4384 creditur,

375 4409 433 4451 et
486 4398 656 4454 Filius
716 4404 1201 4457 consubstantialis
1256 4414 1339 4459 est
1388 4403 1557 4459 Patri.
1611 4404 1765 4471 Quod
1808 4421 1943 4460 sane

2052 4415 2318 4484 simulque
2364 4413 2418 4467 in
2451 4413 2841 4468 rctttstissimis
2886 4416 3286 4483 exetnplarihus
3322 4414 3612 4484 integritas

374 4490 842 4545 consubstantiale
880 4493 965 4547 hic
1008 4494 1170 4547 etiam
1213 4494 1597 4549 discretionem
1626 4510 1938 4567 prtesuppo-

377 4580 477 4643 nit,
503 4594 563 4633 ex
596 4582 912 4637 nominibus
938 4580 1118 4637 Patris
1175 4600 1237 4639 ac
1262 4583 1383 4639 Filii
1412 4588 1546 4641 satis
1574 4598 1942 4657 apparentem.

377 4666 601 4738 Propria
632 4688 759 4727 vero
792 4690 897 4728 non
952 4675 1293 4745 simpliciter,
1328 4676 1423 4732 sed
1455 4694 1576 4733 cum
1611 4680 1944 4750 adjectione;

378 4773 558 4828 neque
584 4762 725 4813 enim
767 4764 949 4818 dicere
979 4779 1294 4830 possumus,
1327 4765 1484 4822 Pater
1512 4770 1764 4839 proprius
1806 4769 1946 4824 Filio

373 4859 429 4901 et
466 4848 637 4905 Filius
671 4856 920 4921 proprius
946 4853 1236 4925 Patriﬁsed
1272 4859 1341 4913 ita
1367 4859 1585 4930 proprie
1612 4862 1898 4916 reddemus
1927 4879 1940 4917 :

378 4938 552 4995 Filius
616 4942 831 5011 quidem
898 4948 1148 5014 proprius
1203 4961 1284 5004 est
1339 4950 1483 5003 Patri
1520 4950 1726 5017 Filius;
1784 4951 1943 5007 Pater

375 5048 560 5088 autem
612 5036 866 5104 protrrius
918 5050 1000 5092 est
1036 5038 1175 5093 Filio
1213 5042 1395 5097 Pater.
1446 5043 1539 5097 Illo
1589 5046 1735 5098 enim
1784 5046 1944 5099 tuodo

376 5126 694 5193 indiscrete,
724 5139 779 5181 et
836 5129 954 5181 sine
999 5131 1259 5187 relatione
1298 5136 1362 5189 ad
1406 5135 1633 5190 invicem
1666 5137 1938 5191 reddetur.

293 5220 303 5236 '
375 5217 465 5272 Sic
508 5228 688 5297 autem
724 5223 1111 5290 proprietatem
1144 5222 1261 5277 Filii
1296 5226 1359 5279 ad
1389 5225 1603 5281 Patrem
1640 5232 1939 5283 secundum

373 5325 537 5378 quam
570 5327 632 5365 ex
659 5312 751 5366 illo
785 5317 1020 5382 genitus,
1047 5314 1337 5386 Patrisque
1387 5321 1451 5372 ad
1498 5316 1719 5387 Filium,
1750 5336 1943 5376 secun-

370 5398 499 5455 dutn
538 5417 697 5470 quam
730 5403 905 5472 ipsius
933 5403 1092 5460 Pater
1123 5416 1225 5475 est,
1259 5409 1553 5465 reddimus.

439 5495 738 5561 Oportebat
766 5496 937 5565 igitur
963 5499 1212 5553 similiter
1256 5503 1495 5557 cenverti
1526 5506 1938 5573 proprietatem,

372 5581 515 5635 sicut
572 5587 1042 5643 consubstantiale
1099 5601 1183 5644 est
1232 5610 1245 5645 :
1315 5594 1578 5663 siquidem
1637 5600 1941 5666 proprietas

482 5764 501 5794 ²
540 5761 695 5818 llum.
733 5783 847 5833 \‘ttt,
885 5769 936 5823 9.
1056 5768 1244 5824 ’1’231.
1289 5790 1457 5841 xxrtt,
1494 5777 1544 5830 G.

2048 4506 2365 4577 apostolica:
2419 4505 2701 4559 sententiae
2756 4506 3079 4559 ostenditur.
3142 4504 3256 4559 l-loc
3315 4514 3494 4559 tamen
3555 4506 3608 4559 itt

2044 4598 2165 4654 loco
2204 4606 2436 4652 sanctus
2469 4598 2550 4649 vir
2594 4612 2656 4651 os
2711 4594 2801 4650 Dei
2835 4593 3029 4651 Filium
3083 4612 3206 4651 esse
3256 4598 3363 4663 ait;
3399 4597 3611 4652 dixerat

2043 4689 2188 4743 enim
2250 4689 2501 4757 superius
2551 4686 2819 4755 Spiritum
2882 4703 2947 4743 ex
3010 4688 3102 4741 Dei
3157 4702 3250 4740 ore
3285 4702 3427 4751 esse,
3463 4691 3606 4760 quod

2042 4778 2186 4832 idem
2218 4777 2527 4847 signiﬁcare
2559 4777 2698 4831 dixit
2741 4795 2755 4831 :
2790 4776 2894 4843 Qui
2923 4794 2955 4831 a
2988 4776 3152 4830 Patre
3182 4778 3441 4843 procedit.

2118 4870 2354 4925 Sanctus
2396 4879 2575 4923 autern
2606 4870 2940 4924 Athanasius
2981 4869 3354 4924 Antiochenus
3396 4870 3610 4941 episco-

2046 4976 2170 5029 pus,
2222 4962 2275 5014 in
2330 4977 2394 5014 eo
2456 4961 2613 5023 libro,
2667 4976 2825 5028 quem
2882 4962 3255 5033 prmdixitnus,
3293 4983 3309 5014 ι
3349 4957 3607 5027 Verbum,

2047 5054 2246 5121 inquit,
2304 5052 2420 5104 sine
2471 5051 2675 5120 Spiritu
2729 5068 2834 5106 non
2890 5064 3010 5123 est,
3067 5056 3207 5110 sicut
3264 5074 3439 5128 neque
3493 5061 3610 5112 sine

2051 5143 2227 5199 Verbo
2285 5160 2459 5198 meus.
2516 5143 2744 5199 Mentem
2807 5162 2932 5201 vero
2987 5164 3110 5203 esse
3173 5147 3386 5204 Putrem
3452 5150 3609 5202 Verbi

2046 5238 2302 5292 dicimus.
2336 5234 2503 5301 Mens,
2538 5237 2588 5289 iu
2621 5253 2726 5307 qua
2760 5236 3015 5307 Verbum,
3055 5257 3177 5295 cum
3207 5259 3314 5312 qua
3351 5240 3608 5307 Spiritus,

2050 5339 2301 5385 sanctum
2342 5328 2603 5397 Spiritum
2648 5329 2761 5383 oris
2795 5330 2882 5384 Dei
2912 5331 3123 5399 dicens,
3157 5348 3218 5385 os
3249 5333 3393 5385 enim
3431 5329 3611 5383 Patris

2047 5416 2242 5472 Filius.
2280 5435 2299 5469 ι
3228 5428 3231 5429 '

2123 5507 2180 5563 Si
2216 5509 2380 5579 igitur
2445 5509 2680 5579 Spiritus
2710 5508 2928 5575 quidem
2976 5524 3039 5561 ex
3089 5520 3183 5557 ore
3232 5502 3321 5554 Dci
3354 5508 3461 5563 est,
3511 5503 3613 5555 hoc

2048 5609 2228 5655 autem
2278 5601 2421 5655 idem
2471 5612 2575 5663 est,
2612 5597 2755 5665 quod
2811 5598 2898 5664 qui
2948 5614 2979 5647 a
3032 5595 3189 5645 Patre
3235 5591 3493 5658 procedit;
3550 5610 3614 5646 ns

1623 5779 1641 5807 δ
1678 5775 1839 5833 llehr.
1869 5794 1906 5840 ι,
1942 5778 1994 5832 5.
2073 5780 2091 5808 ⁸
2122 5779 2160 5833 ll
2196 5780 2387 5834 'llress.
2419 5796 2478 5841 li,
2514 5778 2564 5827 8.
