4064 6262
453 398 528 461 67
828 442 833 447 -
1608 398 1613 401 ’
1726 396 2122 458 MANUELIS
2154 397 2456 458 CALECIE

3637 402 3729 462 f8

457 518 641 567 autem
689 510 866 568 Patris
895 510 1067 566 Filius
1098 517 1216 578 est;
1259 511 1486 581 etquod
1523 510 1723 566 dieitur
1762 526 1824 565 ex
1867 511 2026 565 Patre
2053 507 2373 572 Acrliliis,
2435 519 2492 564 ut
2545 510 2601 564 lit
2653 510 2706 563 iu
2763 510 3101 577 hominibus,
3158 512 3359 568 habere
3415 514 3640 569 credita.
3690 532 3718 560 ι

462 604 778 671 procedere,
811 594 955 657 illius
1003 603 1365 658 substantiam
1412 603 1685 672 signiﬁcat
1718 621 1732 657 :
1786 617 1886 657 cur
1921 617 2029 656 non

462 694 518 765 id
547 710 790 764 quottue,
827 696 971 765 quod
1006 695 1212 750 dicitur
1241 695 1362 748 Filii
1402 693 1660 762 Spiritus,
1699 702 1752 747 ct
1792 691 2032 759 Spiritus

461 787 574 841 Oris
608 786 750 855 ejus,
779 786 1148 840 ἰιιᾱὶῐῐιετθιιιει·
1174 786 1317 840 illius
1345 785 1704 839 substantiam
1735 783 2028 852 signiﬁcet,

461 878 763 932 secundum
801 893 962 946 quam
992 893 1056 930 ex
1092 875 1254 931 Patre
1294 893 1389 946 per
1436 876 1633 930 Filium
1675 873 1938 946 procedit,
1972 886 2035 927 ac

461 983 558 1036 per
595 969 789 1036 ipsum,
816 977 870 1021 et
900 969 966 1022 ab
994 968 1113 1036 ipso
1138 984 1258 1023 esse
1294 968 1499 1024 habet?

530 1060 759 1129 Magnus
813 1060 939 1115 item
1002 1060 1241 1116 Basilius
1280 1062 1334 1114 in
1395 1061 1485 1115 lib.
1534 1076 1585 1115 tv
1621 1060 1822 1114 Contra
1857 1058 2036 1114 Euno-

432 1216 433 1219 η
461 1153 646 1217 mium,
680 1153 834 1221 quasi
855 1168 936 1207 .ex
973 1152 1253 1206 contrario
1294 1167 1607 1221 proponens
1640 1171 1653 1206 :
1688 1170 1705 1203 ι
1738 1151 1842 1205 Sed
1875 1151 2034 1217 dicis,

462 1244 639 1311 inquit
673 1263 685 1297 :
719 1242 774 1296 Si
817 1242 906 1296 Dei
948 1244 1168 1312 quidem
1223 1243 1401 1313 imago
1429 1242 1602 1297 Filius
1646 1250 1748 1304 est,
1792 1239 2033 1296 Verbum

446 1344 641 1388 autem
678 1332 801 1387 Filii
852 1333 1115 1402 Spiritus,
1159 1349 1254 1388 cur
1287 1349 1394 1387 non
1429 1332 1597 1388 Filius
1642 1331 1764 1387 Filii
1799 1332 2036 1400 Spiritus

461 1425 644 1480 dictus
668 1426 820 1481 est?»
855 1424 907 1479 in
943 1426 1038 1480 has
1066 1427 1233 1494 igitur
1264 1426 1693 1496 ineptiasipsum
1728 1425 2039 1493 impellente

465 1514 754 1580 Eunomio,
818 1517 923 1570 nisi
973 1533 1038 1570 ex
1095 1517 1233 1572 Filio
1286 1532 1407 1572 esse
1461 1517 1724 1585 Spiritum
1779 1524 2033 1569 sanctum

464 1607 733 1672 crederet,
782 1607 1014 1664 Basilius
1045 1608 1309 1663 facillime
1341 1609 1416 1662 illi
1466 1608 1747 1662 obviasset
1800 1606 2034 1661 dicens:

464 1696 750 1762 Quomodo
782 1708 930 1753 esset
974 1700 1213 1768 Spiritus
1243 1698 1416 1753 Filius
1446 1697 1592 1761 Filii,
1625 1698 1717 1767 qui
1754 1712 1861 1752 non
1895 1711 2036 1765 quo-

465 1788 763 1843 niodolibet
788 1805 852 1842 ex
889 1788 1047 1854 Filio,
1079 1790 1195 1845 sive
1223 1805 1316 1859 per
1343 1789 1540 1844 Filium
1574 1788 1935 1860 procederet?
1959 1786 2034 1841 Ita

466 1879 612 1934 enim
663 1895 723 1935 se
771 1882 1163 1935 controversiae
1228 1882 1394 1950 hujus
1443 1882 1696 1936 molestia
1750 1880 2031 1935 eximeret.

466 1967 668 2024 Verum
717 1972 767 2026 id
799 1973 1022 2041 quidem
1058 1988 1167 2027 non
1204 1973 1362 2034 dixit.
1407 1974 1507 2029 sed
1551 1973 1855 2043 subjiciens
1887 1971 2036 2042 quod
2084 1984 2094 1999 ‘

466 2070 849 2129 proposuerat,
883 2063 1047 2119 solvit
1075 2083 1088 2118 :
1129 2065 1270 2121 «Nos
1299 2073 1479 2120 autem
1513 2074 1570 2118 et
1608 2065 1674 2118 de
1708 2065 1812 2120 hoc
1840 2064 2038 2123 acnos

466 2153 638 2223 ipsos,
678 2164 942 2222 quantum
979 2156 1243 2224 possibile
1291 2167 1396 2221 est,
1452 2155 1865 2225 respondemus.
1901 2152 2036 2209 Nam

465 2250 531 2300 ad
591 2254 643 2300 te
692 2246 916 2315 quidem
967 2249 1131 2301 etiam
1192 2248 1371 2302 facere
1429 2248 1564 2303 satis
1625 2256 1793 2313 esset,
1848 2245 2036 2300 eadem

469 2337 994 2404 iuterrogatiuncula
1033 2338 1129 2392 tibi
1177 2353 1392 2409 quoque
1417 2338 1761 2395 imminente.
1801 2337 2040 2393 Dicimus

467 2428 654 2496 igitur,
718 2428 978 2498 quoniam
1009 2429 1189 2483 dicere
1227 2428 1422 2485 Filium
1452 2445 1517 2484 ex
1542 2429 1703 2494 Filio,
1736 2428 2039 2484 divinitatis

467 2512 790 2571 Trinitatem
823 2519 876 2572 in
921 2520 1294 2588 suspicionem
1329 2519 1697 2575 multitudinis
1721 2519 2036 2584 adduceret,

467 2608 798 2663 audentibus
870 2610 1209 2666 hominibus.
1265 2610 1324 2664 lu
1387 2622 1638 2680 promptu
1694 2609 1839 2665 enim
1899 2618 2038 2675 erat,

467 2699 737 2769 suspicari
766 2701 1025 2770 quoniam
1058 2700 1105 2757 si
1145 2698 1315 2758 Filius
1344 2719 1407 2756 ex
1435 2701 1575 2757 Filio
1606 2711 1768 2758 natus
1801 2711 1966 2768 esset,
1988 2712 2044 2758 et

466 2807 530 2846 ex
562 2808 626 2848 eo
668 2808 860 2847 rursus
896 2790 1059 2848 alium
1108 2796 1479 2867 nasei‘ntque
1513 2810 1707 2849 rursus
1752 2793 1941 2859 alium,
1976 2807 2042 2846 ae

468 2885 723 2956 deinceps
755 2888 807 2941 iu
844 2887 1249 2943 multitudinem
1298 2904 1563 2944 crescere.
1599 2887 1774 2963 Ilujus
1810 2901 1938 2956 ergo
1963 2884 2041 2941 rei

469 2979 664 3046 gratia,
720 2995 783 3034 ex
842 2979 949 3033 Deo
1002 2979 1221 3049 quidem
1270 2995 1392 3034 esse
1442 2978 1708 3048 Spiritum
1747 2978 2042 3046 Apostolus
2108 2982 2109 2985 “

472 3078 657 3136 aperte
695 3068 1011 3137 praedicavit
1055 3069 1243 3123 dicens
1276 3087 1292 3121 :
1341 3069 1603 3134 Quom’mn
1652 3068 1910 3134 Spiritum
1947 3067 2045 3123 Dei

2140 599 2277 655 Cum
2312 602 2543 658 dixiss't
2575 603 2741 671 igitur
2772 620 2785 656 :
2823 622 2842 653 ι
2877 602 2996 658 Non
3026 604 3169 664 ideo.
3203 607 3330 674 quia
3367 622 3471 658 non
3503 623 3566 660 ex
3602 606 3726 661 Deo

2142 708 2241 764 per
2272 693 2466 763 Filium
2504 698 2595 757 sit,
2637 714 2654 748 ι
2688 697 2945 760 ostendit,
2974 699 3100 767 quia
3133 713 3197 751 ex
3240 697 3345 753 Deo
3378 713 3470 768 per
3504 699 3715 754 Filium

2138 794 2243 847 est.
2287 784 2501 841 duabus
2560 784 2949 853 uegationibus
3001 800 3101 854 pro
3173 800 3281 839 una
3352 786 3728 840 afl‘rmatione

2142 886 2322 932 utens.
2373 877 2544 941 Quem
2608 879 2772 947 igitur
2817 892 2940 937 esse
2986 892 3081 948 per
3109 875 3305 930 Filium
3362 876 3522 941 dixit,
3561 878 3721 931 hunc

2144 970 2307 1025 etiam
2344 986 2440 1039 per
2476 968 2671 1025 Filium
2723 986 2945 1024 manare
2987 969 3265 1032 iudicavit,
3306 984 3439 1032 esse,
3477 982 3564 1031 ac,
3602 985 3732 1022 nta-

2144 1078 2276 1122 nare
2306 1064 2361 1116 in
2392 1063 2714 1125 substantia,
2756 1060 3132 1116 indilierenter
3165 1074 3393 1129 ponens.

2215 1156 2348 1210 Nam
2375 1157 2444 1221 si,
2473 1168 2529 1209 tit
2553 1154 2771 1221 quidam
2798 1161 3009 1222 putant,
3041 1166 3277 1213 manare,
3322 1149 3729 1205 manifestatio—
3752 1150 3759 1153 “

2144 1263 2416 1318 netn,qua
2446 1248 2649 1302 mundo
2680 1244 3066 1299 manilestatus
3096 1250 3200 1306 est,
3232 1243 3431 1309 signat,
3457 1242 3723 1308 quoniam

2145 1341 2446 1396 secundum
2481 1340 2622 1393 hanc
2669 1338 2840 1398 magis
2867 1334 3063 1389 Filium
3106 1333 3342 1402 Spiritus
3370 1332 3720 1398 manifestat,

2145 1432 2245 1486 Ille
2270 1432 2436 1494 enim,
2487 1429 2685 1496 inquit,
2738 1443 2817 1480 me
2860 1425 3268 1494 clariﬁcabit';
3322 1424 3426 1478 erit
3474 1438 3603 1493 ξτες)
3659 1436 3723 1477 et

2144 1522 2318 1578 Filius
2356 1520 2590 1575 Verbum
2650 1520 2822 1573 sancti
2883 1515 3142 1586 Spiritus.
3193 1516 3261 1569 At
3319 1516 3370 1569 id
3418 1515 3724 1583 Gregorius

2143 1612 2426 1683 Nyssenus
2467 1610 2689 1681 negavit
2724 1609 2910 1664 dicens
2949 1624 2964 1662 :
3012 1626 3031 1658 ι
3078 1606 3250 1661 Filius
3282 1618 3465 1660 autem
3496 1617 3724 1662 sanctus

2143 1705 2380 1774 Spiritus
2412 1716 2588 1771 neque
2616 1709 2723 1764 est.
2759 1714 2935 1769 neque
2970 1699 3193 1761 dicitur,
3225 1712 3406 1767 neque
3445 1701 3725 1752 converti-

2142 1801 2232 1846 tur
2257 1791 2475 1845 habitus
2506 1790 2609 1844 ista
2633 1780 3082 1857 consequentia.»
3105 1786 3307 1855 Nempe
3337 1794 3520 1840 autem
3551 1788 3720 1851 sitne,

2143 1885 2224 1937 vel
2254 1898 2362 1938 non
2402 1883 2472 1936 sit
2501 1880 2673 1936 Filius
2700 1878 2934 1950 Spiritus
2968 1878 3143 1934 sancti
3182 1878 3553 1932 manifestatio
3580 1879 3719 1932 nihil

2136 1982 2313 2045 potest
2356 1972 2675 2038 ostendere;
2724 1971 2830 2025 nisi
2890 1985 3127 2034 manare,
3163 1969 3522 2023 substantiam
3578 1969 3720 2023 sim-

2136 2065 2349 2136 pliciter
2379 2062 2670 2132 signiticet,
2697 2062 2841 2116 sicut
2862 2076 2987 2116 esse
3012 2061 3202 2124 etiam,
3229 2060 3527 2115 secundum
3549 2076 3715 2129 quam

2139 2155 2346 2210 scilicet
2401 2152 2766 2207 substantiam
2803 2164 2899 2218 per
2954 2147 3157 2202 Filium
3213 2161 3337 2203 esse
3367 2163 3398 2201 a
3447 2148 3716 2215 theologis

2140 2243 2430 2299 asseritur.

2216 2337 2282 2390 Et
2317 2333 2402 2388 his
2434 2347 2564 2389 vero
2595 2329 3044 2387 illud‘conﬁeitur
3065 2338 3155 2395 ,et
3177 2328 3439 2399 Spiritum
3459 2337 3713 2382 sanetum

2143 2441 2251 2481 non
2284 2439 2408 2481 esse
2453 2424 2676 2487 Filium,
2723 2421 2925 2491 quippe
2971 2421 3335 2476 emanationis
3379 2420 3711 2480 differentia.
3752 2410 3757 2413 ⁷

2141 2517 2246 2572 hoc
2283 2524 2384 2578 est,
2431 2512 2630 2568 modus
2670 2513 2928 2566 dilIerens
2971 2525 3260 2581 processus
3310 2512 3531 2564 illorum
3580 2513 3717 2565 sub-

2141 2608 2376 2672 stantiae,
2430 2606 2732 2662 secundum
2786 2604 3101 2673 theologum
3153 2603 3517 2673 Gregorium,
3568 2604 3717 2656 hunc

2142 2701 2368 2765 Filium,
2401 2698 2551 2752 illum
2582 2697 2850 2767 Spiritum
2883 2704 3135 2751 sanctum
3158 2694 3417 2764 appellari
3444 2693 3587 2748 ferit.
3616 2693 3718 2747 llic

2142 2792 2288 2848 enim
2321 2806 2386 2845 ex
2439 2792 2599 2846 Patre
2630 2790 2750 2845 sine
2778 2790 2983 2867 medio,
3019 2789 3109 2843 ille
3143 2798 3351 2854 autem,
3386 2802 3482 2856 per
3516 2786 3713 2842 Filium

2144 2900 2265 2941 esse
2297 2885 2631 2954 perhibetur.
3284 2954 3287 2957 _

2216 2975 2414 3045 Liquet
2440 2985 2623 3029 autem
2658 2984 2711 3030 et
2745 2974 2872 3039 hoc,
2900 2973 3045 3044 quod
3070 2988 3300 3041 magnus
3330 2972 3562 3028 Basilius
3586 2987 3711 3025 cum

2144 3070 2263 3141 jure
2299 3085 2400 3126 suo
2433 3068 2721 3125 confutare
2747 3068 2961 3137 objecta
2995 3067 3260 3122 valuisset
3285 3067 3474 3121 dicens
3507 3082 3521 3119 :
3560 3083 3580 3116 ‹
3608 3063 3714 3129 Qui

469 3160 765 3227 accepimus
792 3160 838 3223 ⁸,
872 3175 1109 3230 eumque
1141 3177 1234 3230 per
1275 3160 1470 3215 Filium
1506 3177 1776 3224 manasse,
1806 3160 2034 3215 manile-
2060 3181 2105 3241 α
2150 3164 2312 3237 igitur
2357 3177 2531 3232 neque
2565 3179 2629 3216 ex
2669 3160 2828 3228 Filio,
2876 3176 3055 3231 neque
3085 3176 3182 3230 per
3214 3160 3409 3214 Filium
3452 3159 3715 3215 substan-

468 3259 611 3300 stum
647 3245 770 3302 l'ccit
805 3246 999 3325 Filius,
1035 3249 1296 3320 Spiritum
1352 3250 1526 3319 ipsum
1571 3250 1847 3319 appellans
1892 3250 2036 3305 sicut

468 3350 524 3393 et
567 3337 665 3392 Dei
728 3349 779 3393 et
812 3339 1016 3395 Christi
1064 3351 1294 3396 mentem
1342 3341 1654 3404 nominans,
1690 3340 1831 3396 sicut
1861 3349 1914 3395 et
1944 3340 2038 3395 Dei

469 3431 757 3502 Spiritum.
831 3434 951 3490 Filii
1022 3445 1206 3491 autem
1277 3435 1477 3492 Filium
1545 3436 1821 3507 appellare
1879 3445 2038 3491 caute

467 3517 777 3582 declinavit.
818 3545 836 3579 ι

538 3618 726 3688 itaque
762 3634 997 3688 magnus
1028 3617 1262 3674 Basilius
1286 3617 1408 3673 Filii
1438 3619 1655 3689 quidem
1680 3619 1872 3674 Filium
1914 3633 2037 3674 esse

470 3709 730 3780 Spiritum
767 3721 948 3782 negat,
978 3728 1042 3766 ex
1085 3711 1220 3766 Filio
1277 3722 1459 3766 autem
1517 3713 1633 3768 sive
1691 3727 1785 3782 per
1836 3709 2033 3765 Filium

468 3801 685 3868 prodire
712 3811 1013 3857 asseverat.
1045 3802 1200 3868 Quod
1244 3815 1427 3858 autem
1468 3819 1689 3858 manare
1718 3803 2037 3856 naturaliter

464 3896 744 3961 procedere
782 3896 1079 3966 signiticet,
1116 3914 1177 3952 ex
1212 3912 1279 3951 eo
1310 3895 1526 3966 quidem
1561 3895 1904 3949 manifestum
1934 3906 2036 3959 cst,

466 3988 610 4055 quod
652 4004 716 4041 eo
750 3989 916 4042 verbo
947 3990 1112 4044 etiam
1167 3989 1221 4041 in
1277 3989 1563 4041 nativitate
1621 3986 1744 4040 Filii
1800 3985 2037 4055 theologi

472 4087 722 4131 utuntur.
762 4076 1001 4132 Sanctus
1035 4079 1180 4132 enim
1214 4078 1472 4144 Cyrillus,
1510 4078 1563 4131 in
1596 4077 1757 4141 libro,
1779 4092 1938 4146 quem
1969 4076 2036 4130 ad

468 4167 820 4246 Valerianum
852 4170 1173 4240 episcopum
1207 4170 1453 4238 Scripsit,
1501 4188 1518 4219 ι
1548 4166 1805 4234 Sanctus,
1840 4169 2041 4239 inquit,

472 4277 567 4327 rer
603 4271 853 4314 naturam
895 4277 1020 4315 cum
1078 4261 1170 4325 sit,
1227 4261 1686 4330 quemadmodum
1755 4268 1806 4315 et
1857 4260 2038 4325 Pater,

476 4352 522 4406 is
571 4356 663 4420 qui
720 4368 783 4405 ex
832 4367 896 4406 eo
950 4352 1191 4407 manavit
1228 4352 1543 4420 unigenitus
1578 4351 1749 4408 Filius
1780 4367 1810 4406 a
1862 4352 2042 4414 Patre,

474 4445 848 4499 sanetilicatus
914 4445 1117 4500 dicitur
1193 4445 1494 4501 secundum
1576 4445 1721 4514 quod
1789 4446 2040 4516 apparuit

475 4538 658 4589 homo.
703 4554 722 4586 ι

537 4626 644 4682 Sed
679 4637 731 4680 et
768 4628 881 4696 ipse
912 4643 1131 4699 quoque
1167 4627 1400 4683 Basilius
1429 4629 1484 4683 in
1532 4629 1673 4684 libro
1709 4628 1780 4682 De
1836 4628 2044 4698 Spiritu

468 4726 685 4785 sancto,
756 4739 774 4769 ι
828 4718 1089 4789 Spiritus,
1150 4720 1347 4787 inquit,
1410 4720 1544 4773 nihil
1597 4720 1699 4775 sibi
1757 4721 2043 4789 quaesitum

469 4809 652 4876 habet,
686 4811 777 4866 sed
831 4821 1035 4864 aeterne
1068 4819 1260 4864 cuncta
1305 4811 1490 4875 habet,
1527 4819 1586 4864 ut
1636 4809 1873 4881 Spiritus
1924 4811 2040 4874 Dei,

470 4914 631 4973 atque
660 4921 723 4959 ex
779 4905 872 4959 illo
922 4919 1172 4958 manans.
1218 4924 1237 4956 ι
1300 4904 1541 4970 Mancre,
1595 4907 1776 4975 posuit
1814 4922 1911 4975 pro
1948 4923 2038 4971 eo,

469 4997 614 5066 quod
651 5007 914 5060 est,esse.
983 4995 1132 5050 Patet
1193 5007 1373 5050 autem
1431 5012 1494 5052 ex
1555 4996 2033 5066 praecedentibus:

476 5088 651 5142 cFilii
703 5090 873 5145 enim.
914 5087 1113 5156 inquit,
1163 5086 1427 5157 Spiritum
1483 5088 1659 5157 ipsum
1712 5088 2035 5153 nominavit,

468 5179 928 5248 quemadmodum
963 5187 1019 5234 et
1052 5179 1167 5244 Dei,
1199 5181 1387 5234 eodem
1423 5181 1581 5234 modo
1624 5195 1744 5234 esse
1773 5178 2034 5250 Spiritum

467 5270 592 5325 Filii
627 5269 916 5340 Spiritum,
950 5285 1059 5341 quo
1089 5272 1254 5326 etiam
1293 5280 1377 5326 est
1405 5271 1496 5325 Dei
1526 5281 1578 5325 et
1607 5270 1807 5327 Patris.
1854 5292 1870 5322 ι

540 5365 681 5420 Idem
717 5380 905 5419 rursus
948 5364 1000 5416 in
1034 5365 1264 5429 eisdem,
1297 5364 1563 5433 capitulo,
1598 5365 1744 5433 quod
1786 5365 2041 5421 inscribi-

470 5467 555 5510 tut‘
608 5473 622 5507 :
684 5456 793 5508 Cur
842 5471 944 5509 non
997 5469 1047 5509 et
1103 5455 1338 5524 Spiritus
1381 5454 1511 5508 Filii
1552 5452 1754 5515 Filius,
1811 5456 2034 5525 inquit:

474 5566 493 5599 ι
527 5548 644 5602 Non
683 5549 823 5611 ideo,
859 5550 988 5617 quia
1048 5563 1154 5599 uon
1189 5563 1250 5599 ex
1287 5545 1395 5599 Deo
1445 5562 1540 5614 per
1588 5543 1783 5598 Filium
1818 5547 1907 5610 sit,
1941 5555 2036 5599 sed

471 5657 538 5694 tte
568 5641 853 5695 Trinitatis
887 5638 1235 5694 existimetur
1284 5638 1493 5690 iuliuita
1547 5637 1840 5691 multitudo
1896 5638 2037 5692 liiios

544 5819 563 5848 ⁸
592 5797 748 5871 ﬂaui.
792 5831 908 5881 vtzt,
945 5815 1025 5868 ιδ.
1140 5815 1159 5846 "
1188 5811 1345 5866 Joan.
1390 5827 1501 5877 ενι,
1543 5811 1626 5866 Η.

2147 3257 2275 3310 tiam
2307 3255 2493 3321 habet,
2524 3252 2645 3308 Filii
2702 3250 2875 3308 Filius
2928 3251 3235 3307 existimari
3302 3251 3559 3319 credique
3603 3265 3716 3303 non

2147 3356 2362 3416 posset;
2405 3366 2422 3398 ›
2464 3346 2720 3415 quoniam
2747 3359 2811 3399 ea
2839 3343 3019 3412 potius
3051 3341 3327 3397 sententia
3354 3356 3452 3395 sua
3483 3349 3620 3411 erat,
3648 3354 3716 3393 ex

2146 3439 2306 3494 Patre
2361 3454 2456 3509 per
2506 3438 2700 3492 Filium
2758 3445 2922 3507 atque
2996 3450 3027 3489 a
3081 3434 3216 3488 Filio
3272 3448 3395 3487 esse
3451 3432 3715 3501 Spiritum

2144 3542 2418 3599 sanctum,
2436 3533 2483 3585 ci
2515 3541 2571 3584 ut
2591 3530 2908 3585 certissimae
2928 3542 2990 3581 ac
3015 3524 3378 3579 voracissima:
3404 3524 3667 3593 acquievit
3700 3540 3716 3588 ;

2147 3628 2381 3680 maxime
2399 3641 2520 3679 eum
2541 3624 2758 3688 dixerit,
2781 3624 2852 3676 ita
2876 3637 2997 3676 esse
3014 3619 3136 3673 Filii
3159 3618 3423 3688 Spiritum
3438 3632 3718 3678 sanctum,

2147 3719 2365 3773 sicutct
2392 3714 2587 3769 Patris.
2628 3713 2795 3782 Atqui
2855 3704 3029 3766 Patris
3067 3720 3185 3775 est,
3223 3708 3518 3762 secumlum
3569 3707 3716 3775 quod

2145 3830 2211 3867 ex
2230 3828 2293 3867 eo
2320 3820 2425 3867 est.
2463 3812 2528 3865 Et
2567 3807 2688 3862 Filii
2743 3808 2912 3877 igitur
2944 3806 3133 3861 eadem
3165 3806 3377 3858 ratione
3431 3811 3534 3867 est,
3575 3815 3720 3871 quo-

2146 3906 2293 3959 niam
2348 3904 2557 3958 scilicet
2617 3903 2685 3955 ah
2735 3902 2829 3955 illo
2889 3914 3011 3954 esse
3081 3900 3265 3964 habet,
3323 3912 3389 3951 ac
3448 3912 3544 3965 per
3590 3909 3719 3949 eum

2147 3996 2409 4066 procedit.

2220 4090 2365 4143 idem
2424 4096 2682 4158 prmterea
2739 4085 3011 4147 Basilius.
3073 4083 3338 4138 adversus
3393 4080 3722 4135 Eunomium

2149 4193 2421 4250 pugnsns,
2442 4186 2773 4231 asserentem
2792 4192 2855 4229 ex
2876 4176 2992 4229 solo
3006 4172 3141 4227 Filio
3160 4171 3421 4241 Spiritum
3444 4181 3721 4237 sanctum,

2150 4287 2272 4327 esse
2297 4268 2454 4339 quasi
2472 4277 2803 4330 creaturam,
2820 4267 2979 4321 sicuti
3005 4275 3059 4319 et
3084 4263 3278 4319 Filium
3305 4281 3370 4319 ex
3392 4263 3511 4317 solo
3539 4261 3721 4324 Patre,

2149 4372 2204 4416 et
2233 4361 2410 4430 ipsum
2444 4359 2600 4428 quasi
2646 4368 2952 4411 creaturam
2981 4373 2994 4409 :
3028 4369 3259 4424 arguere
3292 4353 3510 4423 quidem
3541 4352 3719 4417 illum,

2152 4453 2296 4523 quod
2320 4468 2427 4505 non
2452 4453 2519 4504 sit
2553 4466 2582 4503 a
2608 4448 2768 4512 Filio,
2794 4448 2938 4502 sicut
2962 4458 3214 4501 creatura
3251 4445 3465 4499 interim
3495 4444 3722 4510 Omittit,

2072 4533 2115 4588 υ
2148 4547 2305 4600 tertio
2366 4544 2418 4598 id
2475 4556 2762 4597 reservans
2793 4542 2973 4595 libro:
3041 4559 3057 4590 ι
3099 4541 3169 4593 De
3202 4540 3322 4604 hoc,
3352 4540 3553 4609 inquit,
3594 4555 3721 4593 cum

2145 4638 2264 4705 plus
2304 4636 2401 4695 otii
2471 4635 2658 4696 fuerit,
2718 4635 3034 4687 dicemus.»
3084 4633 3241 4687 Circa
3316 4632 3476 4687 liuent
3535 4646 3721 4684 autem

2143 4728 2367 4781 secundi
2396 4727 2520 4781 libri
2551 4740 2740 4781 contra
2768 4726 3120 4791 Eunomiunt,
3156 4726 3207 4779 itt
3234 4725 3387 4778 illum
3418 4725 3719 4779 invehens:

2148 4839 2164 4868 ι
2211 4820 2345 4872 Illud
2399 4828 2609 4882 autem,
2657 4818 2854 4888 inquit,
2900 4819 2986 4871 cui
3024 4834 3087 4871 ex
3122 4817 3381 4871 omnibus
3406 4816 3720 4871 .obseurum

2140 4927 2261 4965 esse
2289 4913 2479 4980 possit,
2510 4909 3072 4977 nullam_ellieicntiam
3098 4908 3216 4961 Filii
3249 4923 3277 4960 a
3313 4907 3472 4961 Patre
3494 4908 3676 4962 dirimi
3703 4926 3720 4963 :

2146 5002 2395 5069 nihilque
2423 5014 2546 5055 esse
2587 5000 2639 5053 in
2670 4999 2947 5064 omnibus,
2990 5000 3135 5068 quod
3174 4998 3303 5053 insit
3347 4997 3488 5052 Filio
3513 4999 3654 5067 quod
3689 5017 3720 5050 ει

2146 5093 2308 5147 Patre
2330 5092 2562 5144 alienum
2583 5091 2689 5145 sit?
2713 5089 2906 5144 Omnia
2935 5090 3102 5151 enim,
3121 5091 3217 5152 ait,
3252 5105 3390 5153 mea,
3433 5100 3524 5142 tua
3552 5098 3675 5142 sunt
3700 5107 3723 5155 ,-

2145 5194 2192 5236 ει
2233 5193 2345 5247 tua,
2367 5199 2483 5236 utea
2518 5193 2638 5238 sunt
2656 5182 2701 5235 ⁸.
2722 5181 3007 5248 Quomodo
3034 5169 3196 5254 igitur
3229 5182 3468 5251 Spiritus
3494 5198 3718 5237 causam

2146 5274 2247 5326 soli
2289 5272 2427 5328 Filio
2469 5273 2741 5344 assignat,
2791 5273 3075 5345 ipsiusque
3106 5284 3315 5328 natura:
3339 5277 3719 5345 praedicatum,

2146 5363 2310 5433 hujus
2377 5363 2576 5433 accipit
2647 5365 3032 5418 creationem?
3094 5364 3372 5433 Siquidem
3422 5380 3553 5435 ergo
3611 5366 3725 5420 duo

2145 5455 2408 5523 principia
2466 5456 2925 5511 subintroduceus
2977 5457 3078 5511 sibi
3133 5456 3365 5511 invicem
3422 5456 3722 5521 contraria,

2148 5548 2263 5598 hzec
2299 5550 2374 5599 ait
2413 5585 2428 5609 ,
2461 5563 2585 5602 cum
2620 5546 2919 5602 Manichwo
2956 5556 3011 5602 ct
3054 5547 3330 5602 Marcione
3381 5557 3724 5607 conteretur.

2145 5636 2239 5692 Sin
2278 5654 2407 5693 vero
2476 5655 2539 5695 ex
2570 5656 2678 5696 uno
2709 5655 2829 5710 quae
2856 5648 3004 5707 sunt,
3030 5641 3315 5710 suspendit
3339 5641 3544 5709 omnia,
3571 5644 3726 5712 quod

1742 5811 1762 5841 ⁸
1800 5810 1960 5865 Joan.
2001 5827 2136 5877 xvu,
2177 5811 2262 5867 10.
