4144 6296
309 342 390 402 (39
1435 337 1833 398 ADVERSUS
1878 337 2198 401 CILECOS
2244 344 2384 405 LIB.
2433 345 2509 406 II.
3515 353 3585 417 το

303 449 532 504 dicitur
578 464 608 502 a
666 447 810 502 Filio
867 447 1042 502 factus
1084 463 1224 510 esse,
1295 448 1359 501 ad
1402 452 1635 516 primam
1685 439 1908 502 causam
1944 455 1983 506 Α
2017 460 2183 519 atque
2224 469 2291 504 ou
2320 454 2450 506 nino
2485 469 2549 506 ex
2601 454 2687 507 illa
2730 455 2963 522 pendere
2996 469 3180 520 causa,
3221 456 3380 524 idque
3417 462 3583 509 rat'o-

304 537 653 590 relationem
695 538 878 590 habet.
907 539 1092 604 Itaque
1122 538 1222 590 etsi
1260 539 1446 591 omnia
1483 553 1574 604 per
1625 538 1819 591 Filium
1857 540 1909 592 in

302 641 452 682 esse
508 627 772 693 producta
839 628 1138 691 credimus,
1195 629 1436 680 omnium
1496 636 1676 680 tamen
1740 630 1908 683 Deum

309 730 558 768 causam
593 730 716 770 esse
747 732 852 770 non
891 717 1152 770 tollimus.
1199 735 1219 768 ι

394 809 462 860 In
507 808 590 862 his
637 810 718 861 vir
763 820 994 865 sanctus
1046 812 1377 865 Eunomium
1429 813 1692 883 exagitat.
1763 815 1905 883 quod

317 901 548 953 interim
583 916 611 954 a
648 901 804 955 Patre
837 918 946 955 nor.
987 903 1184 957 dixerit
1204 919 1324 958 esse
1345 903 1610 974 Spiritum
1635 916 1906 960 sanctum.

259 1047 264 1052 ,
320 990 428 1044 Sin
459 1008 587 1046 vero
627 992 770 1046 hunc
814 1009 920 1046 non
953 1007 982 1046 a
1027 992 1167 1048 Filio
1204 1010 1326 1048 esse
1370 997 1638 1056 crederet,
1673 998 1907 1052 Basilius

327 1083 554 1137 facilius
608 1084 725 1152 ejus
766 1084 1062 1151 objectioni
1117 1085 1394 1139 obviasset
1424 1086 1610 1140 dicens
1656 1104 1670 1140 :
1707 1107 1725 1138 ι
1757 1088 1906 1166 Quo-

321 1177 476 1227 niam
516 1175 731 1240 quidem
798 1192 826 1228 a
880 1175 1017 1229 Filio
1059 1177 1210 1229 nttlla
1257 1178 1504 1243 ratione,
1532 1194 1675 1242 esse,
1723 1180 1904 1245 habet,

320 1265 602 1332 quomodo
634 1267 926 1320 secundum
952 1277 999 1319 te
1029 1283 1091 1320 ex
1128 1269 1238 1319 solo
1272 1267 1547 1322 Filioest?
1581 1290 1599 1321 ι
1639 1271 1902 1326 Caeterum

319 1359 374 1409 id
417 1359 638 1426 quidetn
678 1375 783 1410 non
819 1359 975 1416 dixit,
1009 1361 1101 1412 St'd
1136 1378 1254 1412 cnut
1319 1377 1347 1413 a
1399 1361 1533 1414 Fdio
1566 1379 1714 1426 esse,
1777 1382 1899 1418 cum

320 1465 428 1516 pio
464 1465 730 1503 COIICCSSO
763 1453 1062 1517 posuisset,
1100 1451 1423 1507 Eunomiqu
1451 1457 1654 1525 arguit.
1699 1458 1841 1525 quod
1871 1475 1899 1510 a

322 1541 489 1594 Patre
523 1542 672 1594 illum
703 1557 822 1596 esse
857 1544 1103 1610 deneget.
1140 1545 1213 1598 Ac
1267 1547 1549 1615 deinceps,
1599 1565 1658 1602 se
1711 1560 1898 1604 contra

317 1649 451 1685 eum
488 1649 727 1696 armatis,
792 1633 870 1685 ait
909 1652 918 1683 :
962 1654 976 1683 i
1010 1636 1293 1699 Quorrodo
1326 1654 1452 1706 ergo
1499 1655 1606 1691 n-sn
1654 1652 1896 1709 apertum

321 1726 630 1792 perieulum
659 1734 758 1785 est.
803 1740 832 1778 a
882 1725 1038 1780 Patre
1091 1727 1350 1796 Spiritttm
1389 1730 1652 1794 dividere,
1695 1735 1744 1786 id
1792 1742 1896 1798 est,

2015 557 2136 606 nem
2165 543 2382 610 pii-tatis
2435 545 2697 597 tradere:
2756 546 3164 612 concordatque
3211 549 3314 599 sibi
3362 559 3584 601 sanctus

2009 634 2094 686 vir
2132 636 2183 687 iit
2224 635 2345 694 hoc,
2375 645 2537 702 atque
2576 636 2626 688 in
2661 636 2781 690 aliis
2813 636 3083 705 plerisque
3111 637 3264 690 locis.
3291 638 3363 690 Ex
3389 640 3584 702 quibus

2017 735 2261 780 constat.
2301 727 2562 794 Spiritum
2610 736 2858 780 sani-tum
2909 728 3127 780 relative
3161 727 3282 780 Filii
3319 729 3580 796 Spiritum

2012 816 2140 876 dici,
2171 827 2223 870 ct
2263 817 2520 886 Spiritum
2555 817 2780 882 Christi,
2816 827 2870 870 et
2906 818 3168 887 Spiritum
3215 823 3474 872 veritatis.

2082 908 2359 976 Nysseuus
2440 925 2658 978 quoque
2729 909 3026 978 Gregorius
3100 926 3263 979 super
3337 914 3582 965 oratione

2013 997 2318 1064 Dominica,
2383 1018 2400 1050 ι
2450 999 2803 1067 Uuigenitus,
2859 1002 3051 1071 inquit,
3139 1002 3309 1056 Filius
3355 1020 3382 1055 a
3425 1021 3576 1056 sacra

2010 1093 2289 1160 Scriptura
2339 1094 2670 1153 nominatur,
2717 1103 2876 1162 atque
2933 1096 3198 1147 hactenus
3252 1095 3396 1147 illius
3451 1110 3580 1160 pio-

2009 1186 2209 1250 prietas
2236 1185 2486 1239 traditur.
2526 1185 2764 1237 Sanctus
2794 1196 2972 1238 autem
3016 1187 3253 1254 Spiritus
3295 1202 3358 1237 ex
3424 1186 3580 1238 Patre

2009 1275 2226 1336 dicitur,
2288 1286 2450 1343 atque
2500 1291 2563 1328 ex
2641 1276 2776 1329 Filio
2848 1292 2968 1329 esse
3056 1291 3183 1328 vero
3265 1276 3577 1328 testimonio

2007 1366 2284 1419 asseritur.
2325 1385 2342 1416 ›
2382 1365 2438 1418 Si
2469 1369 2590 1434 quis
2621 1378 2824 1430 autem,
2875 1383 2957 1426 ex,
2999 1366 3439 1435 przepositiouem
3476 1368 3576 1420 hoc

2005 1455 2056 1507 in
2108 1455 2223 1508 loco
2251 1469 2282 1507 a
2319 1455 2645 1519 quibusdam
2683 1455 2949 1524 adjectam
2979 1465 3278 1517 asseverat,
3340 1455 3572 1521 trimum

2001 1548 2220 1615 quidem
2284 1547 2336 1598 in
2391 1548 2778 1601 vetustissimis
2827 1547 3228 1615 exemplaribus
3264 1549 3334 1598 ita
3386 1547 3573 1600 hateri

2004 1638 2296 1697 invenitur.
2329 1637 2412 1690 vel
2445 1638 2634 1690 saltem
2668 1639 2822 1692 locus
2857 1648 3106 1701 notatur;
3152 1638 3294 1690 unde
3317 1652 3573 1705 quotum-

2003 1726 2128 1779 dam
2162 1728 2325 1782 nimis
2363 1728 2730 1798 insipientium
2765 1729 3045 1782 hominum
3102 1729 3408 1782 temeritate
3453 1741 3575 1797 par-

314 1829 448 1866 cum
483 1829 587 1866 non
643 1828 764 1868 esse
811 1831 840 1868 a
873 1815 981 1868 Deo
1034 1828 1086 1869 ct
1145 1818 1320 1880 Patre,
1377 1823 1730 1883 contendere,
1765 1796 1889 1878 cum
1929 1796 1970 1851 Β
2003 1816 2165 1870 liCUIa
2197 1819 2285 1870 illa
2315 1796 2489 1872 deleta
2525 1818 2872 1886 petspiCilul‘.

317 1916 400 1958 tttt
420 1922 618 1975 umque
637 1907 797 1962 nobis
821 1909 1109 1975 Apostolus
1138 1911 1430 1978 coniuncte
1460 1915 1658 1970 tradat.
1677 1924 1728 1966 et
1756 1930 1900 1969 nunc

315 1998 570 2066 quidem.
596 1998 802 2052 Chﬁsti
829 1997 1090 2066 Spiritum
1115 2001 1281 2060 dicat,
1301 2017 1443 2055 nunc
1473 2013 1654 2057 autem
1686 2004 1796 2069 Dei,
1829 2007 1900 2059 ita

318 2091 610 2144 si-ribcus:
638 2089 696 2144 Si
725 2091 842 2159 quis
866 2101 1043 2143 autent
1075 2089 1332 2154 Spiritum
1363 2093 1564 2149 Clu-isti
1591 2114 1692 2150 non
1720 2099 1896 2161 liabet,

317 2183 408 2234 Ιιίι·
460 2199 560 2235 non
613 2194 688 2234 est
764 2182 876 2250 ejus
898 2184 938 2234 ⁵.
986 2182 1062 2236 Ac
1108 2198 1326 2237 rursum
1363 2188 1517 2240 :Nos
1564 2198 1738 2242 autem
1797 2206 1897 2244 non

313 2275 565 2326 sviritum
598 2274 754 2342 hujus
798 2276 980 2328 utendi
1017 2277 1338 2345 accepimus,
1395 2278 1486 2332 sed
1521 2279 1779 2346 Spiritum
1805 2283 1895 2351 qui

311 2379 382 2418 ex
429 2364 537 2416 Deo
560 2375 634 2416 est
669 2364 734 2418 ¹⁶.
771 2385 789 2415 s

394 2459 498 2512 Ubi
557 2458 890 2523 notandum,
951 2459 1076 2527 quia
1137 2461 1467 2515 Eunomium
1536 2463 1890 2528 iusimulaus,

311 2552 464 2619 quod
499 2566 605 2602 non
631 2551 792 2603 etiam
819 2566 847 2602 a
878 2549 1036 2605 Patre
1071 2549 1336 2621 Spiritttm
1370 2553 1598 2619 diceret,
1634 2555 1730 2611 sed
1757 2555 1896 2610 divi-

311 2645 473 2698 deret
506 2659 535 2696 a
597 2641 706 2696 Deo
763 2642 1050 2712 Spiritum,
1087 2645 1202 2714 ipse
1239 2646 1384 2714 quod
1445 2647 1774 2716 eettjunctus
1802 2650 1892 2713 sit,

313 2735 694 2787 testimonium
726 2749 792 2786 ex
831 2735 1090 2803 Apostolo
1114 2737 1442 2804 produceus,
1472 2735 1577 2789 Deo
1604 2751 1657 2790 et
1679 2737 1896 2791 Christo

269 2837 286 2847 ’
317 2826 659 2894 coniunctim
723 2828 983 2893 Spiritum
1050 2830 1442 2892 commendat,
1508 2829 1610 2881 hoc
1661 2839 1783 2887 est,
1831 2845 1892 2882 ex

316 2919 574 2985 utrisque
600 2931 740 2970 esse.
773 2915 930 2976 Nam,
982 2917 1026 2969 si
1085 2932 1113 2969 a
1172 2916 1280 2970 Deo
1323 2917 1512 2980 dividi,
1554 2917 1603 2970 id
1660 2926 1739 2971 est
1793 2933 1894 2969 non

317 3023 446 3060 esse
478 3023 504 3057 a
540 3006 667 3066 Deo,
736 3007 991 3077 conjungi
1027 3005 1135 3060 Deo
1170 3019 1221 3060 et
1254 3007 1494 3072 Christo,
1523 3011 1892 3077 constatquod

2080 1908 2302 1974 Deinde,
2328 1909 2467 1962 ttihil
2495 1910 2597 1963 sibi
2629 1909 2910 1962 insolitum
2954 1909 3092 1962 dixit
3127 1909 3206 1961 \‘ir
3261 1909 3381 1962 iste.
3419 1910 3572 1974 Quod

2004 1997 2152 2050 enim
2171 1999 2299 2050 alitii
2323 1999 2432 2052 ait:
2463 1998 2650 2052 «Aliud
2677 1998 2894 2068 quidem
2917 1999 3264 2052 continenter
3291 2014 3354 2051 ex
3376 2001 3568 2066 primo,

2005 2092 2148 2145 aliud
2176 2108 2303 2146 vero
2335 2107 2429 2162 per
2459 2092 2530 2157 id,
2556 2091 2701 2160 quod
2723 2106 2845 2146 esse
2869 2091 3210 2145 continenter
3231 2107 3293 2143 ex
3325 2091 3519 2159 primo,
3549 2109 3566 2140 ι

2003 2183 2105 2237 hoc
2139 2184 2214 2237 ait
2242 2195 2294 2237 et
2327 2184 2414 2236 hic
2448 2182 2860 2247 universaliter;
2884 2183 3084 2252 quippe
3114 2197 3298 2234 verum
3322 2190 3404 2235 est
3427 2183 3572 2250 quod

2000 2275 2356 2329 essentialiter
2375 2289 2469 2341 per
2491 2274 2708 2344 aliquod
2735 2275 3008 2342 procedat,
3028 2280 3081 2326 et
3102 2289 3193 2342 per
3220 2276 3393 2340 ipsum
3417 2274 3486 2326 sit
3508 2285 3574 2327 sc

2001 2365 2295 2434 peripsum
2328 2381 2620 2434 processus
2665 2366 2868 2434 proprii
2924 2365 3336 2418 substaiitiateiii
3377 2364 3483 2416 hab
3519 2376 3572 2417 at

2001 2457 2242 2519 modum,
2269 2457 2319 2511 id
2349 2458 2510 2511 etiam
2538 2473 2602 2510 ex
2635 2458 2752 2526 ipso
2784 2472 2923 2511 esse.
2961 2456 3073 2510 lmo
3097 2471 3336 2510 consona
3375 2455 3574 2507 BJsiIiU

1999 2545 2135 2599 dixit
2161 2563 2174 2600 :
2197 2547 2288 2600 Ille
2304 2548 2523 2617 quippe,
2545 2556 2603 2600 ut
2626 2562 2688 2601 ex
2722 2546 2994 2615 pra-dictis
3019 2555 3249 2611 constat,
3282 2545 3420 2614 quod
3447 2560 3545 2599 san

2000 2648 2117 2693 itus
2138 2640 2372 2706 Spiritus
2393 2637 2510 2692 Filii
2531 2638 2770 2708 Spiritus
2791 2638 3012 2702 dicitur,
3032 2638 3084 2691 in
3103 2638 3402 2692 substantia
3429 2639 3572 2690 illius

2001 2729 2286 2783 intellexit.
2325 2729 2482 2796 Quod
2534 2732 2677 2783 enim
2737 2729 2975 2798 Spiritus
3023 2728 3166 2793 Filii,
3227 2738 3281 2781 et
3333 2727 3570 2796 Spiritus

2000 2821 2110 2875 oris
2140 2820 2258 2889 ejus
2289 2820 2511 2884 dicitur,
2547 2821 2684 2873 idem
2715 2835 2834 2874 esse
2856 2821 2954 2880 ait,
2987 2834 3049 2873 ac
3085 2820 3128 2871 si
3161 2819 3464 2877 diceretur,
3503 2835 3570 2870 ex

2001 2914 2158 2966 Patre
2188 2913 2481 2980 procedere
2502 2928 2516 2974 ;
2539 2919 2700 2980 atque
2721 2927 2785 2964 ex
2818 2927 2905 2972 eo,
2941 2911 3086 2980 quod
3110 2911 3308 2963 dicitur
3340 2910 3574 2977 Spiritus

1998 3006 2143 3069 Filii,
2199 3004 2513 3075 ltttjusmodi
2573 3004 2637 3056 ad
2688 3018 2813 3056 cum
2853 3003 3236 3072 proprii-tatem
3296 3003 3571 3072 designari

317 3098 388 3150 ab
432 3097 564 3165 ipsis
612 3111 732 3150 esse
781 3097 1065 3166 significat.
1105 3095 1234 3166 Ejus
1276 3107 1453 3150 autent
1498 3098 1574 3152 rei
1634 3099 1892 3151 iudicium
1923 3122 1965 3179 ο
2001 3097 2498 3165 deﬁuivit,qua|em
2529 3093 2596 3148 ad
2633 3093 2846 3147 Patrem
2874 3109 2934 3146 ex
2975 3092 3317 3162 P.itrc,quod
3347 3095 3571 3160 dicitur,

317 3200 423 3254 est,
467 3191 610 3258 quod
668 3205 789 3242 cum
851 3189 1080 3244 dixisset
1137 3187 1424 3257 Spiritum,
1483 3205 1626 3244 nunc
1673 3189 1890 3257 quidem

316 3283 525 3334 Christi
561 3280 692 3346 diri,
744 3297 888 3334 nunc
923 3291 1102 3334 autrm
1137 3279 1252 3344 Dei,
1283 3297 1405 3334 eum
1452 3281 1766 3335 lCSlIlIiOuIU
1805 3283 1893 3333 tir—

320 3388 472 3425 utare
503 3372 680 3434 vellet,
719 3372 993 3440 quomodo
1021 3372 1090 3425 sit
1123 3372 1213 3426 Dei
1262 3375 1407 3426 :Nos
1460 3384 1654 3436 autem,
1691 3373 1890 3442 inquit,

321 3480 424 3516 non
449 3466 692 3529 spiritum
726 3465 882 3528 hujus
920 3465 1100 3516 mundi
1149 3466 1467 3532 accepimus,
1502 3466 1590 3518 sed
1627 3465 1890 3534 Spiritum

320 3555 411 3620 qui
445 3569 504 3604 ιη
559 3553 662 3606 ι)ρο
709 3561 831 3605 est:
887 3555 1043 3620 quasi
1097 3553 1433 3606 tantumdem
1471 3555 1644 3607 valeat
1692 3552 1894 3618 dicere,

325 3648 590 3715 Spiritum
634 3647 747 3713 Dei,
788 3658 840 3700 et
868 3647 1131 3715 Sp'ritum
1165 3648 1257 3714 qui
1295 3664 1356 3698 ex
1396 3646 1503 3700 Deo
1527 3657 1628 3699 est.

398 3738 534 3790 Cum
581 3739 744 3805 igitur
791 3738 1136 3806 exposuisset
1183 3738 1550 3792 testimonium
1587 3739 1732 3808 quod
1769 3753 1899 3791 ion-

317 3834 510 3898 juttcle
545 3830 760 3883 dicatur
789 3830 1026 3899 Spiritus
1054 3837 1300 3889 sanctus.
1331 3842 1382 3883 et
1432 3829 1668 3900 Spiritus
1702 3831 1817 3894 Dei,
1845 3839 1898 3884 ct

323 3922 436 3990 Spit
457 3923 562 3975 itus
579 3922 798 3984 Chrisi,
822 3923 1252 3991 Apostoluutque
1270 3923 1659 3978 introduxisset
1675 3933 1892 3986 testem,

321 4017 484 4066 etiam
512 4031 574 4066 ex
609 4014 895 4080 Evangelio
917 4014 1286 4068 testimonium
1313 4016 1496 4068 adhoc
1517 4018 1894 4079 assereudum,

326 4121 606 4157 assumere
651 4106 852 4168 voluit;
888 4121 951 4156 ac
999 4106 1257 4174 deinceps
1284 4106 1361 4158 ait
1397 4124 1407 4158 :
1469 4124 1485 4154 ι
1525 4104 1658 4157 Cum
1710 4116 1888 4158 autem

326 4198 468 4248 hunc
510 4194 772 4247 Dominus
797 4193 1060 4262 Spiritum
1097 4198 1337 4249 veritatis
1362 4197 1524 4258 dicat,
1552 4197 1664 4264 ipsi:
1699 4197 1897 4264 quippe

327 4296 412 4338 cst
466 4286 684 4349 veritas,
731 4294 783 4337 cl
826 4286 916 4352 qui
967 4301 994 4337 a
1035 4286 1189 4339 Patre
1245 4288 1502 4353 procedit.
1542 4307 1560 4337 ι
1621 4285 1718 4339 llic
1755 4288 1893 4339 idem

330 4393 522 4432 rursus
554 4379 826 4432 existimat
887 4378 1147 4445 Spiritum
1198 4378 1449 4430 veritatis
1499 4377 1628 4442 dici,
1673 4390 1835 4446 atque
1865 4393 1892 4430 a

2001 3188 2293 3258 procedere
2325 3186 2707 3251 commendat;
2742 3185 3099 3254 SllmCCl'Nltlt‘.
3139 3187 3234 3246 ait,
3264 3186 3407 3254 quod
3439 3188 3576 3239 dici-

1998 3291 2088 3334 tur
2116 3280 2354 3348 Spititus
2385 3278 2528 3343 Filii,
2565 3288 2619 3331 et
2659 3278 2896 3347 Spiritus
2921 3293 2971 3331 οι
2991 3280 3033 3330 is
3060 3279 3175 3347 ejus
3201 3280 3264 3330 ad
3295 3279 3574 3331 insinuau-

1998 3367 2126 3422 dum
2179 3367 2540 3422 substantiam
2597 3369 2810 3434 ipsius;
2887 3383 3064 3436 neque
3131 3375 3310 3421 minus
3366 3368 3572 3436 aliquid

1998 3460 2326 3528 signiﬁcare,
2370 3475 2493 3511 cum
2539 3457 2657 3510 Filii
2701 3458 2940 3526 Spiritus
2975 3460 3197 3518 dicitur.
3231 3475 3394 3528 quam
3446 3475 3569 3513 cum

2000 3565 2063 3601 es
2135 3548 2244 3601 Deo
2274 3565 2396 3601 esse
2449 3548 2598 3600 illum
2647 3550 2923 3603 audimus.
2981 3551 3073 3602 Ille
3121 3551 3286 3615 igitur
3345 3553 3447 3604 hoc
3501 3552 3572 3604 ita

2001 3642 2271 3709 exposuit.
2319 3640 2438 3692 Pari
2493 3650 2672 3693 autem
2734 3641 3085 3710 intelligentia
3151 3646 3201 3697 id
3261 3647 3463 3700 dictum
3522 3659 3575 3701 et

2005 3731 2278 3802 Nyssenus
2308 3733 2538 3801 accepit.
2574 3750 2590 3782 ι
2633 3732 2768 3796 Quia
2814 3733 2990 3792 enim,
3032 3733 3240 3801 inquit,
3280 3738 3574 3804 Apostolus

2002 3843 2121 3881 cum
2155 3825 2273 3879 Filii
2317 3825 2604 3894 Spiritum,
2637 3825 2780 3879 sicut
2815 3834 2866 3877 et
2901 3825 2988 3877 Dei
3019 3827 3341 3888 nominavit,
3371 3844 3570 3881 secun-

2002 3919 2128 3972 dum
2165 3918 2414 3972 euutdem
2447 3931 2648 3969 morem
2683 3927 2765 3970 est
2804 3916 3038 3985 Spiritus
3090 3916 3232 3981 Filii,
3267 3924 3569 3973 Secundum

2003 4021 2163 4073 qttent
2202 4014 2256 4058 et
2320 4005 2410 4057 Dei
2467 4014 2518 4057 et
2564 4003 2762 4059 Patris.
2812 4004 3011 4059 Verum
3066 4005 3157 4058 Dei
3191 4047 3203 4068 ,
3264 4019 3317 4062 rt
3399 4007 3574 4063 l’atris

2002 4102 2238 4169 Spiritus
2266 4101 2485 4162 dicitur,
2519 4101 2674 4168 quasi
2717 4115 2780 4152 ex
2829 4102 2949 4168 ipso
2981 4102 3273 4153 exsistcns.
3324 4100 3488 4170 Igitur
3521 4109 3576 4154 ct

2002 4191 2120 4244 Filii
2157 4193 2447 4259 Spiritum.
2489 4201 2546 4244 ut
2597 4193 2686 4260 qui
2725 4208 2788 4244 cx
2841 4194 2958 4261 ipso
3005 4195 3094 4255 sit,
3132 4204 3176 4245 ct
3212 4196 3276 4246 ah
3310 4195 3427 4261 ipso
3454 4210 3574 4248 esse

2003 4286 2216 4346 habeat,
2249 4287 2474 4351 acet-pit.
2505 4284 2622 4334 Non
2653 4299 2782 4351 ergo
2817 4299 2957 4337 nova
2994 4301 3168 4354 neque
3190 4286 3399 4338 insueta
3445 4301 3572 4339 νοω

2001 4389 2053 4430 et
2088 4376 2442 4444 intelligentia
2475 4376 2664 4426 beatus
2696 4376 2795 4426 iste
2843 4386 3073 4428 ttsttsest
3107 4391 3120 4427 :
3155 4378 3247 4429 sed
3273 4391 3336 4428 ex
3375 4376 3574 4429 divinis

327 4466 487 4522 Patre
538 4472 830 4538 procedere
861 4483 875 4531 ;
911 4469 1180 4536 pollicitus
1222 4470 1387 4531 eum,
1430 4468 1796 4521 testimonium
1837 4483 1894 4521 se
1931 4444 1972 4497 θ
2003 4467 2222 4522 Litteris
2249 4468 2536 4521 occasione
2566 4477 3189 4536 sumpta,consentaoca
3218 4468 3568 4538 maguol’alri

327 4557 622 4625 dicturum,
675 4563 817 4628 quod
848 4560 1136 4627 coujnni-tc
1178 4559 1419 4626 Spiritus
1456 4558 1544 4611 Dei
1595 4569 1642 4612 ct
1689 4558 1890 4611 Christi

325 4652 602 4703 diceretur
628 4669 644 4704 ι
675 4651 876 4705 Chriin
911 4653 1129 4720 quidem
1158 4665 1302 4713 esse,
1337 4667 1400 4703 ex
1428 4665 1512 4705 eo.
1547 4651 1688 4717 quod
1716 4650 1889 4718 διήςί-

329 4750 421 4791 tus
441 4741 683 4794 veritatis
699 4742 874 4794 dictus
896 4752 1008 4806 est;
1037 4742 1271 4794 ostendit
1295 4751 1471 4794 autem
1494 4739 1582 4794 Dei
1608 4757 1744 4804 esse,
1766 4743 1888 4809 quia

327 4829 576 4893 procedit
620 4844 648 4880 a
701 4829 899 4896 Patre;
957 4832 1212 4898 quoniam
1258 4831 1441 4901 igitur,
1489 4833 1631 4898 quod
1669 4831 1890 4896 dicitur,

329 4919 568 4988 Spiritus
601 4918 715 4982 Dei,
759 4930 814 4974 et
850 4922 1086 4990 Spiritus
1111 4924 1201 4993 qui
1241 4941 1304 4977 ex
1349 4928 1455 4977 lico
1496 4934 1599 4986 est,
1636 4935 1686 4976 i-t
1732 4925 1824 4993 qui
1864 4941 1891 4977 a

328 5011 489 5067 l'atre
513 5013 774 5082 procedit,
808 5027 1022 5066 causam
1047 5017 1338 5084 signiﬁcat,
1371 5023 1624 5085 quodque
1654 5017 1893 5085 Spiritus

331 5103 558 5167 Christi,
588 5113 642 5158 et
674 5103 913 5172 Spiritus
943 5103 1088 5169 Filii,
1119 5114 1170 5157 et
1211 5104 1446 5174 Spiritus
1491 5111 1736 5163 veritatis
1789 5118 1892 5171 est,

329 5202 381 5246 et
433 5197 652 5258 dicitur,
682 5185 902 5250 causam
945 5197 1199 5251 similiter
1244 5200 1504 5252 ostendit.
1553 5199 1674 5253 llaec
1724 5199 1893 5263 enim,

333 5290 390 5334 ut
426 5285 685 5352 magister
710 5285 823 5356 (28)
855 5287 1060 5352 docuit,
1088 5287 1332 5351 eamdem
1368 5290 1570 5342 habent
1600 5289 1704 5340 vim
1731 5288 1892 5354 ;ideo

2004 4562 2201 4615 Basilio
2243 4562 2458 4614 locutus
2485 4570 2586 4612 est.

2076 4654 2309 4708 Sanetus
2372 4668 2585 4722 quoque
2621 4653 2854 4724 Cyrillus
2883 4695 2896 4717 ,
2948 4669 3111 4721 super
3170 4653 3295 4706 illud
3341 4668 3572 4723 evange-

1999 4749 2200 4802 Itcum:
2230 4747 2401 4798 Alium
2427 4746 2763 4799 Paracle'um
2797 4747 2940 4798 dabit
2977 4747 3116 4798 rubis
3141 4747 3320 4807 “,ait:
3347 4765 3363 4796 (
3394 4748 3570 4799 Alium

1999 4839 2216 4908 quidem
2245 4835 2584 4889 l’aruclctuiu
2619 4838 2882 4903 Spiritum
2923 4847 3118 4903 vocat;
3161 4853 3264 4889 una
3297 4840 3490 4906 quippe
3518 4840 3570 4892 itt

2002 4934 2246 5000 utrisque
2277 4931 2590 4983 substantia.-
2625 4931 2784 4992 ratio,
2810 4947 2913 4983 uon
2949 4941 3106 4983 extra
3137 4930 3312 4999 ipsunt
3341 4947 3572 5000 ponens,

2001 5025 2092 5074 sed
2119 5021 2404 5073 alteritzitis
2437 5022 2658 5071 verbum
2684 5020 2733 5069 itt
2768 5035 2832 5070 co
2863 5019 3572 5087 solodans,quodSpiritus

2004 5117 2118 5182 ipsc
2169 5113 2383 5182 propria
2438 5113 2742 5166 sulrstantia
2794 5123 2961 5174 esset,
3019 5125 3180 5181 atque
3226 5113 3588 5168 subsisteret.'

1995 5204 2182 5273 Neque
2252 5204 2396 5256 enim
2453 5203 2628 5257 Filius
2687 5202 2922 5272 Spiritus
2973 5214 3076 5266 est,
3123 5204 3214 5255 sed
3264 5218 3385 5254 eum
3452 5219 3578 5261 iere

2001 5295 2327 5364 proprieque
2377 5295 2467 5358 sit,
2534 5306 2694 5362 atque
2750 5294 3035 5353 subsistat,
3095 5294 3216 5349 hoc,
3289 5288 3431 5353 quod
3492 5305 3586 5354 est

331 5373 491 5428 etiam
515 5377 648 5430 dixit
678 5376 936 5446 Spiritum
971 5389 1222 5434 sanctum
1277 5397 1304 5432 a
1346 5378 1484 5434 Filio
1515 5395 1636 5434 esse
1669 5379 1888 5444 habere,
1958 5377 1980 5404 '
2007 5389 2060 5437 in
2098 5385 2201 5447 tide
2249 5389 2651 5457 susdpiemus;
2687 5383 2924 5452 Spiritus
2963 5383 3106 5434 enim
3158 5384 3240 5427 est
3271 5374 3474 5434 Patri-5‘.
3523 5395 3594 5445 et

435 5552 451 5581 ³
491 5553 644 5608 Itoni.
684 5571 798 5621 \‘lll,
830 5557 880 5611 9.

965 5560 1005 5588 '°
1031 5557 1047 5610 I
1077 5558 1204 5613 Cor.
1241 5576 1298 5624 ll,
1327 5559 1412 5614 i2.
1494 5560 1532 5590 “
1571 5557 1723 5618 Joan.
1760 5579 1869 5626 xiv,
1907 5561 1990 5614 l6.

402 5735 514 5803 (es)
556 5733 611 5792 s.
651 5736 898 5796 Basilius.
