4064 6262
479 343 546 412 71
1734 292 2130 390 MANUtiLIs
2161 321 2464 384 camera

3659 308 3759 371 7?.

493 460 635 517 Filii.
675 476 695 511 ι
730 456 830 513 llic
850 452 1175 517 notandum,
1222 448 1363 521 quod
1393 446 1457 503 ad
1482 424 1905 510 ostendendum,
1933 440 2057 511 Spi-
2091 444 2131 501 Α
2161 438 2459 494 secundum
2494 435 2642 506 quod
2667 433 2898 489 invicem
2929 429 3242 521 differentes
3267 425 3706 521 sunt,_refertur
3734 442 3753 489 ;

483 558 649 609 ritum
676 558 923 607 sanctum
943 544 1375 603 substantialiter
1400 555 1541 605 esse,
1562 547 1725 607 atque
1754 536 2053 591 subsistere

484 645 609 709 hoc,
665 640 810 708 quod
864 648 969 701 est,
1013 638 1116 691 hoc
1150 642 1235 688 est
1293 647 1323 687 a
1380 630 1518 685 Filio
1553 630 1849 683 discretum
1907 639 2051 690 esse,

484 734 739 817 adjunxit
768 749 783 787 :
817 749 837 783 ι
876 730 1115 801 Spiritus
1149 727 1292 781 enim
1332 733 1416 779 est
1448 732 1501 777 et
1533 721 1728 787 Patris,
1756 730 1806 775 et
1837 718 1983 773 Filii.
2028 734 2047 769 ι

485 824 674 896 Itaque
723 812 863 879 ‘cum
923 821 1123 876 dicitur
1185 818 1427 887 Spiritus
1487 814 1634 879 Filii,
1674 812 2054 869 discretionem

485 920 777 988 quamdam
804 924 1019 985 oportet
1051 912 1373 980 intelligere,
1417 923 1528 963 non
1577 901 2061 963 consubstantiali-

414 1001 421 1009 ’
487 1022 675 1073 tatem,
706 1016 765 1062 ut
797 1007 1020 1077 quidam
1059 1005 1314 1059 dixerunt
1338 1019 1353 1069 ;
1376 1001 1499 1066 etsi,
1531 1014 1695 1069 quam
1721 995 1976 1057 maxime,
2003 1001 2060 1046 ut

487 1104 693 1157 dictum
725 1108 830 1163 est,
857 1098 983 1152 inde
1014 1094 1559 1151 consubstantialitas
1590 1090 1859 1161 sequitur.
1885 1085 2059 1143 Sicuti

489 1204 541 1247 et
566 1194 777 1246 aPatre
807 1189 1026 1258 quidem
1071 1185 1405 1251 discernitur
1438 1184 1693 1252 Spiritus,
1728 1182 1855 1250 quia
1891 1178 2063 1248 ipsius

489 1297 575 1342 est
614 1286 874 1355 Spiritus.
910 1291 1099 1353 utpote
1140 1283 1208 1336 ab
1243 1282 1362 1350 ipso
1394 1279 1689 1349 prodiens;
1723 1278 1841 1344 ipso
1882 1284 2061 1330 autem

495 1379 621 1442 hoc,
654 1376 978 1446 quodillius
1017 1382 1101 1429 est
1138 1372 1396 1441 Spiritus,
1430 1370 1674 1440 procedit
1701 1368 1769 1422 ab
1797 1368 1908 1429 illo,
1936 1382 2069 1422 con-

494 1467 986 1536 substantialisque
1014 1465 1094 1519 illi
1128 1472 1232 1528 est,
1267 1472 1321 1518 et
1345 1460 1384 1515 F
1388 1463 1514 1516 ilius
1544 1476 1574 1515 a
1598 1459 1755 1514 Patre
1781 1458 2070 1527 distingui-

494 1569 603 1621 tur,
634 1557 934 1613 secundum
958 1555 1105 1625 quod
1130 1552 1301 1608 Filius
1324 1560 1429 1612 est.
1455 1567 1519 1605 ac
1542 1550 1799 1605 discretio
1823 1548 2068 1618 quaedam

496 1648 742 1715 signatur
760 1662 824 1701 ex
844 1645 1098 1712 nomine;
1126 1659 1193 1700 eo
1219 1654 1400 1699 autem
1429 1644 1569 1713 ipso,
1596 1642 1740 1711 quod
1765 1639 1938 1694 Filius
1962 1646 2070 1704 est,

496 1740 723 1794 omnino
756 1739 919 1792 etiam
955 1734 1446 1792 consubstantialis
1479 1742 1587 1788 est.

2159 542 2338 595 neque
2372 527 2520 581 enim
2554 525 2620 579 ad
2649 523 2889 589 Patrem,
2916 520 3221 577 secundum
3252 518 3396 587 quod
3421 517 3582 572 Pater
3602 528 3705 573 est
3732 534 3751 572 :

2156 629 2305 676 esset
2340 619 2487 673 enim
2520 616 2760 686 Spiritus
2788 614 3000 680 Filius;
3040 626 3219 680 neque
3267 610 3334 665 ad
3381 608 3602 672 Filium,
3645 624 3761 663 se-

2158 710 2396 766 cundum
2437 710 2583 778 quod
2609 707 2780 763 Filius
2802 715 2887 761 est
2923 723 2938 762 :
2974 704 3042 759 ad
3073 702 3272 757 Filium
3304 702 3449 757 enim
3468 701 3547 755 sic
3571 699 3758 755 Pater

2160 800 2398 857 refertur
2430 800 2603 855 solus.
2634 797 2824 866 itaque
2870 795 3128 867 quoniam
3186 809 3352 847 unum
3393 791 3611 861 aliquod
3674 805 3758 844 ac

2159 888 2385 961 simplex
2416 903 2520 957 est,
2552 894 2608 947 in
2655 894 2817 949 Patre
2890 907 2953 945 ac
3004 886 3163 949 Filio,
3203 888 3268 942 ad
3312 887 3453 956 quod
3505 888 3759 940 refertur

2162 986 2421 1057 Spiritus,
2452 986 2667 1051 merito,
2694 996 2751 1040 et
2802 982 2962 1037 unica
2997 980 3261 1035 relatione
3299 978 3365 1033 ad
3414 991 3512 1032 eos
3542 975 3755 1031 referri

2159 1080 2428 1136 dicendus
2461 1091 2564 1134 est.

2231 1192 2458 1261 Insuper
2486 1190 2746 1261 quoniam
2778 1189 2920 1245 idem
2951 1198 3005 1245 et
3048 1202 3190 1242 unus
3232 1184 3471 1256 Spiritus
3512 1189 3757 1236 sanctus

2163 1285 2561 1347 indifferenter,
2583 1292 2637 1337 et
2689 1283 2809 1337 sine
2858 1282 3039 1352 aliqua
3082 1279 3408 1350 adjectionis
3450 1275 3755 1336 varietate.

2161 1375 2341 1431 Patris
2386 1390 2452 1431 ac
2545 1374 2665 1430 Filii
2720 1372 2957 1444 Spiritus
3002 1374 3222 1436 dicitur,
3258 1384 3480 1425 necesse
3508 1377 3611 1431 est,
3660 1382 3760 1420 se-

2164 1470 2402 1523 cundum
2438 1468 2691 1523 eumdem
2722 1466 2969 1529 modum,
3003 1466 3168 1521 etiam
3207 1465 3492 1519 amborum
3521 1460 3589 1516 sit
3616 1459 3755 1515 :sin

2168 1561 2324 1625 alias,
2360 1560 2481 1613 Filii
2507 1562 2571 1614 ad
2602 1557 2819 1614 Patrem
2853 1556 3197 1627 inzrqnalitas
3244 1554 3515 1623 sequitur,
3548 1549 3758 1607 simili-

2171 1652 2486 1720 tudinisque
2525 1648 2974 1705 incommutabile
2997 1648 3121 1701 hinc
3156 1646 3386 1700 tollitur.
3422 1641 3757 1698 Sieutenim

2165 1743 2458 1811 sapientia,
2510 1741 2752 1805 bonitas,
2803 1739 3015 1809 justitia
3044 1778 3059 1803 ,
3105 1736 3545 1805 conditionisque
3583 1733 3757 1795 ratio,

573 1827 636 1880 Et
666 1826 923 1896 quoniam
974 1824 1027 1877 in
1082 1823 1282 1878 divinis
1325 1820 1575 1891 personis
1627 1820 1890 1875 discretio
1929 1819 2066 1873 rcla-

2186 1836 2319 1890 Patri
2357 1834 2601 1903 Filioque
2622 1832 2938 1896 distributa,
2969 1831 3049 1885 eis
3080 1829 3292 1893 itidem,
3323 1837 3376 1883 et
3407 1829 3524 1883 sine
3566 1825 3762 1879 varie-

498 1921 699 1973 tiouem
739 1917 1040 1971 secundum
1091 1927 1313 1968 causam
1393 1912 1722 1981 causaleque
1780 1909 2070 1979 significat,

499 2009 645 2079 quod
709 2016 890 2061 autem
942 2006 1143 2061 dicitur
1191 2004 1316 2059 Filii
1375 2003 1633 2073 Spiritus,
1686 2002 2073 2057 discretionem

500 2099 745 2159 indicat,
784 2104 1020 2161 constat,
1055 2094 1183 2164 quia
1212 2110 1335 2150 cum
1365 2094 1595 2150 diciums
1634 2092 1895 2163 Spiritum
1928 2091 2072 2155 Filii,

504 2190 823 2244 relationem
858 2187 1157 2243 secundum
1188 2200 1433 2252 causam,
1464 2194 1629 2254 atque
1650 2186 1871 2240 causale
1890 2185 2075 2255 signa-

506 2296 650 2335 mus.
708 2281 1004 2334 Enimvero
1050 2279 1101 2331 id
1156 2277 1340 2332 dicere
1385 2292 1491 2331 non
1520 2292 1836 2346 possumus,
1880 2276 2077 2331 referri

504 2373 724 2443 quidem
759 2371 1022 2439 Spiritum
1052 2379 1302 2424 sanctum
1326 2367 1391 2422 ad
1414 2367 1630 2423 Patrem
1685 2377 1738 2422 et
1763 2368 1828 2422 ad
1860 2367 2077 2434 Filium,

508 2466 652 2520 idem
722 2478 869 2526 esse,
934 2462 1076 2531 quod
1149 2460 1511 2531 proprietates
1559 2459 1769 2516 habere.
1815 2458 2077 2528 Spiritum

507 2563 786 2619 sanctum,
838 2560 898 2608 ut
938 2552 1002 2607 ad
1060 2551 1210 2621 ipsos
1257 2549 1572 2606 diﬂere'nter
1629 2550 1932 2616 referatur;
1987 2560 2082 2605 aut

511 2646 778 2715 Spiritum
816 2642 1154 2699 diﬂ‘erentem
1187 2641 1501 2711 quempiam
1523 2655 1668 2707 esse,
1688 2655 1751 2695 ac
1770 2640 2079 2710 duplicem;

509 2743 604 2787 aut
641 2730 861 2794 Filium,
891 2745 996 2783 non
1045 2728 1348 2784 secundum
1392 2728 1715 2795 essentiam,
1765 2743 1933 2784 unum
1964 2742 2084 2783 esse

508 2840 634 2880 eum
660 2822 977 2889 Patre,qu:e
1004 2820 1344 2875 idcntitatem
1364 2819 1579 2875 Filiiad
1612 2819 1828 2875 Patrem
1862 2820 2083 2887 tollunt,

511 2929 793 2984 unumque
856 2928 921 2967 ac
973 2912 1276 2979 simplicem
1324 2910 1567 2981 Spiritus
1620 2912 1957 2981 processum,
1998 2928 2087 2967 se-

512 3005 749 3059 cundum
804 3018 965 3072 quem
1022 3002 1089 3056 ad
1115 3000 1330 3057 Patrem
1372 3012 1428 3056 et
1477 3002 1678 3059 Filium
1731 3004 1988 3067 refertur,
2020 3019 2087 3058 ex

517 3096 676 3150 Patre
710 3111 805 3164 per
838 3094 1033 3147 Filium
1062 3095 1386 3163 procedens,
1415 3109 1521 3149 una
1546 3094 1822 3150 auferunt.

590 3185 815 3247 Deinde,
865 3187 965 3240 etsi
995 3186 1167 3240 Filius
1197 3186 1262 3238 ad
1308 3184 1524 3240 Patrem
1596 3193 1646 3240 et
1693 3188 1759 3241 ad
1811 3186 2080 3256 Spiritum
2112 3198 2155 3258 δ

520 3281 771 3344 refertur,
804 3290 858 3334 et
902 3278 1061 3332 Pater
1105 3279 1288 3333 itidem
1322 3279 1388 3331 ad
1428 3276 1626 3332 Filium
1674 3286 1729 3332 et
1778 3276 2084 3346 Spiritum:

517 3370 611 3427 sed
643 3370 868 3425 omnino
902 3370 1212 3423 haereticum
1243 3378 1350 3434 est,
1378 3370 1545 3424 etiam
1564 3369 1631 3424 de
1666 3368 1871 3439 Spiritu
1898 3378 2090 3424 sancto

519 3463 665 3518 istud
712 3472 925 3531 putare,
981 3469 1039 3515 ut
1092 3463 1208 3530 ipse
1261 3478 1499 3531 quoque,
1557 3463 1771 3532 gemina
1826 3464 2090 3517 relatione

520 3551 732 3607 scilicet
788 3553 853 3604 ad
903 3549 1120 3605 Patrem
1169 3550 1477 3621 Filiumque
1506 3550 1794 3607 referatur.
1855 3551 2091 3622 Spiritus

452 3674 471 3677 -
519 3646 663 3696 enim
690 3640 990 3695 secundum
1042 3655 1204 3693 unam
1261 3655 1325 3694 ac
1351 3642 1524 3695 solam
1577 3640 1917 3709 personalem
1967 3656 2093 3710 pro-

520 3734 809 3803 prietatem
865 3748 1046 3794 suam,
1080 3748 1144 3787 ac
1190 3734 1493 3788 secundum
1524 3734 1673 3801 quod
1723 3732 1984 3801 Spiritus,
2025 3733 2091 3786 ad

520 3826 733 3879 Patrem
768 3823 1003 3878 refertur
1054 3833 1109 3878 et
1154 3821 1387 3878 Filium:
1436 3823 1597 3877 Pater
1625 3834 1807 3879 autem
1842 3835 1895 3879 et
1925 3824 2094 3878 Filius

521 3914 588 3967 ad
621 3917 850 3969 invicem
877 3913 1099 3983 quidem
1130 3924 1177 3967 et
1224 3914 1324 3983 ipsi
1375 3915 1757 3983 personalibus
1790 3914 2096 3983 proprieta-

523 4007 667 4061 tibus
692 4006 1023 4060 referuntur.
1064 4006 1142 4058 Ad
1164 4004 1426 4075 Spiritum
1459 4020 1608 4073 vero,
1636 4020 1743 4060 non
1767 4006 1870 4069 his,
1908 4022 2093 4060 rerum

521 4100 625 4151 alia
681 4098 965 4159 relatione,
1017 4112 1181 4165 quam
1233 4096 1610 4164 generationis
1658 4110 1723 4150 ac
1769 4095 2093 4157 nativitatis,

524 4187 902 4258 productionis
927 4185 1289 4258 [spirationis]
1322 4170 1555 4252 scilicet,
1585 4188 1884 4241 secundum
1906 4203 2094 4256 quam,

528 4296 699 4335 unum
736 4288 867 4333 sunt
901 4279 1064 4333 Pater
1108 4287 1161 4332 et
1206 4276 1415 4341 Filius;
1451 4278 1554 4333 etsi
1602 4278 1715 4333 suis
1760 4279 1827 4333 ad
1861 4278 2094 4334 invicem

529 4371 852 4426 differentiis
926 4371 1172 4425 discreti.
1234 4371 1410 4437 Nam,
1457 4372 1760 4426 secundum
1817 4372 1964 4440 quod
2011 4370 2099 4424 ille

526 4466 706 4529 Pater,
734 4465 823 4519 hic
859 4462 1027 4519 Filius
1055 4473 1157 4529 est,
1213 4463 1279 4518 ad
1340 4464 1576 4519 invicem
1609 4464 1782 4519 solum
1815 4464 2097 4519 dicuntur.

528 4556 716 4626 itaque
751 4556 861 4610 illic
896 4558 1112 4626 quidem
1144 4556 1224 4611 fas
1258 4565 1361 4621 est,
1408 4556 1708 4610 secundum
1756 4570 1923 4609 unum
1954 4555 2101 4609 scili-

528 4657 635 4710 cet,
665 4663 729 4701 ac
764 4647 943 4701 solum
980 4647 1154 4715 ipsius
1186 4647 1526 4716 personalem
1561 4660 1901 4715 processum,
1928 4644 2100 4713 Spiri-

529 4745 646 4789 tum
692 4745 943 4791 sanctum
979 4736 1046 4790 ad
1095 4734 1348 4800 Patrem,
1386 4751 1451 4789 ac
1506 4734 1702 4790 Filium
1749 4736 1985 4801 referre;
2045 4735 2099 4789 in

530 4831 687 4884 Patre
727 4844 852 4883 vero
874 4867 889 4893 ,
921 4828 989 4883 ad
1023 4828 1285 4897 Spiritum
1310 4839 1363 4881 et
1398 4827 1632 4881 Filium:
1684 4842 1749 4881 ac
1790 4842 2001 4891 rursus,
2048 4825 2101 4878 in

535 4921 673 4973 Filio
721 4922 785 4972 ad
850 4920 1072 4975 Patrem
1111 4928 1163 4974 ct
1226 4918 1487 4988 Spiritum
1549 4926 1825 4983 sanctum,
1877 4918 2104 4972 onutino

536 5010 875 5078 impossibile
900 5020 983 5063 est.
1013 5028 1026 5075 ;
1062 5024 1260 5078 nempe
1295 5011 1465 5075 enim,
1495 5011 1597 5064 etsi
1631 5009 1809 5063 Patris
1844 5025 2101 5076 persona,

536 5117 642 5154 una
708 5116 830 5154 cum
863 5102 933 5153 sit
979 5117 1040 5154 ac
1080 5102 1331 5169 simplex,
1367 5100 1433 5155 ad
1485 5100 1678 5154 Filium
1729 5116 1793 5155 ac
1842 5099 2101 5170 Spiritum

535 5176 791 5257 refertur,
820 5193 1000 5246 dicere
1047 5209 1363 5262 possumus,
1393 5194 1651 5261 quoniam
1695 5192 1853 5246 Pater
1882 5193 2100 5261 quidem

533 5287 599 5339 ad
627 5283 938 5339 differentes
970 5299 1233 5353 personas
1291 5284 1552 5353 Spiritqu
1590 5301 1652 5337 ac
1682 5283 1877 5336 Filium
1935 5286 2103 5338 refer-

2174 1934 2283 1980 tate
2313 1925 2638 1989 redduntur,
2657 1923 2889 1991 ideoque
2920 1936 3025 1975 una
3052 1920 3309 1986 essentia,
3337 1928 3390 1973 et
3422 1933 3524 1972 una
3551 1920 3757 1982 virtus,

2174 2028 2228 2074 et
2259 2034 2404 2074 unus
2437 2016 2577 2072 Deus
2614 2025 2702 2072 est
2732 2032 2748 2069 :
2788 2018 2860 2070 ita
2911 2024 2967 2069 et
3003 2015 3055 2068 in
3093 2014 3298 2083 Spiritu
3326 2020 3538 2075 sancto,
3568 2026 3764 2080 requa-

2175 2112 2341 2167 litatis
2386 2108 2528 2165 ratio
2575 2106 2892 2163 necessario
2931 2106 3175 2177 habenda
3201 2114 3302 2160 est.
3346 2104 3493 2158 Alias
3525 2105 3757 2173 quippe,

2176 2205 2316 2259 sicut
2340 2201 2393 2257 in
2429 2200 2559 2261 illis.
2599 2214 2721 2254 cum
2762 2213 2870 2253 non
2898 2196 3149 2252 similiter
3188 2195 3334 2250 Patri
3377 2195 3681 2249 redduntur
3699 2205 3763 2249 et

2177 2293 2359 2347 Filio:
2416 2290 2741 2354 diminutio,
2801 2288 3145 2356 varietasque
3202 2286 3455 2341 essentia:
3505 2283 3628 2339 Filii
3686 2286 3763 2340 ad

2179 2382 2415 2446 Patrem,
2446 2380 2712 2451 sequitur,
2744 2389 2800 2433 ut
2834 2380 3040 2435 dictum
3081 2389 3197 2443 est,
3231 2378 3531 2461 secundum
3577 2378 3763 2432 Aria-

2181 2490 2376 2531 norum
2404 2472 2825 2542 propositionem
2858 2491 2872 2527 :
2900 2469 3146 2541 profecto
3171 2478 3225 2524 et
3249 2469 3303 2523 in
3326 2479 3515 2523 sancto
3546 2467 3762 2537 Spiritu

2181 2581 2304 2622 cum
2332 2563 2598 2619 ambobus
2630 2563 2903 2626 similiter,
2940 2578 3003 2617 ac
3036 2562 3155 2617 sine
3199 2560 3303 2614 ulla
3340 2559 3599 2613 varietate
3634 2560 3765 2613 red-

2181 2657 2367 2719 datur,
2412 2656 2458 2712 si
2497 2671 2528 2710 a
2579 2654 2736 2709 nobis
2770 2653 3116 2709 dissimiliter
3199 2666 3264 2706 ac
3304 2651 3451 2704 varie
3489 2650 3762 2713 redditur,

2183 2749 2329 2804 idem
2370 2747 2680 2803 necessario
2726 2746 2996 2815 sequitur,
3028 2743 3309 2812 multoque
3354 2743 3443 2797 hic
3498 2742 3761 2812 amplius,

2184 2843 2446 2914 quoniam
2506 2852 2563 2896 et
2612 2840 2681 2896 de
2730 2837 3297 2896 consubstantialitate
3332 2835 3569 2907 Spiritus
3624 2834 3763 2906 ipsis

2185 2949 2367 2990 sermo
2388 2942 2491 2989 εει.

2262 3048 2318 3103 ld
2360 3056 2409 3101 et
2460 3045 2703 3114 magistri
2753 3042 3009 3100 Ecclesiae
3052 3052 3365 3098 senserunt.
3407 3043 3501 3097 Ait
3558 3041 3765 3112 quippe

2189 3139 2428 3211 Cyrillus
2476 3138 2853 3202 beatissimus,
2909 3150 3035 3189 cum
3092 3135 3224 3189 illud
3268 3143 3611 3203 exponeret:
3647 3133 3765 3201 Ego

2193 3230 2385 3301 rogabo
2414 3229 2651 3297 Patrem,
2682 3238 2729 3282 et
2765 3229 2931 3281 alium
2986 3226 3324 3280 Paracletum
3381 3226 3526 3279 dabit
3575 3225 3722 3279 vobis
3744 3240 3764 3277 :

2201 3344 2219 3376 ι
2259 3322 2349 3376 Dei
2395 3322 2540 3376 enim
2584 3329 2640 3375 et
2679 3316 2857 3374 Patris
2902 3319 3232 3373 naturalium
3270 3317 3541 3373 bonorum
3576 3331 3769 3372 essen-

2199 3411 2399 3467 tialiter
2443 3410 2622 3465 socius
2670 3424 3029 3478 consorsquc,
3088 3424 3214 3463 cum
3251 3408 3332 3462 sic
3368 3407 3557 3462 eodem
3601 3406 3769 3461 modo

2200 3503 2362 3557 habet
2390 3501 2674 3570 Spiritum,
2706 3516 2815 3572 quo
2844 3501 3046 3554 habere
3074 3515 3198 3553 cum
3228 3499 3389 3553 Pater
3422 3498 3768 3567 intelligitur,

2200 3611 2311 3650 non
2358 3596 2683 3661 inductum,
2742 3608 2920 3663 neque
2963 3595 3307 3649 extrinsecus
3363 3592 3659 3664 injectum,
3716 3592 3767 3645 id

2201 3691 2401 3761 quippe
2448 3690 2674 3754 sentire,
2720 3702 2948 3744 summat
2996 3688 3231 3742 vesania:
3283 3696 3404 3753 est;
3444 3685 3560 3750 sed,
3605 3683 3770 3739 sicuti

2203 3780 2579 3850 unusquisque
2608 3791 2855 3834 nostrum
2900 3780 3179 3849 proprium
3232 3779 3335 3833 sibi
3373 3779 3620 3832 continet
3656 3775 3772 3844 spi-

2204 3870 2390 3935 ritum,
2455 3882 2615 3941 atque
2661 3886 2724 3925 ex
2766 3871 2973 3927 intimis
3028 3873 3332 3927 visceribus
3386 3871 3452 3925 ad
3497 3869 3771 3924 exteriora

2205 3961 2502 4028 profundit.
2544 3962 2773 4031 Pr0pter
2818 3962 2923 4018 hoc
2960 3962 3137 4033 ipsuru
3185 3962 3421 4032 denique
3472 3961 3775 4017 iusuﬂlarit

2204 4053 2564 4122 corporaliter
2595 4052 2869 4121 Clirisms,
2898 4054 3217 4120 ostendens,
3248 4056 3505 4123 quoniam
3538 4054 3679 4108 sicut
3708 4069 3775 4107 ex

2208 4147 2445 4224 humano
2494 4160 2587 4200 ore
2643 4146 2885 4215 procedit
2949 4146 3306 4217 corporaliter
3360 4147 3628 4216 spiritus,
3694 4146 3769 4200 ita

2205 4248 2258 4291 ct
2295 4237 2351 4291 in
2398 4238 2580 4291 divina
2620 4238 2954 4303 substantia,
2988 4240 3080 4308 qui
3131 4255 3198 4292 ex
3240 4237 3357 4308 ipsa
3401 4246 3486 4293 est
3538 4237 3777 4307 Spiritus

2206 4328 2396 4385 deifice
2424 4329 2693 4401 digneque
2722 4327 3086 4399 profunditur.
3122 4349 3142 4383 ι

2278 4439 2423 4494 Idem
2464 4455 2654 4493 rursus
2694 4454 2816 4494 cum
2845 4440 2976 4494 illud
3009 4441 3381 4511 evangelicum
3431 4450 3731 4512 exponeret
3761 4459 3776 4495 :

2134 4560 2176 4616 ο
2210 4528 2279 4582 Et
2300 4530 2436 4583 Deus
2476 4541 2589 4583 erat
2639 4528 2886 4595 Verbum,
2953 4549 2971 4582 ι
3016 4530 3134 4585 Non
3169 4547 3318 4601 ergo.
3345 4533 3557 4602 inquit,
3599 4536 3780 4587 minor

2210 4630 2314 4688 est,
2348 4621 2442 4692 qui
2475 4622 2724 4676 eamdem
2760 4622 2923 4677 habet
2944 4621 3286 4677 efﬁcientiam
3319 4638 3482 4693 quam
3506 4623 3780 4694 perfectus

2210 4713 2391 4779 Pater,
2429 4713 2803 4782 genitorisque
2859 4712 3123 4782 Spiritum
3174 4715 3337 4769 habet
3371 4716 3652 4784 propriutn
3686 4731 3780 4769 na-

2214 4816 2349 4859 tura:
2381 4806 2586 4860 bonttm
2629 4805 2944 4875 vivumque,
2969 4814 3024 4861 et
3076 4806 3184 4861 sibi
3235 4806 3667 4862 substantialiter
3698 4807 3780 4860 in-

2212 4900 2400 4964 situm,
2442 4898 2902 4968 quemadmodqu
2938 4898 3191 4954 videlicet
3219 4909 3275 4953 et
3320 4899 3499 4955 Pater.
3544 4919 3563 4952 ι

2282 5015 2402 5082 llic,
2419 5016 2464 5069 si
2486 5031 2675 5072 rursus
2694 5016 2820 5086 quis
2853 5017 2991 5071 duos
3022 5030 3317 5084 processus
3349 5015 3523 5071 sancti
3544 5014 3781 5085 Spiritus

2213 5125 2440 5179 ponens,
2480 5123 2648 5161 unum
2682 5107 3092 5177 intemporalem
3129 5106 3401 5179 [ἄχρονον]
3432 5123 3495 5162 ac
3527 5109 3782 5162 substan-

2213 5203 2417 5266 tialem,
2477 5200 2834 5267 temporalem
2892 5203 3122 5254 alterum
3178 5215 3279 5255 nec
3340 5200 3781 5263 substantialem,

2211 5292 2360 5346 Patri
2394 5289 2616 5360 quidem
2648 5291 2840 5343 ambos
2867 5289 3128 5358 assignet,
3168 5289 3304 5343 Filio
3332 5304 3462 5343 vero
3484 5289 3781 5344 secundum

536 5388 645 5443 tur,
667 5379 964 5432 secundum
999 5383 1145 5446 quod
1178 5390 1304 5431 sunt
1334 5393 1580 5446 persona:
1611 5376 1949 5442 differentes,
1986 5378 2146 5432 idco‘
2217 5400 2283 5440 ac
2321 5384 2702 5454 temporalem,
2740 5382 3043 5436 secundum
3094 5397 3257 5451 quem
3303 5392 3358 5437 et
3405 5382 3544 5436 mitti
3583 5381 3782 5435 dicitur

536 5481 592 5523 et
618 5468 851 5523 refertur
875 5469 1192 5525 differenter
1213 5470 1325 5539 (29)
1352 5485 1367 5534 ;
1390 5468 1627 5538 Spiritus
1648 5477 1825 5522 autem
1862 5481 2105 5533 sanctus,

537 5562 640 5613 etsi
689 5562 757 5614 ad
816 5577 1080 5629 personas
1147 5560 1465 5615 differentes
1515 5560 1775 5624 refertur,
1833 5564 1927 5615 sed
1997 5579 2100 5616 non

2218 5477 2284 5529 ab
2319 5477 2464 5544 ipso,
2492 5488 2545 5530 et
2576 5477 2718 5539 dari,
2752 5484 2807 5529 et
2846 5475 3079 5542 infundi,
3107 5486 3159 5529 et
3184 5477 3228 5529 si
3257 5478 3386 5546 quid
3418 5475 3564 5531 aliud
3597 5474 3785 5544 hujus-

2220 5567 2365 5621 modi
2395 5568 2465 5621 de
2499 5578 2646 5621 tanta
2678 5583 2735 5623 re
2777 5568 2885 5622 dici
2918 5568 3334 5624 convenientius
3374 5576 3567 5639 potest.
3605 5565 3784 5621 Primo

613 5736 723 5809 (29)
751 5736 878 5806 Leg.
902 5737 1064 5807 Grcg.
1091 5740 1158 5795 de
1181 5737 1447 5802 Valentia,
1476 5746 1611 5792 tom.
1643 5738 1659 5788 l
1691 5736 1893 5793 Comm.
1924 5740 2062 5794 tlteo!
2094 5780 2108 5807 ,
2156 5740 2297 5797 disc.
2322 5742 2378 5807 2,
2409 5757 2465 5811 q.
2510 5744 2592 5799 l0.
2630 5761 2659 5808 ιι
2723 5748 2747 5781 ’T
