4144 6296
244 406 319 470 73

1334 395 1731 460 ADVERSUS
1768 391 2082 450 GRAECOS
2126 389 2271 447 LIB.
2319 387 2397 445 ll.
2804 451 2810 460 ι
3425 373 3495 430 Ἰ

252 530 474 600 quidem
510 527 560 581 id
601 526 772 594 legem
808 519 1031 576 ferentis
1061 525 1143 571 est
1170 514 1279 586 (50)
1303 534 1316 578 ς
1343 527 1519 579 neque
1550 510 1694 562 enim
1727 507 1827 558 ida
1857 505 1901 563 Α
1933 485 2155 557 etiamsi
2187 517 2291 554 non
2343 496 2676 566 intelligatur
2713 507 2830 544 esse
2877 489 3068 550 Pater;
3103 488 3283 541 omnia
3316 501 3494 600 alll('|ttl

251 634 531 690 quoquam
591 626 906 672 sanctorum
964 611 1170 666 dictum
1217 616 1325 670 est,
1386 614 1549 672 atque
1581 616 1687 653 una
1723 599 1826 651 hoc

255 715 437 783 ipsum
465 711 521 764 in
562 707 754 780 primis
787 713 892 771 est,
942 701 1087 773 quod
1130 698 1396 754 minorem
1428 695 1590 750 Patre
1631 690 1826 745 Filium

257 802 521 858 ostendit.

338 894 543 947 Deinde
611 906 720 944 non
757 887 960 943 dicitur
1015 889 1228 936 tantum
1267 897 1281 931 :
1314 875 1453 940 Quia
1504 887 1598 942 per
1649 871 1828 939 ipsum

265 985 517 1042 mittitur.
551 993 605 1035 et
633 980 796 1034 datur
820 995 836 1043 ;
861 975 976 1040 sed,
1010 973 1150 1041 Quia
1191 972 1362 1044 etiam
1387 963 1653 1035 procedit,
1687 960 1832 1029 quod

265 1075 509 1145 profecto
530 1072 946 1129 substantialem
1014 1065 1187 1120 sancti
1240 1061 1477 1127 Spiritus
1518 1067 1830 1125 processum

267 1168 466 1235 signat,
497 1168 587 1235 qui
615 1165 778 1220 etiam
822 1171 1068 1216 aeternus
1116 1165 1281 1223 atque
1311 1161 1437 1204 ante
1488 1147 1683 1201 sarcula
1715 1159 1833 1197 ere-

267 1258 432 1312 ditur.
489 1255 594 1310 Sed
629 1257 776 1310 enim
818 1254 928 1321 jam
984 1261 1149 1315 supra
1199 1241 1536 1297 declaratum
1571 1249 1676 1302 e5t,
1713 1251 1834 1303 quia

269 1349 504 1418 ineptiae,
529 1361 651 1416 quae
683 1344 908 1413 indigna
956 1335 1270 1407 huiusmodi
1318 1332 1568 1386 homines
1600 1342 1835 1396 sequan-

268 1449 382 1493 tur.
416 1439 618 1491 Praeter
648 1436 700 1488 id
730 1446 985 1501 namque,
1047 1427 1191 1498 quod
1238 1424 1377 1479 Filio
1417 1421 1648 1474 ministri
1684 1418 1833 1472 ordi-

275 1547 398 1585 irem
433 1531 730 1598 assignant,
760 1526 920 1579 etiam
950 1518 1251 1576 accidentia
1286 1515 1582 1572 secundum
1621 1522 1833 1580 tempus

273 1623 414 1676 Filio
441 1638 504 1678 ac
561 1617 806 1689 Spiritui,
852 1611 1430 1682 imperfectionemque
1483 1606 1645 1661 simul
1699 1605 1836 1657 assi-

275 1728 441 1781 gnare
473 1718 752 1779 cogentur.

343 1799 451 1854 Sed
481 1813 546 1853 ne
576 1798 629 1851 in
659 1797 753 1848 has
785 1806 960 1862 nugas
1007 1789 1348 1847 decidamus,
1410 1782 1700 1837 dicendum
1757 1790 1840 1834 est

262 1890 571 1946 secundum
630 1898 888 1954 magnum
942 1880 1206 1935 Basiliam
1241 1878 1394 1946 quia,
1427 1873 1572 1942 quod
1624 1889 1688 1926 ex
1727 1870 1839 1925 Deo

260 1979 537 2048 procedit,
567 1993 672 2030 non
703 1972 949 2042 procedit
979 1971 1034 2022 in
1069 1981 1336 2036 tempore,
1369 1963 1585 2047 etiamsi
1621 1963 1675 2015 in
1709 1972 1845 2014 tem-

268 2085 400 2139 pore
436 2069 556 2136 ejus
607 2063 845 2120 ellicacia
895 2067 1190 2129 appareat;
1219 2066 1272 2110 et.
1297 2054 1427 2123 quia
1455 2051 1753 2106 secundum
1794 2050 1842 2102 id

277 2157 498 2227 quidem
556 2152 704 2223 quod
743 2151 967 2210 dicitur,
1017 2162 1082 2201 ea:
1122 2161 1244 2214 quo,
1304 2143 1499 2196 unicus
1533 2155 1844 2210 processus,

275 2248 578 2302 secundum
611 2258 741 2299 vero
777 2241 830 2296 id
863 2238 1008 2310 quod
1042 2238 1268 2299 dicitur,
1306 2238 1358 2287 in
1397 2232 1556 2302 quod,
1595 2231 1844 2300 geminus

273 2353 400 2393 esse
466 2335 769 2392 secundum
835 2339 1082 2384 nostrum
1135 2326 1380 2379 habitum
1415 2322 1748 2393 agnoscitur.
1791 2331 1845 2374 ct

274 2443 508 2500 quaeque
535 2427 638 2482 alia
675 2439 835 2494 supra
864 2423 1006 2476 dicta
1041 2428 1187 2475 sunt.
1214 2417 1536 2486 Quanquam
1566 2429 1841 2483 nunquam

274 2537 305 2575 a
340 2519 483 2574 Filio
511 2519 756 2578 daretur,
799 2513 901 2568 nisi
936 2513 1005 2566 ab
1041 2511 1159 2580 ipso
1186 2519 1352 2564 esset.
1401 2526 1419 2560 ι
1457 2508 1498 2560 Α
1538 2521 1648 2575 quo
1673 2507 1845 2568 enim,

275 2613 353 2666 ait
411 2623 645 2679 magnus
693 2602 1048 2665 Athanasius,
1082 2600 1198 2655 dari
1237 2597 1526 2668 Oportebat
1558 2597 1844 2666 Spiritum,

277 2699 382 2752 nisi
415 2699 486 2751 ab
513 2712 600 2759 eo,
622 2695 781 2764 cujus
811 2690 923 2746 eat?
962 2709 980 2741 ι
1008 2689 1159 2743 Alias
1189 2688 1388 2757 quippe
1428 2687 1674 2740 minister
1702 2695 1850 2738 esset

277 2789 473 2844 Filius.
512 2787 576 2842 Et
607 2796 777 2849 certe,
833 2781 877 2836 si
918 2781 1155 2850 priorem
1199 2779 1353 2832 illum
1399 2777 1847 2832 substantialem-

277 2900 388 2954 que
413 2897 758 2953 processum,
803 2869 1104 2933 secundum
1139 2890 1301 2943 quem
1354 2873 1423 2927 ab
1470 2888 1534 2926 co
1581 2871 1850 2940 procedit,

281 2978 451 3030 Pater
509 2975 649 3042 apud
703 2971 943 3039 seipsum
987 2967 1146 3037 quasi
1204 2981 1313 3020 non
1339 2977 1682 3019 communem
1715 2960 1854 3013 Filio

281 3074 554 3127 servaret.
591 3062 978 3129 missionisque
1019 3056 1392 3111 tantummodo
1429 3053 1578 3108 illum
1604 3069 1850 3108 commu-

1929 594 2169 664 pert‘ecte
2201 596 2253 646 in
2289 592 2472 659 seipso
2526 587 2752 648 habens,
2786 601 2905 653 quae
2940 594 3064 636 sunt
3099 597 3343 652 persona:
3367 582 3497 632 sub-

1931 686 2143 739 stantia!
2179 683 2393 753 pr0pria
2420 693 2581 749 atque
2612 678 2904 746 praecipua.
2941 694 2957 724 ι

2002 777 2146 829 Idem
2179 790 2343 843 super
2365 772 2492 824 illud
2527 769 2710 823 :Sicut
2741 779 2793 820 tu
2817 785 2892 820 me
2923 768 3110 819 misisti
3146 768 3194 820 in
3217 769 3494 828 mundum,

1940 888 1959 920 ι
1990 869 2280 934 Quonimi,
2312 866 2596 932 inquit,t-x
2625 861 2804 922 Patre,
2833 870 2884 912 ct
2910 861 2960 911 in
2993 857 3172 917 Patre.
3205 858 3497 911 secundum

1935 971 2188 1014 naturam
2226 969 2310 1016 est
2341 957 2531 1015 Filius.
2593 956 2808 1008 fructus
2854 953 3126 1005 exsistens
3175 965 3334 1002 verus
3371 953 3504 1004 sub-

1936 1054 2151 1108 srantize
2183 1052 2373 1120 ipsius,
2412 1048 2585 1102 Patris
2619 1047 2900 1115 proprium
2957 1043 3219 1114 Spiritum
3262 1043 3363 1096 sibi
3408 1057 3503 1110 per

1937 1153 2182 1196 naturam
2214 1141 2448 1194 vindicat
2522 1158 2539 1188 ι

2007 1233 2110 1286 Sed
2171 1242 2223 1286 et
2274 1247 2499 1302 magnus
2557 1231 2788 1284 Basilius
2839 1229 2891 1281 in
2943 1228 3037 1280 lib.
3076 1226 3148 1280 De
3187 1226 3313 1294 ﬁde,
3347 1225 3506 1293 cujus

1938 1325 2150 1376 initium
2183 1334 2264 1376 est
2297 1342 2309 1375 :
2348 1324 2440 1376 Dei
2471 1324 2674 1391 quidem
2705 1320 2996 1372 meminisse
3021 1319 3245 1387 jugiter,
3294 1337 3311 1367 ε
3339 1316 3508 1368 Filius

1937 1414 2176 1481 quidem,
2221 1414 2421 1483 inquit.
2449 1423 2504 1466 ut
2545 1412 2736 1474 Filius,
2787 1412 3128 1472 naturaliter,
3168 1426 3286 1478 quae
3329 1409 3505 1461 Patris

1937 1515 2065 1558 sunt
2104 1506 2382 1574 possidet;
2424 1515 2481 1558 ut
2513 1515 2690 1558 autem
2725 1502 3048 1572 Unigenitus
3073 1541 3086 1564 ,
3123 1503 3306 1556 omnia
3344 1502 3506 1554 habet

1939 1595 1991 1647 in
2021 1599 2204 1665 sisipso
2231 1597 2486 1650 collecta.
2534 1616 2551 1647 ι

2013 1689 2070 1742 Si
2109 1705 2237 1758 ergo
2262 1691 2466 1750 omnia,
2499 1704 2618 1757 quae
2675 1687 2836 1741 habet
2867 1687 3024 1741 Pater
3065 1687 3204 1740 bona
3237 1685 3504 1754 praeripia

1941 1789 1994 1834 ct
2028 1783 2243 1849 propria
2276 1779 2469 1842 Patris,
2512 1790 2567 1833 ct
2595 1778 2763 1833 Filius
2793 1780 2977 1832 itidem
3003 1780 3182 1842 habet,
3205 1781 3508 1846 pra-cipuus

1945 1879 2124 1924 autem
2155 1880 2240 1924 est
2273 1871 2507 1939 Spiritus
2555 1873 2766 1935 vivens,
2819 1882 2873 1924 et
2908 1872 3341 1924 substantialiter
3380 1873 3510 1923 insi-

1947 1973 2055 2029 tus,
2089 1967 2240 2032 isque
2277 1965 2490 2032 proprie
2531 1962 2650 2015 Filii
2691 1973 2896 2016 natoue
2931 1963 3130 2016 bonum
3155 1977 3275 2017 esse
3303 1979 3330 2014 a
3363 1966 3513 2014 theo-

1946 2056 2084 2122 logis
2108 2058 2392 2119 aSSeritur,
2432 2057 2685 2124 quamvis
2709 2057 2872 2108 etiam
2915 2065 3109 2120 praeter
3143 2055 3358 2108 Patrem
3391 2070 3515 2109 esse

1946 2148 2142 2210 solum,
2177 2149 2357 2200 omnia
2387 2163 2505 2216 quae
2532 2147 2708 2201 Patris
2737 2163 2855 2199 sun'
2884 2145 3080 2200 Filium
3109 2145 3306 2200 habere
3328 2146 3511 2197 itidem

1947 2218 2313 2305 asseveratdr,
2342 2249 2556 2295 cenet-at
2584 2240 2827 2308 proiecto
2855 2241 2979 2309 quia
3011 2249 3060 2294 et
3082 2239 3198 2292 Filii
3230 2250 3306 2293 (Si
3344 2235 3515 2305 Spiri—

1947 2343 2034 2385 tus
2067 2339 2312 2395 sanctus,
2351 2333 2494 2386 sicut
2523 2342 2576 2386 et
2605 2331 2805 2396 Patris,
2835 2347 2897 2386 ac
2931 2332 3227 2386 secumlum
3261 2334 3510 2384 eumdem

1950 2423 2191 2477 modum.
2232 2423 2380 2478 Alias
2414 2425 2558 2478 enim
2592 2441 2803 2479 summa
2845 2425 2933 2479 illa
2971 2440 3092 2478 cum
3124 2427 3281 2480 Patre
3318 2425 3513 2478 identi-

1949 2527 2056 2570 tale
2087 2525 2138 2568 et
2173 2516 2717 2570 incommutabilitatc
2747 2515 2940 2570 Filium
2972 2516 3410 2571 ercltuleretnns.

2019 2607 2254 2673 Verum,
2285 2609 2385 2662 etsi
2417 2608 2661 2662 eamdem
2694 2611 3049 2662 substantiam
3097 2609 3255 2662 habet
3281 2620 3334 2661 et
3357 2609 3514 2663 Pater

1954 2709 2006 2750 et
2041 2696 2233 2760 Filius,
2267 2698 2408 2751 sicut
2441 2698 2494 2751 in
2525 2699 2707 2762 divina
2750 2699 2836 2750 illa
2871 2699 3387 2768 simplicissimaquc
3421 2718 3514 2753 na-

1953 2801 2073 2844 tura
2098 2791 2256 2858 digne
2283 2790 2484 2844 habere
2513 2791 2854 2858 intelligitur,
2877 2791 3119 2843 eamdem
3147 2801 3325 2844 tatnen
3363 2791 3518 2846 Pater

1955 2883 2026 2934 ita
2065 2879 2248 2942 habet,
2284 2890 2391 2932 uta
2426 2879 2574 2932 nullo
2601 2880 2898 2946 accepisse,
2932 2894 3051 2931 cum
3085 2879 3204 2932 sine
3233 2895 3397 2933 causa
3427 2885 3517 2941 sit,

1955 2968 2333 3038 intelligatur:
2370 2966 2541 3022 Filius
2577 2977 2753 3021 autem
2795 2971 3041 3022 eamdem
3074 2970 3143 3022 ita
3183 2971 3363 3035 habet,
3407 2983 3521 3027 uta

1956 3061 2113 3115 Patre
2172 3061 2479 3127 acceperit,
2542 3070 2601 3114 ut
2649 3076 2677 3113 a
2710 3075 2916 3123 causa,
2974 3059 3200 3130 Filiiquc
3256 3066 3519 3118 rationein

283 3158 453 3211 Ilione
505 3155 854 3223 dignaretur;
911 3166 975 3204 ει
1015 3163 1269 3204 mensura
1324 3159 1455 3216 ergo
1499 3145 1654 3198 (Ιπει
1691 3142 1922 3239 Pulcra
1957 3153 2226 3206 nascendo
2269 3152 2372 3206 sibi
2417 3152 2795 3206 vindicaverit.
2839 3153 3102 3206 Similiter
3147 3167 3328 3209 autem
3375 3156 3522 3210 etde

283 3246 424 3299 Filio
457 3245 740 3314 Spiritum,
792 3251 844 3297 et
889 3248 1123 3306 nonrut
1156 3237 1390 3308 Baptista
1437 3234 1606 3306 dixit,
1637 3250 1740 3287 non
1783 3233 1852 3285 ad

287 3353 595 3392 mensuram
629 3337 693 3390 ".

359 3430 634 3484 Praeterea
689 3427 959 3497 siquidem
1017 3424 1204 3479 missio
1237 3421 1386 3476 Patri
1421 3417 1670 3488 Filioque
1708 3432 1858 3472 corn-

285 3523 476 3576 munis
503 3522 592 3583 sit,
624 3521 903 3589 processio
961 3532 1090 3571 vero
1126 3531 1155 3570 a
1183 3515 1340 3568 Patre
1367 3515 1510 3576 solo,
1543 3526 1654 3564 non
1707 3525 1859 3562 coni-

288 3616 610 3671 mnnicantc
661 3615 765 3668 sibi
817 3613 975 3676 Filio,
1007 3611 1191 3665 omnia
1235 3609 1452 3676 quidem
1496 3605 1617 3657 Filii
1681 3605 1861 3657 Patris

286 3716 490 3769 erunt;
524 3701 636 3758 non
662 3713 841 3756 autem
873 3701 1052 3754 omnia
1101 3697 1275 3751 Patris
1304 3707 1357 3750 et
1396 3694 1541 3746 Filii.
1573 3691 1694 3746 Non
1733 3707 1864 3760 ergo

291 3811 490 3852 verum
545 3795 671 3858 erit,
719 3792 866 3862 quod
915 3806 944 3844 a
1006 3789 1233 3842 veritate
1298 3788 1413 3855 ipsa
1473 3785 1674 3839 dictum
1735 3792 1863 3838 est:

295 3887 497 3943 Omnia
528 3901 642 3938 mea
678 3895 769 3936 tua
818 3891 959 3946 sunt,
988 3893 1035 3933 et
1075 3889 1167 3932 tua
1223 3894 1337 3931 mea
1364 3885 1487 3930 sunt
1515 3877 1578 3928 ”.
1599 3875 1665 3930 Et
1695 3875 1860 3931 illud:

292 3979 516 4042 Omnia,
548 3991 665 4046 quia
690 3973 842 4027 habet
883 3970 1067 4037 Pater,
1100 3986 1213 4024 mea
1239 3979 1360 4024 sunt
1395 3967 1460 4033 ”,
1491 3967 1634 4037 quod
1667 3967 1861 4022 absur-

287 4071 580 4125 dissimum
611 4075 714 4130 est,
751 4074 1180 4130 sanctorumque
1211 4060 1494 4115 sententiis
1520 4059 1737 4127 penitus
1770 4057 1866 4111 ad-

289 4177 533 4218 versum.

363 4256 459 4307 Ait
497 4252 643 4306 enim
673 4249 909 4322 Cyrillus
937 4246 1291 4302 beatissimus
1331 4259 1494 4314 super
1524 4243 1652 4297 illud
1681 4261 1694 4295 :
1730 4241 1860 4296 Om-

291 4345 382 4395 nia
436 4359 554 4412 qua:
586 4341 734 4393 habet
775 4339 954 4402 Pater,
1012 4351 1125 4389 mea
1167 4344 1309 4388 sunt.
1361 4353 1377 4385 ι
1419 4332 1651 4388 Fructus
1698 4336 1864 4404 igitur

290 4444 345 4484 et
381 4433 554 4497 ﬁgura
586 4441 844 4498 expressa
891 4437 1128 4494 paterna:
1169 4424 1482 4478 substantiae
1532 4421 1700 4476 Filius
1739 4438 1861 4476 cum

1960 3241 2166 3311 Spiritu
2208 3243 2536 3310 dicendum,
2571 3246 2715 3315 quod
2750 3246 2993 3299 eamdem
3031 3262 3153 3299 cum
3191 3249 3299 3302 illis
3333 3249 3523 3302 habeat

1961 3336 2356 3401 subsrantiam,
2394 3354 2422 3392 a
2470 3337 2626 3392 Patre
2666 3340 2884 3407 quidem
2934 3338 3262 3408 procedens,
3310 3356 3339 3392 a
3389 3339 3526 3392 Filio

1961 3433 2140 3480 autem
2201 3430 2473 3497 accipiens
2521 3431 2910 3492 causabilitcr,
2960 3430 3062 3483 hoc
3109 3439 3191 3482 est
3240 3446 3526 3497 processus

1964 3518 2174 3571 ratione
2203 3536 2215 3571 :
2258 3522 2370 3573 sive
2397 3537 2460 3573 ex
2493 3519 2651 3573 Patre
2679 3517 2770 3588 μέν
2799 3521 2996 3574 Filium
3033 3525 3332 3576 secundum
3367 3540 3524 3576 suum

1966 3605 2377 3657 substantialem
2405 3622 2744 3681 processum,
2786 3611 3083 3662 secundum
3105 3626 3262 3664 ouem
3287 3626 3349 3666 ex
3372 3611 3528 3666 Patre

1967 3709 2088 3747 esse
2115 3708 2210 3762 per
2245 3692 2438 3746 Filium
2472 3680 2754 3748 asserilur.
3129 3680 3138 3686 ’
3311 3755 3315 3760 ,

2037 3783 2226 3840 Dicere
2266 3796 2484 3840 autem:
2522 3786 2576 3840 Si
2613 3789 2798 3842 omnia
2832 3788 3010 3845 Patris
3047 3791 3204 3846 habet
3238 3793 3438 3859 Filius,
3473 3806 3529 3848 ct

1967 3872 2135 3930 Filius
2169 3878 2480 3930 necessario
2515 3879 2624 3946 jam
2672 3879 2830 3934 Pater
2863 3895 2979 3946 cst;
3003 3883 3298 3940 ,Itominum
3333 3895 3413 3938 est
3439 3900 3531 3950 pa.

1966 3978 2086 4016 rum
2118 3965 2456 4019 considerate
2499 3969 2857 4037 loquentium,
2902 3972 3310 4042 Salvatorrsque
3341 3975 3529 4028 delen-

1967 4056 2100 4108 tium
2136 4072 2341 4121 vocem,
2369 4074 2429 4111 ac
2457 4077 2812 4127 personarum
2845 4065 3092 4118 ordinem
3125 4072 3349 4120 omnino
3377 4070 3427 4138 ig
3469 4083 3530 4122 o-

1966 4147 2226 4204 rantium.
2291 4148 2475 4218 Neque
2523 4156 2663 4206 enim
2715 4155 2824 4223 jam
2876 4167 3022 4210 esset
3077 4157 3248 4214 Filius
3315 4160 3530 4218 Filius.

1964 4252 2142 4306 neque
2187 4240 2342 4293 Pater
2383 4240 2556 4306 Pater,
2593 4246 2687 4298 sed
2752 4245 2906 4299 mista
2968 4250 3148 4302 omnia
3203 4260 3258 4302 ct
3300 4253 3529 4306 contusa

1966 4333 2610 4401 essent,proprietatibus
2686 4338 2932 4394 sublatis.
2956 4339 3222 4394 Caaterum
3285 4355 3531 4407 constat,

1969 4422 2199 4475 servatis
2235 4431 2444 4478 tantum
2481 4427 2921 4494 proprietatibus,
2947 4445 3066 4498 quin
3096 4447 3358 4499 personas
3389 4451 3534 4489 com-

292 4516 388 4584 sit,
427 4520 635 4584 omnia,
667 4535 786 4586 quae
813 4518 984 4586 ipsius
1015 4525 1142 4569 sunt
1173 4530 1269 4584 per
1309 4523 1582 4575 naturam,
1611 4514 1712 4569 sibi
1747 4514 1862 4568 vin-
1897 4499 1939 4551 ί)
1970 4513 2247 4572 mandant.
2291 4516 2496 4600 reliqua
2531 4520 2708 4572 omnia
2763 4536 2882 4574 esse
2917 4524 3249 4576 communia.
3287 4525 3532 4583 Namque

292 4613 476 4676 dicat;
511 4609 716 4662 idcirco
741 4610 818 4660 ait
855 4624 868 4659 :
906 4607 1118 4668 Omnia,
1169 4621 1289 4675 qua:
1319 4606 1470 4658 habet
1533 4605 1712 4666 Pater,
1750 4621 1864 4657 mea

292 4710 462 4764 sunt;
502 4699 615 4750 ideo
652 4699 765 4750 dixi
810 4698 973 4760 vobis,
1009 4697 1134 4764 quia
1160 4696 1224 4748 de
1267 4711 1377 4748 meo
1414 4696 1651 4762 accipiet,
1689 4706 1734 4748 et
1766 4711 1862 4747 an-

292 4789 573 4844 uuntiabit
633 4788 799 4851 vobis,
852 4788 1088 4854 Spiritus
1129 4787 1358 4853 scilicet,
1392 4789 1485 4855 qui
1549 4803 1641 4856 per
1689 4788 1866 4856 ipsum

288 4898 461 4953 atque
508 4881 560 4934 in
602 4883 718 4948 ipso
747 4889 850 4934 est.
890 4899 908 4931 ι

361 4975 433 5029 Ει
463 4972 614 5027 idem
648 4986 839 5025 rursus
869 4986 1032 5040 super
1053 4971 1184 5024 illud
1218 4990 1230 5026 :
1259 4970 1369 5023 Hoc
1388 4985 1497 5023 erat
1529 4972 1581 5024 in
1606 4973 1866 5040 principio

289 5065 439 5136 apud
477 5063 677 5122 Deum,
718 5082 735 5111 σ
772 5063 962 5125 Deum,
1009 5064 1206 5130 inquit,
1240 5077 1426 5116 verum
1475 5078 1537 5115 ex
1574 5063 1681 5116 Deo
1713 5063 1870 5116 Patre

291 5174 424 5212 vero
454 5156 712 5227 genitum
755 5157 994 5222 seipsum
1059 5153 1375 5222 Unigenitus
1413 5157 1706 5208 ostendens
1736 5157 1809 5207 ait
1853 5173 1865 5206 :

292 5250 520 5312 Omnia,
555 5262 669 5313 qua:
711 5245 864 5298 habet
919 5243 1104 5308 Pater,
1137 5261 1250 5297 mea
1297 5255 1454 5308 sunt;
1514 5232 1894 5314 omniumque

291 5341 700 5409 proprietatum
738 5353 858 5404 quae
891 5337 1032 5389 Patri
1077 5337 1260 5389 insunt
1289 5337 1608 5391 naturaliter
1641 5375 1655 5399 ,
1695 5339 1868 5390 haeres

287 5430 464 5485 Filius
488 5439 600 5492 est,
637 5437 693 5481 ut
719 5442 782 5481 ex
828 5430 946 5496 ipso
974 5431 1274 5484 secundum
1302 5437 1546 5481 naturam
1575 5429 1866 5491 exsiSIens,

400 5619 444 5647 "
480 5617 646 5668 Joan.
687 5630 766 5678 ut,
795 5614 883 5667 54.
1001 5614 1042 5644 ’³
1079 5613 1236 5668 Joan.
1277 5631 1405 5681 xvn,
1443 5613 1524 5668 l0.

1972 4604 2058 4658 hic
2094 4605 2273 4660 Patris
2328 4625 2390 4661 ac
2451 4611 2533 4662 sui
2581 4612 2906 4665 mentionem
2945 4615 3149 4669 faciens
3187 4615 3448 4672 Dominus
3480 4635 3534 4670 et.

1972 4695 2238 4758 omnium,
2270 4695 2460 4750 Omnia
2493 4700 2651 4763 enim,
2680 4701 2874 4770 inquit,
2903 4719 3020 4770 quer
3044 4703 3193 4756 habet
3229 4704 3389 4758 Pater
3419 4725 3534 4761 mea

1965 4797 2121 4847 sunt,
2158 4789 2244 4842 bis
2277 4791 2366 4858 qui
2400 4789 2721 4843 Trinitatem
2775 4803 2828 4844 et
2887 4795 3149 4847 unitatem
3181 4798 3530 4859 conlitentnr,

1966 4879 2215 4945 dicendo,
2250 4878 2428 4945 Pater,
2461 4895 2510 4935 et
2548 4883 2738 4948 Filius,
2770 4884 3148 4952 intelligendas
3176 4889 3534 4955 proprietates

1967 4970 2133 5031 dedit,
2160 4971 2656 5040 discretione-mque
2705 4988 3091 5041 personarum;
3119 4979 3295 5030 omnia
3357 4993 3530 5035 autem

1967 5060 2232 5123 dicendo,
2273 5075 2468 5116 cuncta
2516 5076 2724 5118 naturae
2774 5065 2913 5119 bona
2960 5084 3092 5141 qtth
3134 5069 3288 5125 Pater
3337 5073 3493 5130 habet
3523 5114 3535 5128 ε

1976 5165 2332 5222 praeterquam
2361 5171 2478 5209 esse
2506 5155 2717 5209 Patrem
2750 5158 2973 5228 intelligi
3007 5160 3196 5214 voluit.

2049 5247 2200 5303 Unde
2240 5263 2465 5315 magnos
2498 5265 2714 5318 quoque
2757 5249 2988 5304 Basilius
3020 5255 3070 5304 in
3115 5253 3252 5306 libro
3293 5253 3364 5302 De
3395 5253 3530 5315 βόε·

1984 5362 2000 5392 ι
2046 5341 2236 5395 Omnia
2272 5356 2392 5410 qua:
2425 5342 2578 5394 Pater
2615 5351 2696 5395 est
2727 5340 2894 5394 Filius
2935 5351 3037 5396 est.
3076 5344 3285 5396 Patrem
3322 5339 3431 5389 disi
3488 5345 3541 5383 rt

1982 5427 2205 5498 Filium,
2243 5435 2339 5486 has
2376 5434 2502 5486 milii
2544 5429 3350 5512 prtiprietates'scrw.Muneris
3378 5424 3538 5488 igitur

1604 5613 1644 5645 ”
1675 5613 1830 5668 Joan.
1877 5631 1960 5668 ιγι
2032 5615 2112 5668 l5.

285 5819 292 5830 .
363 5776 483 5849 (50)
526 5772 640 5827 lloc
669 5779 775 5836 est,
813 5771 952 5826 nihil
999 5773 1295 5840 probantis,
1330 5777 1419 5830 sed
1478 5785 1688 5829 tantum
1742 5790 1866 5827 eum
1907 5775 2234 5826 tt:tt:ttitilnlc
2277 5793 2299 5825 ς]
2341 5769 2662 5826 scvrratrtis.

631 5869 902 5927 Paa‘noc.
951 5869 1064 5927 (in.
1114 5867 1290 5928 CLll.

837 6018 860 6043 ο
