4064 6262
566 383 639 443 ’⁷5
1821 384 2217 446 MANUELIS
2256 384 2559 447 CA‘LECXE

3746 398 3817 457 τῦ

569 494 765 558 Filius,
797 494 966 550 Filius
1007 495 1188 550 omnia
1227 502 1345 561 est,
1386 511 1505 564 qum
1549 495 1742 563 Pater,
1782 498 1932 568 juxta
1969 501 2141 571 ipsius
2172 504 2215 557 Λ
2316 501 2391 557 Ex
2429 503 2512 555 his
2544 516 2673 571 ergo
2707 517 2828 571 qua:
2858 502 3115 568 diximus,
3144 511 3386 571 apparet.
3414 511 3466 559 et
3486 504 3665 573 ipsum
3693 504 3815 558 Filii

574 587 783 641 Domini
818 601 1005 643 vocem
1041 587 1314 645 dicentis:
1354 587 1580 651 Omnia,
1616 605 1733 655 qua:
1768 590 1921 644 habet
1958 589 2136 657 Pater,

572 696 686 733 mea
710 688 856 733 sunt.
883 678 958 733 lle
987 679 1132 734 enim
1163 696 1285 734 vera
1324 680 1580 751 imaginis
1614 691 1743 737 sunt
1776 682 1983 747 omnia,
2015 697 2139 752 quae

506 763 512 839 Ϊ
573 772 773 828 adsunt
804 772 1092 841 primitivm
1117 771 1324 827 format.
1377 792 1395 826 ι

642 861 839 915 Beatus
863 863 992 920 item
1025 862 1262 932 Cyrillus
1285 862 1337 917 in
1368 861 1611 919 secundo
1636 863 1702 917 ad
1727 863 2001 921 Hermiam
2023 863 2135 921 ait:

577 972 596 1004 ι
641 953 982 1008 Coaeternum
1042 952 1189 1009 Patri
1252 954 1528 1010 credimus
1585 955 1782 1012 Filium
1846 955 2139 1026 omniaque

570 1045 848 1113 aequaliter
873 1046 1187 1111 habentem,
1212 1055 1410 1114 praeter
1438 1045 1614 1101 solum
1639 1047 1885 1120 gignere.
1916 1064 1934 1099 ι
1961 1044 2138 1103 Idem-

566 1150 674 1204 que
704 1138 758 1192 in
796 1138 935 1192 libro
969 1152 1072 1193 suo
1104 1136 1179 1193 De
1216 1136 1504 1203 Trinitate,
1561 1157 1579 1189 ι
1624 1137 1681 1194 In
1721 1138 1858 1193 Filio
1883 1176 1899 1201 ,
1938 1138 2137 1208 inquit,

569 1229 872 1300 unigenito,
903 1245 998 1299 per
1026 1229 1208 1284 omnia
1238 1230 1401 1282 simili
1425 1227 1571 1283 Patri
1625 1238 1678 1284 et
1702 1228 1920 1301 aequali,
1945 1237 2140 1298 praeter

567 1323 619 1377 id
651 1321 855 1386 solum,
884 1321 1029 1391 quod
1061 1319 1223 1374 Pater
1254 1335 1360 1374 non
1396 1328 1502 1375 est.
1548 1338 1567 1372 ι

640 1412 809 1468 Divus
845 1413 971 1467 item
1024 1412 1453 1483 Chrysostomus
1497 1410 1551 1465 in
1599 1409 1820 1466 homilia
1868 1409 1936 1463 59
1975 1423 2139 1483 super

569 1506 863 1570 Joannem,
899 1519 1065 1574 super
1091 1504 1264 1560 illud:
1313 1501 1380 1557 Ut
1422 1518 1599 1559 omnes
1632 1503 1883 1558 honorent
1915 1499 2136 1566 Filium,

570 1601 705 1653 sicut
750 1599 1013 1652 honorant
1051 1607 1100 1651 et
1146 1594 1365 1650 Pdtrem
1394 1636 1410 1661 ,
1448 1614 1467 1647 t
1509 1595 1647 1651 Num
1683 1610 1834 1663 ergo.
1866 1595 2059 1666 inquit,
2087 1602 2141 1649 et

574 1693 786 1744 Patrem
829 1691 1006 1759 ipsum
1047 1687 1484 1758 appellabimus?
1530 1686 1708 1745 Absit.
1749 1686 1960 1743 Idcirco
1992 1685 2135 1743 enim

571 1784 706 1837 dixit
737 1781 957 1846 Filium,
989 1788 1051 1835 ut
1082 1786 1390 1834 manentem
1424 1775 1645 1843 Filium,
1678 1785 1737 1832 ut
1766 1776 2004 1839 Patrem,
2041 1776 2137 1831 IIO-

573 1890 853 1932 noremus.
872 1873 974 1939 Qui
1006 1880 1184 1927 autem
1228 1871 1406 1944 ipsum
1442 1870 1574 1927 dicit
1599 1868 1841 1934 Patrem,
1880 1884 1987 1924 non
2024 1867 2134 1938 jam

572 1979 630 2024 ut
673 1967 889 2023 Patrem
935 1964 1134 2020 Filium
1168 1963 1428 2029 honorat,
1460 1962 1553 2017 sed
1588 1961 1882 2032 permiscet
1919 1968 1974 2017 et
1999 1976 2134 2018 con~

572 2061 746 2114 tundit
776 2057 983 2113 omnia.
1022 2075 1040 2108 ι
1083 2057 1159 2110 Ac
1187 2063 1312 2125 post
1344 2053 1645 2123 pusillum:
1682 2072 1703 2105 ι
1742 2052 1899 2111 Dedit
1951 2062 2136 2107 autem

572 2129 775 2208 idcirco
823 2151 1062 2210 dictum,
1118 2161 1185 2203 ne
1231 2146 1532 2215 ingenitum
1588 2146 1765 2213 ipsum
1815 2143 2138 2213 suspiceris,

575 2251 751 2306 neque
789 2235 925 2301 duos
975 2233 1163 2289 Patres
1205 2246 1329 2287 esse
1370 2242 1546 2301 putes.
1592 2230 1786 2286 Omnia
1832 2234 1974 2287 enim
2016 2247 2138 2302 quae

576 2330 733 2382 Pater
774 2334 879 2392 est,
917 2324 1032 2380 haec
1069 2333 1124 2380 et
1170 2323 1350 2380 Filius
1379 2330 1498 2389 est,
1534 2321 1748 2391 genitus
1805 2331 1861 2379 et
1912 2337 2138 2381 manens

570 2418 761 2477 Filius.
812 2438 831 2471 ι

641 2510 831 2575 Porro,
868 2511 913 2564 si
942 2509 1065 2583 quis
1103 2507 1265 2563 etiam
1293 2506 1554 2581 Spiritum
1586 2517 1858 2577 sanctum,
1888 2506 2132 2576 ejusdem

568 2601 823 2656 cssentiae
854 2615 976 2654 eum
1004 2599 1164 2654 Patre
1196 2607 1250 2654 et
1276 2599 1416 2655 Filio
1438 2614 1561 2655 cum
1586 2600 1675 2665 sit,
1696 2609 1751 2656 et
1777 2598 1954 2670 ipsum
1979 2595 2135 2667 quasi

574 2691 882 2746 necessario
937 2706 996 2746 se
1046 2692 1348 2761 producere
1393 2692 1731 2759 subinferat,
1778 2690 1961 2747 audiet
2008 2689 2136 2744 hinc

571 2781 788 2852 quidem
837 2796 956 2836 esse
988 2781 1124 2836 nihil
1193 2782 1339 2850 quod
1379 2782 1558 2854 ipsum
1592 2786 1831 2853 selpsum
1867 2781 2132 2851 proferat,

573 2872 861 2939 ipsumque
903 2868 987 2927 sui
1031 2871 1206 2940 ipsius
1245 2885 1413 2928 causa
1460 2871 1566 2938 sit;
1601 2871 1726 2927 hinc
1770 2885 1899 2931 vero
1931 2869 2131 2927 nullam

569 2961 730 3015 aliam
755 2959 914 3015 nobis
940 2975 1227 3030 personam
1259 2970 1453 3034 praeter
1480 2970 1614 3027 tres,
1646 2963 1699 3018 in
1724 2962 1923 3020 divinis
1955 2961 2133 3017 tradi-

2241 605 2461 659 nomen,
2481 602 2537 647 et
2575 593 2807 650 multum
2833 594 3070 660 quidem,
3093 596 3158 646 ad
3180 594 3513 663 propositum
3538 596 3813 653 conferre.

2237 683 2422 756 Neque
2445 686 2590 740 enim
2624 683 2785 743 Pater
2820 664 2989 743 vertis
3044 685 3206 744 Pater
3233 702 3357 745 esse
3379 688 3675 753 diceretur,
3710 690 3812 743 nisi

2237 774 2477 845 seipsum
2506 776 2721 844 penitus
2777 778 3206 832 communicaret
3254 777 3420 843 Filio;
3447 793 3623 848 neque
3641 779 3812 836 Filius

2241 881 2405 921 verus
2434 877 2580 920 esset
2619 865 2811 929 Filius,
2835 869 2940 927 nisi
2960 867 3138 929 Patris
3162 872 3344 928 omnia
3381 870 3603 927 haberet
3642 873 3699 929 in
3728 887 3812 926 se-

2237 956 2392 1025 ipso;
2417 957 2509 1012 Sed
2540 973 2716 1027 neque
2741 968 2887 1014 esset
2912 960 3381 1019 incommutabilis
3407 962 3584 1031 imago
3607 961 3809 1028 Patris,

2238 1048 2285 1106 si
2318 1047 2409 1105 illo
2455 1048 2631 1106 minor
2665 1058 2990 1118 appareret;
3038 1065 3214 1119 neque
3257 1051 3496 1121 sigillum
3540 1053 3811 1111 uniforme

2241 1141 2596 1210 essetvquod
2632 1142 2687 1196 in
2723 1157 2783 1199 se
2825 1142 3063 1203 ostendit
3095 1142 3315 1201 Patrem
3354 1144 3510 1213 juxta
3550 1160 3807 1215 magnum

2240 1231 2536 1294 Basilium:
2565 1252 2583 1285 ι
2613 1233 2865 1302 imaginis
2887 1235 3086 1304 quippe
3102 1244 3228 1293 sunt
3247 1235 3452 1302 omnia,
3471 1251 3809 1307 quat-cunque

2239 1320 2424 1380 insunt
2451 1322 2738 1395 primitivaz
2761 1321 2971 1392 format,
3009 1341 3027 1375 ι
3059 1333 3118 1378 ut
3144 1326 3259 1393 ipse
3284 1326 3396 1391 ait;
3424 1335 3479 1381 et
3505 1326 3649 1383 sicut
3675 1327 3808 1382 Gre-

2239 1413 2424 1480 gorius
2442 1410 2749 1484 Theologus
2769 1414 2821 1469 in
2836 1416 3182 1475 sermonibus
3196 1417 3263 1477 de
3276 1416 3416 1473 Filio
3435 1417 3489 1477 di
3501 1419 3575 1472 vit
3599 1437 3613 1471 :
3639 1437 3659 1473 ς
3687 1418 3806 1477 llaec

2237 1505 2382 1559 cnim
2427 1506 2679 1575 imaginis
2713 1518 2907 1567 natura
2938 1517 3051 1574 est,
3100 1510 3463 1567 imitationem
3497 1526 3618 1571 esse
3648 1513 3803 1580 primi

2238 1595 2605 1663 exemplaris,
2640 1597 2894 1667 idemque
2923 1612 3046 1660 esse
3083 1601 3289 1672 potius,
3320 1615 3482 1670 quam
3510 1602 3802 1661 assimula-
3856 1662 3861 1671 ν

2240 1685 2444 1738 tionem
2472 1724 2486 1744 ,
2530 1701 2597 1740 ne
2629 1687 2703 1741 sit
2738 1688 2789 1740 in
2822 1688 2933 1742 alio
2967 1690 3186 1753 similis,
3218 1691 3272 1743 in
3303 1691 3411 1749 alio
3444 1690 3745 1749 dissimilis.
3781 1713 3797 1741 ι

2236 1777 2302 1830 Et
2324 1775 2558 1846 adjecit:
2585 1795 2603 1828 ‹
2633 1775 2732 1835 ilic
2763 1790 2945 1837 autem
2974 1794 3039 1835 eo
3065 1781 3226 1834 etiam
3257 1782 3447 1851 magis,
3478 1796 3588 1850 quo
3620 1781 3799 1837 vivens

2235 1866 2454 1922 viventis
2476 1878 2552 1921 est
2586 1869 2783 1938 imago.
2827 1887 2846 1921 ι
2879 1868 2986 1927 Sed
3026 1885 3204 1940 neque
3234 1870 3485 1929 Christus
3521 1887 3646 1927 vera
3677 1887 3801 1940 pru-

2235 1962 2458 2011 sccutus
2489 1966 2638 2015 esset
2662 1957 2729 2015 de
2769 1957 2954 2028 seipse
3007 1957 3197 2017 dicens
3224 1961 3433 2026 omnia,
3468 1975 3589 2028 quae
3628 1960 3667 2014 Ρ
3705 1972 3798 2015 tris

2235 2054 2456 2111 essent,
2504 2061 2563 2105 se
2608 2046 2842 2116 habere;
2890 2049 3056 2109 habet
3095 2059 3275 2111 autem
3316 2049 3473 2106 Pater
3523 2054 3796 2122 propriqu

2238 2146 2446 2192 naturai
2468 2152 2581 2193 suae
2609 2138 2834 2205 bonum,
2861 2138 3121 2210 Spiritum
3147 2153 3422 2202 sanctum.
3446 2141 3510 2198 Et
3534 2144 3793 2212 quoniam

2236 2243 2398 2283 unam
2424 2232 2780 2301 eamdemque
2829 2243 3078 2294 naturam
3109 2233 3277 2293 Filius
3306 2252 3373 2293 ex
3399 2236 3558 2295 Patre
3580 2237 3794 2307 genitus

2236 2319 2400 2374 etiam
2435 2334 2559 2377 cum
2600 2321 2757 2381 Patre
2787 2323 2971 2391 habet,
3003 2325 3127 2393 quis
3156 2326 3352 2383 audeat
3384 2329 3484 2383 hac
3512 2329 3792 2397 praeditum

2237 2410 2435 2469 Filium
2468 2427 2717 2469 asserere
2735 2423 3088 2482 paternorum
3107 2418 3377 2473 bonorum
3399 2420 3520 2493 aliis
3541 2420 3794 2489 gaudere.

2239 2504 2361 2559 aliis
2382 2504 2627 2574 privari?
2654 2507 2831 2576 Atque
2862 2507 2989 2564 hinc
3018 2510 3288 2573 omnium,
3317 2510 3459 2579 quod
3483 2510 3685 2567 dicitur
3710 2516 3795 2567 de-

2238 2595 2535 2650 ﬁnitibnem
2574 2595 2789 2662 tollere,
2835 2597 3254 2657 cum-Dominus
3300 2600 3476 2657 Patris
3520 2600 3706 2654 omnia
3740 2613 3794 2655 se

2237 2687 2436 2747 haltere
2467 2686 2703 2743 dixerit?
2731 2685 2996 2745 Praeterea
3024 2688 3231 2745 dictum
3257 2699 3379 2748 est:
3410 2689 3515 2756 Qui
3538 2691 3670 2746 videt
3698 2704 3791 2756 nis,

2235 2777 2370 2833 videt
2406 2786 2454 2829 et
2491 2774 2703 2830 Patrem
2735 2776 2797 2833 ¹⁸.
2838 2776 2992 2840 Quod
3023 2788 3204 2835 autem
3237 2779 3470 2845 dicitur,
3507 2780 3666 2845 videt,
3697 2792 3792 2849 pro
3836 2774 3855 2779 "

2235 2882 2300 2922 eo
2324 2865 2559 2937 positum
2579 2873 2684 2931 est,
2702 2866 2847 2936 quod
2870 2874 2975 2931 est,
2998 2865 3271 2937 intelligit,
3300 2866 3373 2922 ita
3395 2867 3791 2939 exponentihus

2237 2958 2509 3014 Patribus.

572 3065 704 3119 tam,
749 3062 800 3106 ut
850 3052 995 3106 illam
1038 3052 1304 3122 producat
1355 3051 1614 3123 Spiritus.
1660 3052 1854 3124 Itaque
1905 3038 2200 3122 cogeturC
2305 3046 2367 3101 Et
2409 3047 2534 3109 hinc.
2581 3049 2764 3117 itaque
2813 3057 3066 3115 constat,
3108 3049 3254 3118 quod
3302 3048 3395 3119 qui
3436 3046 3636 3107 Filium
3680 3049 3795 3107 sine

570 3159 863 3213 personam
898 3143 1087 3211 aliam,
1114 3159 1237 3214 quae
1262 3144 1611 3214 producatur,
1640 3144 1908 3210 invenire,
1959 3158 2134 3214 quan-

568 3235 881 3306 doquidem,
910 3234 1057 3305 quod
1086 3236 1356 3306 producit,
1375 3244 1432 3294 et
1453 3236 1598 3308 quod
1626 3234 1967 3306 producitur,
1993 3235 2132 3291 idem

568 3342 691 3381 esse
725 3340 833 3379 non
869 3333 1066 3393 potest,
1092 3324 1365 3395 simulque
1392 3324 1666 3381 sermonis
1701 3324 1919 3381 tolletur
1941 3322 2134 3380 funda-

572 3426 838 3472 mentum.
869 3415 1317 3485 Pratsupponitur
1340 3415 1563 3487 quippe,
1586 3416 1743 3487 juxta
1768 3414 1910 3472 sacri
1934 3413 2133 3486 eloquii

572 3506 902 3578 positionem
926 3542 942 3570 ,
978 3505 1238 3575 Spiritum
1286 3503 1536 3576 produci,
1575 3505 1656 3560 vel
1687 3503 2010 3576 procedere;
2041 3518 2132 3558 so-

568 3600 790 3671 lumque
821 3597 967 3653 unde
1000 3597 1298 3667 quaeritur:
1332 3606 1387 3654 et
1416 3597 1464 3653 si
1496 3595 1676 3662 Pater,
1708 3606 1762 3651 et
1792 3593 1962 3651 Filius
1994 3609 2134 3650 unus

568 3690 864 3763 productor
884 3696 992 3757 est,
1009 3698 1067 3745 at
1092 3690 1235 3760 quod
1258 3690 1525 3761 producit,
1549 3701 1605 3745 et
1626 3689 1771 3759 quod
1794 3689 2130 3760 producitur,

568 3780 710 3835 idem
755 3795 877 3836 esse
914 3795 1022 3835 non
1073 3787 1277 3850 potest.
1326 3780 1418 3836 Sic
1456 3782 1601 3835 enim
1638 3780 1948 3837 necessario
1988 3779 2129 3851 cjus,

566 3872 713 3940 quod
771 3871 1008 3934 dicitur,
1060 3871 1243 3935 unde,
1305 3885 1472 3925 causa
1531 3870 1795 3924 tolletur:
1851 3870 1953 3922 hac
2001 3881 2133 3921 vero

566 3962 800 4024 ratione,
822 3972 874 4016 et
905 3961 1051 4030 quod
1072 3960 1276 4015 dicitur
1297 3976 1364 4015 ex
1388 3961 1544 4015 Patre
1566 3974 1662 4030 per
1682 3958 1877 4013 Filium
1906 3971 2134 4026 prorsus

566 4051 869 4106 auferetur.
913 4050 1033 4105 Non
1066 4065 1197 4121 ergo
1232 4060 1319 4105 est
1355 4050 1592 4120 putanda
1631 4048 1890 4105 instantia
1913 4087 1928 4111 ,
1966 4063 2129 4116 quam

562 4153 623 4195 ct
652 4155 738 4205 ea,
765 4141 831 4195 de
855 4141 1056 4210 quibus
1079 4155 1262 4196 sermo
1284 4149 1387 4206 est,
1413 4150 1467 4197 et
1483 4155 1602 4211 quae
1620 4155 1651 4194 a
1673 4138 2131 4210 disputationibus

565 4246 830 4287 concessa
857 4241 1008 4299 sunt,
1040 4233 1259 4289 tollunt.

2237 3136 2440 3207 Spiritu
2490 3139 2723 3209 cogitat,
2763 3139 2926 3198 etiam
2961 3139 3175 3195 Patrem
3214 3137 3425 3209 Spiritu
3472 3143 3785 3199 destitutum

2235 3227 2518 3301 intelliget.
2560 3226 2697 3297 Quia
2738 3229 2887 3284 enim
2925 3227 3097 3289 Filius
3133 3227 3311 3289 Patris
3341 3239 3428 3286 est
3465 3229 3706 3287 deﬁnitio
3735 3236 3789 3282 et

2236 3315 2496 3383 verbum;
2525 3326 2578 3371 et
2613 3317 2758 3372 sicut
2785 3317 3031 3372 deﬁnitio
3065 3319 3132 3372 ad
3174 3317 3480 3383 deﬁnitum,
3507 3319 3627 3375 sive
3662 3316 3788 3374 deﬁ-

2233 3404 2424 3473 nibile,
2446 3405 2526 3462 sic
2545 3420 2603 3463 se
2622 3406 2787 3463 habet
2806 3405 2977 3469 Filius
2999 3406 3064 3462 ad
3084 3406 3296 3463 Patrem
3318 3407 3472 3476 juxta
3486 3406 3787 3476 theologum

2234 3496 2559 3570 Gregorium
2584 3496 2859 3567 :omnino,
2878 3498 2969 3567 qui
2988 3495 3190 3557 deﬁniti
3215 3498 3582 3554 deﬁnitionem
3604 3498 3769 3555 nescit

2233 3603 2411 3658 neque
2437 3589 2614 3657 ipsum
2645 3588 2917 3644 delinihilc
2945 3603 3010 3645 ac
3037 3588 3320 3646 deﬁnitum
3358 3592 3514 3648 sciet.
3539 3589 3722 3659 Itaque
3745 3589 3788 3643 si

2232 3680 2451 3755 quidem
2491 3677 2654 3734 Pater
2699 3678 2934 3748 Spiritus
2975 3680 3155 3735 sancti
3189 3694 3356 3739 causa
3394 3689 3511 3748 est,
3541 3691 3592 3735 et
3628 3679 3788 3735 Filius

2232 3786 2356 3827 cum
2389 3785 2473 3826 eo.
2515 3769 2674 3843 Quod
2709 3772 2753 3825 si
2792 3786 2902 3826 non
2934 3769 3133 3834 Filius,
3166 3787 3340 3841 neque
3367 3771 3523 3827 Pater
3550 3773 3785 3842 quidem.

2232 3859 2368 3916 Nam
2392 3861 2539 3930 quod
2571 3863 2625 3915 in
2660 3861 3098 3921 incommutabili
3129 3847 3364 3934 imagine
3392 3876 3501 3917 non
3528 3863 3783 3925 cernitur,

2233 3951 2286 4005 id
2327 3965 2506 4019 neque
2544 3951 2598 4004 in
2655 3951 2927 4020 primitiva
2979 3952 3154 4010 forma
3200 3953 3549 4022 inspicietur.
3596 3952 3661 4008 Et
3698 3951 3783 4022 qui

2233 4040 2432 4096 Filium
2483 4040 2717 4113 Spiritus
2781 4042 2955 4102 sancti
3026 4058 3249 4099 causam
3300 4058 3409 4098 non
3452 4044 3692 4116 inspicit,
3725 4056 3786 4095 ne

2232 4134 2451 4187 Patrem
2487 4134 2702 4202 quidem
2738 4147 2964 4187 causam
3003 4132 3312 4202 hujusmodi
3348 4133 3535 4188 videre
3573 4132 3782 4202 poterit.

2232 4220 2386 4288 Quod
2418 4223 2561 4275 enim
2598 4221 2673 4275 ait
2703 4222 2974 4287 Christus,
3006 4222 3174 4275 veluti
3209 4221 3388 4275 brevis
3411 4222 3659 4295 quasdam
3690 4218 3784 4273 Pa-

635 4323 960 4393 Quanquam
994 4325 1209 4381 etiamsi
1236 4325 1339 4381 alia
1363 4340 1593 4397 persona
1618 4324 1797 4389 detur,
1822 4308 1927 4379 hoc
1950 4322 2137 4394 ipsum
2160 4358 2204 4413 η
2235 4315 2333 4368 "is
2353 4324 2404 4367 ει
2430 4312 2548 4367 Ριιίί
2575 4313 2872 4383 Paruimus
2902 4322 2955 4366 ει
3008 4314 3162 4412 aequi
3179 4311 3401 4413 honoris
3422 4312 3667 4413 tie-ﬁnitio
3688 4319 3787 4364 est.

564 4417 718 4468 etde
767 4415 857 4469 illa
902 4416 1171 4484 quispiam
1220 4416 1475 4486 inquiret,
1522 4427 1687 4485 atque
1731 4414 1806 4468 ita
1858 4428 2128 4480 nusquam

566 4502 786 4558 sistetur
807 4504 1070 4558 inﬁnitas.
1094 4504 1218 4559 Pari
1243 4506 1384 4560 enim
1407 4505 1638 4570 ratione,
1658 4511 1753 4559 aut
1776 4503 1832 4557 in
1853 4501 2128 4556 inﬁnitum

564 4595 910 4663 progreditur
948 4610 1305 4665 processuum
1363 4611 1649 4662 numerus,
1690 4604 1819 4661 aut,
1863 4594 1911 4650 si
1964 4594 2130 4650 stabit

565 4686 796 4755 uspiam,
817 4701 914 4741 cur
932 4702 1039 4742 non
1070 4688 1172 4743 hoc
1191 4688 1358 4760 magis
1380 4689 1431 4742 in
1457 4688 1685 4760 Spiritu,
1702 4687 1859 4743 tertia
1877 4686 2129 4741 videlicet

563 4792 792 4847 persona
823 4776 1131 4844 Trinitatis,
1166 4789 1224 4834 ut
1258 4790 1311 4834 et
1344 4779 1630 4836 Trinitatis
1665 4779 1821 4835 nobis
1855 4777 2128 4833 confessio

562 4877 845 4937 servetur,
892 4878 946 4944 et
987 4870 1298 4941 hujusmodi
1339 4870 1550 4925 vanitas
1583 4871 1808 4924 omnino
1847 4864 2129 4922 arceatur?

560 4959 695 5012 Nam
752 4971 948 5029 prater
994 4961 1081 5024 id,
1140 4961 1286 5030 quod
1345 4961 1655 5031 hujusmodi
1708 4960 2127 5015 ratiocinatores

562 5050 711 5114 vani,
749 5052 883 5104 nihil
917 5052 1254 5106 concludunt
1278 5092 1293 5116 ,
1329 5053 1492 5107 etiam
1540 5068 1663 5124 quae
1716 5053 1875 5106 nobis
1906 5054 1974 5106 de
2003 5049 2128 5106 Tri-

565 5143 731 5196 nitate
769 5152 894 5198 sunt
928 5145 1119 5197 tradita
1146 5186 1161 5211 ,
1197 5154 1508 5199 moventur.
1548 5143 1734 5200 Posito
1773 5145 1920 5199 enim
1958 5145 2124 5198 etiam

558 5248 623 5287 ex
678 5233 795 5288 solo
851 5233 1009 5288 Patre
1059 5249 1181 5289 esse
1228 5235 1513 5304 Spiritum,
1562 5234 1750 5290 eadem
1799 5245 1850 5289 et
1891 5235 1957 5288 ad
2007 5234 2128 5288 illos

557 5323 923 5379 nihilominus
970 5326 1073 5380 erit
1110 5326 1404 5393 instantia,
1450 5327 1828 5401 liaasitatioque
1862 5324 2123 5383 manebit.

558 5414 630 5469 Ut
658 5431 789 5485 ergo
819 5426 873 5471 et
894 5416 975 5471 eis
1002 5416 1151 5487 ipsis,
1187 5427 1241 5472 et
1271 5417 1430 5473 nobis
1455 5419 1587 5473 nihil
1614 5420 1681 5473 ad
1704 5419 2126 5490 disputationem

560 5506 848 5560 conterens
890 5508 1154 5585 ejusmodi
1190 5507 1469 5571 innatantia,
1511 5508 1620 5563 imo
1648 5509 1808 5564 etiam
1849 5510 2125 5581 proposita

559 5599 851 5654 destruens
878 5602 1187 5671 abjiciatur.

664 5776 707 5809 "
742 5776 898 5831 Joan.
933 5794 1043 5842 xw,
1072 5780 1123 5843 9,.

2232 4403 2461 4469 Quantae
2506 4403 2708 4473 igitur,
2751 4411 2807 4456 et
2845 4416 3010 4473 quam
3051 4402 3372 4470 periculosae
3401 4400 3644 4455 audacia:
3687 4407 3782 4462 est,

2231 4510 2353 4548 cum
2380 4503 2526 4548 tanta
2550 4494 2621 4548 sit
2644 4492 2911 4548 ambobus
2945 4492 3508 4546 incommutabilitatis
3541 4490 3784 4545 identita—

2232 4586 2413 4654 ti~que
2442 4582 2615 4647 ratio,
2649 4582 2909 4652 Spiritum
2942 4596 2972 4635 a
3006 4577 3148 4634 Filio
3179 4579 3397 4634 auferre
3420 4618 3436 4645 ,
3470 4588 3656 4634 contra
3691 4577 3783 4629 Do-

2229 4673 2359 4728 mini
2390 4673 2724 4740 Patrumque
2749 4671 3102 4734 sententiam,
3125 4680 3183 4723 ut
3206 4668 3332 4723 hinc
3359 4670 3522 4722 etiam
3545 4665 3784 4736 imaginis

2229 4763 2752 4818 incommutabilitas
2800 4761 3029 4823 tollatur
3086 4758 3456 4828 essentiteque
3491 4757 3782 4813 diﬂ‘.:ientia

2231 4856 2540 4911 necessario
2571 4851 2871 4922 sequatur?
2893 4850 3049 4905 Unde
3077 4865 3208 4905 sane
3237 4857 3471 4914 constat,
3497 4847 3706 4902 Patrem
3736 4854 3784 4897 et

2229 4943 2428 4998 Filium
2459 4958 2622 4997 unam
2669 4956 2790 4996 esse
2809 4942 2982 4996 sancti
3023 4940 3259 5010 Spiritus
3280 4954 3524 5004 causam,
3544 4936 3783 5009 g¥gnendi

2229 5033 2602 5101 nascendique
2634 5030 2965 5101 proprietate
2995 5040 3229 5084 servata.
3552 5028 3555 5029 ⁷

2299 5147 2538 5202 Joannes
2563 5144 2690 5198 item
2719 5141 3140 5213 Chrysostomus
3173 5140 3223 5192 in
3253 5137 3325 5193 '58
3348 5152 3509 5206 super
3531 5134 3782 5191 Joannem

2230 5240 2473 5305 humilia,
2504 5236 2966 5311 interrogantibus
2993 5233 3228 5295 Arionis,
3252 5230 3528 5301 quomodo
3550 5226 3780 5297 ejusdem

2229 5341 2374 5388 esset
2422 5328 2693 5392 essentia,
2743 5326 2837 5397 qui
2890 5327 3161 5387 mitteret,
3214 5333 3268 5376 et
3314 5322 3407 5391 qui
3463 5320 3779 5376 mitteretur,

2230 5422 2511 5491 respondit
2550 5418 2781 5474 dicens:
2819 5435 2836 5468 ε
2871 5414 3085 5471 Rursus
3125 5413 3192 5467 ad
3223 5412 3461 5467 humana
3488 5408 3776 5491 orationem

2231 5490 2505 5568 convertis
2527 5551 2543 5576 ,
2580 5522 2759 5579 neque
2798 5505 3058 5574 intelligis
3091 5504 3191 5557 ista
3228 5514 3447 5572 propter
3480 5499 3615 5553 nihil
3643 5490 3777 5549 aliud

2230 5604 2364 5683 dici,
2397 5604 2502 5659 nisi
2532 5611 2589 5657 ut
2617 5610 2672 5658 et
2697 5613 2915 5657 causam
2950 5597 3208 5661 sciamus,
3237 5604 3293 5649 et
3313 5593 3368 5648 iu
3401 5588 3621 5647 Sabellii
3641 5599 3778 5682 mor-
