4144 6296
305 411 374 473 ’Π
1392 397 1783 470 ADVERSUS
1813 395 1891 452 GI

1994 395 2124 453 COS
2182 397 2310 457 LIB
2371 401 2452 458 II.
3477 395 3546 453 73

310 530 446 579 lium
492 537 600 576 non
646 517 972 573 incidamus.
1021 531 1039 564 ›
1082 512 1310 568 Constat
1340 525 1404 566 ex
1449 511 1534 564 his
1557 549 1571 571 ,
1620 508 1881 574 quoniam
1917 511 1958 562 Α
1988 507 2224 560 cundqu
2275 525 2332 562 se
2359 524 2478 563 esse
2507 525 2535 562 a
2569 509 2742 563 Patris
2775 509 3035 579 dig:.itate
3070 507 3336 572 ostendit;
3373 524 3546 575 neque

314 615 497 678 mitti,
543 628 650 665 una
680 608 898 678 quidem
929 605 1237 660 divinarum
1275 615 1633 672 personarum
1672 600 1882 651 discre-

317 708 528 761 tionem
549 701 918 762 commendat,
941 698 1102 753 simul
1128 696 1291 750 etiam
1318 709 1540 748 causam
1594 700 1648 744 et
1671 691 1886 744 causale

321 798 568 852 indicat:
600 813 617 844 ι
650 795 876 860 Propter
903 789 1040 844 nihil
1060 788 1205 843 enim
1231 786 1376 838 aliud
1409 783 1548 861 mitti
1579 784 1757 835 dictus
1781 791 1885 841 est,

326 891 430 944 nisi
466 897 521 941 ut
557 900 774 940 causam
799 884 1057 945 sciamus,
1081 891 1137 933 et
1165 880 1217 932 in
1251 877 1473 932 Sabellii
1500 875 1751 928 morbum
1780 886 1886 924 non

327 979 657 1033 incidamus.
703 994 720 1026 ι
761 973 816 1027 Si
855 985 1038 1026 autem
1099 971 1318 1022 mittere
1363 976 1416 1020 et
1467 965 1627 1026 mitti,
1667 975 1887 1014 causam

326 1083 376 1125 et
406 1071 621 1124 causale
643 1067 939 1138 signiﬁcat,
961 1079 990 1117 a
1017 1062 1155 1115 Filio
1178 1068 1360 1114 autem
1393 1057 1627 1111 mittitur
1649 1053 1889 1124 Spiritus

328 1171 571 1222 sanctus,
619 1161 790 1228 liquet
839 1157 1140 1213 secundum
1186 1155 1368 1207 divum
1415 1151 1887 1218 Chrysostomum,

328 1259 452 1327 quia
482 1257 650 1310 Filius
678 1269 846 1308 causa
878 1263 960 1305 est
989 1249 1226 1318 Spiritus
1254 1245 1453 1308 sancti,
1489 1253 1542 1296 et
1572 1242 1827 1310 quoniam
1860 1254 1888 1292 a

327 1349 488 1400 Patre
517 1357 570 1400 et
612 1344 751 1397 Filio
789 1343 1060 1404 mittitur;
1103 1338 1263 1392 Pater
1290 1351 1418 1403 ergo
1448 1345 1502 1388 et
1543 1333 1715 1387 Filius
1747 1345 1888 1384 uirus

331 1437 572 1490 mittens.
606 1447 822 1501 unaque
848 1444 1010 1484 causa
1054 1440 1275 1482 sanctus
1303 1423 1540 1494 Spiritus
1569 1431 1671 1477 est.
1703 1421 1888 1488 Itaque

333 1541 437 1579 nor.
485 1527 658 1578 solum
707 1538 802 1592 per
847 1521 935 1586 id,
974 1520 1114 1588 quod
1157 1518 1355 1571 dicitur
1395 1515 1722 1584 procedere,
1762 1527 1884 1566 cum

331 1617 568 1684 Spiritus
605 1629 668 1667 ex
712 1612 870 1667 Patre
910 1625 1006 1678 per
1049 1608 1245 1661 Filium
1294 1606 1583 1676 prOredere
1621 1602 1888 1670 theologis

331 1714 691 1768 asseveretur,
730 1715 916 1756 verum
947 1713 1042 1768 per
1085 1701 1134 1750 id
1170 1711 1386 1767 quoque
1427 1697 1570 1765 quod
1619 1694 1758 1746 mitti
1795 1707 1888 1759 per

328 1798 519 1851 Filium
551 1795 782 1865 Spiritus
813 1793 1036 1855 dicitur,
1067 1789 1237 1844 Filius
1259 1788 1496 1858 Spiritus
1525 1787 1695 1840 sancti
1725 1800 1885 1839 causa

328 1888 627 1944 seetmdum
661 1884 1101 1946 substantialem,
1140 1889 1194 1934 et
1226 1882 1468 1939 unicum.
1500 1887 1554 1932 et
1585 1878 1885 1946 simplicem

324 1991 662 2047 processum,
681 1977 834 2045 juxta
868 1972 1124 2028 Ecclesiae
1148 1971 1449 2037 theologos.
1480 1968 1713 2035 ﬁdeique
1738 1968 1888 2034 prin-

323 2071 462 2138 cip‘a
491 2083 615 2122 esse
641 2066 940 2120 invenitur.
967 2062 1033 2116 Et
1053 2061 1181 2114 illud
1211 2076 1316 2114 una
1343 2067 1586 2128 apparet,
1609 2061 1753 2127 quod
1781 2075 1888 2112 non

325 2165 457 2217 dare
485 2160 828 2217 solummodo
857 2168 912 2213 et
958 2157 1147 2211 audire
1187 2164 1242 2209 et
1281 2157 1546 2221 accipere,
1570 2155 1639 2207 «in
1669 2153 1888 2210 divinis.

325 2264 388 2306 ut
438 2267 600 2321 supra
653 2252 1084 2304 demonstra.um
1115 2253 1228 2306 est.
1261 2260 1520 2307 causam,
1554 2252 1607 2297 et
1648 2243 1886 2306 causale,

325 2356 796 2414 personarumque
842 2339 1260 2400 discretionem,
1312 2345 1367 2390 et
1407 2336 1475 2389 ab
1516 2335 1621 2387 alio
1663 2349 1802 2396 esse,
1836 2343 1889 2387 et

321 2451 548 2491 causam
580 2450 700 2490 esse
729 2433 932 2488 iudicat
955 2471 967 2495 ,
1005 2431 1099 2486 sed
1132 2439 1182 2484 et
1219 2434 1444 2492 mittere,
1474 2435 1527 2480 et
1559 2427 1715 2490 mitti,
1758 2440 1887 2478 can-

325 2543 445 2584 sam
480 2529 663 2581 itidem
695 2534 748 2580 et
786 2524 1002 2578 cansale
1037 2520 1306 2591 significat
1328 2561 1340 2584 ,
1376 2517 1628 2587 mittique
1681 2515 1748 2568 ab
1781 2516 1890 2568 alio

321 2633 436 2672 esse
474 2615 832 2670 demonstrat.
868 2611 990 2666 Ideo
1032 2620 1089 2665 et
1144 2608 1304 2663 Pater
1344 2607 1486 2662 mitti
1535 2621 1639 2660 non
1672 2605 1888 2668 dicitur,

327 2709 587 2778 quoniam
632 2723 698 2761 ex
742 2706 893 2760 nullo
925 2712 1048 2768 est;
1104 2701 1274 2757 Filius
1322 2708 1502 2754 autem
1551 2706 1604 2751 et
1656 2699 1892 2766 Spiritus

324 2804 571 2858 sanctus,
614 2793 873 2862 quoniam
919 2806 985 2844 ex
1033 2804 1199 2844 causa
1246 2798 1408 2851 sunt,
1455 2789 1754 2841 secundum
1808 2784 1890 2838 sui

327 2901 624 2957 processus
650 2884 1009 2937 diﬂerentiam
1057 2881 1193 2935 mitti
1222 2880 1478 2934 dicuntur
1507 2896 1521 2931 :
1563 2877 1733 2930 Filius
1771 2878 1892 2944 qui-

328 2979 493 3042 dem,
525 2991 556 3030 a
601 2974 765 3029 Patre
793 2974 946 3037 solo,
988 2974 1118 3042 quia
1161 2981 1216 3026 et
1250 2987 1314 3026 ex
1349 2970 1466 3024 solo
1496 2978 1610 3033 est;
1657 2967 1892 3036 Spiritus

328 3077 515 3123 autem
545 3077 769 3122 sanctus
793 3082 822 3121 a
850 3066 1006 3120 Patre
1029 3073 1082 3119 et
1103 3064 1262 3130 Filio,
1293 3062 1547 3132 quoniam
1598 3075 1693 3129 per
1714 3061 1889 3128 ipsum

1986 599 2129 651 enim
2165 601 2373 654 servilis
2397 602 2482 653 illa
2510 603 2698 657 missio
2727 601 3070 669 intelligenda
3093 611 3195 662 est,
3229 603 3331 653 etsi
3381 618 3541 670 quam

1987 695 2225 744 maxime
2257 694 2437 745 servili
2472 691 2644 745 forma
2679 695 2936 750 \estitus.
2969 697 3080 746 iure
3114 695 3177 747 de
3213 711 3269 748 se
3297 695 3411 747 sine
3444 695 3544 747 cri-

1991 782 2135 834 mine
2177 783 2446 850 loquatur.
2490 783 2684 836 aiiss'is
2718 793 2795 836 cst
2829 797 3006 835 autem
3039 787 3133 847 ita,
3164 787 3301 837 sirut
3331 792 3546 838 verbum

1989 888 2053 926 ex
2091 885 2306 934 mente,
2346 877 2484 926 sient
2514 874 2768 942 splendor
2810 876 2936 928 solis
2964 891 3025 928 ex
3065 878 3198 945 ipso.
3251 895 3266 925 ι

2060 967 2204 1019 Idem
2259 981 2423 1036 super
2472 967 2640 1018 illud:
2690 965 2876 1020 Sciens
2923 970 3046 1034 quin
3096 970 3271 1019 omnia
3326 969 3460 1020 dedrt
3507 969 3551 1020 ei

1992 1054 2150 1108 Pater
2175 1059 2225 1108 in
2257 1057 2502 1109 manus"
2529 1095 2543 1118 ,
2579 1075 2597 1106 ι
2635 1058 2690 1109 Et
2722 1067 2886 1114 certe,
2919 1059 3113 1126 irquit,
3141 1073 3247 1110 non
3275 1059 3547 1126 ignorans,

1990 1149 2115 1216 quia
2163 1150 2404 1200 omnium
2460 1149 2618 1200 habet
2674 1158 3031 1214 potestatem,
3083 1161 3134 1201 et
3184 1151 3306 1217 quia
3361 1166 3389 1203 a
3444 1155 3549 1203 ιιι-υ

1986 1239 2175 1296 exivit.
2212 1239 2312 1291 hoc
2341 1249 2444 1302 est,
2474 1253 2536 1292 ex
2575 1239 2748 1292 Patris
2779 1240 3012 1292 essentia
3053 1250 3211 1292 natus
3243 1253 3342 1292 est.
3390 1261 3406 1290 ι

2059 1331 2200 1385 Idem
2232 1348 2393 1400 super
2421 1332 2549 1386 illud
2579 1352 2589 1384 :
2618 1333 2950 1392 Credidiatis,
2975 1337 3102 1402 quia
3127 1352 3156 1386 α
3187 1335 3290 1387 Deo
3317 1335 3452 1386 exiri
3476 1336 3518 1365 ’⁹
3538 1377 3549 1397 ,

1993 1443 2012 1474 ι
2060 1423 2132 1478 Ex
2160 1440 2247 1487 eo,
2283 1425 2480 1494 inquit,
2513 1428 2656 1494 quod
2691 1427 2806 1478 ait:
2847 1425 3002 1480 Exivi
3029 1445 3057 1477 a
3100 1425 3222 1489 Deo,
3251 1430 3332 1479 hic
3366 1445 3553 1481 ruzsui

1986 1516 2296 1583 putabimus
2327 1517 2558 1575 dictum,
2594 1517 2696 1576 vol,
2738 1517 2862 1583 quia
2919 1528 3074 1570 natus
3106 1534 3222 1569 sum
3248 1559 3259 1576 ,
3295 1531 3454 1585 atque
3487 1535 3548 1568 ex

1987 1607 2130 1660 illius
2164 1608 2468 1660 sni‘stintia
2521 1607 2670 1660 illuti
2721 1611 3022 1661 secundum
3083 1624 3437 1676 pl‘t)t‘.e~slltti,
3499 1623 3553 1662 ut

1988 1713 2186 1764 essem,
2223 1708 2272 1751 et
2305 1699 2655 1767 intelliget-er,
2691 1703 2918 1754 fortasse
2944 1700 3158 1767 proprie
3214 1717 3273 1756 ac
3305 1702 3555 1753 sul-stan-

1992 1791 2223 1856 tialiter,
2262 1807 2362 1842 non
2402 1802 2578 1842 tamen
2625 1791 2836 1858 puritus
2886 1791 3122 1845 divisim.
3173 1793 3264 1844 list
3309 1794 3452 1844 enim
3503 1794 3552 1844 in

1995 1882 2131 1935 Filio
2153 1882 2327 1941 Pater,
2353 1897 2676 1947 rursumque
2701 1883 2999 1934 secundum
3027 1891 3270 1934 naturam
3321 1885 3373 1935 in
3399 1883 3556 1935 P..tre

1997 1973 2193 2026 Filius.
2242 1973 2367 2025 Sive
2415 1973 2585 2031 exiri,
2639 1988 2735 2041 pro
2779 1989 2842 2025 ro
2889 1973 3029 2034 quod
3079 1984 3189 2038 est,
3239 1974 3410 2027 iactus
3437 1992 3554 2026 sum

1995 2059 2188 2126 homo,
2236 2078 2466 2118 vestram
2516 2064 2741 2118 fortnam
2800 2075 3155 2132 naturamque
3231 2066 3554 2132 suscipiens.

1996 2156 2158 2224 Quasi
2195 2158 2335 2209 enim
2373 2159 2523 2209 lorus
2555 2158 2849 2225 Cujuslibet
2886 2159 2957 2212 rei
2994 2169 3076 2211 est
3116 2160 3331 2225 propria
3364 2169 3556 2212 natura

1995 2265 2020 2302 a
2053 2265 2156 2319 qua
2186 2253 2320 2308 exit,
2343 2264 2460 2302 eum
2495 2250 2556 2302 ad
2591 2249 2736 2302 aliud
2763 2250 3042 2319 quodlibet
3074 2250 3296 2317 migrat,
3329 2260 3381 2303 ct
3411 2255 3554 2320 quod

1994 2357 2099 2393 non
2137 2350 2254 2395 erat
2285 2341 2534 2395 eﬂicltur.
2586 2360 2604 2391 ι
3099 2407 3108 2416 ⁸

2063 2431 2295 2487 Sanctus
2343 2434 2468 2485 ltrm
2521 2431 2782 2488 Maximus
2827 2434 3255 2488 Controversiam
3307 2434 3553 2487 Anomtri

1993 2537 2090 2576 seu
2124 2523 2307 2574 Ariani
2345 2537 2464 2575 cum
2509 2525 2811 2577 ortliudoxo
2857 2526 2909 2577 in
2946 2541 3148 2578 morem
3184 2526 3381 2592 dialogi
3429 2529 3556 2576 Pnn-
3643 2575 3649 2580 ,

1993 2612 2258 2679 ενι-ἱὺρηε,
2294 2613 3072 2684 AnommunLinterrogantem
3110 2617 3266 2680 iat'il,
3301 2619 3554 2682 quidnam

1994 2703 2062 2754 sit
2096 2705 2328 2771 gignere,
2362 2715 2409 2756 et
2455 2705 2628 2768 nasci,
2653 2715 2699 2758 et
2741 2707 3001 2767 emittere,
3045 2719 3206 2773 atque
3234 2708 3559 2772 producere?

1995 2794 2481 2864 Orthodoxumque
2503 2797 2574 2848 ita
2600 2797 3015 2863 respondentem
3046 2799 3340 2850 introducit
3367 2816 3378 2851 :
3410 2818 3425 2846 ι
3454 2796 3557 2849 Pr.-

1995 2895 2078 2937 ter
2117 2886 2330 2954 quidem
2395 2886 2595 2955 gignit,
2631 2894 2732 2941 hoc
2787 2896 2868 2942 est
2925 2890 3136 2957 genuit,
3177 2889 3344 2941 Filius
3379 2900 3557 2942 autem

1995 2979 2254 3047 gignitur,
2281 2978 2332 3031 id
2357 2988 2437 3031 est
2488 2980 2706 3048 genitus
2729 2990 2844 3044 est;
2870 2989 3031 3047 atque
3055 2981 3163 3047 ipSe
3189 2978 3343 3032 Pater
3364 2983 3562 3035 emittit

1998 3073 2282 3138 Spiritum,
2304 3072 2407 3123 hoc
2435 3082 2515 3124 est
2538 3071 2756 3135 emisit;
2787 3072 3134 3141 Spiritnsque
3161 3074 3423 3142 proretit,
3457 3075 3557 3127 hoc

322 3167 384 3214 et
406 3159 479 3212 ab
502 3159 623 3227 ipso
644 3165 746 3210 est.
774 3155 944 3209 Aliter
966 3155 1111 3209 enim
1131 3154 1175 3208 si
1201 3151 1538 3221 accipiantur
1558 3149 1684 3214 ista,
1713 3149 1888 3204 locum

1996 3173 2075 3218 est
2110 3165 2388 3232 processit.
2439 3182 2457 3215 ι

331 3253 386 3306 in
417 3259 608 3306 sancta
643 3247 906 3302 Trinitate
936 3261 1043 3301 non
1076 3245 1297 3310 habent,
1330 3243 1423 3298 ubi
1455 3243 1772 3298 substantiae
1808 3243 1889 3294 in-

327 3339 796 3396 commutabilitas
827 3327 992 3408 atque
1044 3336 1296 3392 identitas
1331 3349 1475 3398 esse,
1516 3347 1614 3403 pro
1641 3332 1892 3388 confesso

329 3433 586 3488 habetur.
1803 3437 1816 3448 ‘

405 3523 600 3594 Liquet
629 3532 804 3577 autem
829 3536 892 3574 ex
921 3520 1030 3582 his,
1056 3518 1198 3588 quod
1227 3518 1282 3572 in
1311 3516 1451 3570 Filio
1479 3517 1695 3585 quidem
1725 3517 1892 3584 gigni,

335 3615 481 3669 mitti
528 3624 640 3678 est,
695 3614 750 3668 in
799 3612 1001 3682 Spiritu
1054 3625 1183 3663 vero
1227 3609 1523 3678 procedere
1568 3617 1668 3660 est.
1713 3605 1898 3674 Neque

333 3706 485 3761 mitti
513 3705 712 3769 solum,
743 3703 836 3757 sed
863 3701 1122 3771 quaelibet
1145 3701 1331 3764 verba,
1351 3712 1668 3767 processqu
1694 3695 1900 3762 simpli-

337 3798 481 3851 citer
501 3794 882 3868 signiﬁcantia,
898 3791 1148 3861 Filioque
1167 3805 1230 3846 ac
1248 3789 1474 3861 Spiritui
1493 3789 1898 3852 convenientia,

333 3887 390 3941 in
431 3887 604 3942 altero
631 3884 852 3956 quidem
885 3881 1242 3943 nativitatem,
1273 3881 1325 3933 in
1362 3879 1529 3934 altero
1557 3887 1739 3934 autem
1774 3894 1898 3947 pro-

332 3979 646 4035 cessiouem
677 3974 1080 4036 commendant,
1103 3972 1255 4043 juxta
1287 3970 1493 4026 scilicet
1526 3970 1741 4025 illorum
1771 3984 1899 4038 pro-

333 4071 486 4141 prios
543 4066 1040 4132 substantialesque
1087 4076 1398 4132 processus.
1451 4058 1582 4116 Haec
1642 4060 1785 4114 enim
1845 4067 1900 4114 et

333 4162 512 4216 sancti
545 4161 734 4214 Patres
764 4159 970 4212 dicunt.

409 4253 646 4307 Sanctus
680 4247 914 4318 denique
945 4247 1200 4317 Cyrillus.
1243 4260 1408 4315 super
1454 4244 1582 4298 iliud
1621 4243 1899 4312 evangeli-

333 4360 463 4398 cum
522 4361 536 4396 :
588 4341 694 4408 Qui
748 4349 922 4393 autem
965 4337 1332 4406 accipitiliius
1388 4335 1762 4398 testimonium,
1821 4335 1899 4387 ai-

332 4437 541 4506 guavit,
579 4436 706 4503 quia
758 4431 892 4485 Deus
947 4445 1106 4484 uerax
1164 4439 1238 4482 est
1276 4428 1357 4492 “,
1394 4446 1412 4479 ς
1452 4426 1630 4488 Pater,
1700 4429 1894 4496 inquit,

338 4529 535 4583 Filium
571 4541 632 4581 ex
665 4524 882 4595 projiria
913 4532 1105 4576 natura
1138 4520 1376 4589 protulit,
1409 4519 1573 4572 veluti
1602 4534 1666 4572 ex
1695 4519 1899 4573 lumine

336 4619 710 4688 splendorem,
743 4615 1040 4670 secundum
1076 4611 1402 4665 ineﬂabilem
1433 4623 1593 4679 atque
1620 4611 1898 4663 inenarra-

339 4710 506 4760 hilcm
540 4706 734 4758 divinae
764 4703 1059 4758 nativitatis
1093 4716 1327 4762 morem,
1362 4702 1505 4769 quod
1539 4701 1652 4768 ipse
1681 4715 1899 4769 quoque

335 4801 502 4858 nobis
550 4798 788 4853 ostendit
829 4799 1054 4852 dicens:
1112 4794 1422 4864 Unigenitus
1475 4809 1566 4863 ego
1615 4809 1679 4847 ex
1732 4793 1897 4848 Patre

335 4891 504 4952 exivi,
543 4899 594 4942 et
626 4889 768 4942 uenio
795 4888 858 4939 ".
908 4888 1087 4941 Exivit
1120 4886 1318 4955 quippe
1360 4900 1435 4938 ex.
1465 4882 1625 4937 Patre
1668 4885 1721 4936 in
1769 4899 1897 4953 pro-

334 4982 515 5050 priam
566 4975 928 5030 subStantiam
980 4974 1181 5038 Filius,
1239 4975 1342 5028 etsi
1393 4976 1448 5027 in
1508 4975 1624 5041 ipso
1685 4987 1899 5040 semper

334 5070 640 5126 secundum
670 5075 918 5119 naturam
942 5073 1043 5128 est,
1068 5067 1318 5132 quodque
1343 5063 1500 5118 nobis
1533 5065 1584 5115 in
1614 5063 1705 5115 illo
1719 5063 1899 5115 exisse

333 5153 773 5233 siguiﬁcatﬂroc
808 5169 1021 5209 rursum
1055 5156 1141 5208 ltic
1173 5156 1316 5207 mitti
1351 5156 1572 5208 indicat.
1626 5174 1643 5206 ι

411 5254 555 5306 Idem
599 5263 761 5318 super
795 5246 963 5300 illud:
997 5248 1112 5298 Mea
1140 5243 1382 5297 doctrina
1409 5263 1508 5298 non
1539 5257 1616 5300 est
1641 5265 1776 5312 mea,
1808 5252 1895 5303 sed

331 5349 447 5417 ejus
503 5346 592 5411 qui
641 5344 779 5397 misit
834 5357 914 5394 me
960 5340 1041 5403 “,
1083 5357 1100 5389 ι
1141 5336 1428 5392 Sciendum
1491 5354 1657 5402 vero,
1693 5342 1889 5409 inquit,

335 5441 484 5508 quod
517 5452 610 5506 per
642 5437 716 5501 id,
749 5437 890 5504 quod
925 5433 1148 5486 ruissum
1181 5445 1240 5485 se
1264 5430 1459 5484 iterum
1492 5431 1642 5497 dicit,
1676 5449 1779 5488 nou
1809 5450 1893 5489 se-

951 5577 993 5610 "
1030 5577 1187 5631 Joan.
1229 5589 1337 5636 xvi.
1369 5573 1458 5629 28.

898 5648 942 5678 ”
971 5646 1129 5700 Joau.
1159 5661 1245 5709 xv,
1274 5645 1365 5700 26.

416 5581 457 5613 ιε
485 5579 638 5634 Joan.
668 5596 745 5643 ιιι,
782 5579 869 5635 '55.

338 5654 384 5683 ”
417 5649 574 5704 Joan.
611 5667 697 5714 xx,
731 5651 820 5704 2|.

410 5789 527 5860 t3!)
569 5789 720 5846 ilum.
752 5791 822 5846 26
857 5808 1020 5861 super
1052 5792 1253 5858 Evang.

1536 5575 1578 5608 "
1596 5573 1758 5634 Joan.
1783 5596 1883 5644 \‘tt,
1906 5579 1991 5634 16.
2037 5584 2078 5614 ¹⁹
2109 5579 2263 5635 Joan.
2295 5598 2406 5645 χιιι,
2438 5584 2487 5634 ὖ.
2535 5580 2577 5611 ’⁸
2608 5577 2763 5630 Jortll.
2790 5587 2895 5632 XVI.
2926 5571 3016 5622 9-7-

2062 3250 2315 3304 Consona
2351 3252 2434 3304 his
2483 3261 2538 3305 et
2563 3252 2750 3305 beatus
2783 3251 3076 3322 Gregorius
3109 3252 3393 3307 Romanus
3423 3271 3560 3324 pon-

1993 3341 2124 3397 tifex
2154 3341 2204 3394 in
2239 3343 2460 3396 humilia
2482 3359 2641 3412 super
2676 3343 2804 3396 illud
2838 3345 3211 3412 evangelicum
3240 3346 3353 3413 (3i)
3381 3362 3394 3396 :
3427 3345 3556 3396 Cum

1993 3450 2107 3488 sero
2123 3446 2252 3486 esset
2271 3434 2355 3485 die
2375 3433 2468 3485 illa
2491 3450 2593 3485 una
2617 3432 2970 3486 Subbatorum
2985 3434 3024 3465 “
3039 3435 3315 3503 ,‘loquitur
3331 3435 3555 3489 dicens:

1999 3545 2016 3575 ι
2040 3525 2182 3579 Sicut
2213 3527 2351 3577 misit
2386 3541 2464 3576 me
2491 3527 2672 3584 Pater,
2691 3534 2737 3577 et
2757 3542 2847 3592 ego
2879 3527 3032 3577 mitto
3051 3542 3146 3582 nos
3162 3525 3230 3578 ".
3267 3545 3283 3574 ι
3313 3522 3424 3580 Hoc
3451 3535 3556 3583 est.

1997 3631 2060 3668 ea
2106 3631 2202 3667 vos
2234 3615 2500 3670 charitate
2531 3614 2727 3681 diligo,
2753 3630 2875 3666 cum
2910 3617 3046 3666 iutcr
3081 3615 3334 3669 scandala
3373 3631 3556 3684 perse-

1998 3715 2244 3760 cuturum
2299 3705 2488 3766 mitto,
2549 3717 2654 3772 qua
2708 3719 2789 3756 me
2835 3704 3099 3757 charitate
3146 3703 3304 3758 Pater
3362 3707 3556 3773 diligit,

1999 3811 2158 3866 quem
2189 3794 2374 3849 venire
2405 3795 2470 3847 ad
2499 3791 2804 3847 tolerandas
2837 3794 3113 3860 passiones
3137 3794 3280 3853 fecit,
3312 3795 3560 3861 quamvis

1998 3887 2137 3940 mitti
2169 3885 2352 3948 etiam,
2389 3885 2540 3954 juxta
2571 3882 2870 3937 divinitatis
2903 3893 3175 3944 naturam,
3207 3884 3362 3935 aliter
3392 3895 3560 3950 possm

1997 3979 2247 4048 intelligi.
2280 3978 2356 4033 Eo
2389 3978 2533 4032 enim
2566 3980 2682 4046 ipso
2710 3991 2737 4030 a
2783 3977 2941 4030 Patre
2973 3974 3143 4031 Filius
3170 3977 3307 4030 tuitti
3339 3977 3558 4036 dicitur.

1995 4084 2105 4140 quo
2132 4085 2159 4122 a
2192 4067 2349 4120 Patre
2383 4075 2692 4135 generatur.
2734 4065 2862 4118 Nam
2921 4076 3164 4119 sanctum
3198 4081 3414 4135 quoque
3442 4065 3560 4136 δρε-

2000 4163 2198 4224 ritum,
2245 4159 2357 4228 qui,
2390 4173 2511 4211 cum
2555 4158 2623 4212 sit
2653 4157 2944 4226 corequalis
2989 4155 3134 4210 Patri
3167 4169 3218 4213 et
3264 4156 3420 4223 Filio,
3451 4175 3555 4212 nou

1999 4262 2180 4304 tamen
2213 4251 2526 4302 incarnatus
2550 4257 2652 4311 est,
2686 4247 2824 4301 idem
2859 4260 2919 4300 se
2942 4245 3112 4301 Filius
3140 4249 3351 4301 mittere
3377 4249 3558 4316 perhi-

1999 4343 2087 4397 bet
2111 4341 2328 4394 dicens:
2355 4339 2484 4394 Cum
2509 4340 2701 4391 venerit
2721 4338 3055 4401 Paraeletus,
3073 4355 3221 4407 quem
3241 4355 3332 4408 ego
3352 4341 3556 4392 mittam

2001 4435 2142 4488 vobis
2174 4451 2202 4484 η
2237 4431 2392 4484 Putre
2419 4431 2485 4483 “.
2517 4430 2571 4483 Si
2607 4430 2747 4481 enim
2781 4429 2942 4490 tnitti,
2973 4431 3349 4483 tantummodo
3381 4433 3557 4483 incar-

2003 4526 2117 4579 uari
2146 4523 2363 4576 deberet
2385 4520 2630 4588 intelligi.
2652 4527 2873 4574 sanctus
2920 4519 3106 4585 procul
3130 4519 3294 4573 dubio
3321 4519 3556 4587 Spiritus

2001 4617 2146 4670 nullo
2178 4615 2338 4668 modo
2369 4612 2643 4666 diceretur
2672 4611 2835 4672 mitti,
2870 4610 2961 4675 qui
3002 4625 3340 4679 nequaquam
3375 4611 3555 4664 incar-

2001 4721 2160 4766 natus
2186 4718 2290 4771 est,
2325 4709 2417 4762 sed
2451 4708 2568 4776 ejus
2602 4707 2810 4772 missio,
2845 4707 2957 4773 ipsa
2993 4710 3270 4776 processio
3300 4715 3413 4767 est,
3450 4723 3554 4778 qua

1999 4806 2064 4857 de
2097 4801 2265 4868 ,Patre
2310 4801 2546 4868 procedit
2605 4811 2655 4852 et
2699 4799 2857 4855 Filio.
2903 4798 3057 4853 Sicut
3117 4799 3277 4868 igitur
3319 4797 3556 4867 Spiritus

2002 4893 2138 4946 mitti
2164 4891 2385 4956 dicitur,
2410 4892 2534 4960 quia
2567 4892 2832 4961 pret-edit,
2865 4892 2935 4943 ita
2961 4899 3014 4943 et
3042 4889 3210 4944 Filius
3241 4905 3342 4942 non
3369 4893 3556 4945 incon-

2001 4998 2131 5053 grue
2161 4983 2297 5035 mitti
2325 4983 2546 5041 dicitur,
2576 4983 2666 5052 qui
2699 4995 3007 5052 generatur.
3060 5002 3077 5034 ι

2069 5073 2222 5138 Quod
2251 5073 2412 5140 igitur
2439 5089 2501 5126 ex
2528 5072 2635 5126 divi
2664 5071 2838 5127 Patris
2863 5073 3233 5143 Chrysostomi
3264 5071 3425 5126 dictis
3454 5071 3557 5123 rol-

2003 5168 2207 5237 ligitur,
2241 5165 2342 5218 hoc
2368 5165 2526 5219 etiam
2571 5174 2882 5218 sanctorum
2920 5176 3238 5219 ca-terorum
3271 5165 3556 5217 sententiis

2000 5257 2178 5326 Colligi
2196 5256 2372 5310 datur.
2400 5255 2531 5308 Mitti
2557 5255 2754 5324 quippe
2778 5253 2950 5307 hocin
2974 5251 3128 5307 Patre
3151 5268 3211 5305 ac
3233 5250 3368 5302 Filio
3389 5244 3552 5311 signi-

2005 5353 2128 5404 iicat
2155 5349 2298 5417 quod
2340 5358 2394 5403 et
2425 5347 2607 5409 nasci,
2637 5355 2688 5399 et
2718 5361 2781 5398 ex
2824 5344 2982 5398 Patre
3029 5359 3148 5397 esse
3190 5341 3422 5395 habere;
3456 5330 3556 5384 etsi

1992 5439 2145 5508 juxta
2171 5435 2286 5488 Filii
2318 5435 2712 5490 humanitatem
2745 5435 2846 5486 ista
2881 5430 3099 5496 intelligi
3133 5428 3354 5493 possint.
3388 5419 3559 5470 Porro

3091 5567 3131 5594 ¹¹
3172 5559 3354 5612 Matth.
3384 5575 3471 5617 xx,
3505 5552 3560 5605 is.
