4144 6296
509 392 583 496 ΤΞ)
1768 396 2072 454 .‘rlANUEL

2191 398 2277 455 CA
2291 399 2490 458 LECtE

3670 406 3757 466 80

514 525 639 563 curn
674 510 777 563 hoc
810 508 863 563 itt
900 506 1105 577 Spiritu
1140 516 1333 563 Sancto
1371 523 1474 563 non
1510 507 1740 573 habeat,
1783 510 1903 564 ideo
1934 507 2079 577 quod
2111 516 2151 567 A
2181 509 2553 578 disputatione
2606 512 2891 570 orthodutii
2939 525 2989 571 et
3047 518 3298 573 Auommi
3322 556 3337 583 ,
3390 533 3454 572 ex
3509 535 3754 590 persona

512 615 715 668 corpus
744 614 846 654 non
879 599 1238 668 assuntpscrit
1269 608 1324 652 Ill
1357 599 1546 665 Filius,
1583 607 1750 654 restat
1778 600 2079 669 intelligen-

456 753 462 767 '
520 692 647 744 dum
680 692 746 743 de
780 691 1012 744 naturali
1047 705 1303 759 processu
1339 680 1513 745 sancti
1551 690 1676 760 Spir
1703 700 1791 746 tus
1824 705 1885 743 ex
1917 689 2076 757 Ftlio,

456 779 460 783 ’
509 782 653 852 quod
691 783 850 847 mitti,
880 793 933 835 et
957 783 1125 845 exire,
1154 791 1206 835 et
1241 782 1456 849 prodire
1483 782 1702 836 dicitur.
1938 846 1943 851 τ

450 866 460 921 ἶ
580 873 652 927 Ex
699 874 898 943 quibus
947 875 1108 928 etiam
1162 874 1400 927 maxime
1454 873 1801 927 manifestum
1847 881 1970 936 est,
2020 881 2080 925 ut

508 966 773 1031 diximus,
810 982 915 1021 non
944 966 1084 1021 duos
1120 981 1244 1021 esse
1278 966 1453 1020 sancti
1494 966 1732 1034 Spiritus
1762 980 2075 1035 processus,

507 1058 650 1127 qttod
678 1073 708 1111 a
752 1056 1081 1126 quibusdam
1120 1057 1457 1121 assumitur;
1509 1056 1612 1109 hoc
1637 1055 1783 1110 enim
1832 1055 2078 1125 pluribus

509 1151 785 1218 arguitur,
824 1150 927 1203 etsi
968 1157 1189 1217 propter
1221 1137 1366 1201 illitts
1388 1148 1739 1214 temporalem
1767 1146 2079 1201 manifesta-

511 1242 733 1304 tionetn,
764 1248 1123 1306 nostrumque
1155 1237 1483 1306 profectum,
1510 1247 1775 1291 mternum
1807 1237 1952 1306 quod
1972 1247 2075 1304 est,

508 1333 808 1400 temporale
833 1331 1103 1393 videatur,
1134 1338 1193 1383 ut
1221 1330 1471 1399 superius
1505 1329 1711 1383 dictum
1740 1336 1843 1383 est.

578 1425 735 1491 Quod
779 1424 825 1479 si
871 1424 1031 1479 divus
1075 1423 1495 1494 Chrysostomus
1528 1422 1635 1475 alio
1667 1420 1719 1474 in
1748 1421 1868 1474 loco
1896 1420 2074 1475 dixit:

514 1532 535 1566 ι
566 1514 702 1569 Cum
730 1528 864 1569 vero
883 1513 1024 1567 mitti
1052 1512 1316 1573 audieris,
1350 1511 1455 1564 noli
1479 1512 1546 1565 de
1567 1510 1849 1566 divinitate
1872 1511 2074 1564 dictum

508 1608 787 1676 accipere;
853 1605 999 1660 Deus
1048 1619 1151 1659 non
1211 1604 1465 1666 tnittitur,
1506 1623 1524 1656 ι
1568 1604 1893 1667 dicendum,
1931 1602 2075 1671 quod

505 1699 632 1768 quia
660 1697 877 1765 plurimi
901 1697 1306 1761 haereticorum,
1331 1710 1395 1747 ex
1423 1709 1486 1748 eo
1513 1694 1655 1762 quod
1680 1694 1884 1748 dicitur
1911 1694 2072 1759 mitti,

506 1789 1100 1860 gradusdivinitatutn
1182 1774 1627 1852 iutroduc'entes,
1684 1801 1955 1858 unamque
2022 1796 2076 1843 et

505 1881 866 1935 unitissitnam
890 1879 1180 1934 essentiam
1206 1889 1258 1932 et
1281 1878 1539 1932 deitatem
1564 1878 1889 1944 dividentes,
1908 1878 2068 1933 aliam

503 1973 719 2043 quidem
755 1973 997 2035 mittere,
1037 1970 1177 2026 mitti
1211 1971 1371 2024 aliam
1430 1971 1699 2039 docebant
1720 1988 1733 2035 ;
1766 1971 1889 2026 ideo
1925 1986 2069 2040 prae-

502 2075 688 2137 rcptor
718 2066 934 2135 pietatis
976 2064 1105 2118 illud
1163 2064 1380 2132 quidem
1417 2065 1679 2131 denegat,
1713 2079 1779 2118 ne
1812 2063 2069 2118 tleitatum

502 2156 881 2212 introducatur
914 2154 1224 2218 multitudo,
1254 2155 1588 2232 deorumque
1618 2154 2069 2221 consequentium

506 2250 704 2317 partim
730 2247 1099 2317 superiorum,
1127 2244 1327 2313 partim
1360 2243 1707 2308 inferiorum,
1733 2244 1890 2312 juxta
1923 2244 2074 2298 scili-

505 2349 590 2395 cet
639 2338 1066 2397 substantiarum
1115 2334 1481 2399 differentias;
1532 2341 1586 2388 et
1622 2334 1700 2388 ait
1740 2334 1867 2403 quia
1901 2333 2074 2387 deitas

505 2446 610 2481 nnu
644 2427 896 2487 mittitur,
925 2418 1102 2493 rfeque
1126 2425 1290 2488 Deus,
1316 2421 1538 2492 quando
1560 2420 1861 2476 secundum
1891 2418 2074 2474 Deita-

505 2522 573 2574 tis
605 2533 801 2572 nomen
835 2517 1087 2571 absolute
1129 2515 1331 2569 dicitur
1356 2554 1372 2579 ,
1403 2524 1458 2569 et
1488 2514 1606 2568 sine
1637 2511 1925 2567 relatione.
1969 2509 2074 2566 Per

508 2613 557 2667 id
591 2626 740 2674 vero,
773 2608 917 2678 quod
953 2608 1168 2662 mittere
1195 2592 1417 2660 et'mitti
1452 2603 1678 2669 dicitur,
1716 2617 2070 2673 personarum

504 2702 895 2764 substantiam,
928 2712 1267 2767 causamque
1294 2706 1349 2751 et
1382 2696 1598 2751 causale
1638 2694 1948 2749 conﬁtetur.
1982 2692 2075 2747 Di-

503 2793 922 2866 citque-idcirco
955 2791 1083 2853 dici,
1124 2791 1251 2859 quia
1300 2789 1554 2855 mittitur,
1592 2799 1649 2842 ut
1673 2802 1893 2842 causam
1928 2785 2072 2840 scia-

507 2901 659 2949 mus,
704 2893 759 2938 et
800 2883 853 2937 in
897 2880 1117 2937 Sabellii
1150 2880 1404 2937 morbum
1433 2894 1542 2935 non
1575 2877 1903 2940 incidamus,
1934 2876 2072 2930 mitti

505 2977 584 3032 sic
609 2975 905 3043 accipiens.
938 2971 1238 3027 secundum
1270 2968 1415 3040 quod
1475 2983 1705 3036 persona
1743 2983 1805 3021 ex
1841 2982 2068 3035 persona

505 3065 869 3122 substantiam
898 3062 1066 3117 habet
1086 3099 1101 3125 ,
1149 3076 1212 3116 ex
1241 3075 1305 3116 ea
1339 3058 1595 3131 prodiens
1615 3099 1629 3125 ,
1663 3073 1789 3113 cum
1828 3072 1932 3111 una
1964 3057 2070 3110 illis

506 3157 579 3210 sit
607 3157 864 3210 essentia.

581 3245 767 3315 Itaque
798 3244 1097 3300 secundum
1129 3244 1269 3314 quod
1305 3242 1489 3298 divina
1522 3256 1756 3313 persona
1784 3250 1887 3306 est,
1929 3239 2069 3293 mitti

510 3336 755 3407 ponitur,
784 3335 913 3403 quia
943 3342 998 3387 et
1030 3332 1170 3386 mitti
1203 3332 1257 3386 in
1290 3331 1509 3395 divinis,
1543 3339 1601 3384 ttt
1630 3332 1832 3385 dictum
1869 3339 1970 3393 est,
2004 3327 2073 3382 ab

508 3430 617 3483 alio
657 3441 780 3481 esse
827 3424 1120 3495 signiﬁcat.
1165 3421 1313 3476 Alias
1344 3422 1578 3490 quippe,
1623 3430 1677 3474 ct
1714 3421 1817 3477 sibi
1865 3420 1961 3489 ipsi
2013 3427 2067 3471 et

513 3516 818 3574 Salvatoris
843 3514 1126 3570 sententiis
1148 3513 1530 3587 adversaretur
1558 3511 1897 3579 apertissime
1926 3508 1992 3562 de
2015 3524 2074 3563 se

509 3609 763 3671 dicentis,
795 3606 1090 3663 missurum
1124 3619 1182 3660 se
1206 3602 1569 3667 Paracletum,
1597 3602 1856 3671 Spiritum
1877 3602 2072 3655 verita-

508 3702 579 3756 tis
605 3718 616 3753 :
652 3701 890 3768 seipsum
915 3699 1188 3753 veritatem
1217 3696 1428 3761 dicens,
1457 3695 1607 3751 illum
1640 3694 1865 3751 scilicet
1896 3695 2071 3763 Spiri-

508 3802 648 3857 tum,
678 3806 839 3861 quem
870 3790 1034 3844 mittit
1060 3788 1239 3850 Patcr,
1262 3797 1315 3842 et
1344 3787 1437 3856 qui
1462 3804 1489 3840 a
1519 3785 1679 3841 Patre
1706 3785 1966 3855 procedit.
1993 3784 2069 3837 Ex

484 3887 706 3956 “quibus
735 3886 787 3938 id
818 3885 983 3938 etiam
1014 3890 1259 3951 apparet,
1291 3880 1436 3949 quod
1467 3880 1558 3947 qui
1594 3893 1689 3947 per
1718 3882 1920 3931 donum
1955 3875 2074 3930 sine

509 3976 840 4037 substantia,
868 3992 971 4027 non
1001 3986 1316 4041 personam,
1345 3969 1646 4025 secundum
1675 3969 1817 4035 quod
1843 3983 2073 4036 persona

510 4078 626 4129 cst,
676 4065 818 4118 mitti
852 4079 883 4117 a
933 4062 1072 4115 Filio
1112 4060 1373 4129 Spiritutn
1408 4068 1656 4112 sanctum
1704 4056 1928 4119 dicunt,
1966 4072 2072 4109 non

510 4165 659 4212 recte
688 4155 1000 4224 opinantur.
1025 4150 1130 4215 Qui
1156 4149 1300 4203 enim
1329 4163 1395 4203 ex
1422 4149 1585 4201 Patre
1616 4148 1880 4216 prot:edtt,
1914 4146 2075 4199 Para-

509 4248 685 4302 cletus
728 4254 813 4298 est
837 4241 1076 4312 Spiritus
1104 4238 1380 4303 veritatis,
1420 4253 1570 4303 quem
1621 4243 1788 4291 mittet
1832 4236 2073 4307 quidem,

510 4335 709 4406 inquit,
751 4332 910 4386 Pater
934 4333 987 4385 in
1015 4331 1225 4383 nomine
1254 4344 1388 4392 meo,
1417 4327 1519 4382 hoc
1551 4336 1655 4391 est,
1688 4340 1786 4396 per
1817 4343 1922 4381 me.
1949 4327 2074 4381 Mis-

511 4442 699 4482 surum
728 4432 853 4479 vero
880 4438 959 4486 se,
994 4422 1107 4490 ipse
1135 4422 1352 4489 quoque
1378 4418 1687 4489 pollicetur,
1720 4418 1809 4488 qui
1841 4420 2075 4488 discipu-

2181 601 2471 656 orthodoxi
2514 605 2627 659 ait:
2663 625 2681 657 ι
2716 606 2980 674 Spiritum
3027 619 3206 662 autem
3255 612 3552 679 ingenitum
3593 610 3754 676 dico;

2180 706 2288 746 non
2321 693 2465 748 enim
2496 694 2654 750 habet
2684 680 3053 763 generationis
3086 710 3388 765 auctorem,
3413 704 3505 755 sed
3545 701 3671 753 ιιοιιι.
3699 726 3751 751 ιι.

2179 784 2263 837 sui
2285 784 2477 848 ;.sicut
2504 786 2648 839 enim
2680 784 2807 840 fons
2839 788 3182 843 extrinsrcus
3217 805 3323 843 noo
3356 790 3548 857 gignit,
3583 807 3754 858 quam

2178 871 2357 929 fundit
2383 890 2619 944 aquam,
2656 878 2746 932 sed
2787 891 2861 933 ex.
2902 879 3085 947 seipsu
3129 881 3400 935 inundans
3436 882 3629 939 trahet.
3672 884 3754 933 ita

2178 973 2234 1017 et
2281 966 2419 1019 Deus
2453 966 2576 1023 fons
2609 967 2845 1037 Spiritus
2882 980 2992 1036 est,
3028 982 3086 1023 ut
3128 972 3330 1024 dictum
3364 976 3481 1033 est,
3522 972 3756 1039 largitor

2176 1057 2318 1127 ejus,
2354 1075 2459 1114 non
2491 1060 2644 1117 illum
2677 1065 3024 1119 extrinsecus
3062 1079 3307 1129 sumens,
3344 1066 3437 1120 sed
3465 1080 3530 1120 ex
3565 1065 3755 1132 seipso

2176 1149 2548 1223 profundens;
2588 1156 2851 1224 scriptum
2897 1157 3095 1227 quippe
3126 1166 3246 1212 est:
3281 1157 3398 1210 Duo
3435 1158 3570 1210 enim
3603 1155 3752 1208 mala

2178 1240 2301 1307 fecit
2343 1242 2568 1310 populus
2602 1261 2782 1310 meus;
2822 1263 2903 1300 me
2946 1248 3333 1316 dereliquerunt
3369 1247 3565 1315 fontem
3596 1263 3751 1314 aqua:

2179 1332 2328 1398 vivae,
2363 1344 2410 1387 et
2443 1335 2687 1403 foderunt
2723 1340 2822 1392 sibi
2861 1339 3006 1393 lacus
3045 1341 3323 1406 contritas,
3353 1339 3444 1409 qui
3474 1354 3576 1391 non
3599 1349 3749 1406 pote-

2180 1432 2301 1475 runt
2348 1440 2541 1494 aquam
2591 1429 2859 1482 continere
2886 1430 2952 1487 ³⁵.
2996 1432 3062 1484 Et
3088 1432 3381 1500 Apostolus
3425 1431 3600 1485 dicit:
3642 1430 3750 1493 Qui

2180 1515 2412 1583 largitur
2437 1516 2584 1571 nobis
2616 1517 2912 1587 Spiritum,
2945 1532 2994 1574 et
3030 1533 3278 1588 operatur
3306 1524 3361 1575 in
3398 1521 3545 1574 nobis
3577 1521 3747 1575 virtu-

2180 1616 2252 1658 tes
2283 1606 2351 1659 ³⁵.
2379 1605 2535 1670 Quod
2575 1617 2759 1661 autem
2793 1624 2934 1678 aqua
2961 1611 3080 1663 viva
3111 1611 3179 1663 sit
3207 1610 3462 1680 Spiritus,
3495 1608 3748 1663 Christus

2179 1698 2363 1752 docuit
2391 1700 2578 1767 dicens
2604 1716 2617 1754 :
2651 1700 2756 1765 Qui
2785 1700 2969 1756 biberit
2999 1717 3062 1755 ea:
3097 1719 3256 1771 aqua,
3283 1718 3438 1772 quam
3456 1716 3548 1772 ego
3577 1698 3743 1761 dabo,

2179 1790 2317 1869 sicut
2352 1792 2480 1845 dicit
2515 1790 2819 1860 Scriptura,
2840 1792 3066 1860 ﬂumina
3106 1796 3170 1847 de
3213 1794 3386 1848 uentre
3417 1790 3531 1860 ejus
3578 1791 3744 1858 ﬂuent

2176 1896 2329 1949 aquae
2356 1885 2481 1936 viva:
2505 1883 2572 1935 ’°.
2617 1902 2636 1935 ι
2671 1886 2733 1937 Et
2761 1885 2864 1937 hoc
2900 1882 2951 1936 in
2986 1882 3105 1938 loco
3135 1898 3362 1952 magnus
3417 1882 3745 1936 Athanasius

2175 1971 2371 2041 {autem
2404 1973 2615 2029 Patrem
2644 1975 2808 2041 dixit,
2829 1974 3091 2045 Spiritum
3124 1992 3337 2044 aquam.

2251 2062 2351 2119 Ubi
2386 2080 2514 2118 vero
2562 2076 2848 2121 enumerat
2925 2066 3213 2136 Scriptura:
3243 2064 3550 2120 testimonia
3583 2071 3743 2118 natu-

2175 2154 2305 2208 ralis
2368 2158 2798 2219 communionis,
2834 2173 2898 2212 ex
2933 2173 2996 2211 eo
3027 2158 3172 2228 quod
3198 2158 3447 2212 similiter
3472 2157 3542 2211 sit
3564 2153 3742 2220 Pater,

2172 2255 2226 2295 et
2255 2242 2446 2310 Filius,
2479 2256 2532 2298 et
2562 2246 2799 2314 Splritus
2833 2256 3077 2314 sanctus,
3117 2249 3190 2302 ibi
3224 2248 3500 2303 Christum
3537 2245 3740 2300 fontem

2176 2334 2411 2402 Spiritus
2456 2336 2611 2398 dicit,
2663 2352 2860 2407 aquam
2898 2354 3024 2393 vero
3051 2348 3299 2394 sanctum
3341 2340 3603 2407 Spiritttm
3643 2352 3741 2391 no-

2175 2427 2367 2481 minat.
2400 2425 2488 2479 Ait
2515 2426 2747 2495 denique
2775 2444 2790 2481 :
2827 2447 2845 2479 ι
2883 2427 3021 2482 Dicit
3050 2428 3300 2483 Salvator
3328 2430 3557 2484 iterum:
3584 2448 3601 2480 ι
3629 2428 3735 2494 Qui

2172 2516 2339 2570 credit
2394 2517 2597 2581 inme,
2637 2520 2774 2571 sicut
2852 2519 2981 2571 dicit
3042 2517 3321 2587 Scriptura
3355 2562 3370 2585 ,
3399 2520 3620 2589 ﬂumina
3676 2519 3741 2571 de

2173 2616 2347 2659 ventre
2396 2604 2509 2669 eius
2558 2605 2722 2673 ﬂuent
2776 2622 2927 2675 aqua
3000 2608 3127 2661 vim
3158 2645 3172 2660 .
3204 2608 3493 2676 Exponens
3557 2618 3734 2661 autem

2171 2697 2499 2769 evangelista
2555 2698 2684 2767 quid
2750 2698 2822 2752 sit
2876 2714 3016 2768 aqua
3070 2700 3229 2752 viva:
3262 2698 3377 2753 Hoc
3406 2710 3624 2759 autem,
3653 2700 3737 2752 in-

2171 2792 2311 2860 quit,
2372 2788 2578 2842 dicebat
2625 2790 2686 2842 de
2706 2786 2931 2857 Spiritu,
2994 2806 3141 2858 quem
3163 2794 3423 2858 accepturi
3456 2798 3734 2843 erantcre-

2172 2880 2351 2935 dentes
2414 2882 2468 2934 in
2518 2896 2636 2934 eum
2665 2918 2679 2934 .
2716 2879 2856 2935 Dicit
2920 2882 3064 2936 enim
3124 2883 3427 2952 propheta:
3466 2881 3553 2934 Me
3585 2880 3733 2933 dere-

2170 2973 2430 3043 tiquerunt
2462 2973 2656 3041 [autent
2703 2990 2855 3044 aquae
2918 2976 3093 3037 vium,
3124 2985 3171 3028 et
3222 2973 3469 3043 foderunt
3519 2972 3618 3026 sibi
3656 2971 3769 3023 la-.

2173 3083 2265 3121 cus
2319 3069 2571 3120 contritas
2608 3106 2623 3130 ,
2655 3068 2745 3133 qui
2822 3083 2925 3121 non
2990 3077 3232 3134 poterunt
3313 3080 3503 3132 aquam
3573 3064 3739 3116 conti-

2091 3157 2136 3220 C
2169 3172 2306 3210 nere.
2323 3175 2341 3207 ι

2248 3247 2393 3301 idem
2431 3260 2619 3300 rursus
2669 3245 2722 3298 itt
2767 3244 2904 3299 libro
2936 3244 3009 3296 De
3055 3244 3440 3310 dispensatione
3494 3241 3739 3294 incarna-

2145 3338 2330 3392 ‘tionis
2390 3334 2624 3396 Domini,
2690 3334 2848 3402 cujus
2909 3332 3122 3385 initium
3174 3343 3257 3385 est
3311 3330 3461 3395 :Qui
3514 3331 3739 3397 maligne

2173 3428 2380 3481 divinas
2416 3423 2650 3477 Litteras
2685 3432 2862 3477 votuut
2911 3422 3223 3491 intelligere,
3263 3438 3281 3472 ι
3344 3420 3503 3475 Novit
3563 3423 3733 3485 enim,

2172 3520 2394 3587 inquit,
2422 3516 2681 3587 propheta
2745 3516 2887 3585 apud
2943 3513 3110 3568 Deum
3143 3513 3358 3568 Patrem
3384 3529 3504 3569 esse
3540 3511 3736 3566 Filium

2175 3609 2376 3665 fontem
2412 3608 2588 3663 sancti
2627 3608 2883 3675 Spiritus.
2930 3625 2950 3658 ι
3013 3604 3118 3660 Sed
3154 3614 3208 3659 et
3237 3605 3658 3675 Chrysostomus
3686 3606 3737 3659 in

2172 3716 2423 3757 sermone
2454 3699 2530 3754 De
2561 3710 2892 3753 sacramento
2939 3697 3272 3765 baptismatis
3309 3713 3327 3752 :
3368 3716 3386 3748 ι
3429 3696 3737 3766 Propterea,

2175 3794 2373 3862 inquit,
2414 3791 2653 3846 ostendit
2680 3805 2740 3845 se
2791 3791 2968 3859 ipsum
3024 3789 3274 3844 Salvator
3328 3790 3531 3844 fontem
3587 3803 3742 3857 aqua:

2174 3882 2329 3943 vivae,
2358 3890 2413 3935 et
2465 3895 2666 3948 aquam
2725 3880 2901 3933 vivam
2970 3878 3231 3948 Spiritum
3285 3889 3535 3934 sanctum
3570 3918 3583 3932 .
3624 3895 3644 3929 ι
3681 3877 3738 3932 in

2178 3971 2392 4039 hymnis
2462 3985 2680 4039 quoque
2734 3971 3064 4038 psallimus:
3126 3987 3145 4020 ι
3202 3968 3286 4022 Me
3339 3968 3741 4036 dereliqtn-t'unt

2175 4058 2377 4112 fontem
2437 4058 2671 4111 viventis
2740 4073 2940 4126 aqum,
2989 4054 3391 4121 Barrahamque
3435 4053 3741 4121 petiverunt

2173 4162 2336 4217 atque
2367 4148 2712 4203 dimiserunt.
2749 4166 2767 4198 ι
2802 4146 3030 4202 Constat
3082 4146 3242 4216 igitur
3275 4184 3290 4209 ,
3323 4143 3469 4212 quod
3533 4144 3737 4196 dictum

2176 4252 2280 4307 est,
2310 4257 2390 4295 me
2441 4240 2833 4309 dereliquerunt
2870 4239 3066 4307 fontem
3099 4251 3248 4304 aqua:
3275 4237 3419 4297 vit-tr,
3453 4232 3741 4301 aliquando

2174 4346 2420 4402 personae
2473 4330 2649 4386 Patris
2705 4329 3018 4391 convenire,
3074 4326 3367 4394 aliquando
3417 4339 3545 4378 vero
3573 4324 3736 4377 etiam

2175 4423 2297 4477 Filii
2332 4464 2345 4478 .
2376 4422 2503 4477 Viva
2565 4433 2743 4476 autem
2794 4435 2933 4488 aqua
2972 4418 3208 4487 Spit-itus
3240 4427 3460 4471 sanctus
3493 4424 3735 4483 vocatur,

510 4520 591 4574 los
633 4518 876 4581 doceret,
923 4515 1113 4583 eisque
1157 4520 1470 4580 suggereret
1506 4511 1707 4565 omnia.
1737 4484 1903 4565 hunc
1942 4484 2072 4578 ergo
2106 4484 2147 4539 θ
2179 4512 2323 4567 Fons
2379 4516 2560 4579 itaque
2588 4510 2827 4579 Spiritus
2846 4484 3028 4561 sancti
3059 4504 3220 4589 Pater
3245 4513 3298 4557 et
3331 4503 3499 4557 Filius
3524 4512 3627 4557 est.
3665 4503 3738 4555 lta

512 4609 782 4679 Spiritum
830 4607 955 4675 quis
988 4605 1184 4660 audeat
1221 4606 1340 4659 sine
1378 4601 1678 4659 substantia
1713 4600 1925 4668 dicere,
1969 4601 2073 4657 nisi

511 4703 893 4770 blasphemare
921 4696 1085 4753 velit?

582 4793 811 4865 “agnus
854 4805 1071 4861 quoque
1105 4788 1341 4842 Basilius
1373 4787 1425 4840 itt
1459 4786 1599 4839 libro
1638 4784 1712 4837 De
1739 4795 1923 4838 sancto
1952 4782 2083 4851 Spi~'

511 4888 643 4951 ritu,
697 4904 716 4938 ι
761 4884 1023 4954 Spiritus,
1063 4879 1265 4949 inquit,
1294 4886 1533 4940 sanctus,
1574 4875 1706 4929 nihil
1739 4874 1842 4929 sibi
1880 4876 2071 4942 aequi-

510 4981 677 5033 situm
714 4976 919 5030 habens
948 4982 1051 5035 est,
1094 4969 1189 5026 sed
1219 4977 1419 5023 aeterne
1454 4966 1616 5021 habet
1646 4965 1853 5027 omnia,
1890 4972 1948 5017 ut
1983 4962 2072 5017 Dei

509 5069 747 5139 Spiritus
767 5074 821 5120 et
844 5079 910 5120 ex
930 5079 993 5118 eo
1020 5077 1265 5127 manans,
1282 5074 1615 5129 causamque
1643 5057 1679 5127 i;
1700 5073 1818 5112 sum
1846 5057 2068 5120 habens,

416 5216 417 5219 η
513 5174 573 5217 ιιι
602 5162 805 5216 fontem
835 5157 941 5212 sui.
972 5173 992 5207 ι
1025 5153 1127 5209 Ubi
1151 5151 1469 5216 notandum,
1496 5151 1621 5221 quia
1650 5148 1816 5204 Deum
1846 5162 2068 5202 causam

510 5271 633 5308 esse
658 5252 834 5307 sancti
860 5248 1096 5319 Spiritus
1113 5263 1178 5301 ex
1202 5262 1266 5301 eo
1291 5245 1434 5315 quod
1462 5243 1584 5299 fons
1602 5243 1721 5312 ejus
1749 5243 1839 5304 sit,
1868 5250 2067 5294 monet.

508 5351 598 5404 Ait
624 5347 769 5403 ettitn
796 5360 812 5399 :
844 5362 861 5393 ι
897 5342 1134 5396 Causam
1162 5339 1341 5408 ipsum
1369 5337 1550 5400 habet,
1584 5344 1643 5387 ut
1672 5333 1871 5387 fontem
1904 5332 2009 5386 sui.
2046 5348 2064 5380 ι

513 5408 706 5510 Liquet
733 5443 913 5492 autem
940 5473 955 5497 ,
999 5432 1123 5503 quia
1171 5431 1337 5485 iontis
1372 5442 1567 5481 nomen
1598 5439 1819 5478 causam
1862 5422 2068 5490 signiti-

508 5553 636 5592 care
677 5535 813 5589 vult.

583 5632 805 5701 Magnus
867 5629 996 5682 item
1046 5618 1378 5679 Athanasius
1422 5619 1476 5671 in
1522 5632 1584 5670 ea
1632 5631 1795 5685 quam
1849 5614 2070 5683 scripsit

581 5814 626 5845 “
660 5810 858 5866 Jerem.
891 5827 953 5875 tt,
990 5809 1074 5862 13.
1152 5808 1197 5839 ⁸³
1225 5805 1398 5862 Galat.
1433 5821 1512 5869 tn,
1534 5806 1585 5861 5.

2175 4605 2374 4674 quippe
2396 4615 2448 4656 et
2498 4617 2527 4655 a
2556 4600 2758 4655 sanctis
2782 4597 3034 4651 Patribus
3065 4593 3449 4664 exponitur.th
3481 4596 3737 4663 quoniam

2175 4697 2297 4752 fons
2325 4696 2539 4763 quidetn
2585 4693 2817 4762 Spiritus
2851 4689 3008 4743 Pater
3072 4697 3175 4751 est,
3205 4698 3262 4741 ut
3319 4702 3483 4741 causa
3547 4688 3737 4757 ipsius,

2173 4798 2255 4844 est
2297 4799 2475 4842 autem
2531 4783 2700 4838 Filius
2752 4781 2927 4836 sancti
2990 4778 3231 4847 Spiritus
3264 4777 3407 4843 fons,
3442 4779 3734 4847 colligitur,

2174 4880 2298 4948 quia
2330 4893 2435 4931 una
2488 4890 2672 4938 causa,
2741 4885 2991 4940 unusque
3017 4869 3143 4924 fons
3179 4871 3355 4923 sancti
3390 4868 3624 4938 Spiritus
3656 4877 3734 4922 est

2175 4967 2333 5019 Pater
2364 4973 2415 5019 et
2441 4963 2631 5017 Filius.
2655 4959 2849 5015 Omnia
2893 4958 3061 5023 enint,
3090 4973 3211 5027 qua:
3242 4957 3399 5013 Pater
3419 4961 3598 5023 habet,
3620 4958 3738 5012 Filii

2175 5065 2327 5118 sunt.
2352 5067 2407 5110 et
2463 5069 2583 5123 qua:
2637 5052 2757 5106 Filii
2787 5060 2915 5106 sunt
2973 5053 3039 5105 ad
3070 5049 3285 5107 Patrem
3314 5051 3645 5106 referuntur.
3672 5051 3738 5103 Et

2176 5148 2307 5201 illud
2370 5133 2538 5200 'sitnul
2596 5152 2833 5208 constat,
2885 5144 3009 5214 quia
3050 5144 3193 5198 sicut
3222 5159 3317 5212 per
3350 5154 3597 5196 naturam
3631 5156 3735 5194 una

2174 5250 2257 5293 est
2317 5255 2478 5309 aqua,
2515 5247 2569 5292 ct
2633 5251 2752 5307 qua:
2801 5237 2854 5290 in
2878 5236 3026 5290 tonte
3076 5244 3159 5288 est
3217 5243 3272 5288 et
3308 5248 3429 5301 quae
3456 5240 3734 5285 manatex
3822 5288 3825 5293 ,

2173 5330 2344 5396 fonte,
2410 5332 2675 5384 ita'ttnum
2706 5342 2801 5398 per
2826 5336 3076 5391 naturam
3104 5334 3229 5377 sunt
3261 5323 3440 5386 Pater,
3467 5330 3521 5375 et
3544 5320 3738 5384 Filius,

2173 5434 2226 5477 et
2256 5423 2495 5491 Spiritus
2546 5430 2764 5476 sanctus
2798 5456 2812 5471 .
2854 5418 2947 5471 Sin
3017 5398 3146 5468 vero
3174 5429 3313 5482 aqua
3347 5429 3413 5468 ex
3445 5411 3593 5467 fonte
3618 5427 3734 5487 ma-

2177 5522 2289 5576 nat,
2335 5511 2702 5581 profunditur,
2754 5516 2972 5569 scatet;
3008 5503 3356 5557 manifesmtn
3419 5510 3520 5566 est,
3584 5501 3713 5570 quia

2172 5615 2225 5659 et
2295 5602 2527 5673 Spiritus
2544 5618 2609 5657 ex
2640 5600 2774 5657 Filio
2808 5606 3013 5662 manat,
3043 5604 3208 5651 scatet
3262 5602 3427 5665 atque
3456 5592 3734 5665 profundi-

1663 5807 1708 5837 "
1742 5804 1898 5861 Joan.
1933 5816 2028 5866 vn,
2062 5799 2149 5865 '57,
2180 5797 2275 5853 53.
