4064 6262
342 439 413 502 Si
1444 441 1836 499 ADVERSUS
1884 437 2198 497 CIL-IZCOS
2235 436 2378 495 LIB.
2412 433 2484 492 Ιῐ.
3522 436 3592 493 83

345 569 442 616 tur
477 595 491 607 .
527 553 650 606 llrec
701 560 878 605 autem
943 552 1116 620 ipsum
1173 567 1237 605 ex
1294 552 1384 604 illo
1410 567 1528 605 esse
1560 552 1865 620 signiﬁcant
1906 567 1918 604 ι
1956 555 1998 606 Δ
2032 548 2356 608 substantia,
2392 555 2444 600 et
2484 545 2692 606 cTzcav,
2724 553 2776 595 et
2806 543 3059 611 splen-lor
3095 543 3278 613 gloria)
3313 542 3426 595 DCI.
3489 547 3592 595 dra

345 646 556 713 quippe
619 643 815 697 Filium
872 660 934 697 ex
993 644 1146 697 Patre
1206 659 1470 707 manare,
1526 643 1689 696 ﬂuere
1763 651 1923 709 atque

348 735 634 805 profundi,
687 735 859 788 sancti
915 734 1099 788 Patres
1126 736 1390 800 dicentes,
1420 735 1779 788 substantiam
1806 733 1923 802 ejus

351 843 422 880 ex
456 826 618 879 Patre
644 826 953 894 signiﬁcare
984 827 1191 880 volunt.

432 921 521 971 Ait
551 919 750 987 quippe
780 927 1008 972 sanctus
1036 918 1272 987 Cyl-illus
1312 919 1362 970 in
1396 917 1630 987 quodam
1663 918 1922 986 capitulo,

357 1007 435 1061 De
487 1008 783 1061 mternitate
825 1005 976 1071 Filii,
1007 1009 1161 1078 cujus
1221 1008 1433 1062 initium
1489 1017 1572 1076 est
1601 1027 1614 1062 :
1646 1007 1787 1062 Fons
1837 1025 1926 1061 sa-

348 1099 730 1164 picntice'Dens
794 1111 1012 1153 vocatur
1049 1140 1063 1160 ,
1091 1108 1298 1154 etest:
1345 1119 1362 1150 ι
1430 1101 1557 1154 Erat
1604 1114 1731 1168 ergo
1779 1099 1922 1152 Patri

353 1200 658 1244 Comici-nus
687 1189 882 1255 Filius,
908 1207 970 1245 ex
1024 1202 1246 1260 paterna
1307 1191 1606 1246 substantia
1668 1189 1828 1243 veluti
1861 1205 1926 1244 ex

354 1279 592 1344 quodam
663 1277 809 1330 fonte
874 1281 1198 1334 scaturiens.
1286 1299 1302 1329 ι
1347 1281 1513 1333 Aiunt
1558 1272 1925 1333 nihilominus

354 1381 407 1421 et
443 1370 548 1435 ipsi
606 1370 793 1422 Patres
846 1371 1107 1437 Spiritum
1170 1383 1416 1426 sanctum
1445 1385 1508 1424 ex
1538 1370 1674 1424 Filio
1708 1385 1927 1440 quoque

356 1460 628 1528 proﬂuere
668 1500 683 1523 ,
741 1461 1001 1528 profundi
1061 1503 1075 1526 ,
1113 1477 1334 1516 manare
1391 1471 1554 1529 atque
1611 1461 1924 1530 procedere.

357 1551 492 1604 Nam
560 1553 614 1604 in
640 1554 805 1620 gestis
866 1554 1053 1621 prima:
1082 1555 1136 1607 in
1167 1552 1342 1608 Nicaea
1377 1554 1589 1624 synodi,
1619 1556 1669 1606 iu
1697 1554 1780 1607 his
1809 1567 1928 1621 qure

355 1644 614 1694 dixerunt
667 1645 842 1697 sancti
901 1644 1085 1699 Patres
1133 1645 1198 1698 ad
1236 1646 1614 1715 philosophum
1650 1641 1768 1713 'per
1811 1643 1930 1712 epi-

362 1750 594 1800 sropum
644 1733 953 1800 Leontium,
977 1753 1206 1805 quorum
1238 1739 1522 1792 verborum
1559 1738 1773 1792 initium
1816 1747 1920 1790 est:

363 1825 458 1878 Est
525 1826 659 1879 it’ud
717 1841 894 1878 au‘em
953 1828 1391 1898 intelligendum,
1452 1848 1480 1883 o
1534 1830 1740 1890 amice,
1807 1829 1927 1894 jam

356 1918 594 1969 raritatis
637 1917 938 1984 philosophe
973 1961 987 1982 ,
1022 1921 1099 1975 sic
1131 1921 1382 1985 habetur,
1418 1941 1435 1974 ε
1474 1923 1756 1976 Invenitur
1797 1923 1928 1991 Spi—

364 2014 503 2060 ritus
549 2023 613 2061 ex
670 2010 828 2062 Patre
874 2011 1090 2078 quidem
1140 2015 1456 2081 procedens,
1479 2019 1729 2084 preprius
1750 2027 1929 2070 autem

358 2097 504 2158 Filii,
564 2109 617 2152 et
676 2116 741 2153 ex
777 2101 893 2169 ipso
935 2102 1224 2171 proﬂuens.
1264 2124 1281 2156 ι
1314 2105 1367 2159 Si
1400 2108 1517 2175 quis
1544 2119 1720 2161 autem
1746 2123 1808 2162 ex
1848 2110 1934 2161 his

365 2185 560 2240 Filium
613 2183 851 2258 Spiritus
902 2191 1101 2245 fontem
1129 2198 1280 2260 juxta
1336 2210 1456 2248 eum
1489 2197 1578 2264 qui
1635 2216 1663 2252 a
1697 2201 1934 2267 quibus-

369 2277 494 2330 dam
558 2280 940 2344 introducitur,
1001 2287 1300 2339 secundum
1342 2303 1656 2357 processum
1699 2293 1818 2361 ejus
1860 2296 1938 2348 in-

365 2369 532 2438 telligi
566 2379 779 2425 tantum
804 2376 951 2426 vult:
989 2385 1039 2428 at
1067 2391 1133 2428 eo
1162 2377 1310 2441 dato,
1343 2395 1462 2447 quae
1495 2384 1750 2449 praedicta
1777 2397 1931 2452 sunt,

364 2459 550 2528 inepta
582 2476 738 2516 erunt
770 2474 822 2516 et
854 2466 1084 2520 absurda
1125 2471 1334 2524 omnia.

440 2551 706 2606 Prreterea
759 2556 858 2609 etsi
913 2558 1245 2624 dederimus,
1302 2565 1575 2630 geminum
1609 2584 1924 2638 processum

365 2657 509 2706 esse,
545 2654 836 2714 utrumque
895 2665 1116 2705 necesse
1139 2663 1220 2708 est
1253 2654 1388 2710 Filio
1416 2673 1760 2716 communem
1808 2678 1932 2718 esse

367 2747 492 2783 cum
557 2732 715 2787 Patre
750 2774 768 2800 ,
804 2753 871 2792 ne
895 2741 1124 2796 varietas
1180 2748 1431 2801 εεερηιὶω
1465 2748 1583 2803 Filii
1619 2752 1683 2804 ad
1718 2751 1931 2807 Patrem

361 2833 654 2906 sequatur.
687 2822 926 2890 Quorum
951 2833 1093 2885 enim
1124 2847 1206 2889 est
1237 2837 1409 2892 virtus
1431 2839 1710 2903 diﬂ‘crens,
1744 2860 1939 2898 essen-

375 2914 451 2965 tia
507 2929 729 2984 quoque
793 2917 1046 2975 differens
1112 2936 1218 2999 est;
1278 2929 1436 2982 sicuti
1493 2946 1723 2999 quorum
1773 2950 1925 3002 requa

372 3005 548 3058 virtus
604 3015 712 3071 est,
773 3012 996 3078 aequalis
1028 3020 1080 3066 et
1125 3019 1363 3072 essentia
1401 3028 1503 3073 est.
1530 3021 1682 3086 Quod
1709 3025 1752 3077 si
1789 3041 1934 3080 unus

377 3111 673 3160 processus
698 3109 801 3162 est,
845 3103 1013 3156 multo
1042 3107 1211 3174 magis
1250 3113 1395 3176 quod
1450 3115 1819 3179 qurcrebatur,
1883 3117 1936 3168 in

2028 650 2081 692 et
2143 648 2256 690 toto
2307 639 2358 691 in
2423 639 2600 704 st'ipso
2668 635 2901 690 ostendit
2954 634 3183 697 Patrem,
3232 649 3293 687 ex
3327 643 3435 686 tota
3475 637 3593 701 ejus

2028 731 2195 800 gloria
2230 731 2603 799 resplendens.
2643 747 2659 778 ι
3625 751 3650 813 ί

2096 822 2238 874 Idem
2262 821 2312 871 iu
2341 834 2589 871 Sermone
2620 817 2815 869 Contra
2844 815 3137 870 Sobel/ium
3168 817 3546 885 ctgAnomrnm
3575 828 3594 867 :

2033 932 2049 964 ‹
2099 913 2206 966 Illic
2261 922 2436 963 autem
2484 925 2605 962 cum
2668 910 2822 962 audis
2875 908 3181 979 imaginem,
3249 907 3588 976 Splendorem

2031 1006 2216 1076 gloria:
2251 1003 2508 1072 intelligo.
2552 1023 2568 1053 ι
2977 1070 2981 1076 .

2097 1095 2332 1148 Joannes
2393 1111 2608 1163 quoque
2687 1093 3084 1156 Damasccnus,
3136 1093 3189 1146 in
3255 1095 3477 1148 Canone
3539 1093 3596 1146 in

2030 1203 2282 1255 magnum
2325 1185 2580 1238 Basilium
2622 1186 2694 1238 ait
2743 1202 2756 1237 :
2807 1202 2823 1234 ί
2862 1185 3045 1252 Imago
3092 1182 3268 1237 Patris
3301 1184 3491 1242 Filius.
3528 1202 3591 1235 ac

2032 1279 2148 1330 Filii
2192 1277 2443 1346 Spiritus.
2497 1295 2513 1325 ι
2554 1279 2628 1330 Ad
2673 1278 2784 1330 luec
2836 1285 3060 1329 sanctus
3099 1276 3317 1344 quidem
3359 1275 3596 1344 Cyrillus

2031 1368 2084 1419 in
2118 1383 2166 1419 Vl
2207 1370 2273 1418 ad
2309 1367 2577 1419 Ila-mima
2627 1367 2694 1419 ait
2739 1383 2751 1419 :
2789 1385 2806 1418 t
2861 1366 3098 1434 Denique
3138 1376 3190 1420 et
3218 1375 3441 1420 sanctus
3498 1365 3600 1415 Da-

2043 1458 2127 1509 vid
2188 1459 2454 1510 viventem
2509 1468 2560 1512 et
2609 1458 3040 1511 substantialiter
3082 1459 3297 1511 insitam
3354 1459 3596 1510 (καῖε-ἱππι-

2032 1550 2160 1601 tiam
2217 1564 2278 1602 ac
2330 1552 2582 1603 virtutem
2629 1533 2830 1603 Patris
2880 1545 3075 1601 Filium
3129 1566 3359 1603 noscens
3408 1553 3600 1606 orabit

2031 1639 2261 1692 dicens:
2302 1660 2318 1690 t
2359 1640 2594 1704 Mando,
2668 1641 2828 1704 Dens,
2899 1641 3084 1693 virtuti
3131 1650 3233 1693 ture
3299 1643 3600 1709 ;conﬁrmu

2031 1729 2146 1793 hoc,
2207 1729 2381 1796 Deus,
2413 1731 2550 1798 quod
2606 1741 2846 1797 operatus
2897 1750 2949 1785 es
2992 1733 3042 1784 in
3077 1731 3220 1785 nobis
3275 1733 3340 1786 ³ο.
3403 1733 3602 1789 Paulus

2033 1821 2156 1874 item
2198 1822 2656 1890 sapientissimum
2693 1823 2968 1876 Christum
3019 1823 3108 1878 Dei
3143 1827 3394 1879 virtutem
3425 1836 3476 1879 ct
3508 1826 3601 1880 Dei

2041 1913 2357 1980 sapientiam
2391 1914 2431 1943 ³¹
2462 1926 2644 1981 aperte
2675 1915 3000 1982 praedicavit.
3046 1934 3062 1965 ›
3099 1916 3241 1970 Idem
3290 1919 3340 1970 in
3367 1919 3601 1986 quodam

2040 2004 2276 2072 capitulo
2310 2005 2365 2057 II
2405 2004 2783 2058 Tliesaurorum
2813 2008 2926 2058 ait:
2963 2025 2981 2057 α
3022 2007 3378 2074 Apertissime
3413 2019 3605 2063 osten-

2043 2094 2210 2158 ditur,
2245 2110 2353 2148 non
2388 2095 2624 2150 alienum
2657 2111 2778 2150 esse
2803 2113 2830 2149 a
2865 2095 3000 2150 Filio
3032 2096 3298 2166 Spiritum
3330 2112 3603 2162 sanctum.

2044 2186 2137 2240 sed
2188 2187 2240 2238 in
2301 2186 2439 2252 ipso,
2469 2200 2521 2240 et
2583 2203 2645 2240 ex
2693 2188 2808 2256 ipso
2862 2204 3003 2250 esse,
3055 2205 3118 2244 ac
3146 2191 3307 2245 veluti
3366 2193 3607 2247 eﬂicacia

2041 2277 2287 2344 quaedam
2326 2279 2588 2332 naturalis
2616 2281 2796 2332 omnia
2842 2281 3065 2348 implere
3106 2282 3311 2344 valens,
3343 2300 3610 2352 (IIIEBCIID-

2002 2374 2011 2381 '
2042 2386 2148 2440 que
2177 2369 2433 2425 voluerit.
2479 2390 2497 2423 ι
2553 2369 2900 2442 Rursumque
2931 2375 2984 2426 iu
3015 2374 3122 2427 alio
3149 2375 3388 2444 capitqu
3425 2376 3446 2429 I
3479 2376 3612 2430 Tlte-

2049 2479 2352 2527 saurorum,
2395 2481 2414 2513 ‹
2450 2461 2642 2526 Filius,
2671 2465 2864 2533 inquit,
2904 2466 3023 2518 viva
3075 2473 3127 2520 et
3167 2467 3475 2520 essentialis
3501 2467 3610 2520 effi-

2043 2555 2191 2609 cacia
2246 2563 2348 2619 est,
2403 2564 2455 2608 et
2501 2555 2673 2609 virtus
2723 2556 2982 2624 sapientia
3029 2556 3225 2612 Patris.
3303 2575 3321 2608 ι
3382 2557 3488 2611 Sed
3557 2569 3606 2613 ct

2045 2661 2273 2714 magnus
2305 2645 2656 2710 Athanasius,
2696 2644 2748 2697 in
2777 2647 3024 2715 lipist.ad
3061 2649 3414 2716 Serapionem
3437 2687 3452 2711 ,
3486 2666 3614 2718 opu-

2049 2737 2314 2790 rationem
2362 2734 2475 2786 Filii
2512 2735 2771 2803 Spiritum
2817 2738 3098 2801 nominat,
3153 2739 3509 2807 plurimisque
3558 2742 3610 2794 iu

2045 2827 2179 2878 locis
2235 2827 2482 2878 doctores
2550 2825 2721 2877 sancti
2804 2827 3099 2880 naturalem
3163 2836 3217 2881 et
3249 2827 3609 2901 "essentialeui

2051 2915 2171 2968 Filii
2213 2915 2467 2966 virtutem
2536 2914 2980 2981 ct0perationem
3039 2914 3297 2984 Spiritum
3362 2927 3610 2971 sanctum

2047 3016 2377 3062 asseverant.
3622 3064 3626 3066 γ

2119 3101 2196 3153 Ad
2231 3100 2345 3154 haec
2390 3099 2580 3153 faciem
2630 3100 2844 3168 quidem
2879 3097 3051 3152 Patris
3075 3099 3296 3165 Filium,
3329 3100 3449 3153 Filii
3486 3117 3612 3154 vero

377 3187 637 3243 manibus
695 3199 796 3243 est.
862 3191 974 3247 Iloc
1024 3207 1198 3250 autem
1233 3199 1575 3256 verissimum
1609 3205 1939 3267 est,maximc

2054 3193 2247 3246 facient
2289 3191 2551 3261 Spiritum
2586 3200 2830 3245 sanctum
2866 3199 3136 3246 asserunt.
3169 3193 3256 3245 Ait
3287 3193 3428 3246 enim
3458 3194 3616 3248 divus

374 3285 645 3340 ostenso,
705 3279 831 3334 hinc
893 3285 1107 3351 quidem
1189 3301 1283 3340 eos
1339 3291 1430 3357 qui
1478 3292 1613 3345 duos
1659 3308 1946 3360 processus

375 3379 589 3434 ponunt
657 3371 891 3427 absurda
949 3377 1182 3442 plurima
1231 3379 1385 3448 sequi
1444 3385 1777 3447 necessario,
1817 3385 1945 3438 hinc

378 3471 509 3508 vero
571 3461 828 3526 quoniam
885 3464 1021 3516 mitti
1067 3476 1114 3518 et
1145 3470 1456 3534 procedere,
1487 3481 1535 3524 et
1569 3474 1835 3541 proﬂuere
1867 3478 1950 3530 di-

380 3549 628 3603 vinarum
668 3567 1018 3619 personarum
1047 3557 1451 3615 distinctionem
1479 3569 1842 3623 commendat.

453 3640 722 3697 Praeterea
779 3645 949 3699 Filius
1017 3647 1192 3717 imago
1248 3649 1421 3704 Patris
1469 3652 1684 3715 dicitur,
1711 3657 1946 3724 Spiritus

381 3742 563 3784 autem
599 3733 741 3787 Filii.
784 3735 930 3790 Dixit
960 3740 1100 3791 enim
1133 3741 1426 3810 Apostolus
1453 3760 1465 3796 :
1492 3749 1637 3810 Quos
1667 3751 1945 3816 praesciuit,

381 3835 428 3873 et
460 3825 854 3888 prmdestinuuit
886 3830 1175 3898 canformes
1208 3834 1322 3900 ﬁeri
1347 3837 1590 3904 imaginis
1622 3836 1750 3891 Filii
1776 3843 1856 3893 sui
1879 3843 1945 3897 ³⁷.

381 3913 621 3982 (Iyrillus
673 3933 890 3986 quoque
933 3959 946 3982 ,
974 3937 1139 3988 super
1178 3923 1311 3975 illud
1342 3928 1714 3995 evangelicum
1756 3947 1769 3983 :
1801 3931 1948 3986 Sicut

384 4019 441 4057 tu
486 4024 568 4060 me
627 4011 812 4063 misisti
867 4012 921 4064 in
987 4019 1233 4067 mundum
1295 4016 1362 4078 ³⁸,
1393 4017 1510 4069 ait:
1546 4038 1564 4069 ‹
1610 4019 1747 4084 Quia
1804 4024 1948 4077 enim

385 4096 661 4168 Unigenlti
724 4101 1040 4156 substantiae
1093 4104 1270 4174 imago
1315 4106 1661 4174 integerrima
1713 4109 1950 4180 Spiritus

382 4190 503 4256 ejus
563 4192 867 4260 est,juxta
942 4194 1028 4258 id,
1062 4197 1206 4264 quod
1263 4197 1462 4253 Paulus
1511 4202 1728 4268 scripsit
1766 4204 1950 4268 :Quos

378 4281 665 4346 praecinit,
696 4294 742 4334 et
794 4283 1186 4349 prwdestinavit
1230 4287 1521 4354 conformes
1583 4292 1700 4357 ﬁeri
1761 4294 1952 4363 imagi-

383 4371 463 4420 nis
494 4370 595 4436 ﬁlii
617 4369 732 4436 ejus
754 4412 766 4433 ,
805 4386 1018 4436 omnes,
1053 4374 1105 4426 in
1136 4375 1550 4444 quibuscuuque
1584 4378 1770 4444 fuerit,
1812 4398 1945 4437 con-

387 4462 589 4514 formes
629 4460 790 4514 etlicit
833 4462 1072 4530 imagini,
1109 4466 1211 4520 hoc
1238 4478 1341 4534 est,
1374 4469 1534 4524 Filio.
1571 4488 1590 4520 ›

459 4547 600 4602 Idem
646 4565 812 4618 super
862 4552 1032 4606 illud:
1062 4554 1178 4608 Non
1205 4573 1299 4622 pro
1350 4559 1431 4612 liis
1456 4574 1579 4628 rogo
1635 4571 1840 4616 tantum
1862 4567 1905 4598 '9
1928 4606 1943 4631 ,

386 4643 457 4693 ait
492 4661 505 4695 :
548 4659 566 4691 ¢
608 4643 792 4710 Imago
849 4643 1057 4698 sincera
1102 4647 1286 4703 Patris
1317 4647 1783 4712 Filius.naturalis
1821 4671 1950 4710 vero

387 4731 685 4786 similitudo
725 4731 868 4795 Filii,
929 4733 1160 4802 Spiritus
1207 4739 1343 4808 ejus.
1382 4758 1400 4790 ι
1467 4740 1611 4795 Idem
1665 4760 1855 4798 rursus
1898 4747 1951 4800 in

391 4814 672 4870 Thesauris
704 4835 722 4872 :
755 4819 1252 4886 «Quemadmodum
1287 4827 1467 4896 igitur,
1487 4846 1748 4898 quoniam
1776 4849 1953 4901 imago

387 4909 568 4963 Patris
605 4912 1022 4979 diligentissima
1071 4925 1152 4969 est
1200 4916 1391 4981 Filius,
1425 4922 1515 4990 qui
1547 4937 1670 4976 eum
1703 4927 1954 4994 suscipit.

384 5014 435 5054 et
481 5004 693 5056 Patrem
745 5005 924 5066 habet,
981 5006 1054 5059 ita
1088 5009 1153 5061 ad
1186 5011 1408 5076 parilem
1448 5012 1672 5081 ﬁguram
1707 5018 1954 5085 anal0gia

389 5104 702 5147 rccurrente
736 5114 748 5148 :
783 5096 873 5162 qui
918 5095 1037 5150 Filii
1086 5099 1514 5168 imaginem,hoc
1541 5115 1644 5165 est,
1692 5106 1952 5176 Spiritum

387 5187 712 5254 susceperit,
765 5204 856 5254 per
904 5188 1078 5256 ipsum
1119 5193 1340 5247 omnino
1377 5196 1546 5249 habet
1586 5196 1805 5262 Filium,
1850 5199 1953 5253 Pa-

389 5286 664 5345 tremque,
693 5279 788 5346 qui
819 5279 871 5332 in
905 5280 1025 5350 ipso
1059 5293 1161 5337 est.
1202 5303 1220 5334 ι

463 5368 690 5438 Magnus
741 5379 922 5424 autem
983 5373 1216 5429 Basilius
1244 5377 1296 5428 in
1347 5377 1483 5432 Iib.t
1521 5378 1718 5434 Contra
1777 5380 1960 5434 Euno-

391 5459 552 5510 mium
583 5499 598 5524 ,
635 5478 653 5509 ‹
714 5460 932 5527 Imago,
979 5464 1175 5531 inquit,
1224 5465 1424 5533 genita,
1463 5477 1516 5521 et
1542 5469 1739 5522 dicitur
1768 5469 1960 5538 Filius,

393 5559 448 5600 et
499 5559 582 5601 est
631 5551 897 5618 sapientia
963 5565 1017 5607 et
1069 5555 1260 5620 virtus,
1315 5567 1370 5611 et
1419 5557 1628 5627 justitia
1686 5562 1800 5624 Dei,
1856 5579 1960 5615 non

397 5642 550 5708 quasi
603 5643 844 5708 habitus,
895 5661 1068 5714 neque
1119 5649 1275 5715 quasi
1323 5635 1598 5717 aptitudo,
1635 5653 1724 5705 scd
1774 5653 1960 5706 vivens

469 5763 511 5792 "’
551 5762 704 5816 Rom.
767 5777 881 5823 vm,
912 5763 1000 5816 ἓξ).
1028 5789 1044 5810 ι
1106 5765 1149 5796 ’⁸
1180 5763 1336 5818 .Ioau.
1379 5782 1511 5828 xvu,
1548 5767 1629 5818 18.

394 5845 652 5895 cxuvut,
703 5833 751 5884 7.
830 5835 870 5863 ³³
903 5832 1040 5887 Psal.
1081 5850 1150 5901 tv,
1191 5838 1239 5888 '7.
1317 5836 1360 5866 ⁵⁵
1391 5835 1550 5889 Joan.
1584 5853 1654 5899 vt,
1688 5837 1776 5889 9.7.

1740 5769 1782 5796 ‘9
1821 5769 1947 5819 ibid.
1981 5767 2069 5820 20.

2048 3282 2278 3353 Cyrillus
2327 3283 2377 3335 in
2419 3299 2450 3335 v
2485 3284 2553 3335 ad
2599 3281 2869 3335 Ilermiam
2917 3300 2935 3337 :
2974 3302 2990 3333 ι
3025 3283 3176 3348 Quod
3211 3285 3380 3350 enim,
3415 3284 3612 3353 lnquit,

2051 3376 2202 3444 quasi
2265 3374 2430 3430 facies
2473 3375 2668 3438 Dei,et
2717 3373 2894 3430 Patris
2963 3375 3134 3430 Filius
3183 3376 3271 3440 sit,
3324 3377 3613 3430 Psalmista

2051 3483 2149 3520 nos
2171 3467 2324 3521 facile
2354 3468 2546 3522 docere
2578 3469 2772 3538 poterit
2800 3508 2814 3534 ,
2848 3468 3140 3537 aliquando
3169 3468 3382 3538 quidem
3403 3469 3613 3522 dicens:

2054 3578 2072 3609 ι
2123 3559 2238 3625 Quo
2289 3561 2432 3613 iboa
2485 3559 2681 3627 Spiritu
2732 3571 2842 3623 tuo,
2896 3570 2944 3612 et
3009 3576 3108 3628 quo
3143 3575 3174 3614 a
3244 3560 3382 3627 [acie
3423 3560 3616 3628 tuaru-

2051 3650 2290 3718 giam"?
2325 3650 2616 3718 aliquauan
2656 3666 2846 3704 rursus
2865 3651 3029 3702 veluti
3062 3667 3128 3704 ex
3151 3667 3384 3719 persona
3423 3667 3613 3704 eorum

2052 3742 2142 3809 qui
2186 3740 2531 3794 crediderant
2579 3741 2631 3792 in
2662 3739 2811 3791 illum
2845 3757 2858 3792 :
2897 3740 3173 3808 Signatum
3219 3753 3294 3795 est
3342 3760 3496 3808 super
3524 3761 3618 3796 nos

2053 3831 2226 3883 lumen
2273 3829 2442 3883 vultus
2491 3830 2587 3890 tui,
2638 3828 2856 3882 Domine
2893 3823 3215 3898 “.‘Siguati
3262 3818 3618 3886 enimsunius

2053 3931 2241 3977 sancto
2285 3920 2490 3987 Spiritu
2520 3920 2584 3974 ad
2619 3921 3031 3975 similitudinem
3077 3921 3230 3975 faciei
3274 3923 3475 3990 Patris,
3515 3925 3620 3976 hoc

2052 4022 2130 4068 est
2181 4013 2322 4065 Filii.
2384 4031 2402 4062 ι
2464 4011 2603 4065 idem
2651 4027 2810 4080 super
2843 4011 2972 4065 illud
3009 4030 3020 4065 :
3061 4010 3359 4079 Operamini
3402 4030 3502 4065 non
3542 4017 3616 4067 ci-

2052 4107 2191 4169 bum,
2237 4106 2323 4175 qui
2351 4106 2484 4172 perit
2505 4104 2548 4137 “
2584 4146 2597 4169 ,
2638 4124 2655 4155 ι
2689 4103 2978 4169 Quoniam,
3013 4103 3209 4171 inquit,
3246 4120 3352 4159 non
3394 4107 3617 4159 dubium

2052 4209 2153 4260 est,
2191 4195 2317 4264 quin
2346 4196 2511 4249 facies
2543 4195 2662 4258 Dei,
2687 4203 2740 4248 et
2763 4196 2939 4248 Patris
2959 4193 3129 4248 Filius
3153 4196 3238 4248 sit.
3268 4194 3360 4248 Est
3388 4196 3503 4264 ipse
3525 4213 3618 4265 pc—

2053 4287 2200 4340 nitus
2229 4293 2283 4339 et
2313 4286 2600 4338 character
2623 4285 2672 4339 iu
2701 4299 2809 4354 quo
2839 4285 3015 4353 signat
3049 4285 3210 4338 Deus.
3241 4305 3258 4335 ι
3287 4285 3428 4339 Idem
3457 4301 3622 4354 super

2053 4376 2180 4430 illud
2239 4393 2251 4428 :
2318 4375 2412 4430 Sin
2472 4386 2684 4439 autem,
2716 4386 2923 4444 propter
2974 4378 3086 4444 ipsa
3139 4375 3526 4445 opera'credite
3555 4381 3621 4444 ³⁵,

2061 4470 2085 4516 t
2116 4463 2170 4518 Si
2197 4467 2362 4528 enim,
2403 4467 2598 4536 inquit,
2626 4466 2865 4534 implevit
2904 4466 3122 4535 quidem
3150 4468 3319 4521 caelos
3348 4467 3536 4531 Filius,
3569 4481 3624 4522 et

2060 4564 2214 4608 terrae
2261 4555 2466 4620 ultima,
2522 4559 2621 4609 hoc
2679 4565 2782 4626 est,
2842 4555 3133 4622 infernum,
3175 4558 3446 4626 quomodo
3515 4573 3622 4612 non

2060 4645 2472 4700 stolidissimum
2520 4647 2742 4700 omnino
2771 4656 2854 4702 est
2909 4658 2961 4702 et
2989 4659 3180 4717 praeter
3207 4666 3422 4703 omnem
3461 4653 3622 4704 ratio-

2059 4753 2204 4800 nem,
2259 4739 2496 4792 ambitus
2527 4737 2602 4790 illi
2651 4739 2920 4807 applicare
2962 4741 3196 4794 nomen?
3243 4740 3318 4795 Ne
3356 4741 3623 4811 illudqui-

2061 4828 2181 4882 (lem
2217 4830 2362 4882 venit
2395 4830 2447 4881 in
2477 4840 2709 4884 mentem
2755 4836 2899 4899 quod
2932 4831 2976 4883 si
3014 4831 3181 4886 facies
3211 4832 3350 4899 ejus,
3380 4833 3483 4886 hoc
3541 4844 3625 4888 est

2065 4918 2318 4986 Spiritus;
2373 4917 2538 4972 facies
2595 4921 2734 4972 enim
2780 4919 2918 4989 Filii:
2959 4933 3181 4973 vocatur
3217 4921 3491 4989 Spiritus;
3526 4923 3626 4975 in;-

2062 5014 2170 5082 pIet
2225 5012 2440 5076 omnia,
2480 5013 2623 5066 nulla
2681 5013 2891 5066 ratione
2940 5015 3113 5082 ipsum
3167 5015 3376 5071 ambitu
3420 5016 3622 5072 includi

2060 5118 2238 5172 posse.
2292 5121 2308 5150 ι

2129 5197 2206 5248 Ad
2242 5197 2356 5252 haec
2391 5211 2620 5266 magnus
2646 5196 2878 5250 Basilius
2907 5201 2959 5250 in
2987 5198 3077 5252 lib.
3116 5215 3166 5252 tv
3200 5199 3397 5254 Contra
3439 5201 3626 5253 Euno-

2058 5289 2240 5351 mium,
2282 5290 2580 5358 genitorem
2621 5300 2674 5344 et
2735 5291 2961 5359 primam
2999 5292 3230 5345 formant
3265 5293 3385 5346 Filii
3410 5294 3623 5348 Patrem

2059 5380 2370 5447 appellavit.
2413 5379 2637 5448 Magnus
2680 5397 2808 5435 vero
2847 5382 2933 5435 ille
2969 5382 3266 5452 Gregorius
3293 5385 3623 5437 mirabilium

2064 5478 2307 5537 patrator
2343 5469 2728 5538 _Ncoczesarc:e
2773 5475 3086 5542 cpiscopus,
3149 5476 3200 5527 in
3259 5475 3417 5533 libro,
3466 5474 3625 5538 cujus

2063 5563 2277 5614 initium
2343 5573 2427 5615 est
2489 5579 2502 5614 :
2559 5561 2917 5617 Inimicissimi
3005 5567 3262 5630 alienique
3327 5565 3628 5627 apostolica

2063 5653 2427 5720 confessionis,
2471 5673 2486 5703 ‹
2524 5655 2703 5718 Pater,
2760 5656 2952 5724 inquit,
3013 5655 3224 5706 Domini
3271 5653 3625 5724 principium,

2177 5767 2385 5820 3°Psal.
2440 5767 2733 5830 vau,‘29..
2835 5767 2871 5796 ³⁸
2909 5766 2924 5816 l
2960 5765 3082 5817 Cor.
3132 5780 3167 5826 I,
3214 5763 3300 5816 ‘24.
3408 5759 3622 5817 "Psal.

1855 5837 1897 5866 ³⁵
1933 5834 2085 5889 Joan.
2123 5851 2229 5900 xw,
2279 5837 2362 5887 1‘2.
