4064 6262
375 3724 382 3728 .
461 3694 527 3730 ιιι
609 3677 764 3730 Patre
845 3673 1175 3743 splenderet.

450 385 518 444 83
1487 436 1491 446 .
1699 392 2094 454 MANUELIS
2129 398 2428 461 CALECJ'E
3417 446 3428 456 η.
3603 403 3686 466 84

447 509 646 553 iam“?
707 499 853 550 illum
920 501 1150 567 Βθηυίῑς
1195 504 1442 570 etprima
1515 502 1690 555 ίονιηιι
1772 503 2001 571 Spiritui
2037 512 2081 567 A
2112 513 2285 568 virtus
2334 531 2455 569 eum
2513 517 2745 580 dicatur,
2807 519 3102 572 secundum
3152 516 3403 572 eumdem
3440 513 3670 568 modum

451 591 735 644 Dominus.
771 608 789 638 ι
831 589 1096 642 Praeterea
1140 606 1318 644 sermo
1345 593 1563 660 quidem
1594 591 1771 646 Patris
1805 593 2000 658 Filius,

452 681 677 734 verbum
727 689 905 732 autem
967 679 1083 732 Filii
1145 680 1380 749 Spiritus
1427 682 1482 735 in
1513 697 1668 738 sacra
1721 683 2004 752 Scriptura

456 773 678 826 dicitur.
755 771 826 824 Ita
899 782 951 824 et
1021 786 1247 840 magnus
1317 772 1549 828 Basilius
1599 775 1864 842 exposuit.
1931 776 2007 829 Ac

455 861 704 930 proprius
721 861 934 930 quidem
962 861 1136 915 Patris
1163 861 1354 928 Filius,
1379 863 1496 917 Filii
1526 874 1704 918 autem
1759 865 2008 933 proprius

455 953 692 1019 Spiritus
763 961 984 1005 sanctus
1036 966 1065 1004 a
1114 953 1377 1023 theologis
1447 955 1726 1010 asseritur.
1782 955 2016 1011 Sanctus

451 1043 686 1111 denique
740 1041 970 1110 Cyrillus
1039 1043 1090 1096 in
1116 1045 1255 1099 libro
1310 1046 1390 1099 Ad
1467 1049 1782 1113 monachos,
1853 1049 2010 1118 cujus

452 1133 665 1186 initium
729 1145 812 1186 est
878 1150 892 1184 :
955 1134 1286 1189 Aduenerant
1344 1137 1584 1205 quidem,
1653 1142 1811 1206 juxta
1873 1139 2010 1206 quod

451 1234 755 1279 consuetum
818 1238 917 1291 est,
1011 1229 1065 1280 in
1122 1227 1468 1296 Alexandria,
1546 1249 1564 1282 ι
1627 1229 1778 1284 Sicut
1847 1231 2017 1292 enim,

454 1317 651 1386 inquit.
714 1320 990 1388 proprium
1055 1329 1137 1373 est
1191 1321 1448 1382 hominis,
1505 1321 1616 1374 imo
1655 1333 1707 1374 et
1752 1307 2018 1390 cujusque

453 1419 772 1464 creterorum
847 1412 1200 1474 animalium,
1271 1413 1414 1480 quod
1492 1428 1647 1466 exeo
1713 1414 2012 1468 secundum

452 1510 701 1554 naturam
761 1513 1070 1571 generatur,
1124 1501 1198 1555 ita
1238 1502 1518 1571 proprium
1557 1503 1649 1557 Dei
1697 1519 1836 1568 esse,
1868 1505 2014 1574 quod

453 1609 516 1648 ex
549 1593 689 1646 illius
722 1595 954 1650 essentia
994 1603 1098 1659 est,
1135 1595 1358 1664 intelligi
1391 1604 1444 1648 et
1466 1595 1568 1648 dici
1596 1596 1772 1651 debet.
1810 1614 1828 1646 ι

525 1683 748 1754 Magnus
797 1685 924 1739 item
977 1687 1325 1752 Athanasius,
1370 1687 1424 1740 in
1477 1685 1722 1741 IContra
1787 1687 2015 1740 Arianae

453 1774 550 1828 lib.
624 1793 642 1826 ι
707 1776 841 1841 Quia
908 1778 1078 1840 enim,
1140 1778 1347 1846 inquit,
1402 1775 1633 1832 Verbum
1697 1778 2018 1832 naturaliter

458 1867 732 1934 pr0prium
765 1878 847 1920 est
900 1866 1216 1922 substantiae
1273 1867 1381 1930 Dei,
1422 1884 1485 1922 ex
1526 1869 1644 1937 ipso
1699 1883 1911 1936 quoque
1965 1878 2013 1922 et

457 1956 509 2008 in
565 1955 679 2022 ipso
740 1964 837 2010 est.
892 1975 910 2006 ›

529 2045 759 2099 Rursum
808 2045 1042 2118 Cyrillus
1087 2047 1434 2102 beatissimus
1475 2046 1610 2101 illud
1643 2044 2016 2113 evangelicum

467 2151 746 2203 exponens
796 2135 914 2189 :De
996 2153 1107 2189 meo
1186 2137 1400 2203 accipiet
1433 2137 1512 2201 ",
1548 2137 1623 2190 ait
1697 2136 1765 2191 de
1821 2135 2022 2203 Spiritu

459 2237 647 2280 sancto
683 2245 696 2280 :
741 2247 756 2278 ς
802 2228 1106 2283 Procedens
1149 2230 1349 2296 quippe
1378 2243 1475 2297 per
1506 2243 1631 2282 eum
1674 2228 2016 2291 naturaliter,

459 2325 518 2370 ut
555 2318 804 2386 proprius
844 2319 1015 2386 ipsius
1058 2335 1181 2374 cum
1217 2321 1494 2382 omnibus,
1523 2334 1644 2388 qua:
1685 2317 1866 2382 habet,
1903 2333 2024 2387 pcr-
2068 2347 2079 2356 -

459 2409 596 2463 tecte
633 2409 879 2478 accipere
910 2411 1130 2475 dicitur,
1158 2426 1280 2480 qum
1309 2411 1430 2480 ejus
1453 2421 1598 2464 sunt.
1647 2429 1665 2460 ι

530 2501 584 2554 Si
634 2501 798 2571 igitur
838 2517 1028 2556 omnes
1079 2501 1247 2555 ferme
1295 2502 1467 2556 sancti
1524 2501 1712 2556 Patres
1761 2501 2019 2568 apostoli-

458 2606 580 2642 cum
639 2589 768 2643 illud
825 2609 837 2645 :
894 2587 1200 2658 Conformes
1251 2591 1492 2659 imaginis
1551 2588 1679 2643 Filii
1743 2589 1886 2658 ejus,
1940 2591 2011 2644 ita

457 2690 858 2748 exposuerunt,
897 2690 976 2740 ut,
1021 2680 1310 2748 conformes
1361 2677 1584 2746 Spiritui
1627 2679 1890 2743 dicerent,
1930 2679 2022 2748 qui

372 2769 376 2774 ’
458 2785 540 2824 est
571 2773 744 2840 imago
777 2772 897 2826 Filii
936 2773 1028 2827 D‘ei
1055 2789 1069 2837 ;
1099 2773 1278 2839 imago
1307 2787 1436 2832 rero
1469 2787 1529 2824 ex
1564 2786 1672 2839 quo
1707 2780 1811 2832 est,
1847 2771 2020 2839 signi-

459 2864 618 2925 ticat;
679 2879 787 2916 non
841 2863 984 2916 enim
1043 2860 1211 2918 Filius
1270 2861 1447 2932 imago
1505 2859 1679 2915 Patris
1731 2861 2022 2921 diceretur,

457 2957 561 3010 nisi
594 2972 659 3009 ex
688 2956 778 3010 illo
803 2963 944 3009 esset
974 2971 988 3008 :
1019 2972 1036 3004 i
1069 2952 1201 3007 Cum
1238 2953 1380 3004 enim
1421 2967 1488 3004 au
1511 2951 1669 3002 limus
1701 2949 2014 3018 imaginem,

459 3046 838 3115 Splendorem,
919 3054 980 3099 ut
1007 3045 1080 3098 ait
1159 3057 1388 3113 magnus
1468 3040 1728 3106 Basilius,
1813 3052 2024 3110 oportet

461 3138 795 3206 intriligerc;
849 3152 868 3186 ι
911 3134 1167 3204 splendor
1219 3147 1347 3186 vero
1389 3130 1827 3185 maniftstissime
1883 3145 2007 3198 pro-
2051 3154 2092 3212 ε

461 3243 673 3282 cessum
749 3226 1067 3280 substantia:
1137 3223 1710 3294 designat:constat,
1777 3219 1905 3289 quia
1974 3229 2026 3272 ct

463 3318 720 3388 Spiritus,
771 3333 894 3369 cum
949 3316 1124 3382 imago
1163 3311 1283 3365 Filii
1318 3311 1552 3371 dicatur,
1592 3309 1795 3364 idcirco
1823 3308 2024 3362 dicitur

461 3411 637 3477 imago
677 3407 814 3476 ejus,
864 3405 990 3474 quia
1023 3418 1087 3457 ex
1129 3402 1226 3458 illo
1252 3400 1557 3470 splendoris
1585 3399 1758 3453 instar
1782 3407 2026 3452 entanat.

463 3500 689 3567 Unaque
742 3496 874 3550 illud
925 3501 1174 3565 apparet,
1234 3491 1378 3562 quod
1443 3491 1545 3544 nisi
1602 3492 1765 3543 etiam
1825 3507 1856 3543 a
1893 3489 2028 3543 Filio

467 3590 704 3659 Spiritus
756 3595 925 3649 esset,
981 3598 1325 3653 nequaquam
1377 3582 1676 3643 secundum
1725 3579 1829 3636 hoc
1860 3577 2029 3634 Filius

1251 3671 1329 3726 Ita
1402 3686 1503 3726 nec
1569 3670 2029 3725 incommutabilis

463 3769 644 3838 imago
695 3776 863 3821 esset.
915 3765 983 3818 At
1007 3763 1362 3818 immutabilis
1404 3771 1517 3825 est,
1554 3761 1821 3831 personali
1851 3771 2030 3814 tamen

467 3860 794 3915 discretione
851 3867 1086 3913 servata.
1151 3857 1336 3910 Dictus
1395 3863 1480 3908 est
1539 3863 1717 3907 autem
1787 3867 1852 3906 ex
1922 3861 2028 3904 tota

469 3953 640 4021 gloria
691 3951 832 4004 illius
888 3949 1210 4002 illustratus.
1248 3944 1306 3998 Si
1347 3959 1411 3998 ex
1458 3951 1592 4006 tota,
1629 3951 1776 3996 totus
1811 3956 2030 3994 necesse

466 4054 548 4096 ist
603 4041 773 4093 totius
808 4038 985 4104 imago
1039 4035 1129 4099 sit,
1159 4049 1222 4088 ac
1283 4032 1583 4086 secundum
1645 4033 1746 4084 hoc
1807 4029 2032 4083 minime

469 4130 769 4184 Variabiiis.
830 4129 895 4180 lit
964 4126 1218 4193 quoniam
1273 4123 1441 4177 Filius
1497 4131 1668 4176 totum
1714 4121 1766 4174 in
1811 4137 1871 4177 se
1915 4121 2034 4190 ipso

465 4222 701 4277 ostendit
749 4220 994 4282 Patrem;
1029 4217 1129 4270 hoc
1177 4224 1355 4267 autem
1406 4224 1520 4277 est,
1575 4214 1832 4280 quoniam
1885 4220 2032 4266 totus

471 4334 534 4369 ex
584 4323 696 4367 toto
743 4322 844 4366 est.
881 4310 970 4364 Ait
1017 4320 1194 4362 autem
1236 4307 1350 4377 ipse
1397 4305 1627 4360 Basilius
1658 4306 1722 4360 ad
1755 4306 2034 4375 Amphilo-

2115 604 2332 668 dieitur,
2367 617 2578 661 servato
2615 618 2794 663 tamen
2845 624 3102 678 processu
3137 605 3406 662 differenti
3459 605 3582 659 Filii
3619 610 3684 658 et

2118 693 2376 764 Spiritus;
2414 699 2556 766 quod
2611 701 2698 754 hic
2732 701 2938 755 scilicet
2969 700 3287 754 immediate
3315 706 3369 752 et
3395 695 3688 751 continen-

2117 799 2198 842 ter
2257 807 2322 844 ει
2387 792 2584 858 primo,
2643 792 2731 845 ille
2761 806 2858 860 per
2909 807 3034 845 eum
3088 790 3180 859 qui
3231 790 3578 843 continenter
3613 798 3685 838 ex

2116 883 2295 950 primo
2335 883 2580 951 prodeat.
2640 882 2950 938 Secundum
3011 881 3256 936 eamdem
3288 891 3469 936 autem
3505 884 3682 937 ratio-

2117 989 2238 1027 nem
2295 985 2348 1028 et
2407 974 2576 1030 facies
2637 973 2755 1027 Filii
2824 973 3022 1028 dicitur
3081 972 3336 1042 Spiritus,
3404 983 3458 1026 et
3507 973 3690 1042 prima

2116 1066 2291 1120 forma
2331 1066 2566 1136 Spiritus
2611 1065 2888 1131 Dominus,
2919 1065 3056 1120 sicut
3092 1062 3338 1119 et‘Pater
3360 1063 3690 1118 Filiicausa:

2119 1159 2331 1213 ratione
2366 1159 2544 1211 dictus
2598 1167 2700 1211 est.
2755 1156 2887 1209 Viva
2939 1157 3084 1209 enim
3142 1154 3378 1210 viventis
3407 1153 3604 1224 imago,
3627 1164 3691 1207 et

2120 1253 2290 1320 ﬁgura
2320 1249 2637 1303 substantia:
2664 1249 2782 1318 ejus
2810 1259 2892 1302 est
2930 1247 2972 1278 "

2197 1342 2262 1395 Et
2294 1351 2460 1405 certe,
2490 1341 2533 1395 si
2566 1341 2684 1394 sine
2743 1338 2920 1393 medio
2952 1345 3097 1393 esset
3133 1336 3370 1406 Spiritus
3398 1350 3464 1389 ex
3497 1334 3684 1398 Patre,

2124 1437 2178 1491 id
2243 1444 2325 1489 est
2385 1451 2450 1488 ex
2507 1434 2653 1497 solo,
2725 1445 3007 1498 nunquam
3073 1428 3248 1485 dictus
3307 1436 3454 1484 esset
3514 1426 3690 1480 Filius

2121 1527 2338 1598 quidem
2372 1529 2553 1595 imago
2583 1523 2774 1587 Patris;
2807 1522 2927 1576 Filii
2957 1531 3136 1577 autem
3186 1521 3368 1589 imago
3388 1518 3630 1586 Spiritus
3665 1536 3683 1571 :

2123 1626 2178 1668 et
2207 1615 2373 1668 Filius
2429 1613 2648 1684 quidem
2701 1611 2982 1681 operatio,
3015 1619 3068 1665 et
3117 1611 3292 1665 virtus
3321 1609 3520 1669 Patris;
3558 1607 3684 1661 Filii

2126 1717 2307 1759 autem
2359 1705 2602 1773 operatio
2636 1711 2688 1756 et
2735 1701 2911 1756 virtus
2970 1699 3224 1770 Spiritus.
3282 1700 3458 1767 Atque
3514 1696 3688 1751 Filius

2125 1796 2339 1864 quidem
2392 1795 2558 1850 facies
2603 1793 2799 1858 Patris;
2835 1790 2956 1847 Filii
3013 1804 3142 1845 vero
3206 1788 3376 1844 facies
3425 1786 3682 1856 Spiritus.

2130 1889 2194 1942 Et
2222 1888 2350 1940 illud
2373 1901 2478 1940 una
2505 1900 2568 1939 ex
2599 1886 2685 1940 his
2714 1891 2959 1953 apparet,
2988 1880 3250 1952 Spiritum
3279 1877 3456 1934 Patris
3487 1877 3682 1933 Filimn

2125 2001 2226 2040 nec
2258 2000 2396 2050 esse,
2434 1999 2534 2039 nec
2583 1983 2712 2048 dici;
2749 1996 2927 2051 neque
2958 1980 3246 2050 imaginem
3296 1978 3432 2049 ejus,
3482 1970 3537 2030 et
3561 1991 3683 2045 qua!

2126 2079 2229 2132 alia
2259 2076 2380 2131 Filii
2410 2091 2532 2132 esse
2556 2075 2834 2130 dicuntur.
2856 2072 3149 2128 Processus
3175 2070 3373 2141 quippe
3400 2067 3681 2127 ditlercns.

2124 2169 2594 2238 emanationisque
2657 2163 2982 2229 diﬂerentia,
3047 2160 3191 2217 hunc
3253 2160 3473 2225 Filium,
3533 2160 3682 2212 illum

2127 2262 2387 2330 Spiritum
2440 2259 2622 2314 vocari
2683 2257 2827 2312 fecit.
2860 2256 2917 2309 Si
2978 2256 3100 2325 quis
3155 2262 3368 2319 tamen,
3402 2266 3523 2321 qua:
3555 2259 3686 2306 sunt

2127 2355 2463 2423 huiusmodi,
2508 2349 3123 2408 consubstantialitatem
3173 2348 3391 2416 signare
3451 2353 3680 2409 assvrat,

2125 2449 2329 2514 audiat,
2361 2443 2846 2502 consubstantialia
2904 2440 3122 2512 quidem
3192 2436 3460 2493 converti:
3511 2435 3677 2490 Fiiius

2127 2555 2305 2602 autem
2353 2541 2529 2598 saneti
2576 2539 2811 2610 Spiritus
2867 2550 3043 2606 neque
3088 2543 3190 2598 est,
3244 2546 3417 2600 neque
3460 2529 3679 2591 dicitur,

2124 2652 2298 2705 neque
2375 2635 2709 2690 convertitur
2782 2629 3000 2684 habitus
3083 2625 3184 2678 ista
3266 2621 3677 2690 consequentia.

2127 2729 2232 2784 Sed
2283 2741 2354 2783 ne
2409 2726 2538 2782 illud
2584 2727 2802 2797 quidem
2857 2737 3086 2791 usquam
3139 2719 3336 2772 lectum
3401 2721 3505 2774 est,
3536 2711 3680 2779 quod

2123 2825 2316 2887 Filius,
2345 2821 2539 2886 virtus,
2569 2828 2623 2874 et
2651 2817 2918 2873 naturalis
2971 2811 3385 2877 essentialisque
3415 2804 3680 2874 operatio,

2124 2924 2180 2968 et
2237 2915 2417 2980 ima‘lgo
2477 2914 2577 2974 sit.
2611 2925 2789 2977 neque
2846 2909 3068 2962 verbum
3122 2903 3262 2972 ejus,
3308 2909 3362 2954 et
3414 2911 3534 2966 qual
3580 2894 3682 2948 aiia

2125 3003 2246 3056 Filii
2298 3002 2532 3072 Spiritus
2577 3009 2798 3056 sanctus
2851 3011 2972 3053 esse
3024 2996 3244 3049 dicitur.
3296 2989 3371 3042 Ex
3411 3003 3519 3058 quo
3550 2997 3686 3041 sane

2126 3099 2325 3166 liquet.
2389 3109 2611 3166 propter
2677 3095 2980 3149 divinarum
3053 3101 3407 3159 personarum
3496 3081 3563 3135 ad
3626 3093 3687 3134 se

2127 3192 2352 3243 inviccn
2403 3188 2667 3249 ordinem,
2717 3182 3016 3239 secundmn
3071 3194 3262 3250 quem,
3298 3187 3602 3243 processus,
3637 3177 3690 3236 et

2135 3282 2432 3338 secundum
2520 3293 2683 3344 quem
2751 3275 2988 3346 Spiritus
3040 3283 3266 3327 sant-tus
3329 3265 3569 3338 procedit
3619 3276 3686 3316 ex

2130 3374 2290 3428 Patre
2338 3388 2433 3442 per
2473 3369 2665 3424 Filium
2693 3408 2710 3430 ,
2743 3369 2846 3422 ista
2902 3380 3010 3420 non
3043 3377 3202 3434 posse
3238 3357 3503 3422 converti,
3559 3353 3686 3421 quia

2136 3481 2314 3534 neque
2339 3480 2404 3519 ex
2433 3462 2594 3516 Patre
2647 3459 2814 3514 Filius
2844 3472 2941 3528 per
2966 3455 3222 3524 Spiritum
3255 3450 3510 3520 gignitur.
3539 3445 3692 3500 Sicut

2129 3559 2282 3613 enim"
2317 3555 2479 3610 Pater
2524 3551 2643 3606 Filii
2681 3552 2858 3605 virtus
2902 3563 3008 3602 non
3047 3544 3268 3606 dicitur,
3295 3555 3471 3610 neque
3495 3551 3692 3605 opera-

2131 3651 2243 3712 tio,
2293 3662 2393 3702 nee
2427 3644 2712 3715 splendor,
2741 3651 2795 3695 et
2838 3640 2884 3694 si
2909 3638 3037 3708 quid
3089 3645 3172 3690 est
3209 3631 3519 3701 hujusmodi
3565 3631 3694 3701 (hoc

2132 3739 2278 3794 enim
2337 3744 2481 3791 esset
2537 3732 2856 3790 substantia:
2919 3729 3162 3784 ordinem
3217 3725 3448 3792 tollere).
3500 3723 3692 3776 eadem

2132 3832 2344 3883 ratione
2409 3842 2587 3894 neque
2657 3822 2825 3876 Filius
2890 3822 2990 3875 ista
3069 3833 3188 3873 esse
3237 3813 3409 3869 sancti
3460 3812 3694 3882 Spiritus

2133 3919 2351 3973 dicitur.

2204 4013 2395 4074 Porro,
2446 4005 2642 4076 siquis
2697 4002 2986 4072 imaginem
3038 3997 3316 4053 hominum
3375 3992 3441 4048 ad
3499 3990 3692 4052 Deum,

2129 4105 2280 4174 juxta
2344 4096 2715 4171 proportionis
2760 4096 3034 4150 rationem
3091 4092 3143 4144 in
3205 4086 3438 4156 imagine
3493 4083 3693 4143 Patris,

2138 4198 2240 4249 hoc
2277 4203 2360 4247 est
2407 4190 2568 4251 Filio.
2621 4199 2678 4244 et
2716 4187 2953 4253 imagine
2987 4182 3129 4244 Filii,
3177 4179 3424 4234 videlicet
3465 4177 3695 4245 Spiritu,

2137 4282 2267 4337 velit
2307 4281 2590 4349 act-ipere,
2629 4293 2734 4331 non
2777 4276 2949 4343 magis
2981 4272 3125 4342 quod
3158 4271 3303 4323 volet
3358 4307 3373 4333 ,
3422 4266 3692 4329 ostendet,

472 4357 534 4369 ιη.
584 4357 694 4367 ..ην
745 4357 844 4366 νη..
1018 4357 1193 4362 __-----
1236 4357 1340 4377 Ἰν
1524 4357 1623 4360 ηη
1756 4357 1817 4360 ,ρ
1844 4357 1885 4375 τ
3603 4359 3614 4369 θ
3654 4359 3665 4368 ,

469 4407 650 4460 citium
692 4403 938 4458 scribens
973 4413 986 4452 :
1025 4419 1042 4452 ι
1080 4398 1216 4463 Quia
1271 4397 1502 4466 Spiritus
1548 4407 1770 4452 sanctus
1798 4397 2032 4450 ostendit
2060 4387 2108 4446 D
2135 4389 2296 4446 (Nam
2347 4372 2539 4466 Filiu'j
2586 4387 2615 4424 ³
2671 4368 2845 4466 Ρξλ-ιτίε
2898 4366 3129 4420 εδδθιηῖει
3183 4360 3441 4466 θίίξῐξδῦῖῑ
3467 4397 3485 4424 ν
3525 4357 3700 4466 5P!“-

471 4495 524 4546 iu
584 4494 764 4560 St-ipso
818 4489 1038 4554 Filium,
1087 4497 1140 4541 et
1197 4488 1532 4557 majestatcm
1565 4487 1705 4555 ejus,
1744 4487 1883 4540 unde
1913 4502 2037 4556 pro-

471 4586 592 4647 diit,
647 4589 884 4643 constat,
930 4580 1055 4648 quia
1106 4587 1159 4632 et
1214 4577 1450 4646 Spiritus
1499 4587 1718 4631 sanctus
1788 4587 1931 4631 totus
1968 4593 2033 4631 ex

473 4687 587 4729 toto
619 4673 758 4726 Filio
803 4681 903 4726 est.
971 4669 1036 4723 Et
1073 4670 1327 4738 quoniam
1370 4683 1531 4721 unum
1569 4677 1736 4720 totum
1765 4677 1848 4720 est
1878 4664 2038 4721 Pater

471 4777 523 4818 et
567 4764 755 4824 Filius,
817 4777 989 4830 neque
1041 4761 1184 4814 aliud
1248 4767 1330 4813 est
1401 4758 1573 4812 totum
1642 4756 1833 4822 Pater,
1890 4758 2036 4811 aliud

475 4867 645 4909 totum
680 4855 884 4919 Filius;
910 4862 1072 4920 patet,
1106 4854 1230 4922 quia
1258 4868 1321 4904 ex
1352 4868 1457 4904 uno
1493 4861 1603 4905 toto
1630 4853 1791 4904 Patre
1822 4862 1875 4904 ct
1901 4849 2038 4904 Filio

477 4947 710 5014 Spiritus
759 4955 977 5002 sanctus
1030 4952 1131 5007 cst,
1190 4953 1400 4996 scriata
1460 4942 1667 4996 scilicet
1707 4941 2038 4995 discretione

475 5039 647 5094 l’atris
681 5048 732 5092 et
763 5036 898 5096 Filii.
950 5056 970 5087 ι

545 5127 812 5192 Quoniam
867 5140 995 5180 vero
1026 5126 1186 5179 etiam
1238 5125 1358 5177 viva
1407 5123 1600 5184 virtus,
1657 5132 1709 5174 ut
1770 5121 2036 5172 naturalis

476 5231 637 5288 atque
685 5218 992 5272 essentialis
1037 5216 1272 5270 ellicacia
1311 5214 1502 5278 Patris,
1536 5222 1620 5266 ρει
1653 5211 1842 5273 Filius,
1874 5222 2039 5279 atque

479 5311 582 5364 hoc
616 5309 860 5372 omnino,
910 5309 1166 5381 quoniam
1203 5322 1270 5360 ex
1301 5305 1457 5358 Patre
1507 5313 1586 5357 est
1615 5306 1810 5368 (virtus
1841 5301 2040 5369 quippe

476 5406 528 5455 in
590 5412 807 5471 potente
849 5410 1011 5470 atque
1041 5416 1103 5454 ex
1138 5403 1354 5467 potente
1384 5405 1465 5450 est
1491 5436 1505 5460 ,
1538 5394 1942 5459 el'ticientiaquc
1971 5408 2039 5445 ex

477 5494 744 5549 efﬁciente
812 5495 1060 5564 prodit),
1095 5498 1346 5550 constat,
1379 5488 1503 5556 quia
1565 5485 1727 5538 etiam
1807 5483 2041 5552 Spiritus

478 5580 596 5635 FJii
648 5582 909 5636 naturalis
959 5591 1123 5649 atque
1171 5575 1473 5631 essentialis
1513 5572 1776 5638 eiticacia,
1839 5581 1892 5626 et
1923 5573 2041 5625 viva

551 5763 593 5792 ⁸⁸
622 5762 775 5813 .ioan.
815 5774 919 5822 nt,
971 5757 1050 5809 Η.
1131 5757 1171 5786 ³⁷
1203 5753 1364 5808 Hebr.
1402 5769 1439 5814 t,
1480 5753 1529 5804 5.

2138 4476 2364 4536 tumque
2408 4481 2437 4518 a
2492 4463 2628 4517 Filio
2681 4461 2916 4515 alienum
2983 4471 3159 4525 neque
3220 4453 3325 4508 sibi
3376 4451 3701 4505 naturaliter

2139 4562 2358 4614 insitum
2391 4553 2806 4624 blaSpbemabit.
2860 4549 3035 4602 Fateri
3057 4545 3199 4600 enim
3232 4554 3472 4614 cogetur,
3502 4539 3699 4596 Filium

2139 4654 2206 4707 ad
2253 4651 2466 4704 Patrem
2519 4645 2763 4701 eamdem
2823 4642 3024 4695 habere
3073 4637 3375 4701 rationem,
3406 4648 3568 4702 quam
3603 4633 3703 4684 ba-

2097 4765 2102 4772 ·
2141 4745 2269 4799 bent
2305 4738 2499 4810 singuli
2525 4734 2809 4791 hominum
2844 4731 2911 4785 ad
2949 4729 3142 4783 Deum.

2215 4833 2412 4887 Verum
2501 4844 2565 4882 ex
2653 4825 2912 4895 praedicto
3009 4817 3306 4875 secundum
3411 4825 3703 4884 processus

2143 4935 2505 4997 personarum
2558 4919 2771 4980 ordine,
2824 4916 2961 4968 ratio
3018 4911 3180 4964 etiam
3235 4902 3707 4962 consubstantiali-

2148 4994 2271 5072 iatis
2306 5023 2550 5084 apparet;
2592 5015 2807 5063 constat
2841 5006 3008 5067 enim,
3045 5000 3175 5071 quia
3208 4997 3350 5067 quod
3400 5010 3464 5048 ex
3489 4994 3700 5062 aliquo,

2144 5110 2230 5163 vel
2263 5122 2358 5171 per
2395 5105 2657 5173 aliquem,
2691 5097 2996 5154 secundum
3029 5091 3364 5161 aaquivocum
3390 5099 3702 5156 processum
3765 5075 3768 5080 ’

2145 5200 2339 5272 prodit,
2422 5195 2668 5251 eamdem
2753 5191 2876 5246 inde
2951 5195 3201 5239 naturam
3281 5179 3468 5234 sumit.
3537 5175 3705 5244 Atqui

2143 5264 2423 5364 proprium
2462 5286 2635 5340 Patris
2664 5283 2858 5338 Filium
2906 5293 3048 5339 esse,
3088 5283 3147 5328 ut
3175 5270 3266 5341 qui
3302 5284 3366 5324 ex
3404 5264 3707 5321 substantia

2147 5354 2292 5438 illius
2333 5381 2424 5442 sit,
2459 5377 2631 5430 sancti
2683 5374 2869 5427 Patres
2921 5372 3256 5421 asseverant.
3305 5358 3529 5426 Magnus
3563 5354 3707 5409 enim

2149 5474 2478 5530 Athanasius
2524 5469 2601 5522 ait
2645 5485 2658 5521 :
2714 5484 2732 5516 ‹
2768 5461 3033 5529 Quoniam
3067 5455 3302 5509 Verbum
3332 5464 3427 5518 per
3459 5457 3709 5500 naturam

2153 5567 2432 5639 proprium
2476 5574 2558 5618 est
2593 5558 2841 5614 essentia:
2877 5551 2990 5615 Dei,
3044 5563 3105 5603 ex
3143 5546 3262 5616 ipso
3311 5550 3470 5611 atque
3506 5537 3562 5591 in
3593 5536 3719 5606 ipso
