4144 6296
366 274 432 332 ⁸⁵
1435 279 1830 338 ADVERSUS
1859 277 2173 336 CILECOS
2217 277 2362 335 LIB.
2404 278 2486 336 Ii.
3531 269 3597 320 δῦ

368 403 471 449 ρει.
519 417 536 448 ι
572 397 702 460 Qnte
732 407 912 451 autem
950 398 1016 451 de
1066 398 1164 451 hoc
1196 398 1473 458 dicuntur,
1511 398 1743 465 plurima
1791 409 1914 450 cum
1945 389 1992 449 Α
2021 393 2095 446 ait

369 487 477 538 sint
531 496 751 556 propter
805 488 1243 554 multitudinem,
1283 489 1622 551 omittimus,
1665 504 1758 557 per
1803 502 1924 556 quae

367 591 430 628 ex
492 577 612 640 ipso
670 593 810 641 esse,
870 588 927 632 ut
990 581 1242 648 proprius
1319 581 1388 636 sit
1445 580 1694 634 essentia:
1758 579 1924 640 illius,

369 670 638 746 astruitur
669 683 696 720 a
747 671 952 724 sanctis
998 671 1276 724 Pati-ibus.
1308 670 1483 739 Atque
1520 669 1646 722 hinc
1683 666 1927 736 dignosci

372 767 573 826 pntcsl,
634 759 889 828 Spiritum
925 761 1042 816 ideo
1094 761 1216 816 Filii
1277 761 1555 830 preprium
1617 758 1748 822 dici,
1801 757 1928 826 quia

371 863 435 899 ex
463 849 697 902 essentia
747 850 939 918 ipsius,
977 866 1304 920 rursumque
1337 865 1461 904 eum
1498 848 1615 903 ideo
1644 864 1708 902 ex
1739 861 1928 900 essen-

372 937 446 989 tia
507 937 624 991 Filii
680 953 801 995 esse
867 941 1192 1005 asseverari,
1235 942 1360 1009 quia
1417 939 1562 994 illius
1614 937 1934 992 substantia:

370 1028 644 1096 proprium
698 1043 818 1086 esse
870 1033 1070 1085 bonum
1118 1040 1206 1086 est
1270 1048 1284 1085 :
1338 1030 1630 1099 procedere
1659 1031 1800 1084 enim
1833 1043 1928 1098 per

371 1119 565 1172 Filium
629 1121 951 1178 naturaliter
991 1121 1258 1190 Spiritum
1281 1159 1297 1185 ,
1328 1130 1386 1175 ut
1438 1121 1606 1190 ipsius
1628 1121 1930 1190 proprium,

371 1209 563 1263 beatus
620 1209 852 1280 Cyrillus
903 1211 1078 1275 dixit,
1137 1208 1364 1280 ideoque
1429 1209 1498 1264 ab
1560 1223 1626 1264 eo
1679 1210 1932 1277 accipere

373 1297 608 1360 dicitur,
662 1298 806 1366 quod
877 1314 974 1367 per
1030 1298 1339 1368 hujusmodi
1414 1312 1730 1368 processum
1799 1310 1923 1352 esse

379 1384 612 1453 Spiritus
641 1396 860 1441 sanctus
892 1387 1184 1454 acceperit.

454 1474 674 1544 Magnus
709 1477 830 1530 item
863 1477 1194 1532 Athanasius
1220 1517 1234 1539 ,
1279 1476 1345 1531 de
1370 1477 1557 1531 eodem
1587 1515 1603 1541 ,
1657 1477 1710 1531 in
1749 1477 1927 1546 primo

376 1564 571 1617 Contra
597 1568 813 1619 .trianos
849 1581 866 1618 :
894 1584 913 1617 ε
947 1565 1056 1621 Nisi
1087 1569 1256 1633 enim,
1288 1567 1483 1636 inquit,
1509 1575 1655 1623 esset
1684 1565 1924 1622 Verbum

372 1671 588 1723 germen
629 1660 899 1725 proprium
944 1660 1266 1714 substantiae
1300 1659 1499 1719 Patris.
1538 1662 1696 1731 quasi
1734 1665 1924 1734 splen-

2161 412 2173 444 :
2218 411 2235 442 ι
2317 393 2628 446 Ostenditur
2682 393 2979 448 etidenter.
3035 406 3139 444 non
3195 389 3430 442 alienum
3478 404 3598 442 esse

2033 500 2061 536 a
2122 481 2254 535 Filio
2317 481 2612 548 Spiritum,
2671 482 2761 536 sed
2830 483 2881 534 in
2935 482 3050 549 ipso
3135 491 3298 548 atque
3366 496 3429 534 ex
3482 481 3602 548 ipso

2036 588 2177 627 CSSe.
2236 591 2253 622 ι

2107 665 2184 717 Ac
2214 678 2305 732 per
2335 662 2516 715 omnia
2554 660 2598 714 si
2631 659 2755 729 quis
2780 669 3023 712 sanctum
3058 660 3314 726 Cyrillum
3351 662 3603 715 observet

2038 755 2368 821 diligentius,
2404 753 2473 807 ita
2517 767 2640 806 eum
2669 766 2882 819 semper
2917 752 3148 806 inveniet
3175 751 3430 819 Spiritum
3469 769 3600 808 sau-

2040 855 2185 900 ctum
2217 846 2490 915 proprium
2522 859 2642 899 esse
2669 844 2786 897 Filii
2811 845 3012 901 dicere.
3043 843 3216 912 utqui
3250 859 3316 897 ex
3349 844 3465 912 ipso
3505 845 3596 904 sit,

2039 943 2090 989 et
2126 936 2250 1002 quia
2279 934 2416 988 idem
2456 943 2557 998 est,
2591 932 2851 1002 Spiritum
2893 943 3143 988 sanctum
3186 934 3447 1002 Spiritum
3479 951 3601 988 esse

2038 1026 2157 1080 Filii
2210 1027 2408 1091 dicere,
2461 1036 2536 1080 et.
2569 1027 2844 1094 proprium
2903 1027 3073 1095 ipsius
3127 1042 3250 1080 esse
3289 1044 3302 1089 ;
3340 1025 3601 1095 Spiritum

2037 1129 2218 1174 autem
2279 1119 2398 1173 Filii
2458 1119 2680 1172 relative
2711 1119 2814 1172 dici
2847 1158 2862 1180 ,
2888 1133 3050 1186 supra
3103 1128 3466 1172 monstratum
3496 1127 3600 1179 est;

2036 1209 2203 1265 sedet
2247 1223 2476 1278 magnus
2537 1207 2766 1263 Basilius
2825 1209 3078 1263 sumi-ere
3146 1209 3220 1262 ait
3277 1219 3330 1262 et
3387 1209 3496 1262 hoc
3537 1210 3601 1261 ad

2034 1301 2153 1369 ejus
2217 1300 2572 1355 substantiam
2640 1300 3063 1363 insinuandatn,
3140 1300 3280 1354 sicut
3335 1310 3390 1353 et
3455 1299 3639 1376 quod.

2033 1404 2096 1444 ex
2151 1389 2257 1445 Deo
2283 1405 2402 1448 esse
2437 1391 2676 1456 dicitur;
2728 1390 3071 1460 Spiritusqne
3125 1391 3192 1444 ad
3241 1391 3436 1444 Filium
3469 1406 3601 1460 pro-

2034 1483 2354 1554 prietatem.
2406 1497 2474 1536 ex
2530 1497 2598 1537 eo
2660 1483 2805 1551 quod
2869 1480 3112 1552 Spiritus
3187 1481 3305 1534 Filii
3365 1482 3600 1542 dicatur,

2034 1573 2309 1642 intelligit,
2343 1573 2487 1628 sicut
2517 1574 2581 1626 ad
2631 1573 2842 1628 Patrem
2881 1589 3124 1644 quoque,
3165 1573 3424 1641 quoniam
3475 1588 3592 1639 pro-

2038 1664 2184 1720 cedit
2263 1679 2327 1718 ex
2364 1663 2548 1718 Patre.
2628 1663 3016 1733 l’roprietatem
3080 1663 3223 1717 enim
3284 1665 3335 1716 in
3405 1663 3604 1715 divinis

369 1749 469 1800 dor
528 1748 680 1814 lueis,
733 1751 960 1807 distaret
1019 1768 1148 1808 vero
1194 1762 1388 1808 natura
1449 1725 1617 1809 Filius
1667 1771 1697 1811 a
1754 1725 1932 1827 Patre,
1966 1725 2289 1824 Bpersonis
2339 1753 2506 1808 veluti
2534 1725 2820 1808 causae-ct
2878 1755 3111 1808 causalis
3162 1756 3605 1808 communionem

369 1843 645 1898 sufﬁceret
715 1843 927 1900 Patrem
991 1847 1170 1901 solum
1241 1849 1392 1903 dare.
1435 1869 1452 1900 ι
1492 1849 1593 1905 Hic
1655 1854 1934 1923 proprium

371 1933 548 1987 Patris
603 1933 838 1989 Verbum
919 1935 1015 2000 ait,
1073 1952 1172 1992 ceu
1233 1936 1579 2006 splendorem
1641 1941 1802 1998 lucis.
1867 1947 1938 1999 At

374 2026 631 2093 splendor
656 2041 718 2079 ex
753 2043 916 2081 causa
955 2029 1092 2085 lucis
1122 2040 1223 2086 est.
1255 2031 1321 2086 Et
1365 2035 1640 2103 proprium
1673 2036 1842 2106 igitur
1873 2054 1940 2094 ex

375 2129 537 2168 causa
573 2129 693 2168 esse
732 2118 990 2172 ostendit.

448 2204 681 2262 Sanctus
707 2207 940 2278 Cyrillus
987 2226 1151 2280 super
1189 2211 1317 2267 illud
1359 2232 1372 2268 :
1415 2214 1547 2270 Cum
1581 2227 1754 2272 autem
1787 2234 1936 2272 une-

374 2298 444 2349 rt‘t
499 2296 807 2353 Puracleltts
835 2299 882 2331 ⁸⁸
913 2341 927 2365 ,
967 2320 985 2352 ι
1032 2301 1086 2356 Si
1121 2317 1252 2374 ergo
1276 2344 1291 2368 ,
1319 2305 1529 2375 inquit,
1565 2307 1805 2364 oiﬂcium
1834 2310 1936 2365 mi-

375 2386 530 2440 nistri
557 2385 752 2441 Filium
785 2389 1007 2459 implere
1032 2393 1401 2462 arbitramini,
1432 2397 1669 2452 alienum
1706 2401 1808 2456 hoc
1831 2410 1935 2467 est,

371 2495 437 2533 ex
473 2477 580 2531 Deo
622 2489 674 2534 et
725 2481 886 2536 Patre
936 2484 1310 2551 procedentem
1357 2489 1639 2558 Spiritum,
1693 2494 1786 2562 qui
1841 2510 1938 2564 per

373 2576 632 2623 naturam
712 2583 932 2628 sanctus
995 2585 1098 2638 est,
1183 2578 1341 2633 nobis
1427 2580 1770 2652 largientem,
1826 2601 1938 2642 non

371 2663 672 2716 secundum
714 2674 962 2720 naturam
1008 2681 1229 2726 sanctus
1258 2683 1340 2727 est
1372 2673 1562 2741 Filius,
1589 2678 1682 2733 sed
1714 2680 1937 2748 partici-

372 2752 593 2822 patione
644 2756 788 2811 sicut
833 2767 888 2812 et
935 2773 1054 2814 nos.
1111 2780 1129 2811 ι
1185 2761 1298 2817 [ioc
1327 2781 1630 2834 exponens,
1664 2771 1808 2837 quod
1837 2774 1934 2836 ait,

371 2844 629 2912 alienum,
689 2863 752 2900 ex
804 2847 954 2912 Deo,
1009 2851 1205 2922 inquit,
1255 2865 1308 2909 et
1339 2856 1494 2914 Patre
1528 2863 1935 2930 procedentem;

374 2947 486 2985 non
547 2943 829 3003 propterea
881 2938 1117 2994 alienum
1171 2943 1571 3015 dicens,.qnia
1624 2966 1688 3005 ex
1743 2951 1852 3009 Deo
1883 2966 1936 3010 et

2043 1844 2215 1920 accipi
2249 1844 2363 1896 vult
2395 1861 2410 1897 :
2445 1845 2538 1910 qui
2570 1853 2625 1897 et
2672 1843 2740 1897 ad
2771 1845 3210 1912 Amphilochium
3265 1845 3506 1898 scribens
3540 1845 3609 1895 do

2044 1944 2236 1990 sancto
2304 1932 2508 2004 Spiritu
2579 1932 2739 1998 dixit,
2790 1948 2898 1988 non
2962 1932 3092 1987 hinc
3158 1933 3333 1986 solmn
3403 1946 3607 1988 natura:

2043 2031 2480 2086 communionem
2539 2029 2940 2091 demonstrari.
2990 2028 3083 2084 sed
3141 2029 3398 2096 quoniam
3445 2029 3605 2082 etiam

2041 2137 2106 2177 ex
2167 2121 2276 2177 Deo
2332 2135 2454 2177 esse
2503 2121 2732 2187 dicitur,
2791 2121 3142 2177 manifestum
3187 2131 3314 2181 est,
3377 2121 3504 2188 quia
3555 2130 3610 2173 et

2039 2213 2183 2282 quod
2262 2214 2463 2268 dicitur
2521 2212 2757 2282 Spiritus
2823 2214 3079 2282 proprius
3131 2211 3276 2273 Filii,
3334 2212 3444 2266 haec
3491 2227 3608 2264 oin-

2039 2305 2129 2360 nia
2188 2305 2320 2368 vult;
2371 2305 2497 2373 quia
2547 2306 2690 2359 enim
2753 2304 2808 2357 in
2861 2304 3060 2358 divinis
3118 2304 3406 2373 personis,
3457 2304 3603 2372 quod

2039 2397 2240 2452 dicitur
2296 2397 2398 2450 hoc
2445 2396 2627 2465 hujus,
2679 2397 3068 2466 propriumque
3115 2395 3217 2449 hoc
3251 2395 3412 2464 hujus
3459 2409 3601 2455 esse.

2040 2497 2245 2542 remota
2269 2487 2491 2543 materia
2509 2488 2867 2554 omnibusque
2888 2487 3035 2541 illam
3065 2503 3095 2541 e
3114 2487 3343 2555 vestigio
3369 2502 3572 2556 sequen
3588 2515 3602 2525 -

2042 2581 2208 2644 tibus,
2227 2596 2401 2648 neque
2419 2589 2478 2634 ut
2497 2580 2822 2648 membrum,
2839 2595 3012 2648 neque
3032 2589 3090 2632 ut
3114 2580 3407 2648 possessio,
3429 2593 3606 2646 neque

2043 2670 2343 2727 secundum
2393 2670 2556 2724 ullam
2611 2670 3010 2734 excellentiam,
3061 2678 3226 2739 atque
3291 2669 3604 2738 hujusmodi

2042 2760 2425 2830 proprietatem
2533 2759 2731 2813 dicitur
2762 2797 2779 2824 ,
2841 2760 3016 2814 solum
3107 2774 3235 2812 vero
3304 2761 3602 2811 secundum

2041 2864 2262 2906 causam
2317 2859 2372 2904 et
2421 2848 2660 2913 causale;
2731 2862 2842 2919 quo
2899 2849 3015 2903 solo
3059 2847 3286 2902 alterum
3344 2846 3410 2900 ab
3438 2847 3608 2900 altero

2039 2942 2301 3011 distingui
2375 2957 2438 2998 ac
2505 2928 2739 2995 discerni
2820 2939 3303 3011 deprehendimus,
3369 2944 3606 2997 constat,

371 3022 535 3075 Patre
599 3025 690 3086 sit,
737 3025 831 3080 sed
870 3030 996 3096 quia
1047 3045 1155 3084 non
1203 3033 1276 3086 sit
1299 3049 1362 3088 ex
1416 3034 1572 3092 Filio.
1636 3039 1692 3094 Si
1742 3042 1928 3113 igitur,

2042 3035 2182 3104 quia,
2249 3042 2304 3089 et
2355 3033 2501 3104 quod
2561 3033 2759 3089 dicitur
2811 3034 3089 3102 proprium
3157 3030 3278 3085 Filii
3342 3030 3605 3099 Spiritum

371 3115 827 3180 quemadmodum
856 3119 1130 3187 proprium
1153 3130 1234 3176 est
1267 3124 1521 3194 hominis,
1554 3131 1696 3199 quod
1734 3150 1797 3187 ex
1825 3135 1942 3203 ipso

372 3205 669 3258 secundum
698 3215 942 3263 naturam
963 3220 1148 3266 natum
1174 3212 1355 3277 fuerit.
1376 3217 1448 3272 ita
1465 3226 1518 3272 et
1541 3223 1813 3290 proprium
1847 3224 1940 3280 Dei

374 3303 477 3357 est,
510 3297 654 3361 quod
677 3313 740 3351 ex
765 3299 879 3368 ejus
897 3302 1127 3355 essentia
1150 3313 1261 3371 est;
1281 3305 1480 3361 dicitur
1505 3323 1682 3366 autem
1707 3313 1941 3382 Spiritus

375 3388 623 3455 proprius
657 3387 798 3453 Filii,
824 3391 1096 3458 quomodo
1125 3410 1232 3448 non
1279 3397 1395 3451 ideo
1421 3401 1674 3469 proprius
1716 3405 1936 3469 dicitur,

376 3481 634 3540 quoniam
675 3495 741 3533 ex
783 3480 902 3549 ipso
925 3483 1048 3536 est?
1092 3483 1149 3538 Si
1194 3486 1334 3539 enim
1360 3502 1422 3540 ex
1453 3489 1571 3556 ipso
1603 3507 1708 3545 non
1739 3503 1842 3560 est,
1872 3498 1941 3551 ab

376 3571 496 3637 ipso
538 3570 748 3624 alienus
786 3571 914 3635 erit,
970 3572 1071 3625 etsi
1114 3587 1220 3634 non
1256 3576 1325 3628 sit
1373 3592 1401 3628 a
1429 3576 1589 3633 Patre
1637 3581 1869 3637 alienus.

451 3660 516 3711 Et
579 3661 711 3712 illud
767 3669 947 3715 autem
1008 3662 1173 3716 simul
1227 3668 1554 3731 ostenditur,
1606 3673 1775 3740 quod,
1839 3675 1944 3729 nisi

375 3760 528 3804 esset
573 3767 637 3803 ex
691 3750 849 3814 Filio,
899 3751 1133 3807 ministri
1195 3755 1374 3812 ol'iit-io
1422 3759 1590 3815 Filius
1625 3761 1937 3833 fungeretur

340 3843 520 3923 _apud
563 3840 800 3898 Patrem.
838 3841 963 3898 Haec
988 3843 1132 3899 enim
1186 3858 1369 3916 aperte
1415 3867 1578 3920 supra
1622 3854 1734 3921 jam
1790 3857 1934 3911 dicta

373 3944 525 3988 sunt.
585 3933 784 3989 Beatus
837 3945 1018 3989 autem
1074 3936 1307 4006 Cyrillns
1350 3942 1690 3998 manifestius
1734 3955 1790 4000 et
1817 3948 1938 4002 aliis

376 4027 428 4078 in
487 4025 622 4079 locis
685 4026 799 4079 haec
854 4027 1032 4089 ponit.
1088 4025 1227 4082 Nam
1291 4030 1343 4083 in
1387 4034 1724 4101 expositione
1770 4035 1938 4094 Joelis

376 4118 691 4185 prophetae,
728 4117 1036 4186 «’Proprius
1092 4119 1228 4188 ejus,
1281 4120 1472 4190 inquit,
1508 4123 1556 4177 id
1591 4134 1672 4179 tst
1703 4125 1845 4192 Filii,
1884 4140 1938 4183 et

379 4208 429 4258 in
489 4208 627 4274 ipsn,
692 4218 742 4260 et
767 4223 829 4261 ex
871 4209 988 4276 ipso
1043 4209 1276 4278 Spiritus
1315 4221 1417 4275 est,
1475 4217 1933 4283 quemadmodum

377 4300 584 4352 scilicot
615 4299 778 4352 etiam
830 4300 929 4368 ipsi
980 4298 1089 4352 Deo
1143 4309 1197 4355 et
1248 4302 1387 4356 Patri
1415 4304 1753 4375 intelligitur.
1803 4327 1820 4358 ο
1856 4311 1933 4364 Ac

379 4405 572 4443 rursus
641 4390 694 4442 in
748 4389 998 4444 laudibus
1043 4389 1336 4446 Theodosii
1389 4396 1672 4466 principis,
1709 4418 1728 4449 ι
1760 4397 1944 4469 Bapti-
1979 4382 2020 4436 D
2052 4398 2432 4468 preprietatem
2520 4395 3099 4454 consubstantialitas,
3157 4393 3296 4447 sicut
3341 4401 3392 4445 et

377 4491 614 4546 mntem,
675 4479 869 4548 inquit,
921 4479 1102 4535 Jesum
1163 4482 1213 4534 in
1243 4482 1388 4551 igne,
1439 4501 1546 4540 non
1581 4488 1816 4544 alienum
1849 4492 1947 4544 im-

380 4573 684 4626 minentem
763 4570 1067 4640 Spiritum,
1144 4576 1283 4627 servi
1370 4575 1613 4643 scilicet,
1705 4581 1944 4636 ministri

301 4713 310 4718 _
380 4662 594 4724 ofﬁcio;
632 4661 747 4724 sed,
771 4671 829 4716 ut
857 4663 1018 4716 Deum
1053 4678 1175 4717 enen
1204 4680 1414 4719 summa
1487 4676 1773 4736 potestate,
1817 4686 1942 4726 eum

379 4737 470 4822 qni
501 4768 566 4805 ex
597 4766 659 4806 se
689 4762 827 4814 erat,
857 4768 921 4807 ac
949 4754 1150 4823 proprii
1178 4754 1284 4808 sui.
1321 4775 1338 4806 ι

454 4847 666 4900 ltnrsus
730 4862 893 4916 super
914 4847 1140 4902 Joannis
1179 4847 1493 4920 Evangelio,
1545 4871 1563 4904 ι
1602 4851 1948 4909 Naturalium

382 4941 549 5002 enim,
606 4939 806 5006 inquit,
867 4937 959 4993 Dei
1017 4957 1077 4993 ac
1113 4941 1290 4997 Patris
1348 4945 1614 4998 bonorum
1674 4947 1855 5001 socius
1901 4954 1956 4999 et

384 5045 606 5085 consors
673 5030 848 5083 Filius
903 5033 1261 5087 essentialiter
1331 5050 1452 5088 cum
1517 5037 1627 5099 sit,
1689 5037 1951 5107 Spiritum

383 5121 564 5174 habet.
606 5140 621 5170 ι
666 5123 742 5175 Ae
780 5129 902 5189 post
940 5135 1111 5190 pauca
1165 5139 1177 5175 :
1218 5142 1235 5174 ι
1280 5123 1432 5179 Sicut
1480 5135 1534 5179 et
1564 5127 1799 5196 quisque
1853 5143 1948 5181 ηο-

388 5220 558 5262 Sll‘illl‘l
593 5211 870 5280 proprium
906 5210 958 5264 in
987 5212 1168 5281 seipso
1193 5213 1450 5280 Spiritum
1485 5217 1748 5276 continet.
1784 5227 1950 5286 atque

389 5315 450 5352 ex
526 5303 734 5356 intimis
812 5303 1114 5358 visceribus
1182 5304 1246 5358 ad
1317 5305 1578 5359 exteriora
1650 5306 1944 5374 profundit.

393 5391 598 5447 idcirco
651 5393 798 5448 enim
859 5394 1020 5447 etiam
1072 5395 1426 5464 corporaliter
1484 5397 1779 5452 insuiﬂavit
1821 5416 1946 5469 eum

394 5480 567 5538 Jesus.
617 5502 635 5534 ι
701 5485 843 5538 Idem
907 5485 959 5537 in
1010 5487 1242 5554 quodam
1301 5502 1420 5557 cap.
1470 5487 1524 5540 Η
1579 5486 1827 5545 Thesauri
1868 5498 1952 5568 sic

477 5663 518 5693 ³⁸
551 5661 706 5717 Joan.
740 5681 826 5730 xv,
867 5664 954 5718 ‘26.

2044 3139 2205 3190 esse,
2269 3123 2564 3180 secundum
2637 3125 2778 3178 hanc
2848 3124 3016 3177 solam
3089 3138 3269 3178 cansr
3329 3125 3593 3177 rationem

2043 3215 2218 3285 accipi
2279 3223 2490 3284 potest,
2544 3215 2777 3268 maxime
2854 3230 2977 3269 cum
3035 3215 3378 3283 apertissime
3427 3214 3601 3267 sancti

2042 3315 2378 3371 asseverent,
2465 3305 2658 3360 Filium
2727 3306 2948 3375 quidem
3030 3305 3307 3372 proprium
3401 3303 3603 3364 Patris,

2042 3399 2300 3467 quoniam
2329 3414 2392 3451 ex
2424 3398 2544 3467 ipso
2569 3405 2671 3461 est;
2707 3398 2969 3465 Spiritum
3001 3411 3126 3450 vero
3158 3395 3433 3462 pr0prium
3463 3393 3605 3457 Filii,

2043 3497 2104 3538 ut
2153 3491 2245 3556 qui
2273 3489 2326 3541 in
2369 3489 2486 3558 ipso
2539 3497 2592 3542 et
2621 3504 2714 3556 per
2758 3489 2932 3555 ipsum
2981 3488 3299 3540 naturaliter
3349 3485 3598 3554 prodeat,

2046 3584 2208 3644 atque
2281 3591 2346 3628 ex
2418 3577 2535 3644 ipso
2581 3576 2669 3639 sit;
2713 3578 2858 3644 quod
2917 3578 3188 3645 signiﬁcat
3242 3585 3296 3630 et
3362 3576 3480 3628 Filii
3537 3576 3603 3627 ad

2048 3667 2284 3729 Patrem,
2334 3677 2387 3720 et
2442 3665 2676 3735 Spiritus
2731 3664 2795 3719 ad
2842 3663 3034 3730 Filium
3082 3666 3612 3718 consubstantialitn—

2045 3771 2175 3814 tem.
2219 3757 2404 3828 Neque
2463 3757 2630 3822 enim,
2681 3757 2937 3827 quoniam
2989 3755 3470 3810 consubstantialis
3509 3764 3610 3818 est,

2043 3851 2162 3907 ideo
2221 3853 2381 3907 etiam
2432 3867 2498 3906 ex
2558 3852 2676 3920 ipso
2723 3860 2827 3914 est,
2889 3848 3376 3905 consubstantialis
3412 3849 3613 3916 quippe

2042 3945 2274 4004 ratione,
2317 3957 2484 3996 unum
2521 3950 2669 4000 sunt.
2719 3941 3013 4010 nullusque
3039 3939 3172 3992 ordo
3197 3981 3213 4005 ,
3246 3954 3341 3993 seu
3372 3939 3608 4000 habitus,

2045 4050 2140 4089 seu
2185 4048 2472 4103 processus
2520 4031 2840 4102 inspicitur,
2876 4031 3002 4101 quia
3049 4045 3157 4085 una
3211 4031 3445 4084 essentia
3506 4039 3608 4091 est,

2042 4137 2319 4190 unumque
2373 4122 2503 4176 illud
2535 4123 2836 4178 secundum
2871 4135 2930 4175 se
2969 4118 3309 4173 individuum
3351 4127 3456 4182 est,
3516 4119 3609 4171 sed

2042 4213 2298 4283 quoniam
2329 4227 2393 4267 ex
2428 4213 2544 4282 ipso
2571 4222 2677 4280 est,
2710 4211 2912 4266 idcirco
2934 4212 3095 4266 etiam
3127 4210 3608 4264 consubstantith

2043 4313 2127 4361 est
2161 4323 2174 4358 :
2210 4304 2458 4373 sequitur
2503 4305 2646 4358 enim
2696 4303 3006 4372 hujusmodi
3035 4315 3233 4360 causae.
3265 4300 3609 4367 causalisque

3493 4391 3610 4444 Filii

2055 4504 2276 4552 nomen,
2335 4487 2632 4542 secundum
2689 4503 2747 4541 se
2773 4486 2988 4555 quidem
3035 4499 3347 4553 processum
3381 4482 3611 4549 ali-ujus

2052 4597 2117 4636 ex
2154 4580 2335 4648 aliquo
2390 4577 2762 4648 principaliter
2816 4577 3024 4630 indicat
3057 4576 3108 4627 in
3160 4577 3347 4627 eadem
3405 4576 3608 4641 specie.

2053 4679 2447 4739 consequenter
2545 4683 2672 4723 vero
2757 4665 3376 4722 consubstantialitatcm
3471 4680 3611 4718 esse.

2052 4760 2206 4820 Nam,
2263 4759 2407 4828 quod
2450 4759 2520 4812 ita
2571 4758 2846 4829 procedit,
2905 4759 3215 4810 necessario
3251 4754 3412 4809 etiam
3485 4771 3616 4809 con-

2050 4849 2413 4905 substantiale
2470 4856 2571 4900 est.

2122 4941 2306 5011 Itaque
2336 4938 2390 4991 id
2422 4936 2661 5006 quidem,
2685 4933 2828 5004 quod
2848 4933 3046 4989 dicitur
3077 4931 3219 4990 istud
3247 4947 3312 4988 ex
3339 4933 3440 4987 isto
3470 4950 3610 4997 esse,

2053 5043 2113 5089 ut
2135 5049 2296 5091 causa
2326 5032 2615 5100 accipitur,
2648 5044 2806 5096 purt‘o
2831 5028 2971 5098 quod
3004 5029 3104 5083 ista
3129 5017 3344 5097 propter
3370 5027 3582 5095 ejusmo
3602 5052 3614 5063 -

2057 5128 2106 5184 di
2137 5102 2452 5202 processum
2492 5120 2852 5189 mquivocum.
2903 5119 3394 5174 consubstantialia
3459 5123 3606 5171 sunt.

2057 5233 2112 5280 ut
2141 5216 2362 5282 causaie
2419 5219 2549 5276 est;
2603 5226 2775 5280 neque
2815 5209 2955 5263 enim
2992 5224 3234 5271 causam,
3293 5215 3349 5259 ut
3399 5203 3616 5254 causam

2059 5337 2257 5398 Ponere
2292 5312 2530 5384 oportet,
2568 5303 2709 5370 quod
2758 5302 2976 5370 quidam
3001 5297 3446 5354 irrationabiliter
3482 5290 3615 5398 talei-

2060 5378 2495 5489 dicentes
2558 5387 3432 5489 limi-tier-consubstantialitatcm
3505 5378 3610 5489 diri

2065 5444 2609 5600 :nlititd‘IKPP‘P;iui‘i
2660 5444 2874 5545 'Patt‘is,
2908 5444 2974 5534 et
3025 5474 3285 5544 Spiritum
3339 5472 3613 5536 proprium

2111 5558 2119 5598 l
