4064 6262
518 330 585 385 θέτ’
1779 343 2090 405 MANUEL

2201 350 2507 414 CALEC/E
3722 350 3804 413 88

519 438 641 489 ῐ·“ι1ιί
683 455 699 504 ;
731 452 783 492 (ιι
818 439 1014 495 Filium
1050 444 1270 513 quidem
1303 446 1617 515 imaginem.
1646 449 1940 518 vivamque
1976 455 2087 506 vir-
2115 456 2162 515 Α
2194 473 2369 527 neque
2401 476 2643 532 unquam
2678 462 2889 515 dicetur
2923 460 2993 515 ab
3023 460 3110 516 his
3154 459 3246 531 qui
3280 461 3364 531 pie
3394 471 3448 515 et
3498 461 3805 516 catholica

513 538 707 595 tutem,
731 541 783 583 et
805 535 1235 591 substantialiter
1259 537 1475 590 insitam
1501 541 1870 607 operationem
1897 540 2094 610 Patris;

519 622 781 690 Spiritum
836 641 963 680 vero
995 628 1282 698 imaginem
1326 629 1470 694 Filii,
1508 640 1562 685 et
1591 633 1871 702 virtutem,
1906 648 1961 691 et
1995 653 2095 691 na-

518 712 747 767 turalem
815 715 1209 783 operationem,
1275 728 1329 772 et
1381 720 1814 779 substantialiter
1874 726 2092 782 insitam

518 804 716 873 ipsius;
756 807 870 860 haec
896 808 1037 862 enim
1069 810 1250 864 omnia
1284 826 1502 866 causam
1531 823 1586 868 et
1623 818 1843 872 causale
1877 819 2098 888 signare

515 912 545 950 a
586 899 793 953 sanctis
826 898 1081 957 Patrihus
1112 912 1390 957 ostensum
1431 916 1514 960 est
1542 922 1557 971 ;
1617 909 1899 975 proprium
1928 912 2092 980 quip-

522 1004 585 1056 pe
616 989 826 1055 dicunt,
853 993 1112 1061 quoniam
1143 1008 1209 1048 ex
1243 995 1363 1064 ipso
1393 1007 1477 1050 est
1504 1012 1518 1060 ;
1578 1007 1629 1051 et
1654 1000 1757 1052 alia
1786 1016 1906 1069 quae
1931 1017 2091 1070 supra

518 1092 824 1145 posnnnus.

587 1214 895 1271 Attestatur
926 1219 1010 1273 his
1051 1237 1280 1291 magnus
1320 1222 1553 1279 Basilius
1583 1225 1635 1278 in
1669 1240 1922 1282 sermone
1952 1226 2090 1281 Con-

521 1317 606 1359 tra
638 1295 926 1363 Sabeltium
971 1323 1016 1364 et
1051 1314 1358 1367 Anommum
1412 1317 1604 1371 direns
1646 1334 1661 1370 :
1697 1319 1937 1373 «Patrem
1961 1336 2092 1375 con-

419 1424 422 1427 π
451 1465 489 1485 1.
520 1397 757 1462 διίέῐῐὶυΐ,
783 1411 837 1455 et
866 1401 1097 1468 Filium;
1128 1416 1335 1460 naturae
1367 1416 1547 1461 autem
1576 1409 1938 1472 identitatem,
1964 1427 2095 1479 quo~

522 1490 670 1543 niam
723 1509 787 1545 ex
845 1493 1003 1548 Patre
1038 1494 1208 1551 Filius
1240 1508 1379 1551 ωειλ
1427 1499 1490 1552 Ει
1541 1516 1734 1555 rursus
1773 1503 1824 1556 in
1856 1504 2089 1557 eodem:

527 1577 627 1631 «Ut
657 1580 835 1648 imago
866 1583 1085 1650 quidem
1128 1587 1450 1641 varietatem
1508 1603 1614 1643 non
1645 1590 1826 1654 habet,
1860 1601 1918 1646 ut
1944 1595 2093 1662 geni-

522 1681 608 1726 tus
644 1681 845 1737 autem,
879 1677 1499 1733 consultstautialitatem
1559 1690 1759 1735 servat.
1803 1701 1820 1733 ι
1856 1682 2089 1742 Sanctus

522 1770 700 1815 autem
737 1763 994 1834 Cytillus,
1048 1781 1212 1837 super
1276 1769 1454 1823 illud:
1494 1769 1628 1824 Cum
1679 1776 1875 1827 venerit
1926 1791 2091 1843 para-

502 1854 749 1907 fletus”
786 1894 802 1917 ,
844 1858 1029 1926 Itaque
1094 1873 1218 1911 cum
1268 1860 1493 1924 diceret,
1544 1862 1768 1933 inquit:
1811 1863 1930 1919 Non
1979 1870 2094 1938 spi-

522 1946 679 1997 ritum
709 1946 866 2011 huius
920 1950 1104 2004 saeculi
1162 1955 1486 2021 accepimus,
1539 1955 1639 2007 sed
1694 1953 1976 2025 Spiritum,
2008 1947 2098 2029 qui

523 2052 587 2088 ex
623 2035 728 2089 Deo
750 2038 908 2101 est“,
951 2041 1225 2104 ostendit,
1270 2058 1377 2097 non
1413 2045 1677 2107 mundani
1717 2050 1957 2117 generis,
2001 2053 2096 2106 sed

522 2125 718 2181 divina:
743 2132 990 2184 essentia:
1010 2148 1131 2187 csse
1156 2132 1417 2201 Spiritum
1445 2146 1717 2191 sanctum.
1735 2156 1753 2190 ι
1772 2138 1913 2194 Idem
1933 2158 2098 2211 super

522 2216 653 2271 illud
691 2219 872 2284 :Quia
900 2223 1140 2276 descendi
1196 2224 1260 2277 de
1313 2225 1460 2289 caelo,
1512 2242 1614 2281 non
1667 2236 1726 2282 ut
1779 2230 1974 2296 faciam
2008 2248 2097 2288 vo-

523 2313 775 2367 luntatem
831 2319 1090 2384 meum“,
1153 2322 1283 2374 ait:
1342 2340 1359 2371 ι
1403 2322 1558 2387 Quod
1612 2323 1758 2378 enim
1815 2339 1879 2379 ex
1917 2312 2096 2381 'Patre

526 2416 685 2457 natus
713 2421 833 2459 esse
862 2405 1037 2462 Filius
1069 2409 1290 2475 dicitur,
1323 2426 1550 2479 prorsus
1574 2414 1738 2467 etiam
1770 2414 1969 2468 invitos
1998 2429 2092 2470 co-

522 2507 612 2561 get
634 2497 708 2550 illi
740 2498 1258 2556 consubstantialem
1287 2517 1409 2556 eum
1432 2501 1713 2558 faterinEt
1737 2521 1930 2561 rursus
1960 2507 2013 2561 in
2033 2522 2094 2561 tu

523 2589 593 2640 ad
651 2588 969 2642 Ilermt'am:
1009 2610 1026 2641 ι
1059 2590 1329 2655 Quoniam
1388 2610 1453 2649 ex
1502 2597 1618 2663 ipsa
1666 2596 1758 2652 Dei
1813 2607 1868 2652 et
1917 2597 2095 2654 Patris

521 2682 757 2735 essentia
788 2694 943 2738 ortus
971 2693 1052 2737 est
1084 2684 1253 2739 Filius
1274 2727 1288 2749 ,
1313 2701 1421 2741 non
1468 2687 1624 2743 aliter
1657 2703 1820 2758 quam
1858 2690 1947 2745 ille
1971 2705 2095 2746 esse

524 2772 886 2842 intelligatur,
928 2787 1195 2844 quantum
1230 2778 1295 2832 ad
1339 2779 1674 2833 identitatem
1728 2782 2084 2834 naturalem.»

607 2863 842 2920 Sanctus
874 2880 1004 2921 vero
1033 2865 1306 2923 Maximus
1337 2883 1459 2925 cum
1491 2879 1803 2939 exponeret,
1827 2873 1956 2940 quid
1986 2874 2089 2927 sibi

525 2956 661 3010 velit
685 2961 825 3027 apud
859 2960 1180 3027 prophetam
1212 2958 1533 3015 Zachariam
1553 2962 1620 3026 ι’,
1639 2978 1865 3017 aureum
1890 2965 2093 3017 cande-

530 3050 762 3112 labrum,
795 3061 847 3103 et
878 3066 1043 3118 super
1074 3067 1196 3105 eum
1234 3052 1461 3122 lampas,
1486 3056 1563 3106 ait
1598 3072 1612 3107 :
1649 3071 1668 3105 ε
1705 3055 1941 3123 Spiritus
1969 3070 2090 3110 san-

2198 3030 2293 3084 pro
2325 3015 2481 3069 Patre
2508 3025 2559 3068 et

528 3150 671 3201 ctus,
700 3139 1165 3207 quemadmodum
1200 3142 1522 3197 naturaliter
1559 3145 1864 3199 secundum
1901 3161 2091 3199 esseu-

526 3230 652 3284 tiam
677 3229 779 3284 Dei
810 3242 865 3285 ct
898 3231 1069 3284 Patris
1100 3243 1201 3296 est,
1236 3232 1307 3286 ita
1360 3245 1411 3287 et
1430 3233 1553 3287 Filii
1578 3236 1878 3289 secundum
1910 3253 2097 3291 essen-

531 3325 662 3377 tiam
693 3332 835 3386 est,»
864 3325 1024 3390 quasi
1054 3339 1119 3378 ex
1154 3324 1315 3378 Patre
1345 3326 1713 3381 essentialiter
1738 3342 1835 3396 per
1860 3336 1861 3339 ‘
1884 3326 2081 3383 Filium

527 3417 766 3486 genitum
813 3415 1154 3471 inell'abiliter
1185 3417 1461 3485 prodicns.

599 3553 827 3607 Constat
862 3550 1027 3623 igitur
1056 3568 1121 3608 ex
1160 3554 1245 3610 his
1293 3554 1490 3608 Filium
1537 3551 1685 3609 Patri
1730 3557 2094 3611 consubstan-

528 3646 710 3699 tialem
742 3660 888 3710 esse,
923 3647 1181 3715 quoniam
1244 3663 1307 3701 ex
1346 3647 1462 3715 ipso
1504 3659 1618 3710 est;
1658 3665 1985 3718 rursumque
2011 3666 2094 3704 se-

531 3739 769 3793 cundum
812 3737 1059 3792 eamdem
1099 3736 1362 3793 rationem
1388 3738 1649 3808 Spiritum
1684 3736 1824 3795 Filio
1853 3743 2093 3797 consub-

528 3830 835 3887 Stantialcm
898 3844 1041 3894 esse,
1100 3830 1233 3899 quia
1279 3845 1375 3898 per
1424 3829 1602 3899 ipsqu
1653 3832 1916 3899 procedit,
1952 3843 2007 3887 et
2037 3833 2090 3886 in

523 3909 647 3990 ipso
676 3931 838 3991 atque
866 3936 929 3976 cx
962 3919 1080 3988 ipso
1109 3929 1213 3975 cst.
1239 3911 1345 3975 ista
1381 3922 1583 3990 quippe
1614 3936 1641 3973 a
1676 3923 1881 3976 sanctis
1911 3922 2095 3977 Eccle-

529 4014 623 4067 siae
667 4012 942 4082 magistris
1000 4013 1074 4065 ita
1112 4011 1422 4087 tradpnlur.
1466 4010 1522 4065 Si
1572 4012 1694 4080 quis
1744 4021 1925 4065 autem
1976 4012 2093 4066 ideo

528 4103 810 4172 proprium
860 4100 984 4155 Filii
1048 4101 1311 4169 Spiritum
1368 4101 1524 4165 dicit,
1574 4103 1700 4171 quia
1767 4118 1862 4170 per
1915 4104 2089 4172 ipsum

530 4194 615 4246 his
655 4191 747 4259 qui
777 4191 926 4260 digiti
959 4199 1107 4252 sunt,
1164 4190 1348 4254 datur,
1424 4190 1469 4243 is
1512 4178 1614 4244 non
1667 4193 1797 4247 satis
1844 4194 2092 4248 animad—

525 4282 688 4334 vertit
713 4281 828 4335 dati
867 4282 1008 4348 quod
1041 4281 1265 4346 dicitur,
1297 4283 1590 4350 temporale
1612 4299 1731 4337 esst,-
1762 4302 1776 4351 ;
1811 4287 2086 4356 proprium

2199 550 2266 603 de
2298 546 2411 606 Deo
2444 569 2542 606 suo
2569 553 2832 627 sentiunt.

2270 640 2597 711 Quanquam
2675 642 2992 713 hujusmodi
3045 642 3603 701 consubstantialitas
3674 657 3801 694 non

2200 734 2418 802 proprie
2438 734 2978 791 consubstantialitas
3005 744 3111 795 est,
3133 735 3224 789 sed
3249 748 3313 789 ca
3337 749 3458 803 quae
3490 731 3806 788 connectit

2199 824 2430 879 alterum
2455 827 2632 892 alteri,
2663 835 2848 897 utpote
2878 841 2972 895 per
2996 825 3172 895 ipsum
3200 840 3268 879 ex
3307 825 3427 893 ipso
3450 822 3804 878 naturaliter

2197 925 2360 984 atque
2415 916 2777 971 essentialiter
2827 918 3120 971 exsistens.
3160 915 3567 984 Attestaturque
3649 914 3802 967 huic

2197 1008 2488 1061 assertioni
2522 1007 2779 1073 Basilius,
2817 1008 3134 1073 cumdieit,
3172 1023 3283 1063 non
3331 1022 3456 1077 quae
3505 1021 3801 1077 germana

2197 1095 2427 1153 invicem
2452 1100 2583 1165 sint,
2606 1099 3091 1155 consubstantialia
3112 1099 3243 1155 dici.
3274 1099 3363 1153 Ait
3390 1098 3539 1153 enim
3563 1099 3801 1166 episto-

2195 1189 2243 1245 la
2271 1195 2337 1247 ad
2367 1192 2673 1247 Canonic.=s
2705 1211 2718 1247 :
2760 1209 2779 1242 ι
2809 1191 3077 1258 Quoniam
3111 1191 3276 1259 igitur
3313 1188 3407 1242 lux
3440 1203 3471 1243 a
3497 1188 3800 1257 principio

2199 1282 2362 1337 Pater
2406 1293 2509 1348 est,
2546 1283 2634 1337 lux
2669 1292 2848 1337 autem
2902 1283 3079 1350 genita
3132 1280 3322 1345 Filius2
3354 1279 3472 1335 Lux
3517 1294 3684 1344 vero,
3739 1289 3802 1334 et

2196 1373 2283 1427 lux
2340 1383 2569 1441 utraque
2611 1383 2718 1438 est,
2767 1375 2963 1427 merito
3029 1373 3172 1427 hanc
3242 1370 3793 1426 consubstantialem

2196 1466 2449 1529 dixerint,
2470 1476 2529 1520 ut
2552 1473 2757 1520 natura:
2776 1480 2993 1534 aequum
3015 1464 3273 1518 honorem
3297 1462 3790 1519 commendarent.

2201 1556 2315 1609 Non
2349 1556 2493 1610 enim
2524 1571 2642 1625 quae
2673 1572 2926 1627 germana
2967 1564 3115 1620 sunt,
3146 1553 3639 1610 consubstantialia
3696 1552 3759 1604 di
3772 1580 3792 1591 -

2195 1656 2417 1711 cuntur,
2446 1655 2507 1702 ut
2533 1646 2752 1717 quidam
2781 1646 3026 1700 arbitrati
3053 1653 3179 1700 sunt
3206 1644 3335 1710 ;sed
3368 1659 3492 1698 cum
3523 1652 3581 1696 et
3601 1657 3790 1696 causa

2199 1747 2253 1791 et
2290 1739 2434 1808 quod
2461 1753 2526 1793 ex
2559 1753 2724 1793 causa
2759 1739 3124 1792 substantiam
3156 1737 3342 1800 habet,
3385 1733 3634 1806 ejusdem
3682 1748 3791 1786 na-

2125 1804 2170 1863 Β
2202 1842 2336 1887 turre
2365 1838 2514 1899 sunt,
2548 1831 3032 1891 consubstantialia
3063 1829 3341 1885 dicuntur.

2271 1923 2417 1978 Idem
2449 1923 2500 1978 in
2525 1938 2779 1980 sermone
2814 1933 3003 1978 contra
3037 1920 3334 1977 Sabellium
3377 1927 3432 1975 et
3466 1916 3785 1973 Anomaeos

2201 2013 2268 2067 de
2299 2012 2462 2070 Patre
2491 2022 2547 2070 et
2575 2012 2716 2069 Filio
2745 2015 3022 2070 disserens
3050 2011 3125 2066 ait
3149 2025 3163 2064 :
3196 2010 3360 2066 «Cum
3384 2019 3564 2064 autem
3599 2025 3780 2062 unam

2199 2105 2492 2161 essentiam
2519 2104 2665 2170 dico,
2694 2106 2804 2160 noli
2840 2106 2951 2159 duo
2984 2120 3046 2157 ex
3091 2116 3201 2157 uno
3234 2101 3405 2155 divisa
3437 2100 3780 2171 intelligere,

2200 2197 2290 2249 sed
2320 2211 2381 2249 ex
2425 2193 2584 2249 Patre
2612 2195 2881 2264 principio
2914 2193 3111 2248 Filium
3149 2195 3472 2254 subsistere.
3524 2208 3634 2245 non
3670 2190 3783 2242 Pa-

2199 2295 2334 2338 trem
2369 2297 2422 2340 et
2474 2284 2669 2339 Filium
2708 2301 2775 2339 ex
2840 2284 3021 2354 aliqua
3054 2282 3319 2351 superiori
3359 2283 3616 2337 essentia.
3640 2279 3776 2333 Non

2200 2376 2346 2430 enim
2402 2390 2659 2446 germana
2696 2376 2978 2440 dicimus;
3026 2373 3119 2428 sed
3173 2371 3385 2426 Patrem
3440 2373 3780 2427 coulltcmur

2198 2478 2243 2519 et
2274 2466 2469 2520 Filium
2503 2483 2518 2531 ;
2552 2467 2806 2522 essentia;
2832 2480 2961 2521 vero
2990 2464 3351 2530 identitatem,
3402 2463 3666 2533 quoniam
3704 2476 3776 2515 ex

2197 2556 2355 2614 Patre
2393 2554 2561 2613 Filius
2598 2570 2700 2613 est.
2743 2576 2765 2612 ι

2270 2649 2382 2704 Hoc
2409 2652 2570 2720 igitur
2602 2651 2654 2705 in
2690 2651 2810 2706 loco
2860 2649 3133 2704 haereticis
3185 2644 3517 2717 quibusdam
3566 2656 3768 2699 contra

2200 2739 2665 2796 consubstantiale
2693 2740 2867 2796 Patris
2912 2749 2961 2795 el
2992 2737 3112 2793 Filii
3137 2738 3459 2800 nitentibus,
3483 2745 3537 2791 et
3556 2738 3775 2792 calum-

2202 2835 2348 2887 niam
2384 2834 2508 2887 inde
2533 2834 2872 2887 struentibus
2906 2851 2921 2899 ;
2957 2841 3019 2887 ut
3046 2832 3090 2886 si
3127 2830 3343 2899 quidem
3394 2829 3769 2884 consubstan-

2205 2925 2348 2979 tialis
2381 2929 2452 2979 sit
2483 2923 2643 2979 Pater
2672 2921 2831 2989 Filio,
2872 2923 3222 2994 ejusdemque
3266 2921 3540 2987 essentia,
3575 2921 3767 2982 ambo,

2589 2997 2747 3081 Filio,
2779 3015 2886 3070 duo
2927 3014 3260 3070 inducantur
3303 3010 3502 3067 fratres
3557 3026 3624 3066 ex
3653 3022 3766 3064 una

2200 3108 2434 3160 essentia
2465 3125 2477 3159 :
2512 3114 2675 3176 atque
2706 3107 2769 3160 ad
2799 3107 2896 3161 has
2924 3106 3294 3159 absurditates
3325 3103 3617 3166 devolutis,
3652 3115 3773 3154 ma—

2198 3215 2334 3267 gnus
2367 3197 2597 3250 Basilius
2645 3197 2895 3252 concedit
2925 3196 3143 3265 quidem
3195 3195 3436 3258 interim,
3478 3209 3599 3263 qua:
3642 3207 3771 3262 ger-

2201 3306 2359 3343 mana
2393 3290 2522 3355 sint,
2559 3290 2791 3343 invicem
2820 3287 3301 3344 consubstantialia
3333 3286 3439 3340 dici
3477 3301 3490 3338 :
3524 3286 3617 3340 sed
3649 3293 3768 3339 tum

2199 3381 2464 3450 profecto,
2496 3395 2617 3435 cum
2651 3388 2704 3433 et
2728 3394 2912 3444 causa,
2944 3388 2999 3434 et
3022 3380 3166 3447 quod
3197 3393 3262 3431 ex
3306 3393 3470 3432 causa
3502 3377 3767 3432 Stlilslalt-

2201 3473 2328 3528 tiam
2361 3473 2550 3540 habet,
2577 3473 2825 3543 ejusdem
2880 3481 3089 3527 natura:
3149 3471 3374 3526 fuerint.
3432 3471 3499 3525 Et
3548 3472 3703 3526 addit
3751 3482 3767 3523 :

2205 3585 2221 3615 ι
2248 3561 2363 3618 Non
2378 3563 2523 3619 enim
2537 3578 2795 3634 germana
2810 3562 3063 3627 dicimus,
3089 3561 3182 3617 sed
3205 3561 3415 3617 Patrem
3441 3562 3771 3617 conﬁtemur

2196 3663 2251 3708 et
2275 3650 2494 3719 Filium,
2515 3653 2773 3723 quoniam
2801 3651 3102 3721 ingenitum
3134 3651 3356 3721 quidem
3391 3651 3574 3706 lumen
3606 3650 3770 3706 Pater

2196 3753 2301 3803 est,
2341 3742 2747 3811 genitumvero
2779 3741 2959 3795 lumen
2988 3737 3178 3795 Filius.
3210 3759 3228 3792 ι
3272 3737 3439 3806 Quasi
3484 3750 3538 3795 et
3567 3742 3619 3794 in
3653 3741 3762 3806 his,

2202 3848 2322 3902 quae
2354 3831 2677 3899 simpliciter
2726 3831 3214 3885 consubstantialia
3269 3846 3391 3885 cum
3419 3833 3550 3895 sint,
3603 3841 3657 3886 et
3691 3846 3764 3885 ex

2196 3937 2305 3974 uno
2334 3920 2691 3976 substantiam
2726 3920 2981 3984 habeant,
3008 3921 3079 3976 sit
3126 3922 3346 3991 quidem
3404 3921 3711 3990 proprietas
3743 3936 3761 3974 :

2196 4012 2353 4066 sicuti
2386 4018 2439 4065 et
2472 4009 2763 4067 multitudo
2814 4009 3100 4067 hominum
3134 4012 3238 4067 sibi
3268 4012 3497 4066 invicem
3520 4014 3767 4067 consub-

2195 4104 2482 4159 stantiales
2513 4114 2658 4169 sunt,
2690 4120 2813 4159 cum
2854 4121 2921 4161 cx
2951 4121 3058 4161 uno
3088 4116 3239 4175 patre
3265 4107 3431 4160 Adam
3459 4107 3767 4177 generatio.

2197 4210 2317 4248 nem
2348 4195 2603 4259 habeant,
2661 4211 2769 4249 non
2800 4206 2982 4252 tamen
3018 4206 3163 4252 tanta
3207 4209 3291 4253 est
3321 4199 3403 4254 eis
3456 4200 3765 4269 proprietas

2193 4287 2350 4342 sicuti
2389 4304 2508 4341 cum
2541 4302 2728 4342 eorum
2762 4305 2882 4358 qua:
2911 4289 3157 4357 ejusdem
3190 4299 3394 4345 natura:
3423 4302 3573 4356 sunt,
3609 4293 3755 4345 aliud

527 4386 707 4429 auum
735 4390 854 4428 esse
879 4366 1001 4428 Filii
1027 4372 1288 4441 Spiritum
1320 4384 1607 4430 aeternum.
1634 4374 1920 4446 Nunquam
1944 4379 2089 4431 enim
2122 4367 2168 4425 Π
2194 4386 2280 4432 est
2308 4390 2485 4441 causa,
2514 4378 2662 4433 aliud
2689 4379 2943 4446 causale;
2967 4390 3094 4434 tunc
3123 4381 3268 4435 enim
3293 4383 3511 4451 proprie
3529 4385 3766 4438 consub-

530 4462 776 4532 profeeto
805 4464 948 4531 quod
986 4461 1280 4531 temporale
1311 4472 1415 4527 est,
1454 4462 1574 4532 ejus
1600 4479 1767 4519 causa
1811 4481 1933 4520 esse
1964 4481 2092 4534 pos-

530 4567 635 4620 set,
675 4556 816 4624 quod
850 4570 1013 4624 supra
1044 4564 1258 4623 tempus
1288 4563 1388 4609 est.
1426 4553 1585 4621 Nam,
1621 4558 1666 4610 si
1727 4558 1935 4611 homini
1966 4574 2089 4627 pro-

527 4649 705 4717 prium
740 4646 932 4717 ipsius,
974 4648 1027 4700 in
1084 4656 1348 4717 quantum
1411 4647 1570 4710 Vivit,
1609 4664 1821 4718 semper
1869 4666 1988 4704 eum
2021 4667 2088 4706 eo

526 4751 632 4804 cst,
669 4741 839 4794 multo
872 4740 924 4795 id
957 4741 1125 4811 magis
1159 4743 1210 4794 in
1246 4736 1341 4795 Dei
1377 4740 1552 4795 Verbo
1578 4743 1680 4794 erit
1715 4757 1730 4808 ;
1767 4750 1927 4812 atque
1979 4760 2084 4798 una

470 4844 474 4850 ’
529 4833 778 4886 minister
806 4819 971 4895 esset,
1005 4830 1147 4899 quod
1179 4845 1285 4884 non
1339 4846 1434 4897 per
1486 4831 1683 4899 ipsum,
1741 4838 1796 4885 et
1842 4848 1905 4885 ex
1964 4834 2084 4902 ipso

526 4922 844 4975 naturaliter
875 4922 1194 4989 procederet
1242 4923 1401 4977 dans.
1446 4916 1768 4991 Quanquam
1811 4923 1857 4977 si
1894 4939 2088 4978 secun—

522 5017 649 5066 dum
687 5014 923 5081 aliquam
966 5013 1555 5068 consubstantialitatis
1585 5013 1877 5080 rationem,
1908 5014 2087 5084 qualis

522 5103 589 5157 de
607 5103 815 5157 duobus
831 5104 1103 5172 aliquibus
1118 5103 1675 5158 etmsuhstantialilnts
1693 5113 1793 5169 est,
1811 5105 1862 5157 in
1886 5105 2086 5174 quibus

528 5192 761 5251 alterum
778 5212 874 5264 per
894 5197 1122 5250 alterum
1154 5212 1260 5251 non
1280 5206 1381 5256 est.
1409 5208 1551 5251 esset
1570 5196 1807 5266 Spiritus
1831 5199 2084 5266 proprius

522 5287 667 5353 Filii,
702 5299 865 5356 atque
886 5302 947 5341 ex
969 5288 1266 5342 substantia
1293 5286 1413 5340 Filii
1439 5279 1589 5342 esse't
1621 5289 1807 5355 utique
1832 5298 1885 5340 et
1914 5285 2086 5340 Filius

524 5380 696 5432 sancti
726 5379 961 5448 Spiritus
1010 5380 1280 5448 preprius,
1339 5392 1392 5432 et
1416 5395 1480 5432 ex
1514 5379 1815 5433 substantia
1849 5378 2085 5445 Spiritus

521 5480 740 5537 promer
774 5472 1185 5524 conversionem
1228 5468 1540 5539 hujusntodi
1580 5468 2079 5523 consubstantialis.

517 5564 587 5611 At
623 5559 767 5619 istud
831 5575 1006 5630 neque
1036 5560 1240 5615 dictum
1292 5568 1374 5615 est
1405 5560 1473 5614 ab
1520 5560 1701 5630 aliquo
1741 5572 2075 5626 sanctorum,

589 5736 629 5764 δ”
667 5740 823 5792 Joan.
849 5756 937 5800 xv,
977 5740 1062 5791 it}.
1145 5736 1185 5767 θ’
1218 5738 1234 5789 ι
1265 5741 1389 5794 Cor.
1432 5757 1487 5807 ll,
1528 5741 1611 5795 1‘2.

1728 5740 1763 5772 υ
1810 5739 1969 5793 Joatt.
2000 5755 2072 5799 γι,
2102 5740 2187 5795 58.

2192 4466 2469 4521 stantialia
2502 4466 2781 4523 dicuntur.

2261 4560 2414 4613 Sicut
2449 4560 2612 4630 igitur
2636 4561 2803 4615 Filius
2825 4578 2888 4615 ex
2919 4560 3077 4616 Patre
3107 4579 3226 4618 esse
3257 4563 3462 4620 habens
3519 4555 3760 4621 consub-

2186 4651 2460 4705 stantialis
2486 4648 2561 4704 illi
2592 4657 2697 4715 est,
2718 4662 2880 4721 atque
2897 4653 3000 4708 ista
3022 4653 3247 4708 invicem
3275 4650 3760 4712 consubstantialia

2185 4750 2346 4805 Sttltl;
2376 4756 2499 4796 esse
2531 4742 2675 4797 enim
2700 4759 2764 4797 ex
2805 4742 3009 4812 Spiritu
3051 4743 3270 4810 Filium,
3311 4762 3606 4816 processus
3635 4751 3745 4810 ille.

2196 4831 2493 4885 secundum
2521 4846 2683 4902 quem
2711 4848 2776 4887 ex
2808 4834 2969 4888 Patre
2998 4850 3093 4904 per
3126 4834 3322 4891 Filium
3366 4841 3610 4906 procedit
3646 4840 3763 4910 Spi'

2193 4922 2353 4983 ritus,
2380 4922 2601 4976 minime
2624 4921 2909 4992 permittit:
2932 4925 3006 4977 ita
3034 4926 3179 4978 enim
3201 4926 3520 4982 cavebimus
3545 4938 3599 4983 et
3624 4931 3762 4985 duos

2194 5011 2337 5069 lilios
2364 5014 2416 5068 in
2448 5024 2634 5070 sancta
2671 5013 2942 5071 Trinitate
2989 5018 3260 5084 conliteri,
3311 5030 3365 5074 et
3393 5023 3759 5077 consubstan-

2196 5106 2474 5162 tialitatem
2507 5109 2743 5163 maxime
2774 5109 3074 5165 reddimus.
3116 5111 3183 5164 Et
3217 5112 3343 5165 illud
3378 5112 3541 5167 simul
3574 5123 3751 5168 osten-

2191 5196 2361 5259 ditur,
2394 5200 2536 5267 quoil
2572 5198 2672 5254 nisi
2712 5197 2782 5253 sit
2807 5216 2871 5254 ex
2910 5198 3046 5254 Filio
3073 5200 3332 5270 Spiritus,
3364 5217 3625 5273 germana
3656 5203 3756 5258 sibi

2190 5285 2420 5344 invicem
2445 5299 2606 5343 erunt
2631 5287 2802 5346 Filius
2831 5300 2886 5345 et.
2920 5290 3176 5362 Spiritus.
3203 5293 3397 5349 Dicens
3439 5296 3609 5361 enim,
3639 5295 3757 5350 Noli

2189 5379 2301 5433 duo
2336 5396 2400 5434 cx
2438 5396 2545 5437 uno
2567 5382 2741 5437 divisa
2791 5383 3117 5452 intelligere,
3165 5398 3270 5436 non
3302 5385 3447 5437 enim
3503 5402 3755 5455 germana

2190 5472 2446 5536 dicimus,
2490 5476 2673 5528 docuit
2697 5494 2710 5529 :
2734 5477 2986 5544 quoniam
3015 5476 3058 5531 si
3089 5493 3193 5546 qua
3227 5488 3433 5540 essent,
3465 5495 3530 5533 ex
3564 5481 3754 5534 eodem

2196 5564 2560 5631 solummodo,
2618 5566 2919 5619 secundum
2986 5569 3126 5635 quod
3183 5584 3246 5620 ex
3307 5569 3495 5620 eodem
3548 5576 3753 5628 essent.

2306 5742 2347 5773 ³³
2380 5742 2543 5798 lauit.
2592 5759 2662 5801 tv.
2703 5744 2736 5795 9.
2767 5759 2917 5812 seqq.
