4144 6296
388 239 456 300 89
1465 244 1868 308 ADVERSUS
1899 248 1942 307 G

2063 248 2214 307 ECOS
2256 252 2406 310 ΜΒ.
2444 252 2531 311 11.
3545 254 3622 316 90

389 354 627 421 germani
679 355 876 410 merito
911 355 1214 427 fratresque
1267 358 1598 416 dicerentur.
1632 362 1815 433 Itaque
1849 379 1941 419 co—
1972 365 2444 429 Abeatissimmu,
2495 379 2791 437 contraque
2852 369 2972 438 ejus
3022 368 3310 427 duodecim
3361 371 3623 438 capitula,

391 454 605 512 geutur,
660 447 752 514 qui
812 456 866 501 et
915 447 1133 514 Filium,
1171 462 1221 504 et
1275 451 1560 522 Spiritum,
1595 469 1660 508 ex
1714 456 1851 520 soio,
1899 467 1950 509 et

390 535 702 590 immediate
743 553 808 591 ex
843 538 1000 594 Patre
1033 543 1222 597 ambos
1252 543 1461 606 dicunt,
1495 545 1633 599 duos
1681 546 1735 598 in
1772 546 1953 598 Triui-

395 635 504 680 tale
537 628 731 682 fratres
761 631 1024 698 conﬁteri,
1057 634 1276 703 duoque
1304 653 1369 688 ex
1402 653 1511 690 uno
1541 637 1714 692 divisa
1747 639 1950 691 intelli-

395 734 520 785 gere
553 735 567 770 :
605 730 661 772 ut
706 734 876 788 neque
929 739 1140 777 summa
1179 727 1768 780 consubstantialitatis
1818 728 1956 780 ratio

396 809 670 872 reddatur,
696 817 856 880 atque
880 829 986 867 una
1016 816 1149 867 ordo
1181 817 1270 870 ille
1298 818 1602 885 personalis
1631 817 1697 871 ad
1726 818 1954 871 invicem

397 900 620 953 omnino
674 903 985 970 auferatur;
1049 908 1325 974 simulque
1389 908 1633 963 Trinitas
1685 926 1794 964 non
1857 912 1960 965 erit

401 989 562 1045 Deus.
597 992 697 1046 Sed
729 995 826 1048 ista
860 1010 985 1050 sunt
1028 999 1444 1063 absurdissima,
1495 1010 1549 1055 et
1595 1001 1724 1055 illud
1781 1003 1959 1066 itaque

395 1081 711 1148 absurdum,
738 1089 884 1155 quod
932 1089 1032 1143 ista
1067 1093 1383 1145 necessario
1412 1093 1676 1159 sequitur.

466 1191 646 1259 Neque
696 1211 826 1248 vero
877 1198 1113 1250 absurda
1174 1209 1378 1253 tantum
1440 1212 1586 1266 sunt,
1641 1204 1734 1258 sed
1791 1212 1953 1258 etiam

397 1280 780 1347 impossibilia,
835 1288 1109 1342 stantibus
1156 1290 1326 1343 initiis
1370 1291 1532 1355 ﬁdei,
1561 1294 1956 1363 doctorumque

404 1371 687 1424 sententiis
744 1383 970 1440 prorsus
1023 1377 1426 1434 obsistentibus.
1491 1381 1710 1438 Addens
1769 1393 1950 1438 autem

404 1470 628 1516 sanctus
683 1465 766 1516 vir
819 1466 1066 1521 essentia:
1123 1468 1493 1537 identitatem,
1571 1475 1824 1543 quoniam
1884 1491 1954 1530 ex

401 1549 562 1605 Patre
621 1553 786 1608 Filius
846 1556 935 1619 sit,
1002 1560 1260 1625 ostendit,
1324 1564 1952 1620 consubstantialitatem

2056 639 2294 706 capitulo
2322 649 2597 707 gestorum
2636 655 2862 693 suorum
2896 642 2968 693 ita
2998 641 3237 694 definivit
3281 659 3296 696 :

2054 468 2106 511 et
2136 459 2189 511 in
2234 459 2322 510 tali
2357 459 2630 527 impietate
2657 464 2856 514 mortui
2889 474 3038 523 sunt,
3066 462 3354 516 anathema
3387 464 3475 517 sit.
3520 483 3538 515 ι

2128 550 2326 601 Sancta
2356 564 2486 602 vero
2515 559 2567 602 et
2593 551 2917 604 universalis
2944 563 3096 604 sexta
3125 555 3365 622 synodus
3392 554 3444 606 in
3476 569 3624 606 nono

3344 663 3362 694 ι
3407 642 3462 696 Si
3500 645 3623 710 quis

2061 746 2164 781 non
2195 730 2614 783 anathematizat
2641 730 2958 784 Theodoriti
2989 742 3176 786 contra
3231 742 3433 786 rectam
3465 736 3622 787 fidem

2059 831 2111 874 et
2148 831 2390 874 sanctum
2451 821 2711 889 Cyrillum
2769 821 2995 889 scripta,
3060 831 3114 874 et
3152 819 3443 889 Epistulam
3502 839 3624 891 qua:

2061 914 2259 968 dicitur
2304 915 2413 972 lha.
2449 923 2503 968 et
2538 913 2883 966 Theodorum
2930 913 3374 980 Mopsuestenum
3411 915 3626 980 episco-

2061 1020 2210 1072 pum,
2262 1013 2316 1056 et
2375 1005 2576 1074 scripta
2632 1004 2789 1072 ejus;
2860 1012 2912 1056 et
2959 1003 3004 1056 si
3062 1004 3187 1070 quis
3239 1019 3344 1056 non
3400 1005 3626 1072 suscipit

2060 1096 2322 1164 opuscula
2359 1097 2530 1164 ipsius
2577 1097 2752 1150 sancti
2801 1095 3009 1164 Cyrilli,
3040 1105 3094 1148 et
3149 1096 3389 1148 maxime
3438 1105 3625 1147 contra

2068 1185 2424 1251 t'heodorum,
2495 1196 2549 1240 et
2600 1186 2894 1248 Andream,
2947 1195 3000 1240 et
3051 1185 3384 1250 Nestorium,
3428 1202 3629 1256 eosque

2057 1277 2148 1344 qui
2191 1277 2298 1331 illis
2327 1279 2410 1330 vel
2441 1278 2532 1331 uni
2562 1294 2754 1333 eorum
2797 1280 2994 1332 similia
3030 1293 3316 1334 senserunt
3376 1291 3469 1333 aut
3504 1295 3627 1332 sena

2059 1368 2215 1430 tiunt,
2247 1371 2532 1423 anathema
2561 1370 2650 1423 sit.
2685 1389 2704 1420 ι

2129 1458 2324 1512 Eadem
2379 1459 2492 1515 fere
2544 1469 2596 1513 et
2650 1473 2842 1529 quarta
2895 1471 2949 1513 et
3014 1463 3244 1530 septima
3302 1459 3624 1514 universalis

2058 1551 2295 1618 synodus
2324 1554 2629 1605 continent.
2691 1553 2752 1604 Et
2805 1553 3001 1605 mirum
3055 1568 3208 1616 sane,
3251 1551 3394 1619 quod
3433 1552 3627 1618 hujus-

401 1640 544 1696 Ρωτί
584 1651 636 1697 ει
679 1645 818 1701 Filio
845 1647 1058 1714 adesse,
1091 1662 1376 1721 propterea
1409 1658 1554 1723 quod
1586 1668 1752 1712 essm,
1785 1657 1957 1712 Filius
1991 1679 2029 1731 Β
2062 1639 2204 1690 modi
2240 1642 2603 1706 patrocinium
2637 1642 2721 1695 isti
2754 1657 2817 1696 ex
2851 1643 2931 1695 eis
2962 1643 3305 1711 potissimum
3335 1641 3624 1696 duodecim

394 1749 458 1787 ex
491 1735 668 1791 Patre.
703 1736 854 1793 Unde
883 1751 1100 1796 constat
1129 1744 1181 1796 in
1210 1745 1410 1801 divinis
1441 1750 1684 1812 personis
1714 1749 1955 1804 consub-

392 1825 645 1880 stantiale
679 1827 731 1879 in
782 1843 948 1882 causa
980 1840 1034 1883 et
1064 1833 1270 1886 causali
1296 1836 1540 1901 conspici
1580 1856 1593 1890 :
1628 1853 1736 1890 non
1774 1848 1956 1893 autem

392 1930 422 1968 e
449 1924 663 1978 contra,
682 1917 896 1972 etiamsi
927 1921 1332 1992 conjungantur
1358 1925 1614 1988 invicem,
1641 1929 1800 1982 sicuti
1834 1939 1960 1985 ante

394 2007 613 2060 causale
645 2024 811 2061 causa
845 2010 1138 2079 cogitatur.
1182 2013 1302 2067 Non
1335 2029 1464 2082 ergo
1497 2014 1665 2069 Filius
1697 2026 1749 2070 et
1790 2017 1960 2086 Spiri-

400 2106 488 2150 tus
526 2099 630 2152 sibi
680 2099 909 2153 invicem
940 2111 1122 2157 essent
1156 2106 1664 2171 consubstantialia,
1697 2110 1801 2164 nisi
1836 2112 1958 2164 alte-

396 2205 516 2242 rum
537 2201 683 2244 esset
714 2208 774 2245 ex
809 2193 1000 2257 altero,
1023 2196 1259 2250 maxime
1291 2199 1419 2268 quia
1456 2199 1619 2252 etiam
1656 2203 1953 2257 secundum

393 2283 858 2337 consubstantiale
910 2300 1077 2338 unum
1133 2301 1256 2340 cum
1298 2288 1433 2352 sint,
1494 2290 1638 2344 nulla
1699 2292 1957 2348 discretio

397 2372 738 2440 inspiciatur,
773 2376 875 2432 nisi
922 2379 1191 2446 praecedat
1244 2381 1453 2445 relatio,
1488 2398 1608 2452 qua:
1653 2387 1952 2440 secundum

393 2477 559 2518 causa
569 2481 618 2518 ll]
645 2475 748 2520 εει.
1362 2486 1368 2491 ’

471 2577 543 2629 Ex
601 2578 684 2631 his
721 2589 901 2634 autem
934 2597 1055 2648 quae
1085 2585 1288 2654 scripta
1335 2595 1482 2650 sunt,
1515 2597 1746 2653 constat,
1777 2599 1832 2643 et
1861 2605 1958 2643 eos

391 2665 488 2732 qui
553 2671 618 2720 de
676 2670 897 2738 scriptis
956 2671 1271 2728 Theodoriti
1333 2686 1520 2729 contra
1581 2677 1956 2731 beatissimum

389 2756 656 2824 Cyrillum
699 2763 1008 2827 opinionem
1045 2780 1200 2818 suam
1247 2776 1493 2822 astruere
1525 2767 1798 2830 nituntur,
1839 2783 1962 2823 san-

395 2861 614 2902 ctorum
639 2852 858 2906 Patrum
888 2856 1248 2910 intentionem
1272 2858 1801 2928 intelligentiamque
1852 2876 1956 2912 non

396 2943 643 3009 assequi.
688 2943 779 2996 Ille
803 2946 947 2997 enim
974 2945 1040 2999 de
1067 2955 1255 3002 sancto
1288 2947 1492 3018 Cyrillo
1522 2949 1660 3003 dixit
1697 2968 1710 3004 :
1746 2970 1764 3002 ‹
1800 2949 1954 3016 Quod

391 3034 438 3087 si
473 3033 623 3086 dicat
679 3033 942 3102 Spiritum
977 3052 1099 3091 esse
1152 3040 1431 3106 proprium
1481 3039 1626 3103 Filii,
1677 3042 1832 3110 quasi
1889 3057 1954 3096 ex

393 3123 555 3188 Filio,
589 3124 666 3179 vel
698 3140 794 3192 per
828 3125 1021 3180 Filium
1057 3129 1416 3182 substantiam
1452 3131 1762 3194 habentem,
1798 3134 1956 3201 quasi

391 3215 767 3282 blasphemum
808 3229 860 3271 et
916 3219 1138 3285 impium
1170 3220 1508 3289 ahjiciemus.
1541 3242 1558 3273 ι
1602 3221 1747 3277 Dixit
1775 3235 1955 3279 autem

374 3301 649 3376 'Cyrillus,
684 3319 740 3360 ut
776 3325 838 3361 ex
876 3310 1256 3377 Superioribus
1311 3322 1476 3379 patet,
1514 3315 1793 3382 proprium
1835 3317 1956 3370 Filii

389 3398 659 3468 Spiritum
697 3409 751 3452 et
791 3400 842 3452 in
894 3403 1032 3466 ipso,
1091 3411 1140 3454 et
1175 3418 1238 3454 ex
1281 3403 1398 3468 ipso
1427 3419 1566 3465 esse,
1603 3407 1953 3471 quemadmo-

387 3481 521 3546 dum
555 3500 606 3544 et
640 3491 692 3543 in
741 3490 858 3558 ipso
901 3491 1028 3554 Deo,
1061 3501 1112 3545 et
1159 3493 1210 3543 in
1247 3493 1401 3546 Patre
1441 3509 1560 3546 esse
1597 3495 1960 3563 intelligitur;

383 3592 441 3635 et
483 3583 626 3634 sicut
656 3581 932 3648 proprium
965 3582 1162 3647 ipsius,
1189 3597 1285 3647 per
1311 3597 1434 3633 eum
1470 3583 1766 3646 procedere
1805 3595 1960 3637 natu-

387 3671 582 3724 raliter
607 3669 757 3722 dixit.
791 3669 918 3722 Ideo
976 3678 1031 3722 et
1075 3685 1194 3735 quae
1225 3670 1344 3738 ejus
1373 3680 1500 3724 sunt
1549 3673 1791 3740 accipere
1827 3676 1960 3728 dici-

386 3772 502 3825 tur,
557 3773 734 3828 neque
766 3759 1033 3813 serviliter
1065 3760 1300 3813 alienum
1334 3761 1632 3815 immittere
1676 3763 1958 3833 Spiritum,

383 3853 482 3909 sed
523 3866 673 3915 eum,
708 3849 800 3919 qui
840 3866 904 3903 ex
945 3865 1008 3904 eo
1037 3851 1396 3920 propriusque
1426 3852 1543 3920 ejus
1575 3862 1677 3907 est.

459 3983 525 4040 Et
586 3987 695 4040 alio
728 3986 950 4049 inloco,
997 3985 1353 4054 proﬂuentem
1409 4005 1472 4042 ex
1531 3987 1640 4044 Deo
1672 3988 1828 4042 Patre
1865 4007 1959 4059 per

383 4081 588 4134 Filium
618 4079 936 4131 naturaliter
967 4077 1230 4147 Spiritum
1257 4091 1502 4134 sanctum
1530 4082 1690 4135 veluti
1716 4084 1765 4135 in
1790 4084 1955 4152 figura

385 4168 770 4237 respirationis
801 4168 911 4222 Oris
963 4169 1158 4229 nostri,
1213 4171 1487 4237 propriam
1524 4173 1683 4225 nobis
1718 4174 1959 4239 indicare

381 4258 749 4315 substantiam
785 4258 987 4310 docuit.
1051 4257 1172 4312 Haec
1224 4270 1402 4312 autem
1452 4271 1635 4330 aperte
1685 4265 1960 4317 contraria

382 4359 552 4412 sunt;
597 4362 774 4416 neque
816 4348 1146 4401 erubescunt
1194 4348 1584 4404 Theodoritum
1643 4352 1956 4406 hmrcticum

381 4441 703 4501 iIOtttillelll,
759 4449 920 4506 atque
979 4441 1029 4492 in
1097 4442 1444 4511 dogmatibus
1510 4453 1697 4496 sancto
1759 4445 1959 4515 Cyr-illo

383 4531 767 4586 adversarium
837 4530 888 4583 in
939 4547 1119 4585 causa:
1174 4547 1286 4586 sum
1340 4534 1702 4602 patrocinium
1767 4547 1957 4588 contra

382 4634 640 4678 SnllClttln
674 4621 851 4674 virum
888 4632 1077 4675 testem
1131 4623 1398 4690 proferre.
1429 4624 1582 4690 Quod
1615 4626 1759 4679 enim
1785 4627 1958 4680 luere-

384 4714 526 4765 ticUs
564 4715 731 4764 homo
765 4711 855 4764 ille
884 4710 1064 4766 fuerit.
1096 4724 1260 4781 atque
1290 4713 1546 4786 Ecclesia:
1576 4727 1742 4783 septis
1775 4717 1962 4785 repul-

380 4821 498 4868 sus,
535 4802 762 4872 publica
808 4814 956 4871 gesta
988 4815 1279 4859 testantur.
1337 4808 1535 4860 Sancta
1587 4807 1733 4860 enim
1771 4809 1959 4875 quinta

381 4895 723 4948 universalis
760 4896 999 4963 synodus
1031 4896 1082 4948 in
1124 4913 1243 4966 cap.
1273 4899 1335 4950 15
1365 4898 1434 4951 ita
1480 4897 1730 4950 deﬁnivit
1787 4917 1798 4950 :
1843 4916 1858 4948 ι
1901 4894 1959 4949 Si

379 4987 505 5052 quis
543 4985 701 5055 impii
742 4983 1060 5039 Theodoriti
1097 4988 1318 5055 scriptis
1351 4987 1566 5052 faverit,
1610 5005 1730 5057 quae
1765 5000 1954 5042 contra

381 5078 540 5132 fidem
607 5087 814 5131 rectam
883 5088 934 5132 ct
995 5079 1292 5148 Cyrillum,
1355 5081 1754 5149 duodecimque
1811 5079 1957 5133 illius

379 5170 644 5236 capitula,
699 5169 896 5237 quibus
947 5170 1061 5237 ipse
1115 5171 1325 5229 eadem,
1357 5186 1477 5237 quae
1510 5170 1828 5223 Theodorus
1894 5186 1957 5228 ac

380 5260 668 5314 {Vestorius
745 5262 981 5328 prie-dicti
1040 5263 1278 5315 sensisse
1345 5262 1807 5330 tiCl’H'CilElltiillll‘,
1868 5277 1960 5322 eos

382 5351 718 5419 iilorumqne
781 5353 1115 5422 impietatem
1175 5352 1394 5414 fovens,
1462 5369 1635 5420 neque
1700 5352 1958 5421 prirdicta

385 5443 546 5510 impia
611 5445 818 5509 scriptu
878 5443 1439 5507 anathematizaverit,
1501 5453 1662 5510 atque
1700 5458 1800 5495 uua
1858 5465 1960 5522 eo;

383 5535 472 5600 qui
540 5535 668 5588 talia
741 5545 1032 5589 senserunt
1095 5545 1150 5590 ct
1215 5537 1477 5599 sentiunt,
1534 5543 1585 5588 ct.
1633 5549 1822 5590 omnes
1857 5558 1964 5637 (μη

387 5627 727 5696 scripserunt
794 5637 980 5678 contra
1051 5636 1247 5679 rectam
1326 5631 1509 5690 tiilcm,
1579 5625 1914 5709 Cyrillutuq“

1902 5701 1946 5724 ὀ

2061 1730 2369 1784 'l‘heodoriti
2423 1733 2676 1800 capitulis
2723 1733 3095 1796 consciscunt,
3164 1749 3284 1802 qua!
3337 1744 3522 1801 aperte
3572 1741 3627 1785 et

2061 1822 2338 1875 nominate
2394 1838 2423 1875 a
2465 1823 2670 1876 sanctis
2722 1825 2940 1892 synodis
2996 1825 3330 1886 anathemati
3383 1823 3626 1891 subjecta

2062 1921 2212 1964 sunt.
2253 1911 2381 1976 Quae
2428 1912 2572 1965 enim
2623 1913 2782 1966 divus
2811 1913 3048 1980 Cyrillus
3079 1923 3266 1966 contra
3315 1912 3624 1967 Nestorium

2064 2003 2342 2056 duode‘cim
2395 2003 2652 2071 capitulis
2707 2005 3059 2071 conscripsit,
3125 2005 3205 2059 eis
3265 2004 3630 2061 Theodm-itus

2063 2095 2282 2148 totidem
2334 2094 2584 2163 capitulis
2629 2095 3007 2149 contradicere
3045 2097 3414 2163 praesumpsit.
3450 2098 3628 2163 Atque

2063 2187 2114 2239 in
2155 2202 2296 2238 nono
2327 2186 2602 2254 proprimn
2639 2186 2758 2240 Filii
2794 2185 3058 2256 Spiritum
3083 2186 3290 2256 C'yrillo
3321 2198 3625 2249 asserente.

2062 2279 2150 2331 i'le
2201 2277 2253 2331 in
2317 2293 2462 2332 nono
2517 2292 2618 2331 suo
2670 2278 2876 2333 dictum
2933 2277 3062 2331 illud
3105 2275 3332 2331 ev‘oinit.
3388 2277 3519 2342 lmo,
3573 2288 3632 2346 ut

2047 2371 2300 2438 apertius
2336 2370 2438 2422 viii
2489 2369 2661 2424 sancti
2719 2370 3025 2425 innotescat
3072 2369 3324 2433 intentio,
3357 2371 3472 2439 ipsa
3510 2369 3630 2439 ejus

2061 2461 2221 2513 verba
2252 2474 2614 2527 apponamus.

2064 2570 2144 2624 Ea:
2179 2571 2456 2623 duodecim
2489 2571 2734 2636 capitulis
2763 2585 2947 2623 contra
2981 2571 3285 2623 Iurreticum
3321 2568 3628 2622 Nestorium

2236 2658 2265 2691 a
2305 2639 2364 2694 S.
2397 2639 2598 2710 Cyrillo
2628 2643 2838 2707 scriptis
2863 2680 2875 2704 ,
2912 2641 3202 2707 capitulum
3232 2656 3450 2692 uanum.

2139 2770 2156 2799 σ
2198 2749 2254 2804 Si
2300 2752 2441 2819 quis,
2491 2751 2690 2818 inquit,
2726 2766 2891 2803 unum
2927 2750 3214 2802 Dominum
3259 2749 3441 2802 Jesum
3474 2747 3627 2803 Chri-

2063 2851 2204 2895 stum
2241 2858 2270 2896 a
2320 2849 2512 2896 sancto
2567 2842 2770 2911 Spiritu
2832 2841 3193 2896 claritlcatum
3249 2854 3391 2901 esse,
3433 2840 3630 2893 virtute

2062 2949 2156 2986 sua
2211 2934 2401 3002 ipsius,
2442 2933 2597 3003 quasi
2657 2935 2834 2986 aliena
2871 2942 3140 2997 utentem,
3179 2943 3344 2996 atque
3392 2931 3459 2984 ab
3513 2932 3630 2996 ipso

2060 3025 2354 3094 accepisse,
2414 3035 2469 3078 ιιι
2532 3034 2720 3079 contra
2781 3024 3092 3104 immundos
3153 3022 3384 3091 spiritus
3450 3031 3632 3089 posset

2059 3116 2295 3184 operari.
2343 3115 2634 3184 divinaque
2687 3116 2739 3167 in
2779 3113 3094 3167 hominihus
3124 3114 3276 3178 signa
3325 3115 3626 3178 perlicere;

2057 3223 2120 3260 ac
2153 3222 2256 3259 non
2293 3205 2463 3272 magis
2509 3206 2789 3273 preprium
2820 3206 2993 3274 ipsius
3026 3204 3290 3272 Spiritum
3323 3202 3494 3265 dicit,
3534 3216 3630 3267 per

2057 3313 2216 3366 quem
2265 3297 2444 3350 divina
2487 3297 2810 3351 mertalibus
2858 3297 3010 3365 signa
3045 3293 3456 3357 monstraverit,
3490 3307 3626 3345 ana-

2062 3389 2241 3440 thcma
2273 3388 2365 3440 sit.
2402 3405 2420 3435 ι

2068 3496 2364 3548 Declarntio
2418 3499 2652 3559 ejusdem
2707 3494 2926 3560 capituli
2961 3495 3014 3545 in
3071 3492 3271 3558 Epheso
3320 3493 3530 3552 Irubita,
3565 3493 3629 3543 ab

2133 3565 2311 3614 eodem
2343 3562 2404 3613 Β.
2449 3563 2674 3628 Cyrilto,
2723 3578 2840 3612 cum
2875 3578 2992 3612 eum
3026 3578 3178 3613 sacra
3221 3565 3450 3628 synodus
3483 3577 3632 3612 oras-

2135 3642 2232 3691 set.
2269 3639 2323 3681 ut
2356 3629 2430 3682 eis
2468 3633 2700 3694 apertius
2747 3638 3054 3698 exponeret,
3095 3631 3220 3696 quid
3249 3631 3346 3682 sibi
3392 3633 3494 3682 ista
3529 3628 3633 3682 eet-

2134 3701 2211 3753 leu
2222 3709 2261 3752 ι.

2137 3834 2155 3866 ‹
2188 3813 2382 3874 Homo.
2415 3811 2612 3880 inquit,
2639 3809 2812 3866 factus
2844 3809 2934 3865 Dei
2982 3807 3296 3878 unigenitus
3321 3807 3514 3875 Filius,
3552 3809 3634 3863 sic

2067 3909 2231 3962 etiam
2300 3904 2601 3976 permansit
2655 3901 2797 3956 Deus
2840 3901 3022 3956 omnia
3075 3901 3348 3956 exsistens
3413 3915 3532 3968 quae
3580 3913 3634 3956 et

2062 4001 2242 4063 Pater,
2291 4004 2486 4067 praeter
2538 3995 2738 4061 solum,
2781 3995 2998 4049 Patrem
3055 4007 3196 4054 esse,
3237 3993 3633 4063 propriumque

2061 4092 2266 4144 habens
2293 4104 2356 4142 ex
2405 4089 2589 4156 scipso
2639 4085 3018 4154 prodeuntem,
3077 4094 3238 4154 atque
3266 4086 3632 4140 essentialiter

2060 4181 2159 4236 sibi
2194 4180 2495 4249 ingenitum
2530 4176 2792 4246 Spiritum
2837 4188 3112 4240 sanctmn,
3147 4176 3330 4231 divina
3382 4181 3628 4246 patrabat

2064 4272 2236 4338 signa.
2271 4269 2456 4336 Itaque
2486 4278 2537 4320 et
2579 4268 2742 4320 homo
2771 4266 2968 4330 factus,
3002 4271 3086 4321 sio
3115 4282 3333 4336 quoque
3367 4283 3629 4335 perman-

2069 4358 2136 4410 sit
2174 4357 2337 4409 Dens.
2379 4373 2396 4405 ι
2453 4353 2679 4422 Pr0pria
2742 4353 2904 4421 igitur
2957 4354 3156 4407 virtute
3212 4369 3306 4422 per
3366 4353 3628 4421 Spiritum

2074 4467 2091 4498 (
2130 4445 2362 4500 fat-iebat
2395 4444 2686 4498 mirabilia.
2723 4442 2824 4508 Qui
2856 4453 3036 4497 autem
3067 4444 3275 4506 dicunt,
3316 4458 3438 4496 cum
3475 4443 3628 4511 quasi

2071 4553 2233 4589 unum
2264 4552 2326 4588 ex
2362 4534 2522 4588 nobis
2556 4533 2832 4588 hominem
2869 4544 3118 4586 sanctum
3149 4531 3432 4586 t‘ﬂicientia
3463 4531 3632 4600 Spiri—

2069 4635 2177 4692 tus,
2229 4642 2334 4679 non
2410 4635 2466 4678 ut
2522 4624 2734 4693 propria
2796 4622 2990 4691 magis,
3041 4623 3133 4675 sed
3195 4632 3252 4674 ut
3302 4623 3474 4675 aliena
3534 4636 3636 4675 nec

2069 4720 2247 4771 divina
2286 4726 2549 4775 nlcntcm,
2583 4726 2635 4768 et
2671 4716 2832 4768 Veluti
2871 4716 2922 4767 in
2970 4725 3120 4783 parte
3151 4715 3337 4781 gratia:
3365 4728 3392 4766 a
3423 4712 3630 4780 Spiritu

2069 4807 2461 4874 accipientem,
2529 4818 2814 4856 ascensum
2885 4801 2950 4854 ad
3005 4800 3209 4865 cwlos,
3270 4801 3634 4853 anathematis

2068 4898 2265 4952 merito
2325 4896 2610 4951 sententia:
2669 4893 2989 4949 subdentur.
3030 4911 3048 4942 ι
3098 4893 3202 4948 Sed
3262 4895 3404 4948 enim
3461 4893 3636 4962 ipsius

2067 5006 2286 5063 quoque
2350 4988 2665 5041 'l‘heodoriti
2727 4986 2934 5040 dictum
3003 4987 3130 5040 illud
3193 5003 3426 5056 arguens
3489 4987 3627 5040 ait:

2071 5106 2088 5137 ε
2123 5083 2390 5157 Quoniam
2417 5094 2546 5133 vero
2579 5078 2860 5134 Nestorius
2893 5079 3063 5133 alicna
3100 5082 3297 5134 virtute
3326 5094 3482 5133 ttsum
3511 5092 3633 5130 esse

2063 5183 2371 5240 Christum,
2404 5174 2546 5228 sicut
2579 5173 2738 5227 etiam
2772 5181 3083 5227 sanctorum
3123 5173 3346 5242 singuli,
3394 5169 3628 5224 diccbat.

2062 5280 2268 5342 idcirco
2291 5266 2570 5342 proprium
2609 5264 2726 5317 Filii
2758 5264 2889 5317 dixi.
2925 5263 3052 5316 Erat
3078 5264 3245 5326 enim,
3271 5270 3322 5314 ct
3357 5267 3438 5310 est
3473 5256 3633 5309 istius

2068 5381 2334 5447 spiritus,
2368 5357 2821 5430 quemadmodum
2874 5356 3085 5409 scilicet
3123 5365 3188 5447 Aet
3222 5350 3422 5447 Patris.
3459 5349 3634 5447 Atque

2286 5408 2334 5428 η.
2371 5408 2382 5414 -
2410 5408 2651 5413 -π-η-ιη
2703 5408 2814 5410 η
3045 5408 3054 5409 ί
3547 5408 3558 5415 _

2109 5408 2642 5541 ELHIL‘Zbis‘insinnat
2671 5448 2876 5501 Paulus
2928 5445 3204 5512 apostolus
3267 5440 3451 5491 dicens
3485 5455 3499 5490 :
3531 5440 3638 5502 Qui

2074 5495 2174 5560 hoc
2378 5556 2528 5598 carne
2567 5549 2702 5604 sunt,
2740 5539 2842 5589 Deo
2873 5535 3076 5602 placere
3107 5544 3208 5579 non
3238 5533 3480 5590 possunt.
3535 5527 3637 5585 νο.

2075 5592 2250 5667 autem
2289 5592 2404 5696 ἵζω
2438 5634 2552 5686 suis
2584 5632 2632 5681 ίη
2663 5633 2832 5684 camp;
2897 5621 2983 5671 scd
3010 5620 3058 5668 in
3094 5617 3291 5680 Spiritu
3329 5630 3342 5663 :
3373 5615 3636 5678 siquidem

2080 5699 2252 5790 aut“)!
2295 5666 2368 5718 llo
