4144 6296
503 349 580 438 m
1770 383 2167 444 MANUELIS
2198 383 2498 445 causam
3704 377 3786 442 92

516 486 750 552 Spiritus
784 483 878 537 Dei
911 483 1115 536 habitat
1147 486 1200 538 in
1234 485 1398 541 vobis.
1426 487 1486 544 Si
1519 489 1642 570 quis
1692 503 1867 547 autem
1901 491 2069 563 Spiri-
2100 496 2147 554 Α
2245 490 2614 561 Constatergo
2643 503 2707 545 ex
2727 488 3098 558 superioribus
3119 487 3502 542 Theodoritum
3535 487 3792 542 haereti-

515 585 630 627 tum
663 572 858 628 Christi
887 589 987 626 non
1017 574 1194 638 habet,
1226 577 1308 630 hic
1350 593 1452 630 non
1481 587 1559 632 est
1585 581 1697 650 ejus
1725 583 1787 634 ⁸³.
1817 582 2067 637 Procedit

517 666 661 717 enim
721 678 785 718 ex
839 664 950 719 Deo
1008 673 1062 720 et
1117 664 1276 720 Patre
1330 667 1567 737 Spiritus
1623 683 1869 738 sanctus,
1922 673 2074 741 juxta

514 751 818 806 Salvatoris
841 766 1046 808 vocem.
1074 754 1167 808 Est
1193 764 1372 810 autem
1404 774 1580 828 neque
1609 761 1818 836 alienus
1844 779 1870 815 a
1901 762 2072 831 Filio;

514 845 700 896 omnia
736 845 880 898 enim
917 846 1007 901 ille
1037 859 1159 901 cum
1192 845 1350 903 Patre
1382 849 1566 906 habet.
1603 873 1622 904 ι

593 936 666 986 Ex
697 934 778 988 his
806 935 970 1003 igitur
995 938 1168 992 sancti
1193 937 1293 992 viri
1328 954 1480 994 mens
1507 942 1791 1011 diligenter
1820 945 2075 1000 intuenda

512 1036 622 1089 est,
650 1034 815 1094 utque
850 1026 942 1081 ille
973 1028 1240 1082 intellexit
1268 1033 1548 1098 preprium
1580 1049 1698 1089 esse
1739 1035 1860 1092 Filii
1904 1036 2078 1108 Spiri-

516 1128 634 1169 tum
693 1127 976 1184 sanctum;
1032 1119 1156 1187 quis
1209 1121 1353 1174 enim
1403 1127 1740 1180 commodior
1796 1136 1848 1183 et
1903 1131 2080 1198 aptior

513 1209 804 1263 verborum
862 1223 1083 1263 suorum
1121 1210 1388 1278 interpres
1413 1229 1532 1270 esse
1561 1219 1754 1286 possit,
1790 1233 1950 1288 quam
1989 1221 2080 1276 ille

515 1297 651 1362 ipse,
683 1297 777 1363 qui
817 1297 1074 1364 scripsit?
1127 1297 1414 1369 Proprium
1461 1305 1632 1367 enim,
1689 1314 1748 1360 ut
1804 1310 2080 1376 propriam

516 1383 640 1436 Filii
696 1388 976 1445 virtutem,
1020 1386 1157 1442 dixit
1205 1389 1465 1457 Spiritum
1523 1403 1795 1460 sanctum,
1845 1412 2078 1467 eumque

517 1489 616 1540 per
645 1475 817 1542 ipsam
856 1485 1136 1545 operatum
1175 1496 1188 1530 :
1226 1487 1391 1548 atque
1437 1482 1562 1536 ideo
1585 1486 1950 1540 essentialiter
1980 1487 2083 1555 ipsi

518 1563 762 1616 innatum
787 1563 978 1631 fuisse,
1007 1573 1172 1635 atque
1201 1583 1267 1621 ex
1303 1583 1368 1624 eo
1393 1586 1538 1636 esse,
1563 1573 1857 1643 omniaque
1884 1575 2086 1630 habere

520 1653 735 1718 Filium,
792 1672 914 1726 quae
947 1659 1109 1714 habet
1143 1658 1323 1723 Pater,
1377 1672 1572 1729 praeter
1623 1667 1821 1731 solum,
1869 1667 2083 1723 Patrem

517 1759 660 1800 esse.
691 1745 794 1800 Sed
827 1758 881 1802 et
913 1751 1182 1805 rationem
1214 1753 1447 1811 reddens
1491 1757 1618 1812 dicti
1651 1760 1758 1824 sui,
1789 1774 1910 1814 cum
1940 1760 2088 1817 diee-

516 1845 623 1901 ret,
677 1835 939 1906 Spiritum
971 1850 1217 1896 sanctum
1274 1843 1395 1898 Filii
1441 1863 1582 1913 esse,
1619 1849 1759 1904 sicut
1803 1859 1858 1904 et
1889 1845 2086 1920 Patris,

518 1943 698 1996 neque
747 1931 891 1984 enim
949 1947 1074 1988 esse
1133 1934 1200 1989 ab
1257 1951 1323 1990 eo
1375 1938 1632 2006 alienum,
1689 1942 1818 2010 quia
1876 1945 2090 2002 scilicet

517 2018 698 2074 Patris
726 2023 907 2076 omnia
943 2039 1066 2078 cum
1111 2024 1272 2081 Patre
1319 2027 1586 2099 haberet:
1632 2033 1833 2102 quippe
1862 2044 2088 2089 natura-

517 2109 647 2163 lium
678 2111 772 2165 Dei
826 2125 881 2167 et
916 2112 1095 2170 Patris
1127 2116 1393 2172 bonorum
1440 2120 1612 2174 Imres
1645 2121 1814 2176 Filius
1843 2140 1964 2179 cum
1993 2127 2086 2191 sit,

522 2197 684 2253 habet
711 2208 765 2254 et
811 2202 1099 2271 Spiritum,
1161 2207 1614 2273 quemadmodum
1647 2218 1700 2264 et
1730 2211 1783 2265 in
1827 2213 1945 2281 ipso
1978 2215 2089 2270 Deo

516 2298 573 2342 et
606 2289 764 2345 Patre
799 2292 1140 2361 intelligitur,
1169 2304 1364 2364 praeter
1401 2297 1578 2352 solum
1605 2297 1818 2356 Patrem
1850 2319 1994 2369 esse,
2029 2315 2088 2360 ut

517 2379 630 2435 alio
657 2383 708 2434 in
742 2383 862 2437 loco
899 2385 997 2450 ait,
1032 2384 1272 2441 ostendit
1302 2403 1362 2443 se
1393 2390 1567 2460 magis
1603 2406 1939 2458 asseverare,
1967 2412 2088 2466 quae

519 2469 575 2524 in
607 2485 750 2527 novo
797 2474 1041 2544 capitulo
1085 2477 1316 2544 dixerat,
1367 2495 1528 2549 quam
1565 2482 1853 2552 abnegare,
1910 2502 2089 2557 neque

519 2557 834 2616 Theodoriti
860 2565 1172 2631 opinionem
1200 2569 1424 2625 omnino
1449 2571 1748 2642 suscipere,
1772 2581 1831 2628 ut
1853 2576 2089 2632 maxime

518 2652 909 2720 perniciosam.

589 2740 685 2795 Est
716 2757 848 2811 ergo
881 2744 1161 2815 indignum
1194 2761 1328 2804 sane
1365 2759 1420 2804 et
1442 2750 1873 2820 iniquissimum,
1903 2756 2088 2812 Thro-

521 2833 684 2889 doriti
715 2830 960 2904 proferre
991 2840 1249 2909 capitula,
1281 2857 1402 2911 quas
1445 2843 1704 2899 oblivioni
1738 2859 2012 2917 perpetuae
2035 2862 2090 2906 et

521 2927 789 2982 oblationi
827 2930 1086 2985 tradenda
1121 2939 1228 2986 tota
1272 2933 1516 3002 synodus
1547 2937 1749 3000 sanxit,
1796 2941 1992 3010 hisque
2022 2945 2090 2999 de

524 3019 666 3073 beati
695 3019 884 3090 Cyrilli
930 3032 1110 3076 mente
1137 3023 1405 3079 indicare.
1435 3026 1626 3082 Potius
1651 3039 1833 3084 autem
1881 3046 1943 3086 ex
1978 3033 2086 3100 his,

2114 1797 2162 1858 B

2183 597 2304 635 cum
2342 579 2526 644 fuisse,
2565 589 2728 650 atque
2761 580 2815 634 in
2841 582 2924 635 bis
2951 580 3186 634 maxime
3209 589 3538 648 quae'eontra
3567 577 3639 632 υ.
3662 578 3784 649 Cy-
3843 623 3860 638 ,κ

2177 671 2358 724 rillum
2399 670 2641 738 scripsit.
2675 668 2992 738 Huiusmodi
3027 679 3205 723 autem
3231 667 3446 737 scriptis
3470 670 3534 722 ad
3574 679 3786 722 astru-

2177 763 2372 815 endam
2393 761 2638 815 veritatis
2684 761 2920 832 regulam
2946 761 3021 814 uti
3043 761 3261 814 minime
3285 759 3557 814 convenit.
3590 759 3786 813 Porro

2177 854 2224 908 si
2279 853 2403 922 quis
2459 866 2580 907 eum
2640 853 2980 921 postmodum
3030 853 3096 905 ab
3147 849 3386 920 Ecclesia
3439 861 3782 919 susceptum

2178 955 2299 999 esse
2346 942 2486 1013 (52)
2531 943 2882 1011 pmnltentem
2937 943 3102 1005 dicat,
3154 941 3286 996 nihil
3337 943 3414 1016 aq,
3452 954 3592 996 rem.
3677 943 3781 996 Illa

2179 1034 2343 1099 enim,
2369 1037 2509 1087 unde
2534 1029 2846 1088 Theodoriti
2877 1033 3019 1087 dicta
3055 1031 3420 1100 proferuntur,
3439 1033 3506 1086 ab
3539 1033 3788 1087 univer-

2181 1123 2387 1177 salibus
2416 1124 2636 1192 synodis
2657 1123 2914 1176 damnata
2946 1131 3095 1175 sunt.

2250 1211 2444 1280 Liquet
2483 1221 2662 1265 autem
2688 1221 2741 1266 et
2771 1213 2821 1265 id
2873 1212 3016 1280 quod
3045 1211 3254 1278 opinari
3291 1223 3461 1280 nemie
3488 1225 3554 1265 ex
3599 1208 3782 1274 Filio,

2181 1313 2356 1369 neque
2373 1315 2468 1370 per
2494 1300 2685 1354 Filium
2716 1303 2977 1370 Spiritum
3005 1311 3252 1356 sanctum
3277 1301 3476 1356 habere
3499 1301 3786 1355 substan-

2185 1388 2338 1455 tiam,
2368 1388 2552 1457 opinio
2581 1389 2816 1444 Nestorii
2855 1401 2978 1454 est;
3014 1392 3102 1445 cui
3138 1391 3500 1446 Theodoritus
3520 1406 3772 1445 consors

2186 1475 2308 1540 fuit,
2336 1485 2394 1530 ut
2419 1493 2509 1532 res
2539 1478 2666 1546 ipsze
2693 1487 2980 1533 testantur.
3017 1479 3086 1536 Et
3111 1481 3228 1549 ipse
3257 1492 3436 1534 autem
3471 1479 3777 1536 Nestor-ius

2187 1567 2241 1621 in
2261 1568 2506 1636 symbolo
2530 1568 2652 1623 lidei
2683 1584 2794 1624 sua:
2813 1570 2884 1643 ita
2907 1571 3301 1638 pronuntiavit.
3341 1570 3493 1636 Quod
3527 1573 3570 1626 si
3601 1573 3782 1643 hujus

2186 1667 2350 1708 causa
2388 1665 2577 1721 aperte
2598 1670 2702 1709 non
2740 1638 3104 1725 insimulator,
3138 1673 3242 1714 non
3274 1659 3328 1714 id
3359 1669 3486 1714 tunc
3523 1674 3648 1714 erat
3676 1679 3782 1732 sy-

2190 1746 2331 1800 nodo
2355 1749 2710 1815 proposilum,
2733 1764 2908 1817 neque
2933 1751 3056 1804 inde
3083 1751 3302 1817 plurimi
3334 1750 3648 1806 scandalum
3677 1769 3783 1822 pa-

2192 1837 2487 1902 tiebantur,
2518 1853 2639 1892 cum
2673 1853 2702 1891 a
2735 1838 2984 1907 plurimis
3009 1855 3075 1894 ne
3095 1848 3482 1910 agnosceretur
3516 1841 3780 1910 quidem,

2189 1939 2365 1994 neque
2416 1926 2625 1983 idcirco
2660 1929 2901 1998 synodus
2954 1929 3184 1984 collecta
3233 1940 3400 1985 esset.
3450 1929 3565 1984 Etsi
3616 1932 3777 1985 enim

2187 2026 2304 2073 erat
2343 2026 2626 2086 peccatum
2664 2035 2729 2074 ac
2782 2020 3124 2076 mendacium
3172 2023 3420 2077 deterius
3460 2008 3516 2076 et
3565 2023 3778 2092 majus,

2186 2107 2334 2162 circa
2365 2108 2730 2172 divinitatem,
2762 2125 2926 2178 quam
2957 2112 3102 2166 circa
3147 2111 3501 2167 humanitatis
3548 2112 3783 2181 dispen—

2187 2197 2479 2260 sationem,
2513 2198 2857 2267 blasphemia:
2879 2199 3032 2254 frena
3054 2202 3237 2255 laxare
3261 2219 3277 2268 ;
3301 2203 3439 2256 ratio
3456 2212 3637 2257 tamen
3689 2204 3784 2258 in-

2189 2289 2556 2340 carnationem
2581 2296 2708 2342 tunc
2723 2290 2896 2358 magis
2915 2290 3160 2360 urgebat.
3184 2291 3598 2347 Periclitabatur
3622 2295 3777 2348 enim

2189 2385 2319 2430 tunc
2345 2375 2479 2430 ﬁdes
2505 2415 2520 2440 ,
2549 2392 2672 2432 cum
2725 2393 2900 2448 neque
2926 2377 3166 2436 Verbum
3197 2384 3503 2451 suscepisse
3526 2398 3775 2449 carnem,

2189 2480 2364 2536 neque
2393 2467 2559 2522 Deum
2591 2467 2868 2524 hominem
2893 2470 3096 2526 factum
3124 2473 3291 2528 fuisse
3315 2475 3529 2544 plurimi
3563 2491 3779 2531 assere-

2193 2566 2333 2622 rent,
2364 2571 2878 2632 sacramentumque
2904 2564 3342 2635 dispensationis,
3377 2567 3430 2620 in
3461 2583 3570 2636 quo
3612 2567 3774 2622 Chil-

2190 2649 2490 2705 stianorum
2519 2650 2665 2708 salus
2695 2659 2800 2721 est,
2826 2667 3024 2710 nomen
3060 2657 3265 2724 potius,
3319 2671 3482 2726 quam
3521 2673 3606 2712 res
3647 2671 3775 2712 esse

2192 2743 2494 2805 videretur,
2541 2759 2718 2814 neque
2743 2759 2878 2800 sane
2926 2756 3291 2816 opportunum
3345 2759 3483 2810 erat.
3531 2749 3767 2812 omisso,

2193 2843 2414 2903 propter
2431 2835 2574 2904 quod
2599 2844 2990 2904 convenerant,
3014 2847 3069 2893 et
3087 2850 3308 2909 promer
3331 2842 3470 2908 quod
3499 2840 3773 2908 periclita-

2196 2929 2355 2981 batur
2392 2928 2659 2993 Ecclesia,
2683 2930 2749 2985 de
2787 2928 2874 2986 his
2905 2945 3024 2999 qua:
3069 2931 3204 2986 nihil
3268 2934 3576 3002 urgebant,
3607 2933 3771 2986 verba

2195 3034 2434 3088 movere,
2477 3036 2597 3076 cum
2643 3021 2962 3090 principalis
3005 3024 3237 3092 quaestio
3288 3023 3456 3076 ltlllllo
3533 3031 3772 3088 tempore

522 3125 640 3175 quae
688 3110 925 3178 seipsum
967 3127 1270 3182 exponens,
1333 3117 1433 3181 ait,
1494 3133 1723 3190 quaeque
1755 3122 1883 3178 alibi
1925 3126 2096 3194 pluri—
2122 3129 2163 3186 ο
2200 3111 2494 3179 multisque
2525 3113 2885 3178 sermonibus,
2920 3122 2974 3166 ut
2997 3113 3218 3166 enodari
3243 3111 3764 3179 posset,ittdigeret:

525 3200 630 3253 mis
666 3199 719 3252 in
768 3200 906 3256 locis
959 3205 1204 3272 scripsit,
1250 3223 1407 3264 mens
1461 3211 1580 3280 ejus
1627 3213 1932 3285 colligenda
1987 3227 2091 3274 est.

527 3288 600 3343 Ex
633 3291 839 3359 quibus
861 3293 1104 3362 proiecto
1137 3297 1486 3355 manifestum
1516 3301 1824 3374 legentibus
1857 3309 1940 3373 lit,
1969 3327 2092 3365 eum

523 3398 740 3451 semper
785 3388 1087 3453 pmprium,
1139 3391 1284 3457 quod
1333 3391 1488 3458 dixit,
1550 3404 1645 3451 aut
1701 3412 1810 3452 non
1855 3400 2092 3456 alienum

525 3488 648 3527 esse
701 3490 730 3529 a
763 3475 900 3530 Filio
952 3476 1236 3545 Spiritum,
1275 3497 1373 3558 pro
1399 3498 1474 3558 eo
1506 3489 1650 3555 quod
1709 3499 1810 3554 est,
1855 3505 1919 3544 ex
1955 3491 2094 3547 Filio

524 3578 646 3618 esse
671 3564 957 3634 Spiritum,
989 3569 1354 3634 intellexisse:
1391 3575 1533 3630 sicut
1554 3578 1718 3632 etiam
1745 3596 1808 3634 ex
1843 3585 2092 3652 superioo

522 3655 678 3709 ribus
716 3658 996 3714 manifeste
1022 3661 1461 3731 deprehemiitur.
1485 3668 1752 3741 Quodque
1785 3675 2093 3735 mirabilius

522 3756 627 3809 est,
651 3762 774 3800 cum
798 3748 1160 3808 Theodoritus
1194 3770 1438 3812 sanctum
1463 3761 1729 3830 Cyrillum
1765 3769 2090 3832 quibusdam

521 3839 766 3907 epistolis
799 3843 1146 3908 insimulatis,
1184 3848 1391 3903 diceret
1425 3862 1676 3906 sanctum
1707 3855 1886 3910 virum
1929 3863 2094 3915 omis-

523 3930 622 3994 sis,
663 3948 784 3998 quae
831 3943 1019 3987 contra
1055 3935 1362 3990 Nestorium
1399 3938 1608 3993 dixerat
1653 3955 1718 3994 ac
1773 3943 2092 4012 scripserat,

523 4021 630 4089 ipsi
659 4021 996 4077 Theodorito
1038 4026 1368 4079 concordem
1421 4027 1673 4082 effectum
1722 4045 1862 4091 esse.
1895 4049 2096 4104 easque

519 4112 780 4180 epistolas
812 4113 1056 4168 misisset
1089 4122 1155 4167 ad
1205 4115 1500 4182 plurimos;
1551 4118 1739 4188 illique
1790 4121 1933 4177 hanc
1979 4126 2095 4194 ejus

528 4203 884 4257 mutationem
954 4205 1286 4258 mirarentur
1355 4214 1518 4272 atque
1601 4210 2092 4284 obstupescerent;

519 4303 806 4361 comperta
864 4295 1175 4360 calumnia,
1231 4298 1420 4351 beatus
1483 4298 1720 4370 Cyrillus
1784 4307 2095 4364 rescribcns

524 4386 659 4437 dixit
692 4403 706 4438 :
738 4403 757 4436 ‹
786 4385 1032 4452 Domine,
1064 4386 1228 4440 libera
1255 4392 1485 4443 animam
1523 4408 1690 4446 meam
1733 4411 1765 4448 a
1813 4396 1968 4451 labiis
1994 4400 2096 4452 ini-

2201 3217 2268 3256 ne
2299 3202 2343 3256 si
2379 3200 2446 3255 ab
2469 3201 2736 3267 instituto,
2766 3217 2824 3256 re
2849 3201 3067 3264 infecta,
3098 3201 3419 3263 resilissent,
3445 3199 3774 3254 confundere

2200 3291 2382 3346 omnia
2417 3306 2481 3345 ac
2537 3291 2768 3346 miscere
2805 3291 3142 3354 viderentur,
3175 3291 3438 3358 dumque,
3486 3291 3627 3358 quod
3657 3299 3778 3344 erat

2203 3386 2254 3438 in
2283 3383 2552 3450 manibus,
2584 3383 2858 3453 corrigere
2899 3383 3182 3449 deberent,
3242 3398 3415 3452 neque
3472 3383 3574 3437 hoc
3619 3384 3780 3452 digne

2204 3474 2469 3539 iacerent,
2500 3488 2672 3545 neque
2691 3475 2841 3540 illud,
2869 3477 3015 3544 quod
3041 3476 3420 3544 intempestive
3440 3477 3777 3531 molirentur.

2202 3565 2530 3620 Necessariis
2569 3566 2751 3636 itaque
2793 3565 3008 3620 omissis
3021 3566 3265 3654 galeris,
3303 3565 3406 3621 hoc
3424 3583 3608 3633 unum,
3638 3567 3778 3637 quod

2203 3658 2448 3727 urgebat,
2485 3671 2675 3714 curare
2707 3657 3082 3728 perstiterunt.

2273 3749 2406 3804 Nam
2441 3758 2496 3804 et
2536 3750 2899 3820 sapientiores
2937 3749 3135 3818 quique
3197 3746 3391 3802 medici
3440 3763 3562 3801 cum
3628 3746 3779 3800 inﬁr-

2204 3855 2346 3893 mum
2372 3841 2586 3909 gemino
2607 3841 2797 3896 morbo
2821 3843 3070 3896 laborare
3091 3841 3576 3895 animadverterint
3598 3843 3781 3894 adver-

2203 3944 2296 3983 sus
2336 3943 2459 3983 eum
2488 3929 2580 3998 qui
2625 3931 2910 3998 perturbat
2937 3931 3131 4000 magis,
3164 3941 3219 3985 et
3257 3933 3498 3984 sectione
3562 3931 3778 3998 indiget,

2204 4019 2308 4072 etsi
2358 4019 2409 4072 in
2465 4033 2564 4072 suo
2625 4034 2828 4088 genere
2887 4021 3069 4074 minor
3123 4035 3246 4074 esse
3299 4022 3584 4086 videatur,
3638 4022 3784 4088 prius

2203 4116 2504 4162 armantur.
2533 4109 2599 4163 Et
2642 4103 2856 4179 iudices
2906 4126 3298 4180 saapenumero,
3351 4127 3503 4166 reum
3550 4115 3782 4180 aliquem

2208 4201 2348 4255 nacti
2383 4200 2634 4269 plurimis
2664 4200 2990 4256 criminibus
3047 4202 3364 4266 obnoxium,
3413 4204 3542 4258 illud
3597 4220 3782 4268 unum,

2199 4293 2257 4356 in
2289 4307 2399 4361 quo
2432 4292 2805 4361 deprehensus
2834 4292 3018 4360 fuerit,
3047 4295 3266 4350 omissis
3289 4295 3508 4351 interim
3553 4297 3784 4361 caeteris,

2206 4384 2282 4439 illi
2315 4384 2551 4439 maxime
2577 4383 2868 4455 objiciunt.

521 4476 663 4545 quis,
697 4485 745 4528 et
779 4494 809 4528 a
841 4475 1023 4544 lingua
1050 4477 1234 4532 dolosa
1266 4477 1332 4533 ιι.
1377 4481 1597 4535 invenio
1646 4486 1790 4539 enim
1827 4487 2091 4558 incipsum
2131 4473 2172 4527 ο
2272 4477 2456 4545 Neque
2475 4494 2606 4533 sane
2632 4479 2960 4541 mirandum.
2994 4476 3036 4532 si
3061 4493 3121 4532 ea
3145 4477 3581 4545 Nestoriiopinio
3608 4493 3636 4532 ε
3662 4494 3789 4534 επη-

527 4567 676 4619 lalsac
708 4567 993 4620 calumniae
1028 4570 1359 4637 expositum.
1395 4589 1413 4622 ι
1468 4572 1597 4639 ista,
1645 4577 1738 4645 qui
1775 4577 2092 4634 Theodoriti

527 4660 830 4725 patrocinio
863 4660 1126 4726 nituntur,
1154 4661 1225 4715 ita
1267 4663 1570 4730 proferunt.
1599 4671 1753 4736 quasi
1794 4671 1937 4726 dicta
1984 4675 2095 4728 sint

527 4763 626 4815 pro
661 4748 976 4804 aiiirmanda
1007 4747 1322 4804 Tltcodoriti
1352 4755 1652 4822 sententia;
1685 4759 1832 4827 quod
1870 4772 2094 4818 sanctus
2127 4805 2130 4807 Α

528 4838 631 4899 vir,
687 4848 888 4894 mutata
921 4842 1213 4906 sententia,
1250 4857 1347 4911 per
1381 4842 1576 4898 Filium
1627 4853 1792 4917 atque
1836 4865 1904 4905 ex
1955 4851 2094 4906 Filio

523 4946 647 4984 (sse
675 4942 918 4986 sanctum
951 4931 1211 4998 Spiritum
1241 4944 1418 5003 neget.
1455 4934 1566 4991 Hoc
1595 4948 1774 4993 autem
1806 4949 1884 4995 est
1919 4942 2092 4997 homi-

526 5035 658 5072 num
712 5033 900 5075 contra
937 5022 1094 5078 iidem
1150 5040 1357 5086 rerum,
1413 5038 1711 5096 contraque
1775 5041 2089 5087 sanctorum

529 5121 787 5175 utentem,
850 5113 1097 5180 improbe
1141 5115 1300 5170 nitnis
1353 5119 1758 5175 mentientium.
1819 5119 1880 5176 lli
1921 5123 2092 5192 enim,

529 5215 588 5256 ut
642 5219 806 5272 supra
868 5205 1199 5260 declaratum
1265 5219 1383 5272 εει,
1451 5225 1575 5264 cum
1645 5222 1835 5268 sancto
1889 5213 2095 5286 Cyrillo

523 5295 788 5365 Spiritum
827 5304 1076 5350 sanctum
1116 5312 1212 5366 per
1245 5297 1443 5352 Filium
1488 5301 1851 5358 substantiam
1896 5306 2098 5363 habere

527 5397 803 5453 asserunt,
835 5396 998 5455 atque
1023 5403 1142 5444 esse
1163 5404 1227 5444 ex
1254 5389 1411 5456 Filio,
1433 5393 1574 5460 quod
1594 5396 1890 5462 procedens
1914 5415 2095 5456 sermo

525 5481 766 5549 apertius
799 5481 1031 5535 docebit.

600 5621 643 5649 “
679 5620 836 5674 Rom.
868 5637 987 5687 vm,
1023 5619 1077 5685 8,
1104 5620 1155 5673 9.

607 5741 717 5809 (52)
761 5741 814 5794 in
845 5745 1079 5800 concilio
1105 5743 1564 5799 Cltalcedoncnsi.

1275 5622 1318 5653 “
1351 5621 1494 5677 Psal.
1525 5638 1671 5689 cxtx,
1705 5624 1758 5679 ἓ.

2151 4577 2176 4596 ‘
2200 4573 2301 4627 etis
2333 4571 2582 4628 Patribus
2619 4581 2744 4626 tunc
2775 4572 2856 4625 vel
2887 4571 3218 4636 existimata,
3255 4571 3338 4624 vel
3368 4570 3642 4623 confutata
3680 4586 3786 4626 non

2203 4663 2389 4728 fuerit,
2415 4676 2535 4715 cum
2567 4672 2696 4716 ante
2724 4661 2873 4715 illum
2898 4661 3146 4723 etArius,
3167 4671 3220 4714 ct
3245 4673 3454 4721 omnes,
3479 4659 3567 4728 qui
3593 4659 3787 4713 Filium

2206 4755 2671 4822 blasphemabant,
2708 4753 2760 4807 in
2819 4752 3078 4824 Spiritum
3121 4759 3366 4806 sanctum
3402 4753 3792 4820 quoquedetc-

2207 4845 2321 4898 rius
2345 4843 2642 4912 blasphemi
2676 4842 2895 4896 iuerint.
2919 4841 3131 4910 Quippe
3148 4849 3202 4894 et
3225 4848 3560 4908 assumptum
3586 4857 3613 4893 a
3635 4842 3791 4895 Chri-

2204 4943 2290 4989 sto
2324 4950 2446 4988 cum
2477 4949 2641 4990 carne
2695 4933 2928 4987 animam
2980 4940 3104 4987 ante
3159 4931 3314 4988 Verbi
3361 4932 3788 4988 incarnationem

2204 5027 2608 5097 praeexstitisse,
2641 5025 2962 5096 omlitusque
2987 5025 3136 5080 illam
3164 5026 3475 5102 advenisse,
3505 5027 3665 5079 Arius
3701 5041 3788 5079 as-

2205 5118 2514 5173 sevcrabat.
2544 5119 2861 5172 Animarum
2883 5118 3086 5172 etenim
3114 5118 3573 5190 praexsistentias
3599 5126 3652 5171 et
3677 5116 3792 5184 ipse

2207 5211 2482 5274 credebat,
2508 5227 2611 5266 nec
2641 5223 2819 5266 tamen
2858 5213 2960 5268 hoc
3000 5211 3074 5266 illi
3129 5214 3337 5266 crimen
3370 5211 3642 5280 objectnm
3681 5216 3787 5272 est,

2207 5307 2488 5371 solumque
2518 5303 2660 5373 quod
2685 5303 2878 5358 Filium
2907 5314 3214 5359 creaturam
3247 5301 3474 5362 diceret,
3504 5298 3569 5352 ab
3601 5296 3788 5350 Eccle-

2202 5397 2281 5450 sia
2315 5397 2526 5468 t‘ugatus
2556 5397 2839 5468 etcjectus
2892 5407 2994 5460 est.
3066 5403 3385 5464 cacteraaque
3433 5389 3788 5458 blaSphemire

2203 5489 2344 5543 illius
2377 5489 2428 5544 in
2459 5490 2716 5546 memoria
2746 5504 2850 5546 non
2871 5494 3016 5554 sunt,
3050 5499 3226 5555 neque
3254 5483 3466 5553 publice
3494 5481 3562 5536 de
3591 5481 3683 5534 illo
3710 5477 3790 5532 tli-
