4144 6296
322 314 393 374 93

1386 273 1783 383 Αῡνέκευε
1808 320 2119 387 GRAECOS
2158 330 2305 390 LlB.
2344 332 2423 393 Il.

3496 332 3570 397 94

322 416 481 515 εηιξῑό
506 416 645 483 ψιοά
673 418 937 515 δνξιτξιμᾲιη
974 435 1219 481 Sanctum
1243 430 1717 499 blasphemaverit,
1761 452 1886 491 cum
1921 438 1966 496 Δ
1989 456 2114 496 cum
2147 444 2233 497 vis
2270 446 2456 513 paucis
2484 454 2611 500 tunc
2638 455 2784 503 esset
2817 445 3133 515 cognitum?
3168 460 3232 499 ac
3255 454 3566 513 propterea,

321 512 473 555 certe
510 516 564 557 et
594 509 770 561 sancti
795 509 1032 578 Spiritus
1062 515 1233 571 hostis
1266 520 1608 578 nihilominus
1638 526 1822 581 fuerit.

396 591 547 657 Quod
658 598 779 662 quis
830 601 1099 669 opinetur,
1152 608 1398 665 debuisse
1455 624 1581 669 tunc
1631 617 1891 686 synodum

324 683 488 735 etiam
544 685 846 751 huiusmodi
903 692 1269 763 blasphemiae
1321 703 1512 757 saltem
1544 683 1892 775 redarguere,

329 774 718 839 reprehensum
750 788 877 836 tunc
906 788 1232 853 generaliter
1252 794 1451 857 audiet,
1472 810 1593 850 cum
1618 774 1893 853 dicerent:

331 863 545 919 Nemini
594 868 746 924 fidem
789 876 1012 932 alteram
1068 881 1335 950 proferre,
1395 898 1485 941 aut
1523 893 1894 958 conscribere,

332 970 427 1009 seu
460 972 783 1028 componere
811 965 990 1034 liceat,
1028 984 1223 1041 praeter
1243 991 1387 1043 eam,
1408 994 1569 1046 quam
1595 985 1767 1036 sancti
1792 983 1895 1038 Pa-

337 1054 445 1098 tres
489 1052 842 1122 tradiderunt,
876 1058 946 1112 ita
974 1059 1042 1118 de
1079 1062 1169 1118 illa
1199 1075 1499 1123 statuentes
1531 1072 1893 1135 sentiendum,

331 1135 493 1189 sicuti
529 1141 830 1207 symbolum
853 1151 1112 1217 continet,
1137 1158 1430 1211 secundum
1462 1160 1713 1215 videlicet
1753 1165 1895 1218 beati

331 1222 514 1321 _C-yrilli
551 1234 973 1321 expositionem,
1006 1250 1063 1294 et
1113 1246 1414 1299 secundum
1449 1249 1725 1317 epistolas,
1756 1268 1893 1321 quas

330 1315 467 1414 idem
525 1320 608 1373 vir
648 1322 715 1414 ad
766 1325 1073 1383 Nestorium
1106 1336 1322 1403 scripsit
1349 1355 1362 1390 :
1389 1339 1440 1390 in
1480 1315 1673 1407 quibus
1705 1315 1893 1414 aperte

329 1408 620 1503 confitetur
653 1412 915 1480 Spiritum
953 1434 1197 1478 sanctum
1231 1442 1294 1480 ex
1328 1428 1481 1492 Filio,
1502 1442 1664 1501 atque
1689 1408 1784 1503 per
1802 1436 1892 1492 Fio

331 1497 459 1550 lium
500 1500 701 1558 habere
739 1506 1116 1595 substantiam.
1153 1513 1249 1569 Sin
1281 1533 1405 1572 vero
1433 1497 1742 1577 sanctorum
1771 1528 1892 1595 opi-

331 1587 543 1653 nioest,
575 1606 668 1659 per
704 1581 900 1649 Filium
949 1597 1209 1668 Spiritmn
1266 1617 1509 1663 sanctqu
1538 1581 1891 1671 ‘naturaliter

329 1685 490 1746 atque
514 1684 878 1741 essentialiter
924 1701 1199 1747 etaterne
1250 1701 1566 1764 procedere,
1598 1708 1890 1770 procedere

326 1774 526 1861 autem,
545 1773 686 1838 quod
710 1775 914 1831 dicitur
931 1795 1025 1846 per
1042 1799 1381 1852 processum,
1400 1792 1671 1861 signiﬁcat
1698 1798 1897 1855 habere

323 1859 711 1928 substantiam,
740 1868 883 1924 sicut
915 1882 971 1926 et
1005 1878 1151 1930 nasci
1188 1894 1281 1946 per
1306 1859 1645 1941 nativitatem
1669 1890 1898 1948 :beatus

325 1949 454 2004 item
483 1953 716 2024 Cyrillus
753 1975 849 2029 per
874 1978 1089 2019 omnem
1117 1968 1288 2026 ferme
1319 1976 1645 2044 scriptorum
1673 1996 1898 2039 suorum

325 2052 557 2142 testunt,
587 2052 906 2142 naturaliter
961 2072 1057 2125 per
1099 2058 1294 2117 Filium
1330 2071 1647 2134 procedere.
1686 2083 1741 2128 ut
1769 2090 1898 2142 pro-

327 2135 505 2201 prium
530 2138 696 2205 ipsius
718 2141 1002 2214 Spiritum,
1022 2155 1406 2224 propriamque
1436 2160 1689 2216 virtutem
1717 2135 1897 2233 suam,

322 2238 489 2296 atque
541 2246 603 2284 ex
632 2235 749 2302 ipso
805 2251 946 2303 esse,
1008 2243 1206 2302 divinis
1236 2250 1538 2307 rationibus
1594 2257 1810 2322 asserit,
1842 2269 1897 2315 et

320 2334 552 2389 qumque
606 2324 707 2377 alia
761 2331 1013 2395 praedicta
1070 2345 1197 2391 sunt
1233 2352 1249 2389 :
1284 2343 1554 2406 quomodo
1588 2359 1693 2400 non
1746 2348 1895 2405 illum

321 2412 597 2505 lio-minem
646 2421 823 2488 arguit
858 2426 1114 2493 synodus,
1146 2429 1237 2498 qui
1274 2429 1537 2501 Spiritum
1579 2451 1675 2505 per
1696 2437 1893 2496 Filium

315 2501 685 2595 substantiam
742 2511 941 2595 habere
995 2517 1250 2583 negabat,
1320 2521 1423 2575 etsi
1476 2523 1543 2577 de
1579 2501 1895 2593 huiusmodi

315 2591 598 2658 opinione,
629 2591 857 2666 propter
883 2616 946 2655 ea
978 2618 1098 2672 qua:
1127 2608 1388 2674 diximus,
1411 2611 1572 2666 latius
1595 2591 1726 2669 nihil
1749 2618 1896 2673 dise-

314 2684 497 2737 runt?

388 2781 566 2841 Quam
595 2779 759 2845 igitur
792 2782 1081 2838 absurdum
1113 2798 1216 2849 est,
1249 2805 1343 2858 per
1374 2793 1681 2859 huiusmodi
1729 2799 1897 2854 silen-

319 2868 462 2919 tium
499 2878 693 2935 putare
749 2885 994 2928 sanctam
1048 2880 1313 2947 synodum
1375 2883 1611 2938 bteretici
1662 2887 1899 2947 hominis

319 2956 683 3024 biasphemiis
722 2961 1081 3031 acquievisse,
1117 2972 1260 3036 quod
1290 2973 1495 3028 scilicet
1522 2975 1755 3046 Spiritus
1788 2997 1892 3037 non

317 3062 418 3115 per
456 3046 652 3101 Filium
682 3054 1041 3119 substantiam
1090 3058 1326 3127 haberet,
1361 3080 1483 3119 cum
1530 3069 1581 3121 id
1612 3071 1893 3129 manifeste
1920 3107 1959 3162 ο

316 3138 658 3229 contrarium
715 3142 808 3207 sit,
856 3154 909 3197 et
958 3158 1272 3207 sanctorum
1327 3153 1546 3212 Patrum
1585 3165 1893 3229 praecedem

319 3228 477 3287 tium.
509 3236 562 3282 et
596 3230 737 3286 beati
778 3232 958 3304 Cyrilli
985 3241 1229 3308 scriptis,
1268 3260 1389 3313 quae
1436 3228 1673 3320 synodus
1707 3264 1892 3310 secuta

316 3331 423 3382 est,
451 3329 507 3375 et
543 3325 811 3390 sequenda
853 3332 1061 3385 caeteris
1103 3338 1316 3391 statuit.
1354 3337 1466 3397 iioc
1494 3344 1637 3398 enim
1678 3356 1759 3400 est
1796 3347 1895 3402 Ec-

314 3413 499 3467 clesia:
531 3428 729 3472 sancta:
759 3420 1080 3479 calnnmiam
1130 3437 1366 3485 struere.

387 3501 661 3557 Praeterea
721 3506 1134 3564 stolidissimum
1192 3518 1419 3572 omnino
1469 3533 1573 3587 est,
1625 3525 1729 3589 his,
1776 3542 1896 3595 quae

312 3593 491 3647 sancti
524 3594 710 3651 Patres
742 3597 1044 3655 innumeris
1074 3603 1128 3655 in
1154 3604 1287 3659 locis
1304 3613 1769 3679 conscripserunt,
1790 3593 1897 3669 non

313 3686 697 3750 acquiescere,
734 3688 826 3740 sed
858 3689 936 3743 eis
973 3692 1236 3759 neglectis
1279 3712 1341 3751 ea
1375 3698 1496 3755 illos
1529 3702 1730 3758 dixisse
1766 3721 1899 3760 cono

308 3780 513 3847 jicere,
549 3792 670 3845 qua:
718 3796 993 3848 nunquam
1026 3785 1301 3853 dixerunt,
1345 3800 1505 3861 atque
1539 3810 1601 3851 ex
1638 3796 1742 3859 his,
1779 3814 1897 3867 qum

315 3869 389 3921 illi
435 3877 746 3933 tacuerunt,
784 3871 918 3926 velle
947 3888 1265 3942 argumenta
1301 3883 1540 3948 trahere,
1577 3889 1732 3953 quasi
1784 3892 1895 3944 dis-

313 3962 600 4028 putatione
651 3961 862 4015 sublata
901 3964 1074 4018 solum
1134 3968 1435 4039 silentium,
1486 3991 1607 4045 qua:
1660 3980 1709 4031 in
1744 3997 1891 4050 qua:—

313 4054 492 4107 stione
522 4064 668 4114 ειιιιι,
689 4056 979 4121 explanare
1016 4060 1262 4127 sufiiciat,
1289 4080 1409 4120 cum
1437 4082 1583 4125 certe
1612 4073 1891 4141 Scriptura

314 4145 460 4196 dicat
492 4159 507 4193 :
545 4140 625 4194 Ea:
652 4143 819 4197 verbis
850 4149 947 4199 tuis
968 4148 1359 4219 iustiﬁcaberis,
1410 4167 1459 4210 et
1492 4175 1556 4211 ea:
1584 4140 1748 4216 uerbis
1789 4167 1891 4219 luis

312 4234 746 4287 condemnaberis
780 4235 863 4299 ⁸⁸ς
911 4248 1070 4306 atque
1120 4244 1186 4295 ita
1228 4243 1386 4298 facile
1418 4247 1481 4300 de
1514 4252 1675 4303 rebus
1706 4256 1891 4309 arduis

314 4326 449 4379 velle
484 4325 835 4380 concludere.
869 4329 1028 4397 Atqui
1073 4335 1366 4387 secundum
1402 4353 1519 4391 eam
1554 4340 1888 4410 facilitatem,

245 4547 253 4553 .
319 4505 483 4557 Deum
535 4520 725 4558 verum
778 4508 842 4561 de
896 4508 1006 4564 Deo
1046 4527 1173 4565 vero
1234 4516 1650 4586 appellabimus,
1714 4540 1888 4594 neque

317 4594 461 4648 Patri
490 4604 544 4648 et
576 4594 717 4650 Filio
770 4599 1289 4659 consubstantialem
1326 4609 1726 4678 confitebimur,
1755 4633 1889 4684 quo-

316 4687 463 4738 niam
501 4687 555 4739 in
587 4686 848 4753 Sytnholo
877 4690 1023 4755 fidei,
1059 4709 1163 4746 non
1200 4705 1257 4748 ut
1300 4701 1363 4751 de
1399 4699 1553 4762 Filio,
1603 4704 1676 4757 ita
1715 4718 1769 4760 et
1821 4711 1887 4762 de

316 4776 519 4843 Spiritu
560 4787 751 4831 sancto
785 4778 836 4832 id
872 4792 1120 4837 notatum
1155 4795 1235 4840 est
1266 4805 1279 4840 :
1330 4787 1415 4843 hic
1450 4807 1638 4861 nempe
1669 4811 1733 4849 ex
1779 4797 1884 4861 his,

316 4883 437 4933 qua:
471 4868 692 4921 silentio
724 4884 1011 4937 suppressa
1055 4882 1201 4935 sunt,
1250 4878 1550 4933 volentibus
1604 4883 1884 4950 malignari

314 4962 559 5029 aperitur
594 4959 794 5014 aditus.
827 4962 955 5026 Qua:
987 4978 1113 5017 vero
1160 4968 1222 5019 de
1259 4966 1460 5033 Spiritu
1518 4972 1568 5024 in
1627 4972 1886 5044 Syrnlmlo

314 5055 626 5121 conscripta
682 5064 828 5116 sunt,
889 5053 1031 5106 Patri
1090 5055 1333 5127 Filioque
1367 5064 1674 5119 communia
1735 5069 1886 5123 inve-

314 5147 557 5198 niuntur.

386 5238 535 5302 Quod
563 5237 607 5291 si
644 5237 813 5289 sancti
864 5238 1051 5290 Patres
1109 5253 1170 5291 ea
1212 5255 1434 5307 quorum
1481 5250 1649 5313 gratia
1692 5266 1883 5307 conve-

316 5343 527 5393 nerant,
562 5346 668 5384 nou
699 5329 1139 5397 eau'ntiaverunt,
1175 5333 1225 5385 in
1266 5338 1498 5390 secunda
1536 5340 1745 5394 scilicet
1792 5358 1883 5414 sy-

323 5423 475 5485 nodo,
510 5422 714 5477 cordati
742 5422 864 5475 licet
899 5431 1062 5490 atque
1087 5424 1496 5492 sapientissimi,
1523 5432 1651 5497 quid
1680 5434 1873 5494 mirum

316 5514 361 5569 si
392 5516 441 5568 id
471 5516 777 5569 omiserunt
809 5524 1028 5584 propter
1068 5519 1206 5583 quod
1237 5517 1461 5573 minime
1490 5536 1874 5602 convenerant,

386 5699 425 5726 "
460 5697 644 5751 Matth.
690 5716 780 5765 xu,
815 5701 899 5751 57.

983 5701 1019 5729 “
1055 5701 1209 5756 Jnau.
1249 5720 1283 5765 ι,
1325 5705 1401 5759 Η.
1518 5705 1559 5735 ⁸⁷
1594 5703 1720 5757 Luc.
1762 5723 1830 5777 vi,
1892 5743 1907 5806 ι

1928 1778 1968 1833 Β

1921 5760 1974 5833 ‘l.

2002 549 2174 603 neque
2212 536 2579 591 ecclesiastica
2604 553 2765 593 causa
2800 539 3064 592 inﬁrmior
3112 547 3274 599 esset.
3306 550 3480 604 neque
3513 534 3564 587 id

2001 624 2140 679 ullus
2189 636 2464 694 argueret.
2523 627 2840 697 Quanquam
2898 630 3003 683 dici
3052 639 3256 696 posset,
3315 637 3560 680 sanctam

1998 716 2260 785 synodum
2300 717 2405 770 alio
2450 718 2734 781 intentam,
2768 720 2833 771 ad
2880 720 3203 772 calumniam
3255 718 3563 785 huiusmodi

2000 806 2229 860 fortasse
2261 820 2362 860 non
2408 809 2542 863 satis
2572 810 2883 863 instructam
2909 824 2971 863 ac
2994 818 3230 877 paratam
3258 810 3564 869 advenisse,

2001 901 2114 954 sive
2145 900 2309 954 etiam
2342 911 2578 968 putasse,
2625 902 2905 956 eliminata
2935 903 3003 955 de
3052 901 3421 955 incarnatione
3452 898 3563 953 Do-

2002 991 2151 1055 Inini,
2189 993 2279 1059 qui
2306 1001 2602 1047 emerserat
2624 1007 2832 1058 errore,
2866 1004 2919 1048 et
2940 995 3084 1047 hunc
3115 992 3279 1046 etiam
3310 1006 3413 1043 una
3445 1004 3571 1059 pro-

1996 1080 2317 1149 jiciendum.

2071 1171 2220 1227 lianc
2250 1178 2427 1226 autem
2463 1173 2773 1241 opinionem
2808 1172 2978 1229 fuisse
3007 1171 3266 1237 Nestorii,
3315 1186 3378 1225 ex
3412 1180 3563 1227 vete-

1998 1262 2149 1317 ribus
2190 1263 2376 1333 liquet,
2425 1265 2622 1332 quibus
2652 1279 2781 1318 cura
2817 1263 2921 1317 fuit
2964 1263 3066 1317 ista
3094 1264 3289 1317 litteris
3324 1264 3561 1316 tradere.

1996 1352 2128 1408 Nam
2157 1369 2222 1407 ex
2258 1354 2380 1409 fidei
2414 1370 2526 1409 suae
2552 1354 2809 1425 Symbolo
2838 1356 2926 1408 vix
2966 1363 3201 1417 constet,
3231 1355 3275 1408 si
3300 1354 3420 1421 quis
3447 1353 3562 1421 pie-

1997 1450 2106 1497 tate
2151 1454 2460 1508 contentus,
2514 1460 2635 1513 qua
2677 1445 2768 1499 ille
2796 1445 2954 1509 dixit,
3004 1445 3088 1514 pie
3122 1444 3249 1498 velit
3292 1444 3559 1513 accipere.

1996 1535 2083 1588 Ait
2112 1537 2277 1599 enim,
2302 1552 2322 1586 ι
2355 1534 2617 1604 Spiritum
2638 1546 2886 1592 sanctum
2920 1552 2981 1589 es
3011 1536 3115 1590 Deo
3140 1549 3261 1591 esse
3288 1544 3560 1603 putamus,

1997 1640 2101 1679 non
2147 1627 2435 1679 creationis
2478 1640 2663 1691 causa,
2722 1628 2820 1682 sed
2852 1644 2916 1681 es
2966 1625 3152 1683 divina
3204 1627 3478 1689 essentia;
3509 1634 3565 1679 et

1997 1731 2173 1785 neque
2204 1716 2395 1770 Filium
2429 1726 2703 1785 putamus,
2735 1734 2911 1787 neque
2936 1732 3031 1781 per
3058 1717 3253 1771 Filium
3286 1715 3567 1785 accepisse

2000 1809 2378 1861 substantiam.
2418 1827 2436 1861 ι
2472 1809 2670 1863 Dicens
2697 1824 2825 1876 ergo
2855 1824 2921 1863 es
2956 1807 3047 1862 Dei
3099 1811 3322 1863 essentia
3350 1824 3483 1871 esse,
3509 1816 3566 1860 et

2000 1914 2163 1964 neque
2198 1897 2400 1951 Filium
2430 1908 2699 1965 putamus,
2737 1898 2964 1965 intelligi
3002 1896 3117 1961 dat,
3148 1899 3275 1965 quia
3304 1897 3563 1964 Spiritum

2000 1987 2143 2042 hunc
2162 1998 2216 2042 et
2267 2004 2331 2044 ex
2370 1990 2479 2043 Deo
2528 2003 2669 2053 esse,
2701 1998 2755 2043 et
2784 2003 2849 2042 ex
2893 1986 3039 2042 illius
3086 1987 3321 2042 essentia
3370 1986 3566 2048 credit,

1998 2078 2141 2147 quod
2174 2089 2376 2146 autem,
2410 2095 2515 2134 non
2548 2079 2839 2136 creationis
2870 2094 3062 2142 causa,
3098 2077 3271 2141 dicit,
3313 2086 3365 2131 et
3394 2077 3565 2141 addit,

2011 2185 2030 2220 ι
2064 2183 2238 2238 neque
2284 2185 2379 2241 per
2420 2169 2615 2225 Filium
2650 2169 3015 2223 substantiam
3048 2166 3283 2233 cepisse,
3322 2184 3341 2217 ι
3378 2178 3568 2219 rursus

1997 2261 2402 2332 intelligendum
2428 2263 2595 2325 dedit.
2652 2263 2801 2331 quia,
2834 2276 2938 2313 non
2968 2260 3110 2315 sicut
3146 2266 3274 2313 sunt
3302 2264 3568 2313 creatura

1995 2368 2060 2408 ex
2088 2354 2195 2408 Deo
2234 2369 2330 2423 per
2360 2354 2573 2419 Filium,
2606 2356 2679 2408 ita
2725 2362 2779 2407 et
2806 2351 3048 2421 Spiritus
3079 2334 3302 2405 sanctus
3332 2362 3398 2402 ex
3448 2345 3561 2402 Deo

1993 2459 2088 2513 per
2106 2445 2296 2499 Filium
2320 2446 2677 2500 substantiam
2702 2446 2892 2509 habet;
2919 2445 3020 2499 hoc
3045 2453 3224 2497 autem
3251 2455 3434 2499 verum
3461 2448 3564 2495 est.

1996 2537 2062 2591 Et
2096 2537 2255 2592 simul
2282 2538 2333 2590 id
2364 2546 2615 2601 constat,
2682 2537 2804 2604 quia
2847 2536 2915 2590 de
2957 2550 3043 2599 eo,
3089 2535 3230 2604 quod
3260 2549 3365 2588 non
3404 2534 3476 2589 sit
3499 2548 3563 2586 es

1995 2628 2130 2683 Filio
2170 2628 2428 2695 Spiritus,
2459 2628 2591 2682 nihil
2626 2628 2713 2681 hic
2756 2627 2911 2689 dixit,
2964 2626 3058 2679 sed
3101 2624 3243 2679 enim
3295 2623 3567 2693 quomodo

1996 2733 2100 2773 non
2132 2718 2301 2771 Filius
2334 2733 2454 2772 esse
2489 2728 2791 2786 putaretur,
2833 2719 2935 2770 nisi
2965 2730 3059 2784 per
3095 2714 3287 2769 Filium
3341 2714 3569 2769 haberet

1997 2807 2381 2866 substantiam.
2436 2806 2677 2868 hocest,
2714 2822 2809 2875 per
2840 2805 3033 2860 Filium
3083 2805 3412 2874 procederet.
3452 2805 3564 2859 ita-

1994 2908 2119 2964 que,
2150 2893 2411 2963 siquidem
2438 2894 2524 2947 hic
2551 2902 2809 2947 mternam
2864 2909 2959 2963 per
2983 2892 3175 2947 Filium
3208 2890 3567 2947 substantiam

1995 2986 2505 3057 processionemque
2526 2988 2775 3053 denegat,
2801 2987 3071 3053 quomodo
3095 3001 3204 3040 non
3230 2986 3438 3039 sanctis
3467 2983 3569 3036 Pa.

1996 3079 2169 3132 tribus
2197 3087 2380 3145 aperte
2411 3076 2756 3146 refragatur?
2783 3076 2972 3130 Nonne
2993 3076 3104 3145 jam
3139 3077 3448 3131 necessario
3470 3090 3564 3128 co-

1994 3181 2150 3239 getnr
2207 3168 2401 3223 Filium
2450 3170 2721 3235 confiteri,
2771 3170 2934 3223 etiam
3000 3168 3262 3236 Spiritum
3317 3176 3562 3221 sanctum

1996 3264 2168 3330 ipsum
2202 3263 2320 3315 sine
2344 3262 2521 3315 medio
2550 3277 2613 3315 ex
2645 3259 2803 3315 Patre
2833 3274 2955 3315 esse
2980 3261 3229 3323 credens,
3261 3258 3561 3313 secundum

1992 3354 2200 3409 scilicet
2249 3354 2533 3421 praedictas
2583 3356 2912 3407 assertiones
2960 3350 3222 3405 Patrum?

2062 3444 2195 3498 Cum
2231 3446 2396 3513 igitur
2428 3445 2763 3511 simpliciter,
2804 3458 2867 3498 ac
2910 3445 2999 3511 pia
3047 3438 3399 3509 intelligentia
3436 3451 3564 3506 pos-

1996 3533 2068 3585 sit
2095 3534 2289 3599 accipi,
2323 3533 2462 3600 quod
2494 3534 2697 3585 dictum
2732 3542 2832 3596 est,
2886 3531 2986 3585 etsi
3021 3546 3122 3584 nos
3181 3545 3287 3585 non
3314 3546 3376 3585 ea
3413 3544 3564 3581 men-

1999 3629 2051 3672 te
2080 3620 2280 3671 dictum
2307 3619 2603 3684 fateamur;
2640 3629 2801 3687 atque
2826 3622 2940 3673 haec
2970 3621 3154 3687 opinio
3208 3622 3430 3673 necdum
3468 3636 3565 3689 po-

1998 3711 2163 3774 blica,
2200 3724 2299 3763 nec
2333 3708 2541 3777 vulgata
2574 3719 2740 3774 esset,
2799 3724 2862 3763 ac
2893 3718 3176 3777 prepterea
3210 3709 3341 3761 nihil
3377 3724 3443 3760 ex
3498 3722 3563 3758 eo

1999 3799 2187 3865 religio
2210 3797 2521 3853 Christiana
2553 3797 2863 3863 laederetur,
2898 3810 3162 3865 nemoque
3189 3796 3300 3849 fere
3338 3796 3565 3849 lusimu-

1995 3889 2151 3954 laret,
2183 3889 2455 3958 verbaque
2484 3892 2597 3959 ipsa
2621 3888 2869 3945 subtilius
2894 3888 3219 3958 disquireret
3250 3888 3405 3941 rebus
3429 3901 3564 3953 prae-

1996 3992 2141 4036 terea
2203 3982 2438 4035 maxime
2472 3981 2802 4037 necessariis
2841 3981 3177 4051 urgentibus,
3238 3995 3305 4032 ne
3358 3978 3564 4032 scilicet

1995 4072 2388 4127 incarnationis
2441 4083 2849 4129 sacramentum
2902 4072 3067 4128 verba
3118 4071 3458 4140 simpliciter,
3497 4086 3561 4124 ac

1995 4162 2309 4231 praedicatio
2347 4164 2526 4217 inanis
2558 4166 2863 4218 videretur:
2886 4164 3205 4233 ambagibus
3235 4163 3451 4216 omissis
3490 4164 3557 4216 ad

1995 4256 2067 4316 id,
2092 4266 2309 4323 propter
2333 4255 2881 4323 qttodiconveuerant,
2904 4269 2961 4308 se
2985 4255 3347 4309 contulerunt.
3369 4252 3561 4320 Liquet

1993 4354 2196 4408 autem,
2229 4346 2353 4414 quia
2384 4345 2473 4414 qui
2512 4345 2773 4414 Spiritum
2804 4360 2909 4400 non
2946 4346 3110 4401 etiam
3144 4360 3264 4397 esse
3312 4344 3441 4397 dicit
3489 4360 3551 4397 cx

1992 4538 2043 4579 ut
2083 4530 2257 4581 aliena
2320 4544 2472 4581 nsum
2507 4530 2875 4584 confitebitur.
2910 4529 3073 4583 Porro
3120 4528 3169 4581 id
3210 4529 3569 4580 anathemate

1993 4618 2271 4671 multatum
2309 4628 2409 4671 est.

2063 4706 2187 4761 Sive
2226 4708 2408 4776 igitur,
2449 4709 2699 4775 quoniam
2752 4710 2926 4775 imago
2964 4704 3137 4758 Patris
3164 4704 3329 4759 Filius
3367 4716 3448 4759 est
3472 4707 3561 4760 in-

1991 4798 2412 4860 commutabilis,
2438 4800 2727 4867 omniaque
2754 4797 2931 4849 Patris
2965 4795 3148 4858 habet,
3178 4796 3436 4862 praeteriti
3465 4812 3559 4849 so-

1991 4885 2123 4950 lutn,
2150 4889 2292 4956 quod
2315 4887 2476 4941 Pater
2497 4905 2603 4942 non
2625 4899 2708 4941 est
2727 4906 2743 4953 ;
2765 4888 2895 4951 sive,
2917 4886 3037 4952 quia
3055 4886 3306 4940 Christus
3332 4888 3565 4955 propriae

1990 4980 2210 5042 virtute,
2244 4994 2349 5032 non
2386 4979 2557 5033 aliena
2606 4979 2804 5047 Spiritu
2837 4985 3024 5031 sanclo
3064 4979 3255 5043 tttitur,
3291 4990 3351 5033 ut
3396 4992 3452 5035 et
3503 4982 3561 5035 id

1987 5073 2261 5137 credatur,
2296 5073 2440 5140 quod
2475 5071 2701 5125 dicitur:
2737 5067 2957 5123 Verbum
2990 5088 3116 5125 caro
3148 5074 3346 5141 factum
3371 5082 3446 5127 est
3477 5072 3549 5138 “,

1986 5182 2210 5223 necesse
2232 5173 2313 5219 est
2342 5166 2501 5219 etiam
2546 5180 2611 5219 ex
2660 5163 2793 5219 Filio
2821 5178 2938 5218 esse
2993 5163 3250 5236 Spiritum
3306 5177 3553 5218 sanctum

1985 5260 2255 5319 confiteri.
2304 5257 2414 5313 [ioc
2456 5260 2600 5313 enim
2644 5257 2845 5311 idcirco
2891 5255 3168 5311 Nestorins
3220 5256 3463 5319 negabat,
3492 5259 3555 5300 nt»

1983 5364 2175 5415 contra
2195 5349 2641 5417 dispensationem
2659 5348 3038 5403 incarnationis
3066 5364 3121 5399 se
3138 5344 3371 5413 apertius
3392 5352 3553 5389 esse-

1990 5457 2158 5509 ret‘t'l.
2218 5443 2487 5513 Scriptum
2537 5452 2617 5496 est
2672 5442 2795 5491 item
2875 5438 2927 5488 in
2980 5433 3303 5501 Evangelii):
3368 5424 3550 5513 Sciens

1985 5554 2173 5614 autem
2213 5512 2349 5590 'em
2379 5536 2544 5589 exisse
2571 5546 2634 5585 ea:
2687 5543 2741 5581 se
2772 5529 3011 5579 virtutem
3042 5524 3107 5575 ".
3138 5519 3212 5570 Ac
3242 5526 3452 5565 rursum
3492 5512 3541 5561 in
