4064 6262
446 1266 462 1276 ι
541 1256 701 1306 quem
733 1242 894 1296 etiam
929 1253 1147 1297 sanctus
1191 1242 1423 1313 Cyrillus
1474 1245 1610 1298 dicit
1652 1257 1773 1298 esse
1825 1242 2103 1312 proprium

536 390 607 455 9')
1791 385 2179 447 NANUELIS
2218 385 2518 445 CALECE
2838 428 2839 431 η
3719 374 3803 437 95

538 504 723 556 eodem
753 517 771 557 :
806 499 947 568 Quia
992 501 1154 554 virtus
1186 500 1246 553 de
1292 498 1380 552 illa
1425 496 1697 562 exibat,“
1736 497 1959 551 sanabat
1988 512 2100 548 σηι-
2131 500 2171 555 A
2202 510 2263 549 ex
2305 494 2487 549 divina
2531 495 2769 551 essentia
2811 493 2991 549 divina
3050 494 3257 546 ratione
3303 490 3539 561 proﬂuit,
3581 492 3681 558 qui
3722 507 3792 544 ex

462 568 474 577 O
538 608 627 646 nes
657 591 725 645 ⁸⁸.
756 590 1007 661 Languor
1034 606 1247 660 quoque
1271 590 1727 644 daemoniacornm
1754 603 1820 642 ex
1853 589 1934 641 his
1965 602 2103 642 unus
2203 585 2315 654 ipsa
2342 596 2447 641 est.
2489 604 2507 637 ι

539 691 675 745 erat,
702 696 838 748 quos
884 682 1108 737 sanabat
1138 679 1317 735 Jesus.
1353 678 1604 733 Aitenim
1641 679 1793 747 ipse:
1829 676 1887 731 Si
1927 689 2103 731 autem
2273 675 2413 728 Idem
2448 677 2500 729 in
2528 691 2576 729 vt
2606 676 2674 729 ad
2717 674 2986 729 Hermiam
3017 673 3092 727 ait
3122 691 3139 729 :
3184 692 3203 723 ε
3235 671 3324 735 Εῑ,
3370 670 3414 723 si
3452 670 3653 723 divina:
3688 683 3797 721 na-

539 774 593 825 in
627 770 827 840 Spiritu
870 772 964 825 Dei
1008 773 1161 839 ejicio
1183 773 1437 825 dtemoniu
1458 770 1525 823 δ’.
1563 766 1718 822 Patet
1759 768 1946 837 igitur,
1978 769 2103 837 quia
2205 772 2338 818 tura:
2368 775 2588 834 accepto
2610 764 2813 834 Spiritu
2846 765 3136 835 participes
3176 762 3464 825 eiiicimur,
3500 759 3794 828 quomodo

540 875 766 913 manans
795 875 858 913 ex
889 874 954 914 eo
987 859 1182 924 virtus,
1214 868 1437 913 sanctus
1484 857 1723 926 Spiritus
1751 865 1888 911 erat.
2205 857 2477 911 secundus
2520 858 2627 913 erit
2668 874 2696 910 ει
2731 857 2936 927 Spiritu
2975 856 3171 917 Filius,
3218 864 3312 908 aut
3352 851 3626 921 quomodo
3671 852 3793 903 erit

2205 943 2447 1013 Spiritus
2504 946 2624 1016 ipso
2656 947 3025 1017 praestantior,
3078 956 3260 998 etnon
3298 942 3494 1013 magis,
3538 951 3598 996 ut
3622 943 3787 1012 ipse-

2206 1050 2333 1104 que,
2362 1046 2418 1091 et
2467 1039 2537 1093 ab
2586 1040 2704 1108 ipso
2751 1038 2990 1107 Spiritus
3024 1036 3143 1105 eius
3176 1046 3343 1089 totam
3399 1035 3603 1088 habens
3658 1033 3794 1101 cjns

2205 1128 2600 1199 operationem,
2627 1129 2907 1198 ipsiusque
2937 1126 3406 1197 participationem
3441 1125 3693 1178 tribuens
3711 1124 3743 1177 ?
3770 1144 3791 1177 ι

2275 1218 2420 1273 idem
2453 1218 2506 1272 in
2536 1219 2710 1288 primo
2752 1218 2818 1273 de
2849 1218 3118 1286 spirituali
3145 1217 3312 1279 cultu,
3340 1229 3460 1270 cum
3484 1227 3797 1283 exponeret

2207 1308 2309 1362 tria
2349 1305 2487 1361 facta
2541 1297 2636 1375 per
2692 1307 2910 1379 Moysen
2947 1309 3123 1376 signa,
3157 1307 3207 1359 in
3255 1305 3359 1360 (ine
3390 1305 3457 1360 de
3498 1305 3799 1360 circumci-

2205 1401 2361 1454 sione
2410 1400 2501 1454 ﬁlii
2527 1400 2700 1471 Moysi
2730 1403 3001 1454 disserens
3034 1401 3146 1453 ait:
3179 1417 3197 1449 ς
3227 1397 3395 1464 Quem
3447 1411 3580 1453 sane
3613 1395 3794 1449 lilium

2207 1492 2588 1547 intellectualis
2644 1490 2909 1560 Sephora,
2949 1493 3054 1546 hoc
3104 1500 3186 1546 est
3242 1489 3505 1553 Ecclesia,
3536 1503 3657 1557 quae
3726 1504 3794 1541 ex

2203 1582 2418 1639 Madian
2450 1593 2611 1653 atque
2639 1600 2701 1638 ex
2739 1584 2988 1652 gentibus
3027 1593 3130 1649 est,
3162 1581 3503 1644 circumcidit
3550 1579 3810 1661 calculo:

2205 1673 2397 1744 Figura
2436 1684 2520 1729 est
2556 1675 2659 1728 ista
2686 1675 2854 1728 sancti
2895 1674 3148 1742 Spiritus,
3186 1683 3406 1742 propter
3490 1672 3795 1727 maximam

2205 1764 2323 1834 ejus
2375 1765 2767 1835 infractamque
2813 1766 3150 1833 potentiam;
3200 1766 3324 1835 quia
3380 1765 3544 1819 etiam
3598 1778 3665 1816 ex
3692 1777 3798 1831 pe-

609 969 723 1024 lloe
752 978 930 1025 autem
963 971 1089 1026 inde
1126 972 1289 1027 etiam
1320 979 1552 1034 constat,
1578 971 1722 1039 quod
1758 968 1850 1022 Dei
1886 967 2101 1037 quidem

538 1069 643 1123 est,
674 1061 854 1114 omnia
881 1076 1090 1127 amare,
1122 1061 1294 1116 virtus
1324 1070 1500 1114 autem
1531 1060 1620 1112 illa
1644 1061 1870 1112 sanabat
1900 1059 2101 1112 omnia.

540 1145 771 1203 Necesse
827 1157 911 1203 est.
960 1165 1088 1218 ergo
1137 1149 1300 1203 Deum
1351 1164 1474 1203 esse
1522 1148 1780 1219 Spiritum
1832 1156 2103 1209 sanctum,

540 1331 684 1394 Filii,
720 1341 779 1385 ut
811 1332 1063 1387 virtutem
1107 1334 1245 1403 ejus,
1289 1335 1607 1387 naturaliter
1639 1348 1731 1400 per
1756 1348 1880 1388 eum
1915 1340 2104 1404 proce-

541 1419 776 1483 dentem,
804 1429 965 1487 atque
995 1421 1114 1475 ideo
1148 1435 1214 1476 ne
1248 1422 1481 1476 alienam
1519 1422 1729 1490 quidem
1770 1437 1911 1478 esse.

611 1531 888 1587 inventum
915 1541 1000 1589 est
1020 1547 1149 1602 ergo
1170 1533 1221 1589 in
1273 1533 1581 1604 Evangelio,
1609 1534 1868 1602 Spiritum
1927 1549 1991 1589 ex
2015 1534 2106 1588 Fi-

542 1625 614 1676 lio
645 1626 960 1693 procedere,
991 1627 1133 1695 quod
1168 1626 1257 1680 isti
1287 1635 1364 1680 tot
1404 1628 1797 1694 quaestionibus
1826 1627 2103 1681 ventilant.

541 1706 830 1776 Prmterea,
860 1715 1002 1781 quod
1033 1714 1231 1767 dicitur
1256 1730 1350 1782 per
1375 1712 1567 1768 Filium
1609 1717 1919 1783 procedere,
1956 1716 2103 1769 omni

541 1820 642 1859 nos
691 1804 996 1871 huiusmodi
1049 1808 1264 1861 curiosa
1319 1807 1667 1875 inquisitione
1713 1818 1948 1862 coercet.
2000 1805 2107 1861 Per
2137 1816 2179 1871 Β

542 1894 710 1960 enim,
740 1904 793 1950 et
826 1911 915 1957 ex,
940 1899 1270 1951 tantumdem
1304 1898 1503 1965 valere,
1545 1898 1828 1970 doctorum
1876 1901 2106 1952 auctori.

544 1998 625 2040 tas
656 1988 858 2054 docuit,
894 1988 1248 2059 veritatisque
1291 1991 1430 2044 ratio
1463 2004 1585 2046 sese
1626 1990 1862 2060 undique
1910 1992 2104 2059 aperit.

544 2073 1046 2138 Vernmenimvero,
1104 2093 1225 2146 quae
1263 2094 1294 2133 a
1324 2081 1528 2134 sanctis
1592 2077 1842 2134 Patribus
1872 2080 2106 2135 lucidius

541 2183 758 2235 quoque
813 2169 880 2223 de
929 2169 1033 2224 hac
1065 2184 1125 2223 re
1178 2170 1382 2237 scripta
1433 2178 1579 2234 sunt,
1604 2169 1761 2239 juvat
1815 2186 2106 2240 apponere.

542 2258 776 2314 Sanetus
805 2259 948 2313 enim
999 2259 1236 2331 Cyrillns
1269 2250 1537 2329 quoddam
1570 2261 1860 2330 capitulum
1893 2278 1930 2316 tt
1968 2262 2107 2317 Tlte-

542 2364 815 2403 saurorum
839 2349 982 2415 libri,
1011 2350 1084 2404 ita
1109 2351 1391 2406 inscribit:
1419 2349 1568 2416 Quod
1589 2368 1653 2407 ea:
1672 2351 1852 2407 Patris
1882 2351 2111 2424 Filiique

543 2441 839 2493 substantia
875 2450 1086 2494 sanctus
1114 2439 1339 2505 Spiritus
1372 2450 1467 2495 est.
1500 2442 1653 2507 Quod
1683 2442 1726 2498 si
1762 2444 1861 2498 hoc
1882 2444 1963 2497 vir
1985 2459 2112 2499 san-

466 2521 472 2527 ’
545 2538 665 2582 ctus
683 2540 1060 2598 proposuerat,
1081 2531 1206 2601 quis
1230 2532 1492 2602 ambigat,
1523 2533 1855 2602 propositum
1878 2534 2112 2589 voluisse

543 2618 856 2674 conﬁcere?
885 2620 938 2673 ln
977 2621 1091 2689 ipso
1122 2622 1290 2690 igitur
1320 2623 1391 2676 ita
1428 2624 1692 2691 inscripto
1731 2624 1964 2691 capitulo
2002 2625 2109 2680 ait:

552 2729 571 2761 ι
609 2711 872 2776 Quoniam
905 2711 1070 2779 igitur
1121 2711 1359 2782 Spiritus
1405 2725 1630 2769 sanctus
1681 2729 1804 2768 cum
1842 2715 1896 2768 in
1956 2717 2112 2770 nobis

548 2800 728 2864 fuerit,
776 2802 1080 2858 conformes
1108 2819 1207 2859 nos
1247 2806 1484 2861 osmndit
1528 2806 1636 2861 Deo
1672 2822 1687 2860 :
1725 2807 1971 2875 procedit
2016 2824 2111 2861 an-

548 2900 654 2949 tem
686 2906 753 2945 cx
798 2891 957 2948 Patre
1003 2903 1057 2947 et
1093 2894 1253 2960 Filio,
1298 2906 1531 2961 constat,
1581 2898 1707 2966 quia
1752 2898 1952 2956 divinae
1983 2902 2112 2952 sub-

545 2983 759 3035 stantia:
778 2993 880 3047 est,
902 2985 1262 3039 essentialiter
1279 2989 1332 3039 in
1350 2987 1487 3053 ipsa,
1506 2999 1557 3041 et
1574 3003 1640 3042 ex
1660 2988 1775 3056 ipsa
1802 2989 2074 3058 prodiens.
2090 3008 2108 3041 ι

548 3072 758 3127 Rursus
778 3074 829 3127 in
861 3074 1082 3128 eodem:
1109 3093 1129 3126 α
1152 3075 1414 3144 Proprius
1442 3085 1525 3132 est
1546 3085 1723 3132 autem
1742 3079 1962 3134 omnino
1988 3078 2116 3150 Spi-

548 3164 683 3217 ritus
707 3163 848 3228 Filii,
873 3176 1050 3234 neque
1082 3164 1416 3222 extrinsecus
1445 3167 1771 3224 subsistens.
1813 3188 1832 3221 ι

619 3273 676 3325 in
710 3272 815 3325 alio
856 3273 1088 3327 iterum:
1122 3292 1141 3325 ι
1178 3273 1372 3347 Legem
1419 3278 1598 3348 itaque
1631 3280 1836 3335 ferente
1876 3281 2112 3346 Christo,

551 3363 783 3430 Spiritus
813 3364 980 3432 ipsius
1013 3374 1071 3418 ut
1096 3365 1149 3418 in
1187 3365 1322 3432 ipso,
1354 3374 1517 3435 atque
1540 3382 1607 3422 ex
1629 3369 1765 3438 ipso,
1799 3370 2116 3426 naturaliter

547 3454 818 3508 exsis'cns
853 3454 1022 3521 legem
1050 3454 1172 3509 fert.
1221 3474 1240 3506 ι
1272 3457 1348 3508 Ac
1377 3456 1564 3513 rursus
1588 3459 1640 3512 in
1678 3459 1821 3514 alio:
1850 3479 1869 3512 ι
1905 3460 2114 3517 Nullam

549 3543 709 3612 igitur
727 3545 872 3597 novit
895 3542 1094 3599 Paulus
1125 3555 1331 3600 natura:
1352 3546 1470 3601 Filii
1493 3547 1836 3620 Spiritusque
1856 3549 2114 3605 differen-

549 3635 678 3687 tiam
705 3652 718 3700 ;
747 3634 860 3695 sed,
881 3646 938 3687 ut
962 3647 1026 3689 ex
1057 3635 1172 3704 ipso
1188 3638 1535 3692 exsistentem
1565 3641 1911 3705 naturaliter,
1940 3641 2116 3695 domi-

549 3726 782 3779 nationis
809 3727 1023 3780 nomine
1053 3728 1304 3796 appellat.
1340 3749 1358 3779 ι
1384 3728 1447 3782 Et
1475 3731 1665 3784 iterum
1694 3732 1744 3785 in
1775 3732 1882 3787 alio
1909 3750 1924 3788 :
1961 3750 1979 3783 ι
2009 3732 2117 3788 Nc-

547 3830 699 3869 cesse
724 3825 807 3871 est
840 3815 993 3870 lateri
1015 3816 1278 3886 Spiritum
1299 3836 1361 3874 ex
1388 3821 1560 3889 ipsius
1584 3826 1817 3877 essentia
1836 3823 1963 3879 Filii
1993 3839 2115 3879 esse

546 3906 927 3962 substantiam.
960 3926 977 3958 ι
1002 3906 1136 3962 Etin
1155 3909 1479 3964 alioiterqu
1506 3928 1519 3964 :
1555 3929 1574 3962 ι
1606 3913 1697 3966 Est
1720 3912 1883 3981 Igitur
1900 3928 1962 3968 ex
1993 3911 2114 3969 Filii

546 3998 782 4077 essentia
830 3998 1090 4067 Spiritus.
1105 4019 1122 4052 ι

617 4108 748 4161 item
784 4124 948 4177 super
975 4108 1259 4172 Joannem,
1290 4127 1454 4180 super
1490 4113 1622 4168 illud
1652 4131 1665 4168 :
1697 4111 1766 4166 Et
1819 4115 1959 4171 Deus
1998 4129 2113 4173 erat

548 4195 779 4259 uerbum,
803 4218 821 4249 t
862 4197 977 4253 Non
1013 4215 1161 4269 ergo,
1189 4202 1381 4271 inquit,
1421 4204 1596 4260 minor
1618 4206 1832 4275 est,qni
1871 4211 2114 4265 eamdem

548 4302 670 4340 eun
709 4289 944 4355 perfecto
971 4289 1131 4345 Patre
1154 4294 1316 4347 habet
1339 4295 1708 4361 operationem
1741 4298 2116 4370 genitorisque

551 4377 811 4440 8,·ἰτίιιηιι
861 4381 1087 4445 prepria:
1132 4392 1333 4437 natura:
1363 4385 1524 4439 habet
1572 4386 1793 4453 bonum,
1825 4389 2115 4461 vivumque

2209 1861 2292 1908 tra
2314 1844 2337 1919 ~;
2373 1855 2622 1910 Christus
2646 1856 2790 1910 enim
2820 1866 2903 1910 est
2923 1856 3180 1922 Spiritus,
3213 1865 3361 1924 petra
3399 1864 3591 1908 autem
3630 1853 3803 1906 Chri-

2207 1955 2344 2010 stus,
2371 1947 2513 2001 sicut
2541 1956 2595 2000 et
2628 1946 2822 2001 Paulus
2851 1957 2899 2002 et
2935 1946 3332 2014 sapientissime
3361 1945 3498 2000 dixit
3521 1945 3588 1997 ".
3616 1963 3635 1995 ι

2276 2059 2409 2113 item
2434 2060 2498 2111 ad
2535 2056 2832 2113 Palladium
2894 2060 3142 2114 scribens
3187 2059 3245 2114 in
3295 2059 3470 2129 primo
3491 2058 3704 2112 scilicet
3727 2059 3796 2113 de

2207 2148 2621 2217 apiritalieultu:
2658 2167 2676 2201 t
2704 2146 3017 2210 Variabilis,
3065 2150 3265 2219 inquit,
3312 2149 3552 2218 profecto
3618 2149 3796 2218 Spiri-

2209 2247 2299 2293 tus
2356 2254 2459 2292 non
2495 2248 2627 2313 est;
2669 2249 2764 2294 aut
2803 2240 2848 2294 si
2913 2240 3229 2295 variationis
3289 2240 3531 2310 subjacet
3567 2236 3790 2297 t'norho,

2209 2330 2275 2382 ad
2306 2328 2476 2395 ipsam
2512 2328 2750 2383 divinam
2787 2340 3031 2383 naturam
3058 2331 3289 2385 recurrit
3335 2331 3567 2386 macula.
3609 2330 3798 2397 Siqui-

2210 2420 2330 2474 dem
2369 2428 2451 2475 est
2486 2419 2598 2486 Dei,
2631 2429 2683 2475 et
2707 2419 2908 2483 Patris,
2935 2422 3027 2476 sed
3062 2432 3115 2477 et
3137 2420 3259 2475 Filii
3310 2420 3571 2493 Spiritus,
3598 2437 3795 2476 essen-

2213 2508 2411 2564 tialiter
2429 2523 2495 2565 ex
2518 2518 2767 2580 utroque,
2799 2524 2863 2564 ex
2885 2507 3045 2564 Patre
3072 2510 3275 2566 scilicet
3298 2524 3393 2579 per
3423 2506 3617 2563 Filium
3675 2524 3799 2561 nu.-

2212 2615 2368 2656 nans.
2407 2619 2426 2653 Ι

2282 2715 2426 2769 idem
2477 2714 2529 2769 in
2559 2715 2785 2781 epistola
2818 2715 2884 2769 ad
2919 2713 3223 2770 Nestorium
3260 2715 3444 2780 tertia,
3475 2714 3631 2783 cuj-us
3689 2715 3794 2769 ini-

2216 2808 2347 2860 tium
2370 2817 2456 2863 est
2490 2825 2505 2862 :
2546 2806 2650 2874 Qui
2671 2817 2817 2861 amat
2871 2816 3072 2876 patrem
3108 2816 3200 2861 aut
3242 2817 3459 2862 matrem
3489 2806 3605 2875 plus
3633 2823 3795 2877 quam

2216 2914 2315 2964 me,
2341 2914 2442 2953 non
2467 2909 2541 2952 est
2574 2915 2652 2952 me
2706 2898 2895 2968 dignus
2925 2901 2994 2964 δ’,
3027 2917 3047 2951 t
3098 2899 3230 2967 Etsi,
3264 2898 3461 2967 inquit,
3490 2899 3542 2951 in
3572 2899 3793 2962 speciali

2217 2989 2515 3043 substantia
2538 3001 2618 3045 est
2638 2990 2873 3060 Spiritus
2889 2998 3129 3054 sanctus,
3151 3005 3213 3044 ac
3233 2990 3531 3045 secundum
3551 2992 3791 3058 seipsum

2219 3079 2555 3149 intelligitur,
2592 3081 2893 3137 secundum
2929 3081 3072 3152 quod
3119 3079 3354 3149 Spiritus
3402 3093 3503 3146 est,
3565 3088 3620 3135 et
3687 3095 3793 3136 non

2142 3143 2184 3201 θ
2217 3169 2550 3238 Filius,‘non
2585 3182 2667 3228 est
2696 3182 2875 3227 tamen
2920 3143 2988 3229 a-b
3013 3160 3079 3228 eo
3104 3173 3332 3227 alienus.
3368 3172 3602 3242 Spiritus
3651 3173 3793 3228 enim

2217 3262 2461 3317 veritatis
2495 3265 2802 3319 nominatus
2847 3274 2951 3330 est,
2979 3273 3033 3319 et
3059 3273 3144 3320 est
3172 3265 3420 3320 Christus
3472 3264 3694 3328 veritas,
3717 3276 3800 3319 at-

2215 3368 2320 3423 que
2349 3354 2416 3431 ab
2445 3369 2509 3409 eo
2539 3356 2774 3423 proﬂuit,
2799 3358 2957 3412 sicuti
2987 3368 3042 3412 et
3072 3372 3103 3410 a
3133 3356 3293 3411 Patre
3322 3357 3553 3411 scilicet.
3596 3375 3616 3408 ι

2287 3441 2431 3497 idem
2464 3459 2624 3513 super
2657 3443 2788 3510 loel,
2818 3461 2941 3501 cum
2969 3444 3100 3501 illud
3133 3454 3425 3516 exponeret
3454 3464 3468 3500 :
3507 3443 3797 3514 Eﬂundam

2214 3535 2279 3589 de
2308 3533 2512 3602 Spiritu
2547 3552 2659 3590 meo
2681 3536 2762 3601 ⁵³,
2801 3555 2820 3589 ‹
2858 3535 3162 3592 Secundum
3184 3537 3325 3591 enim
3360 3538 3500 3605 quod
3526 3538 3666 3591 Deus
3714 3548 3800 3592 est

2218 3637 2379 3695 atque
2407 3643 2471 3681 ex
2505 3629 2613 3683 Deo
2638 3629 2934 3683 secundum
2971 3640 3215 3683 naturam
3234 3627 3405 3684 Filius
3430 3646 3444 3682 :
3471 3640 3628 3684 natus
3651 3629 3795 3684 enim

2216 3729 2302 3772 est
2330 3732 2396 3771 ex
2429 3717 2538 3772 Deo
2568 3727 2623 3771 et
2672 3716 2852 3780 Patre,
2882 3718 3134 3788 proprius
3184 3717 3378 3787 ipsius,
3410 3717 3536 3771 etin
3570 3718 3709 3786 ipso,
3742 3727 3797 3770 et

2216 3822 2280 3861 ex
2302 3810 2420 3878 ipso
2450 3818 2532 3863 est
2554 3807 2815 3876 Spiritus,
2845 3826 2863 3861 ι
2898 3809 3040 3865 sicut
3073 3809 3326 3866 videlicet
3359 3824 3425 3863 ex
3455 3810 3571 3879 ipso
3600 3809 3710 3863 Deo
3739 3820 3797 3864 et

2217 3898 2377 3953 Patre
2409 3900 2748 3971 intelligitur.

2291 4009 2433 4067 Idem
2453 4012 2504 4066 in
2535 4012 2781 4067 laudibus
2803 4011 3092 4068 Theodosii
3122 4012 3464 4081 imperatoris
3487 4012 3565 4065 ait
3590 4028 3605 4063 :
3644 4031 3662 4064 ι
3698 4012 3799 4065 Ba-

2216 4106 2526 4177 ptizantem,
2552 4106 2747 4175 inquit,
2777 4106 2942 4176 igitur
2973 4106 3026 4160 in
3060 4105 3183 4175 igne
3204 4115 3259 4160 et
3301 4115 3492 4160 sancto
3549 4105 3795 4176 Spiritu;

2216 4210 2321 4249 non
2354 4194 2588 4248 alienum
2621 4195 2906 4262 baptizatis
2959 4193 3275 4265 largientem
3331 4194 3592 4264 Spiritum
3613 4235 3628 4259 ,
3656 4195 3797 4249 servi

2216 4284 2424 4338 scilicet
2482 4298 2546 4337 ac
2612 4283 2851 4337 ministri
2912 4284 2963 4338 in
3025 4298 3274 4338 morem:
3341 4286 3457 4347 sed,
3514 4293 3573 4336 nt
3628 4283 3797 4338 Deum

2217 4375 2516 4429 secundum
2563 4383 2834 4439 naturam,
2863 4388 2986 4429 cum
3035 4386 3286 4443 suprema
3334 4382 3605 4444 potestate
3642 4390 3799 4428 suum

550 4478 604 4521 et
629 4469 1052 4523 substantialiter
1084 4472 1323 4537 insitum,
1363 4477 1499 4530 sicut
1536 4477 1784 4534 videlicet
1808 4490 1861 4536 et
1893 4480 2105 4537 Pater»

2218 4466 2513 4535 proprium,
2565 4474 2621 4521 et
2660 4465 2752 4535 qui
2795 4480 2858 4520 ex
2907 4467 3024 4535 ipso
3068 4476 3173 4521 est.
3225 4484 3246 4519 ι
3284 4467 3349 4519 Et
3396 4475 3519 4535 post
3581 4481 3798 4535 pauca:

553 4560 696 4611 [dent
733 4574 897 4628 super
922 4559 1083 4617 ilittd:
1130 4563 1197 4616 Et
1227 4582 1317 4634 ego
1360 4569 1550 4638 rogabo
1584 4568 1816 4636 Patrem,
1853 4582 1901 4626 et
1947 4574 2110 4628 alium

553 4651 887 4705 Puracietum
916 4654 1061 4706 dabit
1088 4659 1225 4710 vobis
1254 4660 1320 4725 ⁸ο,
1349 4680 1367 4710 t
1412 4661 1501 4715 Dei
1530 4663 1695 4730 enim,
1716 4665 1911 4733 inquit,
1938 4678 1990 4720 et
2016 4668 2114 4721 Pa-

553 4745 650 4795 tris
692 4744 1019 4799 naturalium
1060 4748 1315 4803 bonorunt
1339 4767 1559 4807 consors
1581 4756 1945 4810 essentialiter
1967 4759 2114 4813 exsi-

553 4845 700 4901 stetvs
727 4834 915 4903 Filius,
950 4837 1107 4893 habet
1132 4838 1391 4909 Spiritum
1413 4847 1705 4901 secundum
1729 4850 1974 4905 eumdem
1994 4869 2109 4908 mo-

553 4929 699 4988 dum,
734 4928 1029 4982 secundum
1057 4945 1212 4998 quem
1243 4943 1296 4986 et
1328 4933 1486 4988 Pater
1523 4938 1722 4993 habere
1756 4940 2111 5011 intelligitur:

555 5036 587 5072 υ
618 5036 662 5071 »ιι
720 5019 1081 5087 indnctitimn,
1129 5039 1299 5094 neque
1328 5028 1664 5091 extrinsecus
1714 5032 2111 5089 advenientem.

554 5112 788 5165 Szuttnut
838 5115 1033 5184 quippe
1085 5126 1139 5170 et
1198 5118 1443 5172 insanum
1477 5124 1605 5189 est,‘
1635 5123 1709 5177 ita
1748 5126 1975 5179 sentire.
2007 5125 2112 5182 Sed

551 5204 694 5257 sicut
728 5203 888 5258 etiam
929 5205 1298 5275 unusquisque
1356 5220 1597 5264 nostrum
1644 5213 1922 5283 proprium
1959 5214 2011 5267 in
2054 5230 2114 5269 se

549 5297 666 5367 ip--o
703 5298 948 5368 spiritum
980 5300 1242 5363 continet,
1271 5311 1325 5355 et
1374 5316 1438 5356 ex
1465 5303 1669 5359 intimis
1708 5305 2011 5361 visceribus
2051 5307 2117 5361 ad

547 5391 815 5444 exteriora
843 5390 1137 5459 profundit.
1169 5391 1379 5447 idcirco
1404 5395 1544 5449 enim
1578 5403 1630 5449 et
1658 5399 2014 5467 corporaliter
2034 5399 2116 5468 ip-

549 5498 666 5532 sum
701 5481 992 5535 insuiliavil.
1031 5480 1303 5544 Christus,
1357 5496 1413 5537 ut
1450 5485 1775 5551 ostenderet,
1812 5489 1935 5555 quia
1974 5489 2116 5542 sicut

545 5587 608 5625 es
643 5574 876 5626 humano
908 5572 1020 5626 ore'
1041 5575 1393 5640 corporaliter
1450 5578 1690 5643 procedit
1740 5580 2004 5649 spiritus:
2040 5580 2113 5635 ita

617 5685 659 5715 ss
703 5685 828 5738 Lua
865 5702 932 5748 νε,
968 5690 1052 5743 19.
1132 5688 1174 5719 δῖ’
1210 5688 1394 5741 Matth.
1430 5690 1636 5751 xtt,:7.8.

544 5755 841 5807 "diem.
880 5773 966 5824 .xx,
1002 5760 1089 5811 £22.
1164 5757 1364 5811 “iam
1417 5776 1471 5813 ιιι
1524 5763 1610 5814 3|.

1714 5694 1759 5726 "°
1790 5695 1946 5752 Joan.
1980 5714 2087 5763 xw,
2132 5697 2213 5752 16.
2280 5700 2321 5731 ⁵¹
2361 5700 2378 5756 1
2415 5701 2536 5755 Cor.
2572 5718 2623 5763 ι,
2660 5703 2710 5755 4.
2786 5704 2831 5736 δ’
2853 5701 3042 5759 Matth.
3076 5720 3128 5763 x.
3167 5702 3255 5756 '57.

2224 4576 2243 4610 ι
2275 4556 2502 4611 Peccate
2546 4556 2833 4612 absolvens
2868 4570 3013 4622 eum,
3038 4557 3127 4624 qui
3161 4557 3262 4612 sibi
3298 4557 3536 4611 cohaeret
3582 4558 3810 4625 proprio.

2220 4650 2428 4720 inungit
2457 4647 2685 4718 Spiritu,
2715 4664 2874 4719 quem
2908 4650 3154 4704 immittit
3185 4650 3301 4719 ipse
3336 4650 3579 4720 quidem,
3637 4662 3697 4704 ut
3733 4666 3800 4704 ex

2222 4742 2330 4795 Deo
2348 4739 2509 4794 Patre
2542 4739 2800 4806 Verbum,
2836 4749 3001 4810 atque
3036 4756 3100 4795 ex
3140 4742 3354 4811 propria
3395 4743 3551 4796 nobis
3580 4741 3802 4809 profun—

2217 4831 2296 4885 dit
2318 4841 2534 4885 natura.
2560 4829 2913 4886 Communem
2946 4844 3097 4894 vero,
3137 4840 3391 4899 tanquam
3425 4844 3539 4884 rem
3580 4830 3799 4898 dispen-

2212 4924 2410 4977 sationi
2460 4923 2642 4978 carnis
2693 4922 3010 4992 adjungens,
3075 4932 3129 4977 et
3162 4930 3218 4975 ut
3267 4922 3429 4977 homo
3488 4921 3801 4975 insniﬂahat

2212 5015 2588 5083 corporaliter.
2614 5013 2912 5069 lnsnﬂlavit
2932 5014 3099 5078 enim,
3130 5024 3182 5068 et
3202 5014 3377 5068 dixit:
3416 5014 3645 5081 Accipite
3674 5011 3798 5079 Spi-

2213 5109 2371 5160 ritum
2418 5114 2657 5160 sauctum
2679 5107 2821 5159 “'".
2846 5104 2912 5159 Et
2953 5123 2968 5160 :
2989 5104 3112 5160 Non
3127 5104 3195 5158 ad
3215 5121 3514 5159 mensuram
3537 5106 3634 5158 dat
3663 5105 3800 5159 Deus

2212 5198 2663 5268 Spiritum,juxta
2718 5196 2942 5254 Joannis
2966 5212 3149 5254 vocem
3167 5198 3251 5262 ‘°;
3286 5198 3378 5252 sed
3409 5197 3525 5266 ipse
3558 5197 3799 5251 immittit

2220 5303 2286 5344 ex
2325 5288 2525 5357 seipse,
2562 5287 2721 5341 sicuti
2754 5287 3005 5344 videlicet
3031 5300 3085 5342 et
3105 5286 3284 5340 Pater.
3320 5304 3340 5338 ι

2302 5402 2360 5456 In
2417 5401 2584 5472 gestis
2618 5402 2745 5458 item
2800 5403 2988 5473 primtc
3038 5403 3092 5457 in
3134 5401 3311 5457 Nicara
3350 5403 3578 5475 synodi,
3634 5402 3690 5458 in
3717 5403 3800 5457 his

2220 5507 2340 5559 quae
2397 5494 2650 5549 dixerunt
2676 5492 2870 5549 Patres
2896 5507 2992 5563 per
3019 5494 3331 5563 episcopum
3379 5493 3691 5559 Leontium,
3726 5493 3796 5547 ita

2221 5583 2488 5639 habetur:
2527 5605 2546 5639 ι
2579 5585 2835 5641 Inventus
2850 5596 2934 5640 est
2965 5585 3223 5656 Spiritus,
3249 5588 3547 5654 procedens
3576 5586 3801 5654 quidem

3370 5702 3416 5734 ⁸³
3447 5699 3584 5757 Joel.
3619 5717 3676 5769 tt,
3705 5704 3791 5760 ‘28.
