4144 6296
347 288 420 348 93

1460 277 1860 337 ADVERSUS
1898 278 2212 334 UBriiCUS
2253 278 2398 340 LIB.
2445 278 2524 337 il.

3523 274 3590 330 ΩΒ

342 416 402 450 ω
423 398 600 457 imre,
621 393 870 462 proprius
894 386 1406 455 autentFiIii,atque
1425 401 1489 440 es
1513 387 1630 452 ipso
1653 400 1932 438 manans.»
1965 389 2014 444 Δ
2043 388 2258 456 pionem
2297 403 2309 438 :
2349 384 2491 438 Unus
2537 386 2671 438 enim
2695 425 2710 451 ,
2740 385 2933 456 inquit,
2969 384 3164 451 Filius,
3194 403 3310 439 cum
3337 389 3403 440 sit
3427 391 3597 443 uirens

411 484 635 551 Magnus
675 496 892 548 quoque
941 478 1269 531 Athanasius
1308 475 1361 527 in
1398 475 1535 527 libro
1555 473 1628 526 De
1646 476 1920 539 dispensa-

344 579 483 626 tione
508 573 909 632 incarnationis,
942 569 1096 638 cujus
1145 567 1354 621 initium
1388 579 1472 620 est
1502 583 1516 618 :
1551 566 1652 629 Qui
1686 582 1923 634 perverse

344 665 546 713 divinas
573 661 876 728 Soripturas
910 659 1081 711 volunt
1107 657 1394 725 intelligere
1427 695 1441 717 ,
1484 674 1500 704 ι
1546 655 1686 722 Ipse,
1728 655 1922 722 inquii,

345 769 468 803 eum
519 768 748 818 superne
788 750 930 802 misit
980 751 1138 809 Deus,
1187 760 1239 800 et
1286 750 1400 814 ipse
1440 762 1560 798 eum
1599 746 1824 796 inferius
1867 753 1927 796 ut

348 843 506 894 homo
542 842 797 908 suscepit.
849 840 923 892 Es
960 843 1074 908 ipso
1103 841 1267 906 igitur
1301 839 1352 890 in
1407 852 1582 904 ipsum
1644 835 1926 888 descendit

344 948 410 983 ex
444 934 641 984 deitate
677 936 728 985 in
774 931 1167 982 humanitatem
1221 928 1358 994 ejus.
1393 947 1411 978 ι
1441 928 1675 980 Sanctus
1704 941 1925 994 quoque

345 1023 782 1091 Chrysostomus,
818 1023 868 1073 in
913 1034 1167 1073 sermone
1219 1021 1284 1072 de
1336 1018 1677 1070 humanitate
1711 1018 1924 1069 Domini

347 1113 520 1162 nostri
577 1109 750 1164 Jesus.
779 1109 1004 1172 Christi,
1053 1106 1210 1175 cujus
1234 1106 1448 1158 initium
1502 1115 1629 1158 est:
1671 1103 1798 1157 Vere
1827 1121 1923 1172 ap—

343 1203 522 1268 paruit
575 1202 722 1252 nobis
782 1199 955 1268 gratia
991 1197 1104 1250 'Dei
1143 1236 1157 1259 ,
1204 1214 1222 1246 ι
1286 1193 1463 1259 Venit,
1509 1197 1696 1264 inquit,
1729 1199 1793 1248 ad
1823 1211 1921 1248 nos

349 1294 626 1355 Christus,
654 1290 804 1343 dedit
829 1289 983 1342 nobis
1007 1287 1264 1356 Spiritum
1287 1301 1349 1340 es
1368 1300 1426 1340 se
1455 1296 1782 1343 manantem.
1819 1302 1916 1338 no-

353 1392 640 1450 strumque
673 1383 910 1447 suscepit
939 1392 1150 1445 corpus.
1199 1394 1218 1426 ι

422 1473 565 1525 Idem
619 1473 668 1524 iii
716 1485 982 1532 sermone,
1027 1471 1118 1536 qui
1171 1467 1484 1522 inscribitur
1535 1467 1905 1536 Προφυὶακτι·

351 1564 444 1614 κὸν
479 1579 582 1629 quo
615 1563 820 1614 scilicet
853 1560 1111 1612 adversus
1158 1561 1388 1613 litereses
1451 1558 1630 1612 ﬁdeles
1666 1560 1917 1613 homines

345 1652 670 1721 prannunire
705 1650 922 1716 satagit,
946 1649 1096 1715 cujus
1131 1649 1346 1702 initium
1381 1661 1462 1701 est
1498 1666 1511 1700 :
1549 1650 1814 1712 Quoniam
1847 1655 1914 1701 ad

2045 477 2288 538 Vtrbum,
2334 491 2491 527 unam
2541 491 2651 527 esse
2703 486 2900 543 oportet
2940 477 3216 544 perfectam
3269 495 3331 531 ac
3364 481 3593 546 plenam,

2029 568 2450 633 sanctiﬁcantem
2490 575 2534 617 et
2582 565 2960 618 illuminantem
2993 568 3173 629 vitam,
3216 584 3332 635 quit
3361 575 3596 635 Operatio

2030 660 2195 729 ipsius
2220 668 2266 709 et
2317 671 2506 706 manus
2569 664 2666 719 est,
2715 671 2829 721 quw
2886 670 2949 706 ea:
2984 654 3137 709 Patre
3186 664 3460 720 procedere
3514 660 3569 710 di

2031 760 2211 815 citur;
2252 746 2501 812 quoniam
2567 761 2598 796 a
2669 743 2830 808 Filio,
2874 747 2958 813 qui
3017 764 3078 800 ea:
3128 748 3290 802 Patre
3313 768 3420 804 esse
3474 769 3597 804 cou-

2032 841 2255 897 ceditur,
2328 837 2536 900 emicat,
2597 848 2640 887 et
2704 836 2951 901 mittitur,
3012 848 3060 889 et
3115 845 3295 893 datur.

2103 930 2238 982 Item
2284 930 2333 981 itt
2393 928 2733 982 confessione
2791 929 2910 980 lidei
2969 944 3101 993 siia',
3162 931 3316 998 cujus
3381 933 3593 986 initium

2030 1031 2112 1073 est
2153 1037 2165 1071 :
2206 1021 2514 1086 Quicunque
2545 1021 2646 1070 vult
2691 1021 2866 1070 salvus
2915 1035 3044 1080 esse,
3080 1029 3198 1071 ante
3239 1021 3415 1074 omnia
3469 1039 3596 1088 Opus

2027 1123 2125 1172 est,
2174 1122 2225 1161 ut
2269 1121 2437 1161 teneat
2478 1109 2786 1160 catholicam
2831 1110 3012 1176 ﬁdem,
3054 1110 3168 1162 ait:
3205 1107 3435 1176 Spiritus
3469 1131 3596 1164 san-

2025 1211 2138 1252 ctus
2179 1215 2244 1253 ea:
2275 1197 2432 1251 Patre
2475 1211 2520 1252 et
2567 1197 2704 1250 Filio
2733 1211 2831 1266 est,
2877 1216 2976 1254 non
3011 1201 3209 1270 factus,
3252 1220 3354 1255 non
3385 1217 3594 1257 creatus

2025 1307 2115 1343 nec
2137 1293 2362 1359 genitus,
2395 1291 2482 1341 sed
2517 1291 2820 1356 procedens.

2101 1379 2333 1434 Sanctus
2361 1379 2714 1448 Epiphanius,
2743 1381 2795 1434 in
2834 1382 2971 1434 libro
2993 1397 3112 1447 suo,
3136 1399 3295 1451 quem
3319 1385 3597 1455 inscripsit

2028 1473 2326 1525 Anc/torum
2359 1489 2370 1524 :
2411 1471 2643 1538 Spiritus
2667 1510 2682 1533 ,
2747 1473 2817 1524 ait
2847 1511 2859 1535 ,
2919 1475 3448 1537 inconprehensibilis
3497 1490 3594 1539 Cal,

2028 1579 2129 1612 non
2180 1563 2384 1612 alienus
2435 1577 2464 1611 a
2497 1561 2657 1614 Patre
2716 1572 2764 1613 et
2809 1560 2966 1625 Filio,
3017 1580 3178 1632 neque
3220 1569 3596 1633 conglutinatto

2019 1661 2093 1703 est
2143 1649 2319 1702 Patris
2373 1667 2434 1701 ac
2479 1650 2628 1704 Filii.
2671 1653 2730 1703 lit
2774 1664 2893 1721 post
2925 1670 3092 1721 pauca
3126 1672 3140 1708 ζ
3179 1654 3407 1721 Spintus
3465 1676 3593 1710 saa-

339 1747 531 1794 bonum
556 1740 717 1792 Deum
742 1745 1022 1804 tendimus,
1067 1757 1085 1789 s
1127 1739 1510 1793 Observandus
1549 1751 1602 1792 et
1649 1742 1920 1794 cavendus
1956 1741 2138 1796 Βειιη
2191 1754 2293 1789 non
2362 1737 2534 1791 Patris
2592 1739 2800 1804 frater,
2864 1743 2951 1792 sed
2983 1757 3045 1794 ea:
3118 1747 3294 1796 eadem
3371 1759 3596 1797 essentia

342 1832 494 1884 nobis
527 1831 650 1884 boui
683 1831 1032 1882 adversarius
1065 1830 1334 1891 diabolus,
1373 1831 1468 1890 ait,
1501 1841 1554 1881 et
1599 1833 1668 1882 ita
1696 1846 1794 1884 nos
1823 1846 1917 1883 cu-

341 1923 536 1976 stodiet
561 1921 799 1988 Spiritus
830 1935 858 1970 a
894 1919 1112 1971 Christo
1161 1933 1408 1979 manans,
1440 1920 1492 1970 in
1524 1919 1664 1971 diem
1728 1920 1920 1974 futura:

342 2011 751 2081 redemptionis.
787 2028 805 2060 ι

416 2107 633 2159 Simeon
669 2120 881 2174 quoque
919 2101 1313 2171 .‘llctaphrastes
1372 2099 1728 2155 conscribens
1791 2115 1918 2170 pas-

344 2202 554 2254 sionem
580 2199 752 2252 sancti
788 2195 1027 2265 Dionysii
1060 2194 1417 2261 Areopagitar,
1479 2196 1551 2246 ita
1599 2192 1912 2246 inchoavit:

351 2302 369 2334 ι
431 2285 568 2337 Olim
604 2285 820 2351 quidem
847 2283 1035 2350 liguris
1061 2290 1112 2334 et
1139 2281 1514 2347 aanigmatibus
1545 2281 1663 2334 lidei
1716 2291 1914 2351 myste-

345 2373 427 2425 ria
489 2373 916 2436 involvebantur,
973 2381 1028 2422 ct
1085 2372 1327 2422 veritatis
1377 2368 1538 2438 jubar
1599 2371 1911 2423 umbrarum

343 2464 489 2516 nube
520 2464 819 2531 tegebatur.
850 2461 1042 2514 Postea
1107 2475 1231 2514 vero
1257 2476 1416 2527 quam
1443 2475 1693 2528 magnum
1720 2463 1912 2517 salutis

342 2562 740 2607 sacramentum
768 2555 922 2606 nobis
951 2561 1320 2620 comparatum
1355 2562 1454 2616 est,
1481 2562 1533 2605 et
1561 2555 1604 2606 is
1618 2555 1714 2624 qui
1750 2556 1910 2608 corda

342 2656 531 2700 nostra
586 2645 936 2713 singulariter
988 2644 1163 2706 ﬁnxit,
1220 2645 1437 2711 proprie
1464 2644 1728 2698 circast
1759 2647 1912 2698 beni-

343 2737 572 2809 gnitatis
623 2735 974 2787 miseratione
1013 2735 1128 2786 sine
1174 2745 1398 2802 peccato
1432 2735 1605 2786 factus
1649 2744 1730 2786 est
1760 2735 1915 2786 sitni-

345 2828 414 2880 lis
467 2825 622 2877 nobis
653 2840 668 2889 ;
704 2826 915 2890 aliaque
940 2825 1126 2885 subiit,
1154 2839 1271 2892 qua:
1298 2828 1544 2875 humana:
1577 2825 1914 2877 infirmitatis

345 2924 496 2972 sunt,
531 2924 585 2964 ut
614 2928 712 2980 ego
739 2911 970 2980 primam
1004 2911 1256 2978 recipiam
1293 2912 1650 2972 nobilitatem,
1699 2926 1767 2986 ac
1799 2923 1920 2984 tan:

2028 1826 2204 1879 Patris
2233 1843 2292 1877 ac
2313 1825 2463 1879 Filii.
2492 1827 2611 1895 Ipse
2640 1831 2775 1880 enim
2807 1827 3108 1897 Unigenitus
3135 1832 3311 1884 Patiis
3341 1833 3598 1900 Spiritum

2024 1922 2181 1978 dixit.
2235 1930 2388 1986 atque
2443 1936 2504 1972 ea:
2550 1921 2709 1972 Patre
2763 1925 3191 1987 procedentem:
3249 1928 3386 1975 etde
3447 1941 3594 1988 meo,

2031 2011 2224 2077 inquit,
2283 2012 2542 2077 accipiet;
2616 2027 2677 2063 ne
2723 2011 2954 2063 alienum
2998 2029 3028 2064 a
3069 2009 3245 2076 Patre,
3292 2014 3418 2065 vela
3459 2014 3595 2065 Filio

2028 2103 2313 2155 existimes.
2349 2101 2409 2153 Et
2447 2111 2564 2168 post
2603 2117 2767 2170 pauca
2805 2119 2818 2154 ;
2847 2099 2928 2152 Ex
2961 2101 3118 2153 Putre
3143 2114 3190 2154 et
3224 2101 3384 2165 Filio,
3409 2119 3596 2156 tetttus

2027 2192 2392 2256 appellatione.
2449 2193 2512 2244 Et
2547 2203 2667 2259 post
2721 2194 2890 2246 multa
2927 2207 2940 2244 :
2972 2194 3138 2245 Ambo
3191 2195 3243 2247 in
3275 2197 3483 2248 homine
3504 2197 3597 2264 jn-

2022 2293 2100 2335 sto
2151 2285 2468 2348 inhabitant,
2517 2271 2774 2337 Christus
2800 2296 2848 2338 et
2896 2284 3122 2351 Spiritus
3168 2289 3304 2356 ejus.
3334 2288 3390 2342 Si
3419 2303 3594 2344 animi

2011 2371 2253 2427 Christus
2285 2391 2346 2427 ex
2381 2375 2540 2428 Patre
2570 2377 2801 2429 creditur
2842 2377 2980 2429 Deus
3019 2395 3081 2431 ea:
3105 2379 3234 2443 Deo,
3278 2391 3327 2432 et
3358 2381 3589 2447 Spiritus

2022 2480 2052 2515 a
2101 2463 2330 2530 Christo,
2385 2468 2492 2520 sive
2521 2467 2582 2519 ab
2630 2480 2872 2536 utroque,
2923 2478 2978 2520 ut
3023 2470 3096 2520 ait
3145 2472 3405 2533 Christus,
3442 2476 3528 2541 qui
3562 2492 3593 2523 a

2024 2549 2185 2605 Patre
2241 2558 2494 2620 procedit,
2548 2558 2734 2619 et,hic
2764 2560 2828 2611 de
2894 2575 3004 2610 meo
3055 2563 3297 2627 a.'ciptet.
3359 2562 3420 2614 Et
3475 2577 3596 2632 past

2023 2660 2191 2700 pauca
2223 2665 2234 2697 :
2272 2645 2372 2698 Sed
2411 2652 2543 2700 dicet
2568 2650 2790 2716 aliquis:
2839 2648 2977 2718 Ergo
3005 2651 3139 2703 duos
3185 2669 3295 2704 esse
3336 2654 3476 2720 ﬁlios
3513 2659 3596 2707 ai-

2026 2738 2221 2796 cimus.’
2253 2737 2319 2788 Et
2350 2742 2608 2806 quomodo
2659 2742 2756 2789 erit
2816 2739 3122 2806 L'trigettitus
3148 2743 3172 2792 .9
3212 2760 3228 2790 ε
3268 2741 3342 2793 Tn
3371 2747 3484 2809 quis
3505 2762 3556 2796 es
3579 2786 3592 2806 ,

2026 2835 2113 2899 qui
2139 2833 2450 2901 respondeas
2480 2831 2582 2882 Deo
2603 2832 2693 2882 “2'
2747 2849 2764 2880 ι
2799 2830 2863 2884 Si
2896 2831 3032 2883 enim
3064 2829 3259 2884 Filium
3293 2846 3433 2885 vocat
3458 2852 3518 2886 ea:
3545 2854 3596 2887 se

2028 2937 2229 2988 natum,
2270 2923 2523 2991 Spiritum
2556 2934 2732 2976 autem
2784 2935 3042 2985 sanctum,
3100 2925 3191 2992 qui
3253 2924 3317 2975 ab
3377 2936 3595 2991 utrique

346 3006 470 3097 dem
501 3004 679 3097 erucis
704 3003 970 3097 supplicio
1001 3001 1222 3056 ali‘ectus
1248 3013 1331 3056 est
1384 3011 1720 3072 mortemque
1752 3005 1918 3057 susti-
1945 3038 1989 3097 ο
2025 3027 2097 3070 εει
2131 3033 2144 3069 ε
2177 3032 2293 3084 qua;
2352 3013 2520 3067 solum
2563 3015 2926 3082 intelliguntur
2959 3032 2988 3065 α
3025 3017 3247 3079 διωκτέα,
3277 3014 3476 3080 [uc-pla,
3513 3015 3593 3068 ιιι-

346 3093 486 3144 nuit.
555 3093 618 3143 Et
656 3109 720 3144 ne
781 3092 989 3160 singula
1015 3106 1358 3159 persequar:
1418 3093 1580 3144 multa
1633 3093 1777 3146 enitn
1864 3095 1915 3148 iti

350 3184 532 3235 medio
560 3181 775 3236 fuerunt
805 3183 945 3248 eius
981 3182 1403 3252 dispensationis
1435 3195 1776 3236 sacramenta
1807 3200 1822 3249 ;
1855 3184 1916 3234 li-

348 3292 470 3329 nem
493 3275 611 3342 ejus
642 3274 945 3343 corporalis
985 3273 1305 3326 inliabitatio
1339 3275 1570 3341 suscepit
1601 3291 1612 3324 :
1649 3274 1915 3340 Spiritus-

345 3365 681 3436 queinehoat
711 3367 904 3434 gratia,
925 3373 978 3418 et
1007 3365 1058 3416 iu
1082 3364 1246 3417 C(Blos
1269 3379 1421 3415 meus
1449 3363 1698 3417 Chrstus
1723 3366 1922 3430 fertur,

351 3469 404 3510 at
425 3473 515 3526 lue
568 3459 632 3510 ad
666 3467 951 3525 paternum
1009 3455 1202 3508 solium
1237 3456 1399 3516 redit,
1429 3456 1923 3521 procedentemque

346 3565 411 3602 ex
433 3565 492 3603 se
527 3548 789 3616 Spiritum
835 3562 933 3613 pro
980 3543 1335 3597 informandis
1388 3543 1696 3594 inﬁdelibus
1743 3544 1921 3609 genti-

348 3640 451 3692 bus
486 3637 764 3700 discipulis
792 3636 976 3687 mittit.
1027 3651 1046 3683 s

424 3726 660 3780 Sanctus
699 3725 1022 3777 Anastasius
1070 3721 1444 3788 Antiochenus
1498 3719 1813 3790 patriarcha
1869 3720 1922 3775 in

351 3821 492 3872 libro
535 3816 614 3869 De
662 3816 814 3868 rectis
867 3814 1111 3866 Ecclesia:
1135 3814 1483 3881 dogmatibus,
1515 3814 1592 3865 ait
1629 3830 1641 3864 :
1679 3814 1924 3881 Corporis

351 3928 472 3964 vero
499 3911 869 3978 proprietatem
917 3923 1012 3974 pro
1057 3907 1286 3971 exemplo
1346 3917 1602 3957 sumentes
1625 3905 1920 3956 divinarum

350 4017 689 4070 personarum
752 4007 819 4052 ad
872 3996 1371 4063 invicem,habitum
1433 4011 1523 4064 per
1570 3996 1918 4046 membrorum

349 4096 738 4165 proportionem
759 4131 776 4158 ,
804 4108 864 4144 ac
915 4091 1323 4142 similitudinem
1376 4088 1738 4140 commendare
1769 4088 1924 4139 insti-

353 4187 570 4238 tuimus.
632 4182 735 4234 llic
791 4184 978 4234 etenim
1024 4183 1239 4249 spiritus
1272 4193 1378 4231 oris
1419 4179 1531 4246 ejus
1558 4179 1601 4207 “
1627 4218 1642 4242 ,
1688 4179 1920 4229 videlicet

355 4276 447 4330 Dei
480 4277 710 4343 Spiritus
764 4285 973 4325 sanctus
1016 4271 1232 4333 dicitur,
1259 4285 1373 4319 cum
1407 4286 1462 4321 os
1497 4267 1802 4337 Uttigenitus
1830 4270 1921 4334 sit;

2035 3114 2216 3182 ciﬂua,
2269 3114 2601 3179 lucidamque
2648 3111 2974 3180 efﬁcientiam
3018 3113 3281 3166 habentia.
3339 3115 3414 3167 Ac
3475 3123 3597 3184 post

2028 3220 2194 3272 pauca
2243 3223 2256 3257 :
2308 3202 2542 3269 Spiritus
2585 3212 2800 3254 sanctus
2861 3204 3078 3269 spiritus
3114 3206 3348 3261 veritatis
3381 3221 3480 3272 est,
3510 3210 3596 3259 lu-

2025 3312 2140 3348 nten
2199 3295 2411 3348 tertium
2468 3311 2498 3345 α
2559 3292 2718 3346 Patre
2766 3303 2813 3346 et
2859 3294 3021 3349 l’ilio.
3088 3295 3152 3347 Et
3188 3307 3305 3363 post
3368 3315 3591 3366 pauca:

2027 3380 2474 3443 Quemadmodum
2507 3381 2643 3432 enim
2669 3379 2881 3433 Patrem
2915 3398 3063 3434 nemo
3097 3386 3253 3444 novit,
3279 3387 3379 3437 nisi
3406 3385 3593 3448 bitias,

2029 3485 2185 3536 neque
2204 3468 2400 3520 Filium
2429 3470 2531 3520 nisi
2563 3468 2742 3524 Pater:
2773 3471 2848 3520 ita
2884 3474 3049 3522 audeo
3072 3471 3262 3537 dicere,
3292 3492 3451 3542 neque
3475 3478 3547 3543 Sp
3569 3504 3596 3518 -

2028 3560 2185 3609 ritunt
2209 3568 2466 3618 sanctum,
2502 3557 2600 3608 nisi
2637 3557 2799 3609 Pater
2827 3568 2872 3608 et
2907 3559 3104 3621 Filius,
3135 3580 3165 3613 a
3189 3581 3288 3631 quo
3338 3572 3593 3632 procedit,

2033 3657 2080 3698 et
2135 3664 2166 3699 a
2221 3662 2320 3714 quo
2381 3645 2586 3712 accipit.
2644 3644 2709 3697 Et
2758 3661 2917 3713 neque
2990 3649 3206 3713 Filium,
3282 3666 3331 3706 et
3381 3656 3591 3710 Pun-chi

2030 3738 2132 3790 nisi
2175 3737 2401 3805 Spiritus
2453 3745 2690 3803 sanctus,
2756 3736 2844 3804 qui
2899 3739 3148 3788 veraciter
3188 3740 3467 3809 gloriﬁcar,
3507 3750 3594 3814 qui

2029 3830 2178 3880 docet
2233 3827 2427 3889 omnia,
2483 3832 2573 3894 qui
2627 3844 2656 3878 a
2708 3824 2873 3878 Patre
2919 3838 2968 3879 et
3016 3825 3151 3878 ltilio
3212 3839 3308 3881 est.

2095 3921 2160 3973 Et
2209 3920 2478 3988 aliquibus
2543 3918 2880 3987 interpositis
2931 3937 2944 3971 ;
2990 3918 3176 3987 Itaque
3217 3934 3260 3973 et
3293 3921 3458 3975 Pater
3483 3939 3593 3978 crat

2021 4026 2241 4078 seraper,
2268 4021 2312 4062 et
2371 4007 2540 4062 Filius
2575 4023 2682 4063 erat
2737 4026 2957 4079 semper,
2997 4022 3044 4063 et
3100 4010 3333 4079 Spiritus
3378 4030 3592 4070 sanctas

2022 4120 2086 4156 ea:
2133 4103 2289 4155 Patre
2331 4104 2494 4169 spirat
2543 4114 2586 4155 et
2643 4101 2800 4154 Filio.
2862 4101 2924 4154 Et
2998 4119 3184 4157 rursus
3243 4105 3292 4157 in
3357 4111 3590 4159 eodem:

2032 4214 2049 4246 ι
2112 4194 2302 4247 Ευι.ιιε
2335 4233 2350 4257 ,
2406 4195 2478 4245 ait
2533 4192 2740 4255 David,
2794 4191 2960 4244 lucem
3018 4203 3185 4255 tuam,
3251 4207 3296 4248 et
3328 4210 3593 4251 veritatem

2026 4295 2167 4338 tuam
2230 4285 2294 4338 ω.
2369 4302 2385 4332 s
2443 4281 2561 4350 Ipse
2595 4293 2665 4334 est
2723 4284 2998 4346 Dominus,
3065 4287 3151 4348 qui
3209 4287 3336 4338 dixit
3386 4304 3400 4338 :
3461 4305 3480 4334 ι
3529 4289 3592 4340 Ιίι

354 4379 399 4420 et
427 4368 656 4434 Spiritus
687 4379 898 4416 rursum
929 4379 991 4414 ex
1023 4363 1132 4429 ipso
1162 4363 1478 4428 procedens,
1519 4369 1565 4410 et
1594 4375 1784 4410 missus
1817 4375 1916 4410 non
1958 4373 1996 4425 [)
2027 4378 2321 4431 "mn-“imi,
2369 4375 2550 4427 meo,“
2597 4374 2859 4442 "qundam
2891 4379 2952 4428 de
3011 4375 3218 4442 Spw“,
3277 4396 3385 4431 mw
3442 4398 3548 4446 ml.“
3571 4400 3595 4432 Γ

355 4461 522 4511 solum
549 4475 581 4509 ιι
621 4454 805 4519 Patre,
859 4454 948 4505 sed
987 4456 1145 4504 etiam
1200 4469 1231 4502 a
1267 4448 1432 4502 Filio.
1471 4451 1534 4502 Et
1579 4466 1690 4516 pos.
1731 4466 1919 4517 puca:

360 4550 589 4618 Apostoli
622 4550 759 4602 enim
797 4549 1156 4613 deprecantes,
1185 4554 1234 4596 et
1265 4553 1318 4594 ut
1369 4542 1586 4594 Domino
1631 4543 1925 4607 supplican-

360 4653 454 4708 tes,
483 4646 562 4694 lns
611 4642 700 4710 qui
725 4639 868 4692 illius
919 4639 1142 4690 adventu
1203 4636 1348 4704 digni
1409 4648 1572 4686 essent
1602 4673 1615 4694 ,
1669 4633 1925 4699 Sititum

361 4742 638 4794 Sanctum,
701 4741 753 4780 ut
799 4731 874 4779 ita
921 4727 1183 4789 dixerim,
1240 4726 1563 4778 extrinsecus
1616 4723 1926 4790 inferebant.

363 4825 605 4879 Salvator
639 4834 815 4874 autent
845 4832 1040 4884 noster,
1079 4835 1141 4871 ea;
1158 4821 1347 4886 seipse,
1388 4819 1541 4870 veluti
1595 4832 1658 4868 ex
1683 4823 1924 4868 thesauro

361 4921 609 4984 quodam,
636 4915 740 4976 his,
782 4915 867 4979 qui
902 4927 992 4976 per
1050 4911 1166 4961 title
1218 4910 1532 4961 munditiam
1563 4908 1733 4961 idonei
1759 4920 1804 4960 et
1841 4910 1924 4959 di-

362 5009 446 5076 gni
496 5018 663 5070 erant,
697 5007 846 5056 idum
895 5005 1178 5070 prwbebat.
1237 5003 1381 5055 idem
1435 5006 1484 5054 in
1521 5009 1704 5054 eodem
1740 5006 1918 5053 lituo:

364 5100 587 5166 Spiritus
612 5113 850 5162 sanans,
883 5099 1078 5162 inquit,
1105 5095 1322 5160 spiritus
1345 5096 1447 5146 oris
1474 5093 1567 5147 Dei
1600 5098 1918 5162 appellatur.

367 5189 435 5242 0s
457 5191 590 5243 enim
630 5189 842 5251 Patris,
894 5185 1083 5238 Filius.
1131 5187 1341 5237 llnrsus
1393 5186 1445 5236 iii
1481 5190 1668 5236 eodem
1705 5203 1716 5237 :
1752 5185 1920 5251 Spiti-

364 5287 446 5332 tus
495 5289 706 5331 sanctus
756 5279 986 5330 veritatis
1021 5283 1094 5328 est
1125 5274 1385 5340 spiritus:
1428 5273 1509 5325 hic
1553 5291 1582 5324 a
1615 5273 1779 5326 Patre
1808 5277 1928 5344 qui-

365 5370 474 5422 dem
495 5371 750 5437 procedit,
778 5369 968 5436 accipit
998 5376 1171 5435 autem
1212 5381 1242 5416 a
1271 5361 1433 5418 Filio.

433 5461 653 5529 Magnus
711 5461 836 5512 item
877 5461 1227 5521 Athanasius,
1294 5460 1347 5510 in
1390 5457 1614 5525 epistola
1659 5458 1725 5511 ad
1760 5459 1922 5512 Sera-

471 5646 512 5676 ⁶¹
543 5649 680 5702 i'sal.
717 5666 875 5712 usit,
919 5655 970 5705 ti.
1048 5653 1090 5684 °'
1126 5651 1284 5706 Rom.
1318 5665 1395 5716 ιχ,
1426 5649 1515 5704 ‘30.
1617 5649 1660 5681 ⁸³
1697 5645 1840 5705 Psal.
1874 5669 2000 5714 λιιι,
2039 5654 2087 5705 5.
2218 5674 2266 5715 εκ

2023 4482 2224 4520 onmem
2281 4481 2512 4529 carnem,
2586 4480 2629 4517 et
2700 4469 3085 4534 prophetalmnt
3144 4469 3243 4534 [ilii
3307 4488 3591 4533 fotum,”

2013 4560 2230 4625 jurenes
2259 4572 2440 4610 eorum
2470 4558 2688 4610 visiones
2730 4562 2970 4610 videbunt
3005 4561 3070 4612 "‘.

2096 4649 2162 4701 Et
2206 4666 2266 4701 ea
2313 4647 2548 4716 quidem,
2599 4663 2718 4720 quas
2763 4668 2790 4701 a
2826 4657 3025 4704 sanctis
3083 4653 3333 4705 dicuntur
3407 4655 3593 4722 hujus-

2027 4742 2187 4804 inodi,
2239 4741 2310 4792 ita
2348 4753 2530 4806 aperta
2577 4753 2700 4794 sunt
2747 4757 2914 4808 pauca
2963 4759 3024 4795 es
3062 4744 3304 4810 pluribus
3346 4749 3588 4803 collecta.

2030 4832 2295 4896 Quoniam
2345 4834 2504 4899 igitur
2552 4848 2771 4900 magnus
2824 4833 3084 4898 Bisllius,
3138 4835 3188 4887 in
3239 4840 3463 4904 t'plslttia
3526 4849 3591 4892 at

2032 4924 2340 4976 'l'erenltum
2394 4927 2681 4985 comitem,
2717 4921 2792 4974 ait
2833 4940 2846 4975 :
2893 4927 3063 4987 Quum
3129 4930 3377 4980 rationein
3442 4934 3591 4982 habet

2027 5022 2294 5059 commune
2333 5012 2398 5060 ad
2441 5023 2731 5078 proprium,
2760 5009 2889 5062 hanc
2931 5012 3076 5063 habet
3118 5019 3339 5068 essentia
3373 5022 3438 5068 ad
3467 5021 3591 5069 sub-

2031 5099 2298 5150 stantiam.
2344 5102 2408 5157 Et
2449 5106 2590 5157 idem
2621 5115 2804 5154 rursUs
2838 5103 2889 5154 in
2930 5107 3148 5171 epistola
3176 5110 3239 5160 ad
3272 5108 3590 5174 Gregorium

2033 5188 2250 5243 fratrem
2284 5194 2348 5252 de
2396 5193 2698 5258 ditlercntia
2752 5203 3002 5248 essentia:
3055 5177 3212 5264 atque
3254 5203 3590 5255 substantiae,

2024 5281 2200 5348 inquit
2241 5301 2254 5338 :
2301 5284 2712 5362 communitatis
2765 5285 2970 5352 quidem
3032 5290 3164 5338 ratio
3202 5289 3268 5337 ad
3318 5285 3590 5334 essentiam

2025 5370 2269 5436 "fertur.
2335 5377 2660 5470 substantia
2727 5389 2838 5425 vero
2893 5378 3160 5439 prOprium
3214 5371 3459 5435 cujusque
3515 5372 3592 5418 si-

2024 5478 2180 5528 gnum
2219 5490 2299 5543 e3,
2346 5458 2736 5580 Xymﬁsecnus
2776 5479 2979 5528 quoque
3027 5464 3078 5512 in
3127 5474 3237 5510 suis
3282 5458 3593 5521 theologiiis

2312 5539 2328 5558 ‘
2419 5545 2432 5563 ο

2597 5662 2686 5720 is.

2322 5723 2354 5798 λ
2392 5736 2457 5798 ...εὶ
2490 5717 2558 5766 \ti

2376 5783 2438 5832 ΟΨ

3639 5881 3926 5985 ,η
