4064 6262
573 419 643 483 9i
1825 408 2219 470 maxumas
2260 410 2560 472 causam.

936 528 1244 585 Substantia
1290 537 1365 582 est
1411 543 1681 582 commune
1721 545 1838 580 cum
1882 528 2096 596 proprio
2123 565 2136 588 ,
2167 530 2214 584 A
2242 531 2559 582 stantiarum
2620 529 2885 598 intelligo,
2931 530 3216 600 perfectum
3277 530 3442 586 Deum
3491 535 3682 600 ipsam
3737 549 3850 586 esse

568 532 819 602 capitulis
870 549 884 584 :

571 637 794 688 constat,
829 625 986 694 quia,
1024 623 1233 690 quando
1280 621 1560 690 conjuncte
1604 621 1823 674 dicimus
1861 620 2138 674 essentiam

572 714 723 777 Filii,
770 715 1014 784 quoniam
1058 711 1231 766 Filius
1299 729 1485 771 nomen
1522 727 1585 766 ex-
1604 712 1828 781 pr0priis
1857 723 1954 774 est,
1996 727 2142 764 com-

573 824 728 861 mune
751 824 866 860 cum
893 805 1120 874 propriis
1151 806 1534 876 signiﬁcamus.
1568 804 1674 859 Sed
1711 819 1993 859 commune
2020 819 2142 859 eum

571 899 786 968 proprio
831 897 1130 951 substantia
1183 908 1286 952 est.
1328 898 1406 952 Ita
1431 899 1573 952 enim
1608 895 1973 950 Damascenus
2012 895 2146 950 deﬁ-

572 989 669 1042 nit.
736 988 925 1057 Itaque
978 987 1233 1056 quoniam
1263 1003 1330 1041 ex
1387 987 1622 1042 essentia
1670 985 1788 1040 Filii
1848 987 2020 1040 dictus
2063 995 2144 1040 est

573 1079 846 1144 Spiritus,
901 1093 966 1133 ex
1019 1079 1319 1134 substantia
1367 1078 1486 1148 ejus
1519 1079 1696 1132 dictus
1743 1086 1825 1131 est
1868 1094 1883 1131 :
1923 1078 2142 1146 sicque,

571 1168 713 1234 quod
738 1168 1106 1237 quaerebatur,
1145 1167 1471 1223 invenimus.

593 1323 602 1326 _
641 1259 792 1324 Quod
821 1268 998 1312 autem
1023 1258 1076 1312 in
1097 1259 1293 1312 divinis
1313 1257 1766 1328 Scripturisidem
1785 1259 2143 1325 sit,quantum

571 1349 636 1401 ad
694 1365 828 1413 rem,
875 1349 1178 1417 proprietas
1225 1357 1387 1417 atque
1428 1349 1766 1412 substantia,
1822 1350 1935 1402 sive
1978 1349 2141 1400 etiam

573 1454 833 1508 persona,
877 1441 1220 1493 manitestum
1251 1449 1354 1494 est.
1392 1438 1682 1514 Gregorius
1711 1439 1852 1494 enim
1913 1438 2146 1493 Theolo-

574 1545 673 1598 gus
705 1531 757 1583 in
811 1543 1067 1584 sermone
1097 1530 1163 1584 ad
1205 1529 1408 1584 Iumina
1451 1531 1585 1582 dixit
1619 1547 1632 1584 :
1673 1528 1765 1582 Dei
1817 1538 1992 1582 autem
2027 1545 2145 1582 cum

570 1621 881 1684 dixero,uno
925 1619 1118 1674 lumine
1152 1637 1211 1674 ac
1232 1621 1393 1675 tribus
1418 1620 1758 1674 illustramini
1785 1637 1800 1673 :
1828 1621 1993 1674 tribus
2023 1622 2143 1689 qui-

568 1710 708 1774 dem,
751 1711 1035 1765 secundum
1065 1712 1433 1778 proprietates.
1455 1711 1849 1781 Exponensque
1876 1711 2009 1781 quid
2063 1711 2145 1766 di-

573 1802 715 1854 xerit
751 1801 1135 1871 proprietates,
1184 1802 1455 1873 adjnngit,
1499 1803 1605 1856 sive
1648 1803 1993 1868 substantias,
2036 1804 2144 1859 sive

497 1933 506 1948 .
569 1909 820 1961 personas
875 1908 1062 1946 vocare
1123 1893 1310 1961 piacet.
1370 1894 1502 1946 Item
1535 1894 1584 1946 in
1645 1894 1899 1949 laudibus
1968 1896 2142 1950 sancti

570 1984 872 2050 Athanasii,
921 1999 1044 2038 cum
1081 1986 1302 2039 dixisset
1348 2001 1361 2037 :
1404 1981 1522 2036 Una
1554 1987 1688 2038 enim
1714 1985 1980 2050 essentia,
2018 1993 2149 2039 tres-

567 2092 666 2144 que
703 2075 1034 2140 substantiaz;
1073 2090 1194 2130 cum
1230 2076 1480 2130 dicantur
1508 2077 1723 2144 quidem
1770 2091 1800 2130 a
1845 2076 2020 2141 nobis,
2062 2075 2149 2145 pie

569 2169 814 2236 protinus
863 2169 1108 2236 adiunxit
1164 2185 1176 2219 :
1225 2167 1388 2221 Aliud
1445 2169 1585 2220 enim
1633 2175 1878 2222 naturam
1905 2167 2142 2232 indicat;

571 2258 720 2311 aliud
763 2258 920 2310 trium
969 2257 1334 2326 proprietates.
1384 2256 1496 2311 Illic
1525 2271 1654 2324 ergo
1691 2271 1816 2311 cum
1843 2257 2144 2326 preprieta-

571 2357 650 2401 tes
683 2347 982 2414 posuisset,
1023 2346 1355 2401 substantias
1384 2345 1666 2413 exposuit:
1702 2345 1786 2400 hic
1806 2353 1983 2399 autem
2013 2345 2144 2400 sub-

569 2438 838 2500 stantias,
889 2437 1269 2505 proprietates.
1317 2435 1394 2489 Ex
1443 2451 1550 2505 quo
1597 2450 1728 2492 sane
1783 2435 2139 2490 manifestum

572 2537 657 2582 est
685 2528 810 2596 quia
841 2528 1225 2598 proprietatem
1265 2537 1321 2581 et
1346 2527 1706 2581 substantiam
1746 2527 2140 2595 idemintelligi

568 2618 681 2671 vnit
703 2658 718 2682 ,
748 2617 1019 2687 simulque
1069 2626 1317 2671 naturam
1348 2631 1403 2671 et
1436 2619 1738 2672 essentiam
1768 2619 1824 2672 in
1856 2617 1965 2673 Deo
1991 2618 2143 2673 acsti-

569 2718 700 2774 mat;
732 2725 895 2764 unam
923 2711 1068 2764 enim
1101 2709 1398 2765 essentiam
1429 2702 1677 2765 ndt'tram
1699 2712 1966 2779 exposuit.
1990 2709 2138 2776 Quo-

569 2801 718 2854 niam
763 2802 928 2872 igitur
982 2816 1272 2856 commune
1319 2801 1370 2855 in
1401 2802 1508 2857 Deo
1549 2803 1796 2857 essentia:
1850 2813 1959 2858 tres
2011 2802 2140 2857 sub-

567 2893 783 2948 stantias
833 2903 982 2958 sunt,
1026 2907 1420 2962 communeque
1464 2893 1578 2947 haec
1611 2901 1694 2948 est
1738 2909 1856 2960 quae
1910 2891 2138 2961 singulis

566 2993 734 3038 estet
769 2985 991 3054 propria
1036 2985 1303 3048 essentia;
1340 2999 1445 3038 una
1495 2983 1698 3054 quippe
1747 2999 1811 3039 ex
1841 2984 2013 3038 tribus
2052 2991 2138 3037 est

567 3073 746 3142 aliqua
791 3089 1060 3146 persona;
1103 3075 1354 3142 quodque
1399 3073 1597 3142 cuique
1630 3081 1746 3139 est,
1780 3074 1880 3128 hoc
1908 3072 2135 3126 mirabi-

3747 417 3846 480 100

2255 623 2362 674 scio
2389 622 2775 690 perfectamque
2809 623 3322 678 essentiam.Dicitur
3360 630 3537 678 autem
3593 638 3669 677 ex
3706 623 3832 677 Filii

2245 713 2479 766 essentia
2530 727 2648 766 esse
2681 712 2917 783 Spiritus
2969 731 2983 767 :
3034 714 3376 770 manifestum
3408 723 3527 780 est,
3590 715 3731 783 quia
3773 729 3840 769 ex

2244 803 2546 857 substantia
2581 805 2751 872 ipsius
2774 821 2892 859 esse
2915 805 3130 862 dicitur.
3162 806 3500 874 thnoniam
3537 807 3598 859 in
3624 806 3840 859 eisdem

2245 893 2319 946 ait
2354 911 2367 946 :
2403 894 2535 959 Quia
2573 896 2722 949 solus
2757 895 2926 950 Filius
2959 899 3173 966 genitus
3202 910 3323 962 est;
3354 913 3416 951 ex
3449 896 3641 950 Patris
3690 897 3840 949 enim

2244 987 2479 1039 essentia
2531 987 2647 1040 sine
2673 987 2940 1056 principio
2965 997 3018 1041 et
3065 987 3184 1041 sine
3233 993 3475 1056 tempore
3509 995 3600 1040 est
3629 996 3839 1050 natus;

2245 1088 2299 1132 et
2347 1077 2493 1130 solus
2543 1076 2776 1145 Spiritus
2821 1087 3037 1133 sanctus
3085 1094 3152 1134 ex
3198 1076 3372 1133 Patris
3418 1078 3676 1134 essentia
3731 1093 3840 1130 nun

2244 1170 2490 1240 genitus,
2545 1171 2638 1226 sed
2707 1173 3002 1240 procedens
3059 1180 3196 1226 est:
3242 1186 3308 1224 ex
3371 1169 3549 1225 Patris
3651 1179 3839 1222 autem

2243 1263 2516 1329 essentia,
2547 1276 2643 1330 pro
2667 1275 2729 1315 eo
2755 1301 2769 1322 ,
2799 1262 2939 1332 quod
2971 1271 3050 1316 est
3070 1303 3085 1326 ,
3115 1277 3178 1316 ex
3217 1260 3393 1315 Patris
3426 1261 3754 1315 substantia
3780 1269 3834 1312 et

2248 1350 2353 1407 iste
2395 1351 2557 1405 tradit
2591 1361 2643 1405 et
2667 1366 2856 1406 omnes
2880 1352 3247 1417 consentiunt,
3279 1352 3404 1420 quia
3437 1351 3685 1420 Spiritus
3710 1365 3839 1405 san-

2244 1452 2360 1497 ctus
2391 1453 2513 1497 cum
2569 1457 2636 1496 ex
2687 1441 2807 1496 Filii
2860 1442 3089 1497 essentia
3139 1457 3168 1496 a
3217 1442 3480 1512 theologis
3528 1442 3834 1503 asseritur,

2243 1546 2297 1589 et
2324 1535 2489 1604 ipsius
2521 1535 2821 1603 substantia
2867 1543 2951 1588 est
2979 1551 2990 1586 :
3026 1533 3166 1589 idem
3199 1536 3343 1588 enim
3372 1537 3612 1590 essentia
3673 1544 3837 1604 atque

2245 1625 2545 1682 substantia
2573 1626 2624 1680 in
2651 1628 2756 1681 Deo
2783 1634 2866 1682 cst
2895 1627 3191 1681 secundum
3227 1641 3364 1680 rem.

2313 1715 2481 1771 Porro
2513 1719 2556 1772 si
2592 1719 2712 1784 quis
2738 1718 2838 1772 ista
2870 1719 3027 1774 aliter
3055 1720 3328 1788 accipiens
3350 1719 3478 1773 velit
3503 1716 3662 1772 aliud
3712 1718 3831 1786 qui-

2246 1811 2364 1863 dem
2391 1811 2444 1864 in
2492 1809 2602 1865 Deo
2633 1813 2957 1877 essentiam,
3005 1811 3150 1866 aliud
3202 1811 3560 1866 substantiam
3618 1810 3832 1882 signiﬁ-

2251 1916 2414 1964 care,
2470 1902 2779 1956 necessario
2829 1900 2982 1956 lateri
3035 1904 3325 1958 essentiam
3359 1904 3474 1957 sine
3511 1901 3829 1958 substantia

2251 1993 2711 2063 substantiamque
2755 1994 2872 2049 sine
2922 1995 3161 2050 essentia
3218 2004 3464 2064 cogetur.
3521 1995 3605 2047 Ad
3655 2009 3821 2063 quam

2249 2083 2640 2139 absurditatem
2692 2101 2919 2156 magnus
2968 2101 3182 2155 quoque
3215 2085 3446 2141 Basilius
3478 2087 3533 2140 in
3565 2087 3827 2156 praedicta

2249 2175 2316 2230 ad
2340 2175 2653 2230 Terentium
2687 2178 2940 2232 comitem
2983 2177 3211 2247 epistola
3242 2180 3543 2232 orationem
3572 2191 3826 2233 necessa-

2248 2267 2329 2322 rio
2374 2266 2614 2322 deduxit.
2663 2265 2730 2320 Et
2787 2268 3042 2337 quoniam
3114 2269 3530 2324 indeterminate
3584 2267 3826 2336 theologi

2246 2357 2312 2413 de
2369 2357 2550 2413 divina
2593 2357 2716 2413 Filii
2772 2360 3056 2416 nativitate
3095 2361 3422 2417 disserentes
3472 2362 3654 2432 ipsum
3723 2362 3826 2415 aii-

2245 2447 2466 2515 quando
2495 2449 2716 2516 quidem
2753 2461 2817 2501 ex
2846 2447 3026 2504 Patris
3073 2450 3331 2516 essentia,
3363 2449 3665 2521 aliquando
3693 2465 3823 2504 vero

2251 2551 2313 2591 ex
2341 2536 2483 2591 illius
2512 2537 2816 2591 substantia
2847 2546 3030 2593 natum
3083 2547 3366 2600 asserunt;
3393 2551 3482 2594 aut
3516 2542 3655 2594 duos
3677 2539 3820 2594 filios

2244 2636 2405 2682 natos
2467 2628 2870 2700 conﬁtebitur“,
2907 2629 3068 2683 alium
3138 2631 3353 2699 quidem
3409 2647 3479 2687 ex
3538 2632 3817 2695 essentia,

2240 2717 2402 2770 alium
2438 2731 2565 2772 vero
2597 2733 2660 2771 ex
2695 2717 3032 2785 substantia,
3073 2729 3163 2773 aut
3183 2735 3287 2774 non
3307 2734 3428 2774 esse
3457 2718 3580 2773 Filii
3602 2720 3812 2773 unicam

2239 2822 2303 2863 ac
2337 2808 2632 2878 simplicem
2683 2810 3023 2864 nativitatem
3074 2811 3239 2864 dicet.
3269 2809 3413 2865 idem
3466 2825 3600 2866 vero
3665 2820 3720 2865 et
3750 2811 3812 2863 de

2241 2897 2441 2968 Spiritu
2501 2907 2691 2954 sancto
2744 2899 2973 2954 dicetur.
3027 2897 3091 2951 Et
3115 2909 3262 2954 certe
3306 2902 3353 2955 si
3405 2901 3626 2969 quidem
3683 2907 3806 2952 sunt

2241 2999 2350 3046 tres
2395 2990 2708 3046 diﬂ'erentes
2761 2989 3016 3060 aliudque
3045 2989 3219 3046 Patris
3277 2990 3605 3061 proprietas,
3668 2989 3805 3044 aliud

2237 3079 2414 3138 Patris
2455 3097 2716 3152 persona,
2753 3081 2898 3135 aliud
2949 3091 3170 3150 paterna
3203 3081 3539 3147 substantia,
3578 3091 3634 3135 et
3667 3080 3804 3134 aliud

564 3163 691 3218 Ιῖιθι·
720 3165 883 3218 ﬁliam
915 3178 1199 3218 commune
1225 3171 1339 3231 8⁸ιὶ
1377 3180 1542 3217 “Ilum
1582 3165 1725 3219 enim
1764 3166 1891 3227 ll‘ia.
1942 3172 1998 3218 θι
2031 3163 2129 3217 "in
2156 3165 2204 3226 α
2232 3171 2416 3235 Pater,
2464 3171 2718 3241 aliudque
2744 3187 2958 3227 rursum
2995 3173 3228 3226 essentia
3261 3173 3429 3237 illius;
3457 3172 3712 3240 idemque
3742 3170 3806 3224 de

564 3273 731 3312 unum
755 3267 913 3324 sunt;
941 3257 995 3312 in
1025 3259 1222 3326 quibus
1243 3266 1325 3313 est
1354 3258 1550 3323 deitas,
1577 3259 1691 3314 sive
1731 3268 1788 3313 ut
1818 3258 2128 3328 diligentius

560 3351 817 3414 dixerim,
838 3364 958 3419 quae
976 3351 1146 3404 deitas
1170 3358 1252 3405 est
1273 3350 1429 3418 juxta
1463 3348 1764 3419 theologum
1787 3349 2127 3423 Gregorium,

562 3440 913 3498 manifestum
965 3444 1087 3501 est,
1147 3441 1401 3508 quoniam
1464 3440 1602 3494 sicut
1665 3440 1823 3494 trium
1889 3439 2126 3495 essentia

561 3530 870 3586 substantia
902 3538 1018 3597 est,
1050 3530 1124 3584 ita
1156 3544 1385 3600 quaeque
1424 3531 1850 3584 substantiarum
1891 3527 2129 3584 essentia

563 3629 620 3674 et
671 3620 977 3689 substantia
1025 3629 1128 3675 est.
1164 3619 1268 3676 Sed
1300 3629 1411 3676 tres
1441 3621 1753 3677 substantias
1773 3619 1936 3675 Pater
1963 3627 2047 3675 est
2073 3627 2128 3675 et

555 3711 730 3768 Filius
781 3720 836 3768 et
893 3711 1128 3782 Spit-itus
1168 3723 1441 3778 sanctus;
1485 3713 1779 3768 secundum
1823 3711 1968 3767 enim
2013 3712 2128 3767 haec

557 3804 785 3858 relative
820 3807 883 3858 ad
910 3804 1140 3858 invicem
1176 3804 1391 3874 proprie
1425 3805 1786 3871 accipiuntur.

630 3895 817 3962 itaque
869 3907 1054 3948 verum
1093 3891 1334 3961 proiecto
1369 3900 1453 3946 est
1507 3892 1649 3960 quod
1697 3891 1923 3959 dicitur,
1979 3879 2126 3961 quod

555 3987 776 4055 quando
825 3983 1115 4053 coniuncte
1172 3982 1294 4036 Filii
1346 3984 1638 4036 essentiam
1687 3983 1938 4048 dicimus,
1993 3981 2126 4036 sub-

555 4074 812 4129 stantiam
871 4073 988 4142 ejus
1039 4073 1157 4127 sive
1208 4087 1492 4140 personam
1551 4074 1952 4140 signiﬁcamus;
2001 4087 2122 4126 cum

557 4179 844 4220 commune
872 4164 1086 4231 quidem
1114 4162 1402 4218 essentiam
1435 4162 1662 4217 dicendo
1705 4162 1971 4237 signetur,
2000 4176 2126 4230 pro—

553 4256 672 4324 pria
707 4269 834 4308 vero
878 4254 1178 4308 substantia
1240 4267 1335 4322 per
1393 4251 1672 4306 relativum
1739 4267 1936 4307 nomen
1997 4252 2120 4306 Filii

556 4346 863 4399 insinuetur
917 4359 932 4396 :
984 4343 1282 4398 substantia
1309 4342 1505 4412 quippe
1527 4357 1815 4397 commune
1845 4357 1964 4395 cum
1998 4357 2120 4409 pro-

2233 3262 2460 3330 reliquis
2492 3263 2813 3319 substantiis
2837 3262 3125 3318 dicendum
3158 3281 3171 3319 :
3206 3265 3402 3333 partim
3434 3263 3657 3334 quidem
3690 3260 3805 3314 Tri-

2231 3354 2375 3408 nitas
2418 3354 2576 3410 nobis
2617 3353 2919 3418 auferetur,
2957 3365 3012 3408 et
3044 3355 3294 3423 peribunt
3342 3354 3524 3435 omnia
3575 3368 3696 3422 qua:
3739 3352 3802 3406 de

2231 3443 2346 3515 ipsa
2399 3445 2486 3512 pie
2533 3445 2730 3499 tradita
2809 3445 3150 3512 suscepimus
3182 3461 3197 3498 :
3229 3444 3423 3515 partim
3469 3443 3804 3514 compositus

2231 3535 2338 3592 erit
2383 3534 2544 3601 Deus,
2575 3549 2641 3589 ex
2689 3543 2800 3588 tam
2839 3534 3210 3591 dilIerentibus
3241 3538 3307 3589 ad
3337 3537 3567 3592 invicem
3601 3549 3794 3592 secun-

2230 3628 2354 3682 dum
2398 3641 2511 3682 rem
2555 3635 2832 3682 constans.
2857 3626 2962 3683 Sed
2992 3628 3135 3683 enim
3172 3627 3272 3682 ista
3304 3628 3544 3683 absurda
3577 3639 3713 3684 sunt
3745 3634 3797 3682 et

2227 3716 2416 3787 impia.
2446 3715 2512 3771 Et
2544 3716 2670 3771 illud
2709 3716 2869 3786 igitur
2894 3718 3182 3773 absurdum
3221 3717 3436 3788 pen'tus
3469 3729 3523 3774 et
3547 3718 3792 3787 impium,

2209 3822 2334 3877 .qno
2369 3807 2543 3875 ιιοείτο
2574 3809 2675 3864 ista
2711 3818 3028 3878 sequuntur.

2302 3895 2566 3963 Quoniam
2623 3897 2786 3966 igitur
2839 3897 3142 3954 substantia
3186 3898 3402 3968 quidem
3461 3905 3516 3953 et
3561 3909 3790 3968 persona

2232 3987 2373 4042 idem
2400 3997 2504 4048 est,
2544 3989 2844 4042 substantia
2874 4004 3004 4045 vero
3029 4001 3080 4044 et
3111 3991 3412 4058 proprietas
3445 4005 3596 4059 atque
3647 3990 3784 4042 idem

2225 4088 2326 4146 est,
2359 4079 2667 4134 substantia
2713 4088 2892 4134 autem
2925 4082 3160 4135 essentia
3180 4089 3284 4147 est,
3375 4089 3433 4133 ut
3458 4094 3522 4134 ex
3561 4082 3645 4135 his
3675 4093 3787 4148 Quae

2226 4184 2384 4240 supra
2414 4170 2642 4225 diximus
2672 4179 2903 4235 constat,
2961 4173 3316 4227 manifestum
3365 4182 3445 4227 est
3470 4173 3583 4226 haec
3613 4171 3786 4226 omnia

2226 4261 2366 4316 idem
2417 4261 2468 4314 iu
2525 4261 2632 4316 Deo
2683 4277 2806 4318 esse
2850 4267 3143 4318 secundum
3197 4279 3332 4318 rem.
3386 4263 3450 4317 Et
3483 4263 3613 4317 illud
3663 4263 3782 4316 item

2226 4349 2566 4404 manifestum
2623 4361 2706 4406 est
2732 4353 2896 4420 quod,
2928 4351 2972 4406 si
2996 4353 3138 4406 aliud
3161 4353 3419 4418 essentia,
3452 4353 3600 4407 aliud
3657 4350 3784 4405 sub-

552 4436 675 4504 prio
719 4443 801 4487 est
831 4433 996 4487 dicta.
1039 4432 1191 4498 Quod
1237 4447 1359 4485 cum
1390 4448 1454 4484 ex
1497 4432 1615 4486 Filii
1650 4432 1886 4507 essentia
1921 4432 2116 4485 dicitur

2234 4441 2428 4494 stantia
2465 4456 2492 4493 a
2525 4441 2731 4496 sanctis
2757 4443 2974 4510 dicitur;
3020 4445 3113 4497 sed
3143 4455 3318 4497 tamen
3346 4443 3641 4499 secundum
3673 4453 3780 4495 rem

555 4525 794 4593 Spiritus
825 4533 1064 4583 sanctus,
1101 4537 1164 4575 ex
1202 4519 1316 4587 ejus
1361 4521 1690 4576 substantia’
1721 4521 1942 4575 dicitur.
1976 4520 2119 4575 Idem

549 4615 723 4679 enim,
793 4622 1052 4682 quantum
1116 4612 1180 4664 ad
1218 4626 1373 4676 rem,
1437 4611 1669 4666 essentia
1719 4623 1773 4664 et
1819 4612 2120 4666 substantia

551 4717 659 4759 est.
1566 4751 1569 4754 .

627 4795 996 4848 Damascenus
1043 4801 1300 4863 praeterea
1323 4792 1376 4845 in
1427 4792 1541 4845 suis
1576 4789 1892 4860 theologicis
1913 4791 2120 4860 capitu-

551 4885 640 4948 lis,
685 4885 892 4950 Deitas,
933 4885 1138 4952 inquit,
1181 4893 1429 4937 naturam
1502 4883 1779 4947 insinuat;
1822 4881 1984 4934 Pater
2019 4899 2116 4934 au-

545 4989 654 5031 tem
709 4979 845 5046 quod
888 4980 1082 5029 dicitur
1133 4976 1500 5042 substantiam,
1535 4975 1690 5027 sicuti
1722 4985 1769 5028 et
1813 4974 2116 5027 humanitas

547 5081 797 5123 naturam
865 5069 1224 5132 commendat,
1289 5067 1477 5121 Petrus
1552 5083 1671 5120 vero
1747 5065 2113 5118 substantiam.

547 5161 686 5227 Quia
749 5161 910 5228 igitur
970 5159 1420 5228 quemadmodum
1479 5156 1659 5214 Pater.
1727 5159 1797 5209 ita
1855 5166 1910 5209 et
1949 5154 2117 5207 Filius

548 5252 798 5307 similiter
877 5249 1237 5304 substantiam
1319 5247 1546 5313 indicat;
1624 5249 1924 5302 substantia
1985 5259 2116 5298 vero

542 5357 833 5397 cetnmune
867 5356 986 5395 cum
1021 5340 1272 5409 preprio,
1310 5339 1449 5393 sicut
1484 5339 1599 5407 ipse
1646 5339 1890 5393 deﬁnivit
1920 5353 1934 5401 ;
1964 5351 2114 5388 com-

545 5454 708 5491 mune
752 5447 929 5489 autem
985 5435 1166 5488 Deitas
1201 5433 1287 5487 vel
1316 5428 1542 5496 natura‘,
1591 5432 1673 5484 vel
1718 5430 1951 5484 essentia
2009 5439 2112 5483 est.

547 5529 755 5582 Dicitur
812 5537 986 5580 autem
1059 5539 1124 5578 ex
1201 5522 1326 5577 Filii
1371 5523 1604 5577 essentia
1657 5535 1778 5575 esse
1853 5520 2111 5588 Spiritum

541 5630 829 5681 sanctum;
867 5615 1210 5671 trianil'estum
1245 5621 1362 5673 est,
1397 5611 1650 5680 quoniam
1697 5625 1759 5662 ex
1813 5609 2109 5664 substantia

544 5712 714 5779 ipsius
746 5720 849 5764 est.

614 5799 876 5864 Quoniam
904 5814 1029 5856 vero
1052 5799 1188 5854 idem
1209 5797 1262 5851 in
1291 5795 1478 5850 iisdem
1505 5794 1578 5847 ait
1606 5809 1618 5844 :
1649 5790 1777 5846 Cum
1809 5807 1964 5843 unam
1994 5795 2117 5846 sub-

2227 4531 2483 4586 dixerunt
2536 4546 2639 4586 non
2681 4532 2823 4587 aliud
2865 4534 3183 4599 essentiam,
3219 4534 3364 4589 aliud
3393 4549 3511 4589 esse
3541 4535 3782 4588 substan—

2225 4622 2377 4685 tiam,
2397 4622 2488 4677 sed
2514 4624 2806 4677 secundum
2832 4624 2971 4691 quod
2997 4639 3100 4678 una
3126 4637 3285 4694 atque
3306 4624 3491 4679 eadem
3520 4639 3605 4678 res
3629 4623 3780 4676 aliter

2222 4712 2436 4778 quidem
2483 4712 2724 4780 signatur
2769 4726 2833 4764 ex
2868 4714 3081 4766 nomine
3103 4713 3355 4767 eesentias
3385 4728 3480 4767 seu
3534 4721 3775 4768 naturae.

2221 4801 2380 4854 aliter
2399 4815 2463 4853 ex
2499 4801 2713 4854 nomine
2747 4802 3060 4855 substantia:
3078 4802 3189 4855 sive
3207 4799 3614 4871 personaeJllud
3637 4800 3775 4854 enim

2221 4891 2577 4944 coxnmuniter
2625 4898 2679 4944 et
2728 4889 3006 4954 absolute,
3040 4892 3144 4944 hoc
3176 4894 3352 4943 autem
3401 4890 3615 4959 proprie
3671 4899 3777 4939 ma-

2223 4983 2320 5049 gis,
2355 4995 2474 5032 cum
2510 4994 2573 5034 eo
2605 4979 2817 5034 scilicet
2864 4980 3003 5047 quod
3040 4981 3104 5032 ad
3143 4979 3348 5046 aliquid
3387 4976 3773 5048 quodammodo

2222 5073 2416 5124 habeat
2453 5087 2466 5122 τ
2509 5071 2634 5140 quia
2688 5073 2831 5124 enim
2867 5072 3111 5126 absoluta
3144 5069 3210 5123 ab
3245 5069 3330 5124 bis
3379 5085 3496 5138 quae
3522 5068 3769 5122 dicuntur

2218 5163 2282 5216 ad
2313 5161 2537 5228 aliquid,
2561 5158 2832 5226 dill‘erunt;
2868 5175 3050 5214 eorum
3078 5175 3202 5214 vero
3229 5175 3345 5229 quze
3372 5159 3423 5212 in
3451 5158 3559 5211 Deo
3589 5158 3768 5211 diruu—

2225 5263 2339 5318 tur,
2374 5253 2724 5321 alia.quidem
2777 5252 3021 5306 absoluta
3077 5261 3201 5305 sunt
3231 5253 3443 5304 nomina
3471 5266 3586 5319 qute
3613 5262 3765 5302 unum

2217 5345 2381 5399 Deum
2413 5345 2703 5398 indiscrete
2735 5344 3060 5412 signiﬁcant,
3116 5342 3217 5395 alia
3257 5357 3385 5394 vero
3435 5340 3763 5396 reiativeha—

2214 5437 2340 5489 bent
2373 5449 2491 5503 quite
2531 5435 2736 5488 anobis
2791 5434 3113 5487 Trinitatem
3170 5434 3563 5492 commendant,
3611 5441 3662 5484 et
3689 5441 3766 5480 se-

2213 5527 2444 5578 cundum
2488 5505 2564 5576 ea.
2599 5524 2850 5590 quidem,
2897 5538 3016 5591 quae
3057 5524 3302 5577 absoluta
3359 5531 3413 5576 et
3463 5517 3762 5575 communia

2215 5623 2370 5677 sunt,
2419 5615 2566 5667 unita
2610 5613 2900 5682 'l‘heologia
2946 5623 3190 5675 constat,
3237 5612 3529 5665 secundum
3561 5620 3760 5664 vczoea

2218 5721 2334 5772 qum
2372 5706 2436 5756 ad
2457 5705 2684 5758 invicem
2716 5704 2935 5758 relative
2971 5713 3095 5758 sunt
3117 5744 3132 5767 ,
3169 5713 3221 5756 et
3250 5705 3541 5757 secundum
3563 5717 3622 5753 ea
3650 5713 3760 5768 qtue

2229 5799 2292 5849 ad
2326 5797 2524 5864 aliquid
2572 5797 2790 5860 habent,
2847 5797 3078 5849 discreta
3123 5799 3426 5848 contexitur
3462 5792 3760 5859 tlteolOg-it;
