4144 6296
404 85 494 148 illi

1471 85 1867 147 ADVERSUS
1898 86 2208 147 GRAECOS
2237 87 2379 149 LIB.
2427 92 2505 149 ll.
3529 95 3634 162 1-12

400 202 572 254 unitio
625 214 751 254 vero
797 207 956 269 atque
991 198 1244 254 discretio
1290 213 1397 252 non
1444 198 1584 254 idem
1620 208 1734 263 est;
1792 213 1962 265 neque
1996 205 2037 260 Α
2068 199 2364 251 secundum
2411 197 2769 268 proprietates
2815 217 2936 270 aure
2999 203 3331 259 substantias
3380 209 3631 259 ostende-

397 294 539 345 enim
584 291 863 345 relativum
896 301 952 345 et
999 290 1302 344 absolutum
1352 289 1492 344 idem
1525 291 1818 343 secundum
1843 289 1959 364 "hoc

397 385 600 435 dictum
630 392 746 436 est:
773 382 1014 450 sequitur
1037 395 1142 434 non
1173 381 1310 437 idem
1341 395 1461 434 esse
1484 381 1774 435 essentiam
1798 389 1962 446 atque

397 472 778 526 substantiam.
829 471 1090 525 Essentitc
1135 471 1277 525 enim
1304 485 1498 524 nomen
1524 469 1774 538 quiddam
1801 468 1961 520 abso-

396 565 568 617 lutum
619 565 816 630 signat,
882 565 1182 618 substantia
1225 563 1337 633 (33)
1370 577 1497 615 vero
1545 562 1817 630 prapriam
1861 575 1958 614 cu-

391 653 590 722 jusque
645 662 828 707 notam
904 659 1268 719 commendat,
1320 655 1618 710 secundum
1677 669 1834 723 quam
1890 656 1956 708 ad

397 744 554 796 aliam
587 742 818 798 refertur
847 757 1153 811 personam.

467 833 601 885 Nam
627 833 854 901 exempli
885 847 1070 896 causa,
1103 834 1292 888 dexter
1325 837 1487 887 homo
1516 836 1584 888 ab
1620 849 1684 889 eo
1710 834 1800 904 qui
1826 836 1956 890 sim-

394 922 606 990 pliciter
656 923 816 976 homo
856 934 938 978 est
992 926 1289 978 secundum
1341 926 1484 996 quod
1533 925 1851 994 simpliciter
1903 935 1956 977 et

395 1014 574 1080 aliquo
599 1015 778 1078 modo,
799 1015 914 1069 sive
952 1017 1244 1069 secundum
1278 1030 1563 1069 commune
1590 1026 1642 1068 et
1679 1016 1953 1086 proprium

393 1105 571 1159 dill'ert
593 1145 608 1170 ,
660 1105 762 1160 etsi
789 1108 1082 1160 secundum
1134 1122 1246 1160 rem
1276 1107 1416 1160 idem
1445 1108 1514 1161 sit
1545 1109 1732 1161 dexter
1758 1109 1949 1172 homo;

393 1197 588 1264 quippe
635 1207 687 1249 et
708 1197 898 1250 Petrus
949 1196 1110 1251 homo
1153 1207 1234 1251 est
1265 1205 1319 1251 et
1351 1198 1488 1251 illius
1542 1197 1728 1264 Jome;
1777 1212 1951 1267 neque

395 1289 625 1340 alterum
673 1285 940 1354 signiﬁcat
995 1287 1084 1354 qui
1121 1289 1368 1341 eumdem
1407 1287 1622 1341 Petrum
1677 1289 1948 1341 hoiuinem

393 1377 542 1440 dicit;
574 1376 801 1430 alterum
828 1390 976 1439 vero,
1012 1390 1129 1430 cum
1157 1377 1402 1432 eumdem
1437 1377 1600 1435 lilium
1626 1376 1773 1432 Jonas
1803 1379 1954 1431 dixe-

394 1469 481 1520 rit.
523 1465 832 1520 Secundum
891 1481 1048 1528 vero,
1103 1468 1244 1537 quod
1270 1466 1591 1532 simpliciter
1649 1478 1704 1521 et
1773 1453 1952 1537 aliquo

397 1557 550 1611 modo
574 1556 792 1620 dicitur,
823 1555 1183 1611 diﬂ‘erentiam
1213 1566 1421 1612 tantum
1454 1558 1652 1612 indicat
1679 1575 1694 1623 ;
1727 1558 1953 1611 dicendo
1989 1538 2028 1590 Β

395 1647 534 1699 enim
599 1644 818 1700 Petrum
862 1645 1134 1700 hominem
1173 1647 1422 1702 absoluto
1443 1658 1498 1702 et
1556 1648 1826 1702 communi
1856 1664 1950 1700 no-

396 1738 533 1790 miue
565 1735 887 1801 subjectum.
945 1736 1195 1790 eumdem
1248 1751 1376 1789 vero
1399 1746 1453 1790 et
1479 1733 1632 1791 Jonas
1673 1736 1837 1790 lilium
1869 1735 1952 1789 di-

395 1826 590 1884 cendo.
620 1827 842 1894 proprio
872 1837 924 1878 et
965 1825 1186 1879 relativo
1207 1835 1261 1878 et
1293 1825 1512 1879 deﬁnito
1540 1825 1778 1890 nomine,
1802 1840 1952 1880 eum-

393 1919 507 1969 dem
537 1929 591 1970 et
624 1917 790 1969 lilium
827 1929 947 1970 esse
997 1930 1061 1969 ex
1098 1915 1316 1969 homine
1374 1912 1509 1968 Jona
1551 1916 1641 1983 qui
1695 1925 1846 1984 pater
1877 1915 1950 1967 illi

397 2007 513 2070 luit,
546 2008 764 2061 indicat.
820 2004 923 2058 Per
977 2015 1264 2072 utrumque
1289 2019 1420 2074 ergo
1459 2021 1654 2060 nomen
1687 2005 1842 2060 aliter
1898 2013 1951 2057 et

392 2098 549 2152 aliter
601 2098 737 2151 idem
778 2098 1155 2166 signiﬁcatur,
1207 2097 1430 2150 relative
1485 2098 1695 2152 scilicet
1717 2107 1769 2150 et
1797 2097 1951 2150 abso-

395 2192 747 2245 lutetsolunt
806 2195 986 2242 autem
1045 2187 1361 2257 simpliciter
1422 2196 1478 2242 et
1539 2189 1725 2257 aliquo
1790 2189 1949 2242 modo

390 2280 589 2334 dilfert.
647 2278 805 2332 Aliud
843 2278 986 2331 enim
1041 2279 1331 2330 essentiam
1381 2277 1499 2330 sine
1527 2276 1712 2331 habitu
1742 2277 1950 2343 signiti-

392 2382 514 2434 rat;
573 2370 718 2424 aliud
770 2366 1013 2422 eamdem
1073 2375 1128 2420 et
1175 2365 1242 2420 ad
1294 2365 1496 2435 aliquid
1554 2368 1950 2436 quodammodo

391 2465 692 2518 habentem.

463 2559 766 2610 Attcstatur
825 2565 1004 2613 autem
1070 2555 1155 2611 his
1195 2569 1312 2622 qua:
1350 2555 1491 2609 dicta
1531 2561 1656 2606 sunt
1717 2553 1950 2619 primum

388 2648 610 2716 quidem
688 2659 914 2714 magnus
982 2644 1333 2710 Athanasius,
1374 2654 1556 2708 postea
1609 2657 1735 2695 vero
1788 2645 1951 2695 etiam

388 2744 617 2792 sanctus
664 2733 970 2798 Maximus,
1029 2744 1195 2802 atque
1261 2733 1420 2786 ambo
1453 2733 1504 2786 in
1554 2733 1783 2804 dialogis
1835 2733 1951 2788 suis

387 2827 649 2881 adversus
686 2826 1026 2879 Anommum.
1069 2825 1328 2878 Anomtno
1362 2824 1504 2878 enim
1544 2825 1756 2879 dicente
1804 2823 1947 2879 aliud
1977 2855 2017 2912 ε

386 2916 700 2978 essentiam,
726 2915 868 2970 aliud
889 2928 1008 2968 esse
1029 2917 1411 2978 substantiam,
1434 2925 1652 2970 sanctus
1675 2915 1944 2971 Maximus

389 3007 678 3080 respondet
715 3023 728 3060 :
774 3004 937 3058 Aliud
978 3013 1026 3059 et
1074 3005 1222 3058 aliud
1280 3023 1383 3060 non
1431 3023 1580 3077 quasi
1607 3026 1750 3073 rem;
1779 3018 1942 3079 atque

390 3097 484 3152 illo
515 3098 778 3151 iul‘erente
799 3112 813 3150 :
832 3093 976 3149 Num
1003 3111 1124 3168 ergo
1143 3100 1441 3165 compositio
1455 3100 1479 3154 ?
1493 3097 1727 3154 Sanctus
1748 3100 1944 3169 adjun-

390 3192 504 3260 git:
539 3190 694 3243 Aliud
717 3198 763 3243 et
789 3189 935 3242 aliud
965 3181 1095 3254 dixi,
1128 3206 1229 3243 non
1257 3196 1408 3260 quasi
1427 3207 1554 3255 rem,
1583 3196 1671 3246 sed
1711 3205 1767 3246 ut
1793 3195 1941 3245 aliud

390 3279 587 3350 aliquid
612 3282 856 3347 essentia,
903 3280 1048 3332 aliud
1078 3281 1406 3351 signiﬁcante
1440 3286 1764 3337 substantia.
1795 3284 1941 3335 Sicut

389 3389 609 3442 granum
632 3373 793 3428 tritici
821 3372 1016 3426 dicitur
1040 3383 1088 3425 et
1146 3389 1315 3427 semen
1365 3384 1438 3426 est
1467 3385 1512 3426 et
1543 3375 1768 3441 fruetus;
1799 3375 1944 3426 aliud

389 3475 560 3517 autem
593 3465 854 3532 quoddam
885 3463 1146 3532 signiﬁcat
1177 3478 1372 3527 semen,
1407 3463 1553 3514 aliud
1578 3463 1803 3528 fructus.

458 3556 772 3610 Concedeus
809 3569 939 3623 ergo
1002 3564 1224 3608 sanctus
1254 3554 1386 3617 illic,
1427 3553 1571 3606 aliud
1607 3567 1729 3608 esse
1758 3566 1944 3607 essen-

390 3645 541 3708 tiam,
578 3645 718 3698 aliud
758 3645 1142 3712 substantiam,
1173 3658 1277 3698 nou
1303 3653 1478 3697 tamen
1515 3644 1782 3714 geminam
1821 3643 1938 3696 dei-

391 3735 550 3780 tatem
583 3727 806 3797 intelligi
841 3729 1100 3796 permittit
1141 3745 1156 3781 :
1196 3735 1480 3797 propterea
1535 3729 1743 3782 scilicet
1797 3727 1942 3796 quod

389 3831 491 3869 non
528 3817 665 3869 idem
703 3818 884 3871 itidem
927 3818 1191 3887 signiticet
1223 3819 1392 3871 deitas
1413 3827 1467 3871 et
1497 3818 1824 3882 substantia,
1861 3823 1944 3875 vel

351 3891 354 3894 ’
387 3905 622 3958 essentia
651 3914 704 3959 et
733 3907 1057 3960 substantia.
1084 3906 1232 3960 Licet
1265 3908 1427 3976 igitur
1459 3909 1596 3961 idem
1646 3909 1942 3962 essentiam

389 4007 451 4047 ac
490 3997 856 4049 substantiam
885 3997 1064 4051 dicere
1087 4000 1379 4050 secundum
1410 4012 1520 4051 rem
1560 4010 1624 4062 .et
1681 4000 1828 4053 aliud
1857 4016 1946 4053 es-

389 4085 798 4147 sentiam,aliud
823 4088 1176 4142 substantiam
1237 4092 1526 4144 secundum
1589 4092 1944 4158 significatita

2065 296 2206 354 rent,
2236 287 2470 344 nolebat.
2524 288 2579 344 Si
2612 291 2730 357 quis
2755 294 2897 346 enim
2951 305 3228 362 paternam
3272 296 3628 350 substantiam

2064 376 2344 431 relativum
2371 378 2552 442 dicat,
2601 394 2821 438 necesse
2851 391 2954 446 est,
2994 393 3046 438 ct
3079 386 3143 437 ad
3180 387 3320 454 quod
3358 387 3626 450 refertur,

2071 468 2230 521 simul
2255 469 2520 522 conliteri.
2544 469 2856 539 llujustnodi
2883 475 3082 541 quippe
3107 486 3297 527 natura
3323 486 3408 531 est
3439 492 3626 530 earum

2063 575 2242 613 rerum
2278 573 2397 629 quas
2425 559 2492 613 ad
2538 561 2740 630 aliquid
2773 563 3046 619 dicuntur.
3101 565 3245 623 Idem
3295 581 3420 622 vero
3465 578 3517 620 et
3575 569 3627 621 in

2062 649 2364 702 substantia
2420 650 2597 717 genita
2633 661 2687 703 et
2733 651 2785 703 in
2841 653 3162 720 procedente
3197 655 3482 712 dicendum
3525 668 3629 711 est.

2065 738 2176 793 Hoc
2209 750 2390 794 autem
2422 741 2472 792 in
2508 739 2613 794 Deo
2641 742 2815 810 posito
2837 781 2852 806 ,
2883 758 3101 798 necesse
3130 754 3214 799 est
3241 757 3350 800 tres
3384 748 3633 804 substan-

2064 831 2188 893 tias,
2224 845 2318 882 seu
2343 840 2455 884 tres
2489 846 2746 899 personas
2792 832 2952 885 Deum
3010 837 3304 890 secundum
3343 839 3458 890 lidei
3488 843 3632 908 pusi-

2063 921 2267 974 tionem
2303 936 2368 974 ex
2421 925 2795 990 processibus,
2825 923 2939 977 sire
2984 926 3334 982 rulat'onibus
3367 945 3631 997 apparen-

2062 1021 2142 1065 tes
2163 1010 2426 1075 conllteri,
2451 1012 2590 1080 quod
2615 1022 2726 1066 erat
2747 1017 3071 1069 contrarium
3093 1016 3309 1072 Sabellii
3335 1026 3626 1087 Itl'ttpositn.

2052 1137 2062 1144 .
2097 1098 2170 1150 De
2201 1098 2302 1152 hoc
2333 1101 2472 1165 quod
2509 1101 2843 1176 propositum
2891 1111 2994 1162 est.
3019 1113 3072 1159 et
3124 1120 3347 1173 magnus
3395 1105 3628 1159 Basilius

2062 1189 2112 1242 itt
2150 1187 2447 1254 exemplari
2479 1187 2693 1242 dictata!
2721 1195 2786 1241 ab
2811 1206 2876 1246 co
2907 1192 3050 1255 lidei,
3078 1193 3232 1262 cujus
3265 1196 3470 1248 initium
3502 1208 3580 1250 est
3611 1216 3624 1249 :

2061 1277 2164 1330 Eos
2197 1278 2283 1346 qui
2311 1280 2557 1344 punienti
2620 1289 2742 1331 sunt
2781 1282 2887 1332 alia
2920 1282 3042 1347 [idet
3099 1284 3441 1348 confessione,
3496 1288 3563 1336 ait
3608 1303 3624 1338 :

2062 1368 2285 1431 Quidam
2320 1384 2437 1422 vero
2491 1368 2555 1420 ab
2593 1370 2858 1436 impietate
2914 1372 3035 1439 Afri
3081 1372 3301 1426 Sabe/lii
3344 1377 3622 1436 venientes,

2059 1458 2409 1512 substantiam
2444 1458 2795 1531 [’hypostasin}
2825 1473 2978 1532 atque
3020 1468 3298 1518 essentiam
3329 1467 3462 1519 idem
3515 1485 3626 1521 esse

2054 1550 2328 1614 suspicati,
2357 1552 2474 1603 inde
2499 1553 2796 1607 occasiones
2827 1556 3203 1609 concinnandte
3231 1575 3338 1611 sua:
3363 1560 3619 1624 blasphe-

2056 1643 2174 1696 mia:
2200 1643 2444 1706 trahunt,
2479 1659 2542 1694 et:
2574 1659 2633 1695 eo
2657 1683 2672 1708 ,
2703 1645 2841 1711 quod
2874 1649 2927 1696 in
2971 1646 3072 1724 ﬁde
3101 1649 3353 1710 scriptum
3384 1651 3450 1700 sit
3506 1668 3521 1702 :
3561 1649 3622 1701 Si

2054 1733 2168 1799 quis
2204 1741 2378 1788 autem
2413 1749 2476 1785 ex
2525 1737 2630 1786 alia
2674 1736 2897 1788 essentia
2962 1737 3066 1788 sire
3098 1738 3390 1790 substantia
3418 1737 3620 1790 Filium

2053 1834 2162 1872 esse
2180 1819 2393 1882 dixerit,
2431 1819 2566 1873 hunc
2608 1821 3020 1873 anathematizat
3051 1823 3382 1876 catholicaet
3409 1836 3621 1890 aposto-

2060 1909 2163 1958 lica
2195 1907 2454 1962 Ecclesia.
2498 1907 2616 1960 Non
2651 1910 2786 1962 enim
2830 1910 2936 1964 illic
2973 1913 3108 1965 idem
3140 1913 3402 1976 dixerunt,
3447 1931 3620 1968 essen-

2054 1999 2180 2050 tiam
2219 2007 2373 2068 atque
2411 2001 2757 2053 substantiam
2781 2037 2797 2054 .
2831 1999 2890 2055 Si
2918 2003 3052 2054 enim
3093 2020 3250 2056 unum
3294 2017 3446 2074 atque
3477 2023 3621 2058 eam-

2052 2089 2165 2140 dem
2200 2090 2601 2158 intelltgentiant
2635 2090 2966 2144 insinuarent
3019 2109 3199 2157 uoces,
3242 2096 3367 2164 quid
3412 2112 3619 2151 necesse

2051 2192 2160 2233 erat
2196 2195 2437 2242 utrasque
2483 2185 2716 2246 ponere?
2766 2183 2986 2237 Constat
3039 2201 3154 2237 t'ero
3209 2189 3452 2254 quoniam
3499 2192 3618 2242 aliis

2051 2271 2259 2336 quidem
2307 2286 2369 2322 ea:
2423 2270 2601 2323 Patris
2644 2273 2791 2324 illum
2846 2276 3072 2326 essentia
3114 2292 3222 2328 esse
3263 2279 3565 2348 negantibus
3600 2319 3612 2339 .

2052 2359 2170 2410 aliis
2219 2376 2332 2412 vero
2358 2361 2666 2421 dicentibus,
2710 2363 2833 2430 quia
2867 2380 3028 2430 neque
3064 2380 3126 2416 ex
3162 2369 3406 2426 essentia,
3455 2384 3614 2424 neque

2051 2468 2113 2504 ea:
2151 2454 2439 2504 substantia
2463 2465 2619 2519 esset;
2644 2454 2718 2505 ita
2776 2468 2995 2520 utraque
3032 2465 3086 2508 ut
3113 2443 3289 2510 aliena
3341 2458 3404 2510 ab
3455 2462 3617 2511 eccle-

2053 2543 2268 2594 εἱαδίτσ
2311 2544 2658 2612 intelligentia
2697 2545 3101 2602 inter-dixerunt.
3159 2546 3258 2600 Ubi
3301 2551 3436 2601 enim
3491 2566 3611 2602 sen-

2055 2648 2170 2684 sum
2218 2651 2370 2688 suum
2413 2647 2796 2703 expresserunt,
2835 2652 2898 2690 er-
2933 2636 3110 2692 Patris
3145 2641 3372 2691 essentia
3414 2638 3608 2692 Filium

2054 2723 2320 2786 dixerunt;
2359 2739 2459 2775 non
2475 2723 2591 2792 jam
2634 2724 2939 2793 adjicientes
2979 2737 3025 2779 et
3053 2743 3116 2780 ex
3145 2729 3462 2782 substantia.
3498 2728 3614 2782 Ita-

2051 2827 2149 2879 que
2197 2821 2247 2865 et
2299 2811 2432 2863 illud
2488 2811 2694 2881 quidem
2749 2831 2843 2882 pro
2899 2816 3178 2870 abolitione
3232 2821 3472 2885 pessima
3525 2821 3610 2870 in-

2050 2903 2351 2973 telligentia
2394 2903 2623 2971 positum
2666 2915 2766 2967 est,
2806 2906 2899 2960 hoc
2937 2916 3109 2962 autem
3144 2908 3384 2962 salutare
3419 2907 3608 2977 dogma

2043 2994 2374 3062 manifestat.

2116 3107 2229 3162 lloc
2262 3108 2314 3161 in
2345 3107 2461 3163 loco
2483 3120 2709 3176 magnus
2736 3106 2962 3163 Basilius
2984 3107 3289 3164 dicentibus
3317 3107 3608 3162 Patribus:

2046 3197 2102 3252 Si
2134 3198 2254 3269 quis
2281 3210 2408 3250 vero
2431 3195 2648 3260 dixerit,
2678 3210 2742 3251 ex
2775 3197 2876 3250 alia
2905 3199 3160 3259 essentia,
3194 3212 3288 3251 seu
3311 3197 3618 3250 substantia

2045 3287 2261 3349 Filium,
2292 3288 2434 3340 hunc
2465 3288 2887 3348 anathematiut
2922 3287 3186 3342 Catholica
3233 3297 3284 3340 et
3317 3288 3611 3354 apostolica

2047 3376 2409 3442 Ecclesia,eus
2430 3378 2522 3444 qui
2558 3378 2684 3430 hinc
2715 3375 3089 3439 conﬁciebant,
3139 3377 3278 3430 idem
3330 3391 3449 3429 esse
3477 3385 3536 3428 su
3551 3378 3618 3427 b-

2045 3465 2296 3521 stantiam
2374 3473 2535 3534 atque
2583 3467 2874 3519 essentiam
2907 3505 2922 3529 ,
2954 3466 3135 3532 culpat
3213 3476 3267 3520 et
3332 3469 3407 3518 ait
3447 3485 3460 3518 :
3497 3467 3610 3519 Non

2047 3561 2213 3625 enim,
2238 3559 2362 3629 quia
2399 3558 2803 3624 illicdixerunt,
2839 3575 2904 3614 ex
2939 3559 3044 3612 alia
3077 3562 3329 3617 essentia.
3357 3560 3618 3612 sivcsub-

2047 3655 2263 3713 Stantia.
2314 3653 2437 3708 inde
2490 3653 2757 3720 colligitur
2832 3654 2972 3707 idem
3033 3667 3152 3706 esse
3203 3653 3491 3705 essentiam
3534 3665 3614 3703 at-

2047 3758 2153 3813 que
2184 3743 2540 3797 substantiam
2571 3761 2586 3809 ;
2617 3745 2711 3797 sed
2756 3746 3108 3812 quorumdam
3147 3741 3427 3811 Opiniones
3463 3740 3619 3792 lalla-

2047 3850 2136 3887 ces
2157 3835 2225 3890 ab
2257 3835 2493 3889 Ecclesia
2522 3834 2860 3888 eliminantes
2887 3874 2902 3897 ,
2949 3836 3192 3901 utrisque
3224 3833 3341 3886 istis
3389 3832 3616 3886 vocibus

2049 3923 2127 3977 usi
2163 3934 2308 3977 sunt.
2344 3924 2399 3980 Si
2431 3926 2572 3978 enim
2609 3925 2748 3977 idem
2771 3926 2941 3978 ambae
2967 3925 3356 3991 signiﬁcarent,
3388 3937 3617 3977 necesse

2048 4014 2286 4081 proiecto
2322 4032 2423 4067 nun
2468 4025 2585 4069 erat
2621 4027 2876 4084 utrasque
2927 4029 3149 4083 ponere.
3198 4014 3304 4070 Sed
3356 4016 3608 4082 quoniam

2049 4102 2140 4154 alii
2189 4103 2404 4169 quidem
2467 4104 2732 4172 negabant
2793 4118 2854 4154 es
2906 4102 3082 4156 Patris
3127 4103 3358 4157 essentia
3417 4102 3615 4157 Filium

392 4177 566 4228 rerum
601 4177 837 4231 nomina.
863 4177 928 4230 Et
961 4188 1249 4246 utrumque
1275 4190 1450 4234 tamen
1484 4196 1666 4235 verum
1699 4193 1797 4237 est.
1832 4182 1944 4237 Non
1981 4213 2024 4268 ο
2053 4205 2200 4257 esse,
2293 4190 2507 4258 quidam
2561 4209 2690 4245 vero
2733 4208 2904 4262 neque
2935 4207 2998 4245 ex
3039 4207 3139 4246 ess-
3167 4196 3296 4257 utia,
3340 4207 3512 4260 neque
3545 4209 3613 4247 es.

391 4266 532 4318 enim
564 4266 858 4319 secundmn
887 4266 1030 4320 idem
1065 4269 1225 4322 etiam
1285 4272 1444 4324 ambo
1468 4273 1519 4323 in
1564 4281 1818 4339 quantum
1866 4289 1950 4326 es-

389 4356 557 4408 sentia
585 4355 800 4422 quidem
823 4371 1109 4412 commune
1154 4357 1464 4427 signiﬁcat,
1517 4369 1571 4413 et
1623 4362 1762 4415 idem
1807 4363 1947 4430 qaud

392 4457 505 4499 erat
538 4461 678 4500 esse.
720 4446 1032 4501 Substantia
1057 4462 1182 4502 vero
1233 4444 1396 4513 idem,
1420 4459 1473 4502 et
1490 4451 1552 4503 ad
1583 4453 1785 4520 aliquid
1809 4468 1948 4521 quo-

391 4533 676 4587 dammodo
725 4535 928 4590 habens
956 4537 1037 4590 vel
1061 4537 1350 4606 gignentls,
1381 4539 1460 4594 vel
1490 4541 1676 4608 geniti,
1714 4544 1792 4595 vel
1821 4558 1947 4613 pro-

390 4628 633 4678 cedentis
686 4627 768 4678 vel
800 4627 1042 4694 producti
1074 4629 1300 4682 ratione.

466 4715 671 4770 Dictum
703 4726 786 4772 est
815 4727 990 4772 autem
1033 4734 1064 4772 a
1093 4721 1296 4775 sanctis
1333 4736 1437 4777 non
1476 4721 1616 4777 idem
1655 4720 1942 4779 essentiam

297 4835 318 4840 -
395 4819 515 4859 esse
543 4813 704 4875 atque
733 4808 1110 4872 substantiam,
1143 4821 1358 4879 propter
1382 4811 1667 4866 Sabellium
1694 4819 1946 4872 maxime.

399 4897 494 4950 llic
538 4903 681 4952 enim
729 4913 892 4952 unam
936 4914 1218 4972 personam
1271 4903 1433 4957 Deum
1477 4919 1597 4958 esse
1645 4907 1905 4960 conﬁtens
1931 4945 1945 4970 ,

397 4987 528 5040 idem
563 4991 614 5041 in
651 4991 756 5042 Deo
784 5003 905 5045 esse
949 4991 1304 5045 substantiam
1351 5005 1404 5049 et
1439 4998 1731 5052 essentiam
1760 5015 1948 5053 secun-

394 5078 516 5131 dum
569 5094 703 5144 rem,
750 5091 804 5133 et
855 5081 1088 5136 libenter
1135 5082 1348 5151 quidem
1403 5087 1778 5143 conﬁtebatur.
1839 5090 1948 5145 lloc

394 5172 531 5223 enim
565 5173 637 5224 illi
671 5173 904 5225 maxime
934 5173 998 5226 ad
1034 5173 1083 5225 Id
1115 5174 1256 5240 quod
1300 5175 1647 5242 moliebatur,
1701 5181 1946 5234 cautere-

398 5263 562 5316 rebat.
590 5261 928 5318 Substantias
949 5278 1076 5318 vero
1100 5279 1194 5317 seu
1224 5279 1480 5333 personas
1503 5269 1784 5325 relativum
1807 5288 1944 5340 esse,

462 5443 572 5514 (33)
611 5447 819 5504 Accipit
858 5449 1216 5504 substantiam
1251 5465 1347 5518 pro
1384 5451 1684 5522 bypostasi.

2051 4281 2354 4335 substantia
2407 4280 2581 4336 Patris
2644 4282 2788 4336 illum
2851 4297 2968 4335 esse
3025 4283 3353 4342 fatebantur,
3409 4283 3614 4336 idcirco

2052 4380 2278 4437 utraque
2308 4370 2726 4436 interdixeruut,
2763 4389 2858 4440 pro
2896 4374 3167 4427 deletiune
3188 4376 3432 4441 pessima:
3454 4375 3611 4425 intul-

2049 4458 2283 4526 ligentiu:
2337 4463 2666 4515 anathemati
2732 4463 3114 4528 subjicientes,
3164 4465 3205 4514 si
3254 4463 3373 4528 quis
3415 4478 3480 4516 cx
3506 4464 3614 4514 alia

2051 4551 2285 4606 essentia
2314 4552 2426 4607 sive
2449 4555 2744 4609 substantia
2776 4556 2966 4608 Filium
3006 4555 3227 4608 dixerit.

2122 4643 2196 4695 Es
2218 4643 2510 4714 quoiliquet
2534 4657 2779 4698 sanctum
2815 4647 3155 4709 concludere,
3193 4658 3294 4697 non
3325 4642 3463 4698 idem
3490 4659 3558 4698 es
3583 4659 3619 4696 ο

2053 4735 2344 4791 essentiam
2381 4747 2542 4803 atque
2591 4737 2969 4792 substantiam.
3025 4737 3176 4802 Quod
3213 4736 3429 4805 quidam
3471 4729 3615 4804 prtu-

2058 4835 2136 4879 ter
2165 4832 2338 4888 sancti
2373 4829 2474 4882 viri
2499 4827 2855 4882 intentionem
2916 4839 3317 4894 perverteutes,
3366 4829 3418 4880 in
3452 4829 3621 4896 pluri-

2058 4931 2173 4972 mas
2208 4923 2580 4994 absurditates
2611 4917 2875 4972 incidunt.
2933 4919 3119 4985 Neque
3150 4920 3290 4973 enim
3347 4919 3464 4972 illos
3499 4918 3619 4970 cul-

2054 5017 2168 5080 PM.
2224 5025 2373 5118 quod
2443 5011 2736 5070 secundum
2816 5024 2930 5063 rem
2989 5008 3126 5062 idem
3173 5023 3292 5062 esse
3337 5016 3621 5060 essentiam

2057 5107 2105 5118 Α·
2502 5104 2532 5118 ι·
2680 5099 2912 5118 ιε---εΑ.-
2974 5097 3069 5118 L-_
3106 5101 3238 5118 ,μεη-
3292 5111 3471 5118 ,ηῌηη
3510 5104 3621 5118 “mn

2054 5107 2227 5186 atque
2245 5097 2628 5196 ἐιὼδιωιιιιιιιι
2667 5099 2916 5161 dixerint;
2974 5097 3074 5150 hoc
3103 5101 3244 5150 enim
3292 5111 3473 5147 verum
3509 5104 3636 5142 esse

2158 5162 2247 5275 λ
2270 5162 2608 5275 s“_‘f:;cut\\
2636 5189 2834 5244 sanctis
2866 5186 3114 5240 Pultibus
3132 5187 3388 5251 loquitur,
3413 5181 3638 5275 ipseque

2220 5256 2304 5338 διὸ
2334 5256 2541 5364 ’Ῥδμαζι
2571 5284 2865 5354 Gregorium
2905 5279 3117 5333 iratrem
3183 5278 3465 5326 attestatur
3495 5283 3511 5329 ;
3547 5262 3647 5316 sed
