  <div class='ocr_page' id='page_1' title='image "/cluster/home/n/w/nwhite01/storage/ocr_20150623/152/mdp.39015078384735/059.png"; bbox 0 0 4144 6296; ppageno 0'>
   <div class='ocr_carea' id='block_1_1' title="bbox 458 347 559 411">
    <p class='ocr_par' dir='ltr' id='par_1_1' title="bbox 458 347 559 411">
     <span class='ocr_line' id='line_1_1' title="bbox 458 347 559 411; baseline -0.02 0"><span class='ocrx_word' id='word_1_1' title='bbox 458 347 559 411; x_wconf 72' lang='grc' dir='ltr'><strong>1οἶ</strong></span> 
     </span>
    </p>
   </div>
   <div class='ocr_carea' id='block_1_2' title="bbox 1706 340 2531 405">
    <p class='ocr_par' dir='ltr' id='par_1_2' title="bbox 1706 340 2531 405">
     <span class='ocr_line' id='line_1_2' title="bbox 1706 340 2531 405; baseline -0.006 0"><span class='ocrx_word' id='word_1_2' title='bbox 1706 344 2095 405; x_wconf 71' lang='lat' dir='ltr'><strong>MANUELIS</strong></span> <span class='ocrx_word' id='word_1_3' title='bbox 2136 340 2435 404; x_wconf 67' lang='lat' dir='ltr'><strong>CALECIE</strong></span> <span class='ocrx_word' id='word_1_4' title='bbox 2524 352 2531 359; x_wconf 84' lang='lat'><strong>‘</strong></span> 
     </span>
    </p>
   </div>
   <div class='ocr_carea' id='block_1_3' title="bbox 3602 339 3749 404">
    <p class='ocr_par' dir='ltr' id='par_1_3' title="bbox 3602 339 3749 404">
     <span class='ocr_line' id='line_1_3' title="bbox 3602 339 3749 404; baseline -0.014 0"><span class='ocrx_word' id='word_1_5' title='bbox 3602 339 3749 404; x_wconf 62' lang='grc'><strong>104</strong></span> 
     </span>
    </p>
   </div>
   <div class='ocr_carea' id='block_1_4' title="bbox 450 449 3761 529">
    <p class='ocr_par' dir='ltr' id='par_1_4' title="bbox 450 449 3761 529">
     <span class='ocr_line' id='line_1_4' title="bbox 450 449 3761 529; baseline -0.002 -18"><span class='ocrx_word' id='word_1_6' title='bbox 450 460 580 529; x_wconf 83' lang='lat' dir='ltr'><strong>quia</strong></span> <span class='ocrx_word' id='word_1_7' title='bbox 639 455 932 512; x_wconf 86' lang='lat' dir='ltr'><strong>secundum</strong></span> <span class='ocrx_word' id='word_1_8' title='bbox 982 456 1243 510; x_wconf 85' lang='lat' dir='ltr'><strong>rationem</strong></span> <span class='ocrx_word' id='word_1_9' title='bbox 1271 493 1286 518; x_wconf 91' lang='lat'><strong>,</strong></span> <span class='ocrx_word' id='word_1_10' title='bbox 1335 453 1448 509; x_wconf 83' lang='lat' dir='ltr'><strong>sive</strong></span> <span class='ocrx_word' id='word_1_11' title='bbox 1486 455 1766 509; x_wconf 85' lang='lat' dir='ltr'><strong>nominum</strong></span> <span class='ocrx_word' id='word_1_12' title='bbox 1805 456 2011 525; x_wconf 48' lang='lat' dir='ltr'><strong>signati-</strong></span> <span class='ocrx_word' id='word_1_13' title='bbox 2043 463 2086 515; x_wconf 81' lang='grc' dir='ltr'>Α</span> <span class='ocrx_word' id='word_1_14' title='bbox 2186 452 2355 506; x_wconf 90' lang='lat' dir='ltr'><strong>Porro</strong></span> <span class='ocrx_word' id='word_1_15' title='bbox 2379 458 2685 507; x_wconf 86' lang='lat' dir='ltr'><strong>stsauctum</strong></span> <span class='ocrx_word' id='word_1_16' title='bbox 2714 449 2861 505; x_wconf 81' lang='lat' dir='ltr'><strong>Isaac</strong></span> <span class='ocrx_word' id='word_1_17' title='bbox 2883 450 2996 521; x_wconf 72' lang='grc'><strong>(54)</strong></span> <span class='ocrx_word' id='word_1_18' title='bbox 3018 452 3258 520; x_wconf 83' lang='lat' dir='ltr'><strong>proterat</strong></span> <span class='ocrx_word' id='word_1_19' title='bbox 3278 452 3542 506; x_wconf 90' lang='lat' dir='ltr'><strong>dicentem</strong></span> <span class='ocrx_word' id='word_1_20' title='bbox 3573 469 3593 506; x_wconf 90' lang='lat'><strong>:</strong></span> <span class='ocrx_word' id='word_1_21' title='bbox 3620 452 3761 507; x_wconf 72' lang='lat' dir='ltr'><strong>Ille</strong></span> 
     </span>
    </p>
   </div>
   <div class='ocr_carea' id='block_1_5' title="bbox 454 545 2025 610">
    <p class='ocr_par' dir='ltr' id='par_1_5' title="bbox 454 545 2025 610">
     <span class='ocr_line' id='line_1_5' title="bbox 454 545 2025 610; baseline -0.002 -7"><span class='ocrx_word' id='word_1_22' title='bbox 454 550 760 610; x_wconf 88' lang='lat' dir='ltr'><strong>cationem,</strong></span> <span class='ocrx_word' id='word_1_23' title='bbox 824 547 964 601; x_wconf 89' lang='lat' dir='ltr'><strong>idem</strong></span> <span class='ocrx_word' id='word_1_24' title='bbox 1020 545 1313 602; x_wconf 77' lang='lat' dir='ltr'><strong>essentiam</strong></span> <span class='ocrx_word' id='word_1_25' title='bbox 1374 554 1428 599; x_wconf 93' lang='lat' dir='ltr'><strong>et</strong></span> <span class='ocrx_word' id='word_1_26' title='bbox 1483 546 1842 600; x_wconf 73' lang='lat' dir='ltr'><strong>substantiam</strong></span> <span class='ocrx_word' id='word_1_27' title='bbox 1903 559 2025 600; x_wconf 90' lang='lat' dir='ltr'><strong>esse</strong></span> 
     </span>
    </p>
   </div>
   <div class='ocr_carea' id='block_1_6' title="bbox 455 635 2026 710">
    <p class='ocr_par' dir='ltr' id='par_1_6' title="bbox 455 635 2026 710">
     <span class='ocr_line' id='line_1_6' title="bbox 455 635 2026 710; baseline -0.003 -17"><span class='ocrx_word' id='word_1_28' title='bbox 455 641 762 710; x_wconf 87' lang='lat' dir='ltr'><strong>putabant:</strong></span> <span class='ocrx_word' id='word_1_29' title='bbox 795 646 849 693; x_wconf 92' lang='lat' dir='ltr'><strong>et</strong></span> <span class='ocrx_word' id='word_1_30' title='bbox 906 652 1009 691; x_wconf 93' lang='lat' dir='ltr'><strong>non</strong></span> <span class='ocrx_word' id='word_1_31' title='bbox 1059 646 1116 690; x_wconf 91' lang='lat' dir='ltr'><strong>ut</strong></span> <span class='ocrx_word' id='word_1_32' title='bbox 1150 637 1264 707; x_wconf 89' lang='lat' dir='ltr'><strong>ipse</strong></span> <span class='ocrx_word' id='word_1_33' title='bbox 1310 635 1405 701; x_wconf 87' lang='lat' dir='ltr'><strong>ait,</strong></span> <span class='ocrx_word' id='word_1_34' title='bbox 1461 635 1753 691; x_wconf 81' lang='lat' dir='ltr'><strong>essentiam</strong></span> <span class='ocrx_word' id='word_1_35' title='bbox 1807 636 2026 706; x_wconf 83' lang='lat' dir='ltr'><strong>quidem</strong></span> 
     </span>
    </p>
   </div>
   <div class='ocr_carea' id='block_1_7' title="bbox 460 728 2029 796">
    <p class='ocr_par' dir='ltr' id='par_1_7' title="bbox 460 728 2029 796">
     <span class='ocr_line' id='line_1_7' title="bbox 460 728 2029 796; baseline -0.003 -13"><span class='ocrx_word' id='word_1_36' title='bbox 460 731 528 785; x_wconf 87' lang='lat' dir='ltr'><strong>ad</strong></span> <span class='ocrx_word' id='word_1_37' title='bbox 585 739 888 793; x_wconf 89' lang='lat' dir='ltr'><strong>commune,</strong></span> <span class='ocrx_word' id='word_1_38' title='bbox 943 740 1001 783; x_wconf 90' lang='lat' dir='ltr'><strong>ut</strong></span> <span class='ocrx_word' id='word_1_39' title='bbox 1053 728 1373 796; x_wconf 80' lang='lat' dir='ltr'><strong>simpliciter</strong></span> <span class='ocrx_word' id='word_1_40' title='bbox 1418 728 1737 782; x_wconf 90' lang='lat' dir='ltr'><strong>ducebant:</strong></span> <span class='ocrx_word' id='word_1_41' title='bbox 1775 730 2029 782; x_wconf 86' lang='lat' dir='ltr'><strong>substan-</strong></span> 
     </span>
    </p>
   </div>
   <div class='ocr_carea' id='block_1_8' title="bbox 461 818 2030 888">
    <p class='ocr_par' dir='ltr' id='par_1_8' title="bbox 461 818 2030 888">
     <span class='ocr_line' id='line_1_8' title="bbox 461 818 2030 888; baseline -0.001 -14"><span class='ocrx_word' id='word_1_42' title='bbox 461 823 592 875; x_wconf 84' lang='lat' dir='ltr'><strong>tiam</strong></span> <span class='ocrx_word' id='word_1_43' title='bbox 650 834 797 885; x_wconf 87' lang='lat' dir='ltr'><strong>vero,</strong></span> <span class='ocrx_word' id='word_1_44' title='bbox 847 826 1028 873; x_wconf 90' lang='lat' dir='ltr'><strong>notam</strong></span> <span class='ocrx_word' id='word_1_45' title='bbox 1080 819 1348 888; x_wconf 87' lang='lat' dir='ltr'><strong>propriam</strong></span> <span class='ocrx_word' id='word_1_46' title='bbox 1402 818 1456 871; x_wconf 90' lang='lat' dir='ltr'><strong>in</strong></span> <span class='ocrx_word' id='word_1_47' title='bbox 1506 833 1591 884; x_wconf 90' lang='lat' dir='ltr'><strong>eo,</strong></span> <span class='ocrx_word' id='word_1_48' title='bbox 1651 819 1789 887; x_wconf 87' lang='lat' dir='ltr'><strong>quod</strong></span> <span class='ocrx_word' id='word_1_49' title='bbox 1847 819 2030 888; x_wconf 90' lang='lat' dir='ltr'><strong>aliquo</strong></span> 
     </span>
    </p>
   </div>
   <div class='ocr_carea' id='block_1_9' title="bbox 462 907 2027 970">
    <p class='ocr_par' dir='ltr' id='par_1_9' title="bbox 462 907 2027 970">
     <span class='ocr_line' id='line_1_9' title="bbox 462 907 2027 970; baseline 0.001 -7"><span class='ocrx_word' id='word_1_50' title='bbox 462 910 621 965; x_wconf 89' lang='lat' dir='ltr'><strong>modo</strong></span> <span class='ocrx_word' id='word_1_51' title='bbox 669 910 735 965; x_wconf 90' lang='lat' dir='ltr'><strong>ad</strong></span> <span class='ocrx_word' id='word_1_52' title='bbox 777 911 920 965; x_wconf 85' lang='lat' dir='ltr'><strong>aliud</strong></span> <span class='ocrx_word' id='word_1_53' title='bbox 967 908 1214 970; x_wconf 86' lang='lat' dir='ltr'><strong>haberet,</strong></span> <span class='ocrx_word' id='word_1_54' title='bbox 1267 907 1616 970; x_wconf 80' lang='lat' dir='ltr'><strong>deﬁniebant,</strong></span> <span class='ocrx_word' id='word_1_55' title='bbox 1669 919 1722 963; x_wconf 92' lang='lat' dir='ltr'><strong>et</strong></span> <span class='ocrx_word' id='word_1_56' title='bbox 1782 910 1847 961; x_wconf 88' lang='lat' dir='ltr'><strong>ah</strong></span> <span class='ocrx_word' id='word_1_57' title='bbox 1880 921 2027 965; x_wconf 86' lang='lat' dir='ltr'><strong>utro—</strong></span> 
     </span>
    </p>
   </div>
   <div class='ocr_carea' id='block_1_10' title="bbox 461 998 2026 1068">
    <p class='ocr_par' dir='ltr' id='par_1_10' title="bbox 461 998 2026 1068">
     <span class='ocr_line' id='line_1_10' title="bbox 461 998 2026 1068; baseline 0.003 -20"><span class='ocrx_word' id='word_1_58' title='bbox 461 1014 565 1068; x_wconf 86' lang='lat' dir='ltr'><strong>que</strong></span> <span class='ocrx_word' id='word_1_59' title='bbox 600 1000 878 1053; x_wconf 85' lang='lat' dir='ltr'><strong>nominum</strong></span> <span class='ocrx_word' id='word_1_60' title='bbox 912 1014 1073 1051; x_wconf 87' lang='lat' dir='ltr'><strong>unatn</strong></span> <span class='ocrx_word' id='word_1_61' title='bbox 1119 998 1475 1067; x_wconf 83' lang='lat' dir='ltr'><strong>eamdemque</strong></span> <span class='ocrx_word' id='word_1_62' title='bbox 1507 999 1792 1067; x_wconf 85' lang='lat' dir='ltr'><strong>capiebant</strong></span> <span class='ocrx_word' id='word_1_63' title='bbox 1826 1000 2026 1053; x_wconf 83' lang='lat' dir='ltr'><strong>intelli-</strong></span> 
     </span>
    </p>
   </div>
   <div class='ocr_carea' id='block_1_11' title="bbox 459 1088 2033 1159">
    <p class='ocr_par' dir='ltr' id='par_1_11' title="bbox 459 1088 2033 1159">
     <span class='ocr_line' id='line_1_11' title="bbox 459 1088 2033 1159; baseline 0.001 -16"><span class='ocrx_word' id='word_1_64' title='bbox 459 1090 695 1159; x_wconf 80' lang='lat' dir='ltr'><strong>gentiam</strong></span> <span class='ocrx_word' id='word_1_65' title='bbox 737 1104 831 1157; x_wconf 90' lang='lat' dir='ltr'><strong>per</strong></span> <span class='ocrx_word' id='word_1_66' title='bbox 855 1103 1019 1157; x_wconf 81' lang='lat' dir='ltr'><strong>quam</strong></span> <span class='ocrx_word' id='word_1_67' title='bbox 1053 1103 1365 1155; x_wconf 84' lang='lat' dir='ltr'><strong>processus,</strong></span> <span class='ocrx_word' id='word_1_68' title='bbox 1405 1088 1815 1159; x_wconf 88' lang='lat' dir='ltr'><strong>relationesque,</strong></span> <span class='ocrx_word' id='word_1_69' title='bbox 1847 1091 2033 1147; x_wconf 85' lang='lat' dir='ltr'><strong>simul-</strong></span> 
     </span>
    </p>
   </div>
   <div class='ocr_carea' id='block_1_12' title="bbox 457 1177 1735 1247">
    <p class='ocr_par' dir='ltr' id='par_1_12' title="bbox 457 1177 1735 1247">
     <span class='ocr_line' id='line_1_12' title="bbox 457 1177 1735 1247; baseline 0.002 -17"><span class='ocrx_word' id='word_1_70' title='bbox 457 1192 564 1247; x_wconf 85' lang='lat' dir='ltr'><strong>que</strong></span> <span class='ocrx_word' id='word_1_71' title='bbox 594 1187 706 1232; x_wconf 89' lang='lat' dir='ltr'><strong>tres</strong></span> <span class='ocrx_word' id='word_1_72' title='bbox 728 1192 1008 1246; x_wconf 78' lang='lat' dir='ltr'><strong>personas,</strong></span> <span class='ocrx_word' id='word_1_73' title='bbox 1037 1191 1158 1231; x_wconf 87' lang='lat' dir='ltr'><strong>esse</strong></span> <span class='ocrx_word' id='word_1_74' title='bbox 1193 1178 1359 1231; x_wconf 86' lang='lat' dir='ltr'><strong>Deum</strong></span> <span class='ocrx_word' id='word_1_75' title='bbox 1390 1177 1735 1233; x_wconf 77' lang='lat' dir='ltr'><strong>adferebant.</strong></span> 
     </span>
    </p>
   </div>
   <div class='ocr_carea' id='block_1_13' title="bbox 531 1266 2031 1339">
    <p class='ocr_par' dir='ltr' id='par_1_13' title="bbox 531 1266 2031 1339">
     <span class='ocr_line' id='line_1_13' title="bbox 531 1266 2031 1339; baseline 0.003 -19"><span class='ocrx_word' id='word_1_76' title='bbox 531 1266 718 1335; x_wconf 83' lang='lat' dir='ltr'><strong>Itaque</strong></span> <span class='ocrx_word' id='word_1_77' title='bbox 776 1268 1105 1320; x_wconf 79' lang='lat' dir='ltr'><strong>conﬁtentur</strong></span> <span class='ocrx_word' id='word_1_78' title='bbox 1166 1268 1385 1335; x_wconf 87' lang='lat' dir='ltr'><strong>quidem</strong></span> <span class='ocrx_word' id='word_1_79' title='bbox 1450 1266 1706 1323; x_wconf 74' lang='lat' dir='ltr'><strong>Ecclesiae</strong></span> <span class='ocrx_word' id='word_1_80' title='bbox 1767 1270 2031 1339; x_wconf 72' lang='lat' dir='ltr'><strong>magistri,</strong></span> 
     </span>
    </p>
   </div>
   <div class='ocr_carea' id='block_1_14' title="bbox 464 1356 2033 1415">
    <p class='ocr_par' dir='ltr' id='par_1_14' title="bbox 464 1356 2033 1415">
     <span class='ocr_line' id='line_1_14' title="bbox 464 1356 2033 1415; baseline 0.004 -7"><span class='ocrx_word' id='word_1_81' title='bbox 464 1356 603 1410; x_wconf 90' lang='lat' dir='ltr'><strong>idem</strong></span> <span class='ocrx_word' id='word_1_82' title='bbox 634 1356 924 1410; x_wconf 86' lang='lat' dir='ltr'><strong>essentiam</strong></span> <span class='ocrx_word' id='word_1_83' title='bbox 956 1366 1012 1410; x_wconf 92' lang='lat' dir='ltr'><strong>et</strong></span> <span class='ocrx_word' id='word_1_84' title='bbox 1051 1357 1412 1411; x_wconf 82' lang='lat' dir='ltr'><strong>substantiam</strong></span> <span class='ocrx_word' id='word_1_85' title='bbox 1444 1372 1563 1412; x_wconf 89' lang='lat' dir='ltr'><strong>esse</strong></span> <span class='ocrx_word' id='word_1_86' title='bbox 1597 1374 1611 1411; x_wconf 88' lang='lat'><strong>:</strong></span> <span class='ocrx_word' id='word_1_87' title='bbox 1646 1369 1699 1413; x_wconf 91' lang='lat' dir='ltr'><strong>et</strong></span> <span class='ocrx_word' id='word_1_88' title='bbox 1728 1359 1888 1413; x_wconf 87' lang='lat' dir='ltr'><strong>iidem</strong></span> <span class='ocrx_word' id='word_1_89' title='bbox 1914 1377 2033 1415; x_wconf 86' lang='lat' dir='ltr'><strong>rur-</strong></span> 
     </span>
    </p>
   </div>
   <div class='ocr_carea' id='block_1_15' title="bbox 464 1444 2035 1517">
    <p class='ocr_par' dir='ltr' id='par_1_15' title="bbox 464 1444 2035 1517">
     <span class='ocr_line' id='line_1_15' title="bbox 464 1444 2035 1517; baseline 0.004 -19"><span class='ocrx_word' id='word_1_90' title='bbox 464 1459 556 1499; x_wconf 86' lang='lat' dir='ltr'><strong>sus</strong></span> <span class='ocrx_word' id='word_1_91' title='bbox 579 1454 800 1514; x_wconf 72' lang='lat' dir='ltr'><strong>negant,</strong></span> <span class='ocrx_word' id='word_1_92' title='bbox 829 1460 934 1501; x_wconf 91' lang='lat' dir='ltr'><strong>non</strong></span> <span class='ocrx_word' id='word_1_93' title='bbox 959 1444 1100 1500; x_wconf 89' lang='lat' dir='ltr'><strong>idem</strong></span> <span class='ocrx_word' id='word_1_94' title='bbox 1129 1460 1253 1502; x_wconf 87' lang='lat' dir='ltr'><strong>esse</strong></span> <span class='ocrx_word' id='word_1_95' title='bbox 1278 1446 1636 1501; x_wconf 85' lang='lat' dir='ltr'><strong>substantiam</strong></span> <span class='ocrx_word' id='word_1_96' title='bbox 1660 1456 1824 1517; x_wconf 87' lang='lat' dir='ltr'><strong>atque</strong></span> <span class='ocrx_word' id='word_1_97' title='bbox 1846 1463 2035 1505; x_wconf 85' lang='lat' dir='ltr'><strong>essen—</strong></span> 
     </span>
    </p>
   </div>
   <div class='ocr_carea' id='block_1_16' title="bbox 466 1536 2035 1607">
    <p class='ocr_par' dir='ltr' id='par_1_16' title="bbox 466 1536 2035 1607">
     <span class='ocr_line' id='line_1_16' title="bbox 466 1536 2035 1607; baseline 0.004 -19"><span class='ocrx_word' id='word_1_98' title='bbox 466 1536 596 1590; x_wconf 88' lang='lat' dir='ltr'><strong>tiam</strong></span> <span class='ocrx_word' id='word_1_99' title='bbox 620 1536 864 1592; x_wconf 88' lang='lat' dir='ltr'><strong>dicentes</strong></span> <span class='ocrx_word' id='word_1_100' title='bbox 885 1577 901 1604; x_wconf 94' lang='lat'><strong>,</strong></span> <span class='ocrx_word' id='word_1_101' title='bbox 934 1552 1041 1593; x_wconf 88' lang='lat' dir='ltr'><strong>non</strong></span> <span class='ocrx_word' id='word_1_102' title='bbox 1076 1539 1368 1594; x_wconf 88' lang='lat' dir='ltr'><strong>secundum</strong></span> <span class='ocrx_word' id='word_1_103' title='bbox 1428 1538 1567 1593; x_wconf 90' lang='lat' dir='ltr'><strong>idem</strong></span> <span class='ocrx_word' id='word_1_104' title='bbox 1608 1549 1661 1594; x_wconf 92' lang='lat' dir='ltr'><strong>et</strong></span> <span class='ocrx_word' id='word_1_105' title='bbox 1691 1541 1870 1607; x_wconf 88' lang='lat' dir='ltr'><strong>ambo,</strong></span> <span class='ocrx_word' id='word_1_106' title='bbox 1893 1543 2035 1596; x_wconf 90' lang='lat' dir='ltr'><strong>sicut</strong></span> 
     </span>
    </p>
   </div>
   <div class='ocr_carea' id='block_1_17' title="bbox 465 1627 2035 1696">
    <p class='ocr_par' dir='ltr' id='par_1_17' title="bbox 465 1627 2035 1696">
     <span class='ocr_line' id='line_1_17' title="bbox 465 1627 2035 1696; baseline 0.004 -15"><span class='ocrx_word' id='word_1_107' title='bbox 465 1627 668 1681; x_wconf 91' lang='lat' dir='ltr'><strong>dictum</strong></span> <span class='ocrx_word' id='word_1_108' title='bbox 708 1637 789 1681; x_wconf 91' lang='lat' dir='ltr'><strong>est</strong></span> <span class='ocrx_word' id='word_1_109' title='bbox 820 1644 838 1696; x_wconf 89' lang='lat'><strong>;</strong></span> <span class='ocrx_word' id='word_1_110' title='bbox 870 1629 1357 1684; x_wconf 88' lang='lat' dir='ltr'><strong>contradictionem</strong></span> <span class='ocrx_word' id='word_1_111' title='bbox 1404 1632 1549 1684; x_wconf 91' lang='lat' dir='ltr'><strong>enim</strong></span> <span class='ocrx_word' id='word_1_112' title='bbox 1584 1631 1639 1686; x_wconf 88' lang='lat' dir='ltr'><strong>in</strong></span> <span class='ocrx_word' id='word_1_113' title='bbox 1667 1634 1857 1687; x_wconf 91' lang='lat' dir='ltr'><strong>eodem</strong></span> <span class='ocrx_word' id='word_1_114' title='bbox 1892 1648 2035 1688; x_wconf 85' lang='lat' dir='ltr'><strong>nun-</strong></span> 
     </span>
    </p>
   </div>
   <div class='ocr_carea' id='block_1_18' title="bbox 463 1717 2033 1789">
    <p class='ocr_par' dir='ltr' id='par_1_18' title="bbox 463 1717 2033 1789">
     <span class='ocr_line' id='line_1_18' title="bbox 463 1717 2033 1789; baseline 0.007 -20"><span class='ocrx_word' id='word_1_115' title='bbox 463 1730 624 1786; x_wconf 86' lang='lat' dir='ltr'><strong>quam</strong></span> <span class='ocrx_word' id='word_1_116' title='bbox 667 1717 825 1771; x_wconf 88' lang='lat' dir='ltr'><strong>simul</strong></span> <span class='ocrx_word' id='word_1_117' title='bbox 869 1733 1051 1772; x_wconf 84' lang='lat' dir='ltr'><strong>veram</strong></span> <span class='ocrx_word' id='word_1_118' title='bbox 1085 1734 1209 1775; x_wconf 85' lang='lat' dir='ltr'><strong>esse</strong></span> <span class='ocrx_word' id='word_1_119' title='bbox 1245 1734 1424 1789; x_wconf 87' lang='lat' dir='ltr'><strong>posse.</strong></span> <span class='ocrx_word' id='word_1_120' title='bbox 1462 1720 1621 1779; x_wconf 83' lang='lat' dir='ltr'><strong>Aliud</strong></span> <span class='ocrx_word' id='word_1_121' title='bbox 1655 1725 1798 1779; x_wconf 91' lang='lat' dir='ltr'><strong>enim</strong></span> <span class='ocrx_word' id='word_1_122' title='bbox 1834 1740 2033 1782; x_wconf 87' lang='lat' dir='ltr'><strong>secun-</strong></span> 
     </span>
    </p>
   </div>
   <div class='ocr_carea' id='block_1_19' title="bbox 467 1806 1839 1878">
    <p class='ocr_par' dir='ltr' id='par_1_19' title="bbox 467 1806 1839 1878">
     <span class='ocr_line' id='line_1_19' title="bbox 467 1806 1839 1878; baseline 0.007 -23"><span class='ocrx_word' id='word_1_123' title='bbox 467 1806 593 1858; x_wconf 90' lang='lat' dir='ltr'><strong>dum</strong></span> <span class='ocrx_word' id='word_1_124' title='bbox 627 1820 763 1870; x_wconf 88' lang='lat' dir='ltr'><strong>rem,</strong></span> <span class='ocrx_word' id='word_1_125' title='bbox 797 1806 940 1861; x_wconf 89' lang='lat' dir='ltr'><strong>aliud</strong></span> <span class='ocrx_word' id='word_1_126' title='bbox 977 1808 1274 1867; x_wconf 87' lang='lat' dir='ltr'><strong>secundum</strong></span> <span class='ocrx_word' id='word_1_127' title='bbox 1317 1823 1514 1864; x_wconf 91' lang='lat' dir='ltr'><strong>nomen</strong></span> <span class='ocrx_word' id='word_1_128' title='bbox 1555 1810 1839 1878; x_wconf 87' lang='lat' dir='ltr'><strong>accipitur.</strong></span> 
     </span>
    </p>
   </div>
   <div class='ocr_carea' id='block_1_20' title="bbox 540 1895 2039 1967">
    <p class='ocr_par' dir='ltr' id='par_1_20' title="bbox 540 1895 2039 1967">
     <span class='ocr_line' id='line_1_20' title="bbox 540 1895 2039 1967; baseline 0.006 -18"><span class='ocrx_word' id='word_1_129' title='bbox 540 1895 741 1951; x_wconf 78' lang='lat' dir='ltr'><strong>Deinde</strong></span> <span class='ocrx_word' id='word_1_130' title='bbox 757 1896 959 1964; x_wconf 88' lang='lat' dir='ltr'><strong>adjicit,</strong></span> <span class='ocrx_word' id='word_1_131' title='bbox 976 1901 1115 1967; x_wconf 86' lang='lat' dir='ltr'><strong>quod</strong></span> <span class='ocrx_word' id='word_1_132' title='bbox 1149 1898 1236 1952; x_wconf 93' lang='lat' dir='ltr'><strong>ubi</strong></span> <span class='ocrx_word' id='word_1_133' title='bbox 1267 1914 1420 1954; x_wconf 91' lang='lat' dir='ltr'><strong>suum</strong></span> <span class='ocrx_word' id='word_1_134' title='bbox 1443 1898 1633 1957; x_wconf 86' lang='lat' dir='ltr'><strong>Patres</strong></span> <span class='ocrx_word' id='word_1_135' title='bbox 1655 1916 1870 1958; x_wconf 91' lang='lat' dir='ltr'><strong>sensum</strong></span> <span class='ocrx_word' id='word_1_136' title='bbox 1897 1901 2039 1958; x_wconf 84' lang='lat' dir='ltr'><strong>indi-</strong></span> 
     </span>
    </p>
   </div>
   <div class='ocr_carea' id='block_1_21' title="bbox 465 1990 2039 2061">
    <p class='ocr_par' dir='ltr' id='par_1_21' title="bbox 465 1990 2039 2061">
     <span class='ocr_line' id='line_1_21' title="bbox 465 1990 2039 2061; baseline 0.006 -22"><span class='ocrx_word' id='word_1_137' title='bbox 465 2001 592 2043; x_wconf 87' lang='lat' dir='ltr'><strong>care</strong></span> <span class='ocrx_word' id='word_1_138' title='bbox 629 1991 936 2055; x_wconf 86' lang='lat' dir='ltr'><strong>voluerunt,</strong></span> <span class='ocrx_word' id='word_1_139' title='bbox 968 1992 1225 2046; x_wconf 75' lang='lat' dir='ltr'><strong>dixerunt</strong></span> <span class='ocrx_word' id='word_1_140' title='bbox 1257 2007 1322 2045; x_wconf 82' lang='lat' dir='ltr'><strong>ex</strong></span> <span class='ocrx_word' id='word_1_141' title='bbox 1359 1990 1534 2047; x_wconf 82' lang='lat' dir='ltr'><strong>Patris</strong></span> <span class='ocrx_word' id='word_1_142' title='bbox 1564 1995 1797 2049; x_wconf 85' lang='lat' dir='ltr'><strong>essentia</strong></span> <span class='ocrx_word' id='word_1_143' title='bbox 1818 1993 2039 2061; x_wconf 90' lang='lat' dir='ltr'><strong>Filium,</strong></span> 
     </span>
    </p>
   </div>
   <div class='ocr_carea' id='block_1_22' title="bbox 466 2078 2041 2152">
    <p class='ocr_par' dir='ltr' id='par_1_22' title="bbox 466 2078 2041 2152">
     <span class='ocr_line' id='line_1_22' title="bbox 466 2078 2041 2152; baseline 0.009 -24"><span class='ocrx_word' id='word_1_144' title='bbox 466 2078 604 2134; x_wconf 81' lang='lat' dir='ltr'><strong>satis</strong></span> <span class='ocrx_word' id='word_1_145' title='bbox 652 2095 774 2136; x_wconf 79' lang='lat' dir='ltr'><strong>esse</strong></span> <span class='ocrx_word' id='word_1_146' title='bbox 822 2092 1146 2150; x_wconf 84' lang='lat' dir='ltr'><strong>putaverunt</strong></span> <span class='ocrx_word' id='word_1_147' title='bbox 1197 2085 1264 2136; x_wconf 88' lang='lat' dir='ltr'><strong>ad</strong></span> <span class='ocrx_word' id='word_1_148' title='bbox 1316 2084 1722 2152; x_wconf 86' lang='lat' dir='ltr'><strong>insinuandum,</strong></span> <span class='ocrx_word' id='word_1_149' title='bbox 1764 2083 1882 2139; x_wconf 85' lang='lat' dir='ltr'><strong>Filii</strong></span> <span class='ocrx_word' id='word_1_150' title='bbox 1915 2087 2041 2142; x_wconf 76' lang='lat' dir='ltr'><strong>sub-</strong></span> 
     </span>
    </p>
   </div>
   <div class='ocr_carea' id='block_1_23' title="bbox 470 2168 2043 2257">
    <p class='ocr_par' dir='ltr' id='par_1_23' title="bbox 470 2168 2043 2257">
     <span class='ocr_line' id='line_1_23' title="bbox 470 2168 2043 2257; baseline 0.006 -37"><span class='ocrx_word' id='word_1_151' title='bbox 470 2168 732 2221; x_wconf 88' lang='lat' dir='ltr'><strong>stantiam</strong></span> <span class='ocrx_word' id='word_1_152' title='bbox 785 2183 851 2223; x_wconf 89' lang='lat' dir='ltr'><strong>ex</strong></span> <span class='ocrx_word' id='word_1_153' title='bbox 890 2169 1060 2257; x_wconf 37' lang='lat' dir='ltr'><strong>[Patre</strong></span> <span class='ocrx_word' id='word_1_154' title='bbox 1093 2186 1256 2226; x_wconf 87' lang='lat' dir='ltr'><strong>esse:</strong></span> <span class='ocrx_word' id='word_1_155' title='bbox 1299 2185 1362 2224; x_wconf 90' lang='lat' dir='ltr'><strong>ac</strong></span> <span class='ocrx_word' id='word_1_156' title='bbox 1392 2173 1657 2240; x_wconf 80' lang='lat' dir='ltr'><strong>proxime,</strong></span> <span class='ocrx_word' id='word_1_157' title='bbox 1694 2173 1860 2228; x_wconf 84' lang='lat' dir='ltr'><strong>veluti</strong></span> <span class='ocrx_word' id='word_1_158' title='bbox 1895 2175 1939 2229; x_wconf 91' lang='lat' dir='ltr'><strong>si</strong></span> <span class='ocrx_word' id='word_1_159' title='bbox 1959 2174 2043 2229; x_wconf 89' lang='lat' dir='ltr'><strong>di-</strong></span> 
     </span>
    </p>
   </div>
   <div class='ocr_carea' id='block_1_24' title="bbox 470 2263 2041 2331">
    <p class='ocr_par' dir='ltr' id='par_1_24' title="bbox 470 2263 2041 2331">
     <span class='ocr_line' id='line_1_24' title="bbox 470 2263 2041 2331; baseline 0.006 -20"><span class='ocrx_word' id='word_1_160' title='bbox 470 2268 854 2325; x_wconf 73' lang='lat' dir='ltr'><strong>ceretur,‘eum</strong></span> <span class='ocrx_word' id='word_1_161' title='bbox 886 2273 1006 2316; x_wconf 91' lang='lat' dir='ltr'><strong>esse</strong></span> <span class='ocrx_word' id='word_1_162' title='bbox 1028 2275 1092 2315; x_wconf 83' lang='lat' dir='ltr'><strong>ex</strong></span> <span class='ocrx_word' id='word_1_163' title='bbox 1125 2271 1349 2331; x_wconf 88' lang='lat' dir='ltr'><strong>paterna</strong></span> <span class='ocrx_word' id='word_1_164' title='bbox 1384 2264 1708 2320; x_wconf 87' lang='lat' dir='ltr'><strong>substantia.</strong></span> <span class='ocrx_word' id='word_1_165' title='bbox 1743 2263 1859 2320; x_wconf 79' lang='lat' dir='ltr'><strong>Hoc</strong></span> <span class='ocrx_word' id='word_1_166' title='bbox 1898 2267 2041 2320; x_wconf 88' lang='lat' dir='ltr'><strong>enim</strong></span> 
     </span>
    </p>
   </div>
   <div class='ocr_carea' id='block_1_25' title="bbox 474 2349 2042 2425">
    <p class='ocr_par' dir='ltr' id='par_1_25' title="bbox 474 2349 2042 2425">
     <span class='ocr_line' id='line_1_25' title="bbox 474 2349 2042 2425; baseline 0.007 -23"><span class='ocrx_word' id='word_1_167' title='bbox 474 2349 966 2405; x_wconf 76' lang='lat' dir='ltr'><strong>manifestationem</strong></span> <span class='ocrx_word' id='word_1_168' title='bbox 1007 2352 1210 2407; x_wconf 84' lang='lat' dir='ltr'><strong>habere</strong></span> <span class='ocrx_word' id='word_1_169' title='bbox 1240 2354 1495 2409; x_wconf 89' lang='lat' dir='ltr'><strong>salutaris</strong></span> <span class='ocrx_word' id='word_1_170' title='bbox 1526 2356 1795 2425; x_wconf 77' lang='lat' dir='ltr'><strong>dogmatis</strong></span> <span class='ocrx_word' id='word_1_171' title='bbox 1820 2371 2042 2413; x_wconf 88' lang='lat' dir='ltr'><strong>asseve-</strong></span> 
     </span>
    </p>
   </div>
   <div class='ocr_carea' id='block_1_26' title="bbox 472 2439 2045 2510">
    <p class='ocr_par' dir='ltr' id='par_1_26' title="bbox 472 2439 2045 2510">
     <span class='ocr_line' id='line_1_26' title="bbox 472 2439 2045 2510; baseline 0.005 -17"><span class='ocrx_word' id='word_1_172' title='bbox 472 2450 612 2493; x_wconf 90' lang='lat' dir='ltr'><strong>rant.</strong></span> <span class='ocrx_word' id='word_1_173' title='bbox 642 2439 894 2493; x_wconf 89' lang='lat' dir='ltr'><strong>Salutare</strong></span> <span class='ocrx_word' id='word_1_174' title='bbox 920 2451 1100 2501; x_wconf 88' lang='lat' dir='ltr'><strong>autem</strong></span> <span class='ocrx_word' id='word_1_175' title='bbox 1126 2442 1320 2510; x_wconf 83' lang='lat' dir='ltr'><strong>dogma</strong></span> <span class='ocrx_word' id='word_1_176' title='bbox 1348 2451 1459 2509; x_wconf 89' lang='lat' dir='ltr'><strong>est,</strong></span> <span class='ocrx_word' id='word_1_177' title='bbox 1509 2459 1574 2499; x_wconf 84' lang='lat' dir='ltr'><strong>ex</strong></span> <span class='ocrx_word' id='word_1_178' title='bbox 1605 2445 1765 2499; x_wconf 90' lang='lat' dir='ltr'><strong>Patre</strong></span> <span class='ocrx_word' id='word_1_179' title='bbox 1797 2447 2045 2503; x_wconf 81' lang='lat' dir='ltr'><strong>substan-</strong></span> 
     </span>
    </p>
   </div>
   <div class='ocr_carea' id='block_1_27' title="bbox 474 2528 2039 2595">
    <p class='ocr_par' dir='ltr' id='par_1_27' title="bbox 474 2528 2039 2595">
     <span class='ocr_line' id='line_1_27' title="bbox 474 2528 2039 2595; baseline 0.006 -15"><span class='ocrx_word' id='word_1_180' title='bbox 474 2529 607 2581; x_wconf 90' lang='lat' dir='ltr'><strong>tiam</strong></span> <span class='ocrx_word' id='word_1_181' title='bbox 642 2529 845 2585; x_wconf 86' lang='lat' dir='ltr'><strong>habere</strong></span> <span class='ocrx_word' id='word_1_182' title='bbox 874 2528 1091 2595; x_wconf 86' lang='lat' dir='ltr'><strong>Filium,</strong></span> <span class='ocrx_word' id='word_1_183' title='bbox 1142 2533 1440 2588; x_wconf 85' lang='lat' dir='ltr'><strong>nativitatis</strong></span> <span class='ocrx_word' id='word_1_184' title='bbox 1494 2536 1699 2591; x_wconf 86' lang='lat' dir='ltr'><strong>ratione</strong></span> <span class='ocrx_word' id='word_1_185' title='bbox 1747 2537 1993 2592; x_wconf 83' lang='lat' dir='ltr'><strong>conﬁteri</strong></span> <span class='ocrx_word' id='word_1_186' title='bbox 2027 2556 2039 2590; x_wconf 92' lang='lat'><strong>:</strong></span> 
     </span>
    </p>
   </div>
   <div class='ocr_carea' id='block_1_28' title="bbox 471 2620 2045 2696">
    <p class='ocr_par' dir='ltr' id='par_1_28' title="bbox 471 2620 2045 2696">
     <span class='ocr_line' id='line_1_28' title="bbox 471 2620 2045 2696; baseline 0.006 -23"><span class='ocrx_word' id='word_1_187' title='bbox 471 2620 983 2675; x_wconf 86' lang='lat' dir='ltr'><strong>consubstantialem</strong></span> <span class='ocrx_word' id='word_1_188' title='bbox 1023 2621 1229 2678; x_wconf 87' lang='lat' dir='ltr'><strong>scilicet</strong></span> <span class='ocrx_word' id='word_1_189' title='bbox 1259 2623 1331 2687; x_wconf 88' lang='lat' dir='ltr'><strong>ei,</strong></span> <span class='ocrx_word' id='word_1_190' title='bbox 1369 2639 1434 2678; x_wconf 80' lang='lat' dir='ltr'><strong>ex</strong></span> <span class='ocrx_word' id='word_1_191' title='bbox 1468 2638 1576 2695; x_wconf 87' lang='lat' dir='ltr'><strong>quo</strong></span> <span class='ocrx_word' id='word_1_192' title='bbox 1607 2633 1712 2692; x_wconf 90' lang='lat' dir='ltr'><strong>est,</strong></span> <span class='ocrx_word' id='word_1_193' title='bbox 1746 2627 1888 2696; x_wconf 92' lang='lat' dir='ltr'><strong>quod</strong></span> <span class='ocrx_word' id='word_1_194' title='bbox 1914 2642 2045 2683; x_wconf 86' lang='lat' dir='ltr'><strong>sane</strong></span> 
     </span>
    </p>
   </div>
   <div class='ocr_carea' id='block_1_29' title="bbox 476 2708 2046 2786">
    <p class='ocr_par' dir='ltr' id='par_1_29' title="bbox 476 2708 2046 2786">
     <span class='ocr_line' id='line_1_29' title="bbox 476 2708 2046 2786; baseline 0.01 -27"><span class='ocrx_word' id='word_1_195' title='bbox 476 2708 667 2778; x_wconf 78' lang='lat' dir='ltr'><strong>dogma</strong></span> <span class='ocrx_word' id='word_1_196' title='bbox 697 2709 933 2782; x_wconf 84' lang='lat' dir='ltr'><strong>indicari</strong></span> <span class='ocrx_word' id='word_1_197' title='bbox 975 2711 1109 2768; x_wconf 80' lang='lat' dir='ltr'><strong>dixit</strong></span> <span class='ocrx_word' id='word_1_198' title='bbox 1152 2727 1220 2770; x_wconf 85' lang='lat' dir='ltr'><strong>ex</strong></span> <span class='ocrx_word' id='word_1_199' title='bbox 1262 2730 1348 2783; x_wconf 89' lang='lat' dir='ltr'><strong>eo,</strong></span> <span class='ocrx_word' id='word_1_200' title='bbox 1380 2717 1525 2786; x_wconf 88' lang='lat' dir='ltr'><strong>quod</strong></span> <span class='ocrx_word' id='word_1_201' title='bbox 1577 2717 1783 2773; x_wconf 90' lang='lat' dir='ltr'><strong>dictum</strong></span> <span class='ocrx_word' id='word_1_202' title='bbox 1822 2729 1929 2786; x_wconf 89' lang='lat' dir='ltr'><strong>est,</strong></span> <span class='ocrx_word' id='word_1_203' title='bbox 1977 2735 2046 2775; x_wconf 80' lang='lat' dir='ltr'><strong>ea;</strong></span> 
     </span>
    </p>
   </div>
   <div class='ocr_carea' id='block_1_30' title="bbox 420 2795 2045 2882">
    <p class='ocr_par' dir='ltr' id='par_1_30' title="bbox 420 2795 2045 2882">
     <span class='ocr_line' id='line_1_30' title="bbox 420 2795 2045 2882; baseline 0.011 -32"><span class='ocrx_word' id='word_1_204' title='bbox 420 2804 429 2809; x_wconf 83' lang='grc'><strong>’</strong></span> <span class='ocrx_word' id='word_1_205' title='bbox 475 2795 654 2855; x_wconf 77' lang='lat' dir='ltr'><strong>Patris</strong></span> <span class='ocrx_word' id='word_1_206' title='bbox 677 2802 900 2857; x_wconf 79' lang='lat' dir='ltr'><strong>essentia</strong></span> <span class='ocrx_word' id='word_1_207' title='bbox 932 2801 1133 2859; x_wconf 82' lang='lat' dir='ltr'><strong>Filium</strong></span> <span class='ocrx_word' id='word_1_208' title='bbox 1175 2824 1309 2864; x_wconf 82' lang='lat' dir='ltr'><strong>esse.</strong></span> <span class='ocrx_word' id='word_1_209' title='bbox 1338 2808 1480 2864; x_wconf 90' lang='lat' dir='ltr'><strong>Idem</strong></span> <span class='ocrx_word' id='word_1_210' title='bbox 1512 2824 1642 2882; x_wconf 79' lang='lat' dir='ltr'><strong>ergo</strong></span> <span class='ocrx_word' id='word_1_211' title='bbox 1664 2823 1835 2867; x_wconf 82' lang='lat' dir='ltr'><strong>estex</strong></span> <span class='ocrx_word' id='word_1_212' title='bbox 1866 2810 2045 2868; x_wconf 88' lang='lat' dir='ltr'><strong>Patris</strong></span> 
     </span>
    </p>
   </div>
   <div class='ocr_carea' id='block_1_31' title="bbox 476 2893 2044 2964">
    <p class='ocr_par' dir='ltr' id='par_1_31' title="bbox 476 2893 2044 2964">
     <span class='ocr_line' id='line_1_31' title="bbox 476 2893 2044 2964; baseline 0.01 -21"><span class='ocrx_word' id='word_1_213' title='bbox 476 2893 738 2959; x_wconf 86' lang='lat' dir='ltr'><strong>essentia,</strong></span> <span class='ocrx_word' id='word_1_214' title='bbox 792 2896 957 2964; x_wconf 80' lang='lat' dir='ltr'><strong>at‘que</strong></span> <span class='ocrx_word' id='word_1_215' title='bbox 990 2910 1055 2950; x_wconf 85' lang='lat' dir='ltr'><strong>ex</strong></span> <span class='ocrx_word' id='word_1_216' title='bbox 1100 2895 1609 2954; x_wconf 57' lang='lat' dir='ltr'><strong>Patris‘substantia</strong></span> <span class='ocrx_word' id='word_1_217' title='bbox 1656 2903 1859 2956; x_wconf 90' lang='lat' dir='ltr'><strong>dicere.</strong></span> <span class='ocrx_word' id='word_1_218' title='bbox 1898 2902 2044 2958; x_wconf 86' lang='lat' dir='ltr'><strong>idem</strong></span> 
     </span>
    </p>
   </div>
   <div class='ocr_carea' id='block_1_32' title="bbox 479 2984 2041 3052">
    <p class='ocr_par' dir='ltr' id='par_1_32' title="bbox 479 2984 2041 3052">
     <span class='ocr_line' id='line_1_32' title="bbox 479 2984 2041 3052; baseline 0.006 -20"><span class='ocrx_word' id='word_1_219' title='bbox 479 2993 543 3033; x_wconf 82' lang='lat' dir='ltr'><strong>ex</strong></span> <span class='ocrx_word' id='word_1_220' title='bbox 597 2984 832 3036; x_wconf 79' lang='lat' dir='ltr'><strong>essentia</strong></span> <span class='ocrx_word' id='word_1_221' title='bbox 879 2996 1041 3052; x_wconf 88' lang='lat' dir='ltr'><strong>atque</strong></span> <span class='ocrx_word' id='word_1_222' title='bbox 1091 2987 1394 3039; x_wconf 85' lang='lat' dir='ltr'><strong>substantia</strong></span> <span class='ocrx_word' id='word_1_223' title='bbox 1439 2997 1544 3050; x_wconf 87' lang='lat' dir='ltr'><strong>est,</strong></span> <span class='ocrx_word' id='word_1_224' title='bbox 1577 2991 1870 3043; x_wconf 90' lang='lat' dir='ltr'><strong>secundum</strong></span> <span class='ocrx_word' id='word_1_225' title='bbox 1909 3004 2041 3043; x_wconf 92' lang='lat' dir='ltr'><strong>rem.</strong></span> 
     </span>
    </p>
   </div>
   <div class='ocr_carea' id='block_1_33' title="bbox 479 3068 1680 3134">
    <p class='ocr_par' dir='ltr' id='par_1_33' title="bbox 479 3068 1680 3134">
     <span class='ocr_line' id='line_1_33' title="bbox 479 3068 1680 3134; baseline 0.012 -15"><span class='ocrx_word' id='word_1_226' title='bbox 479 3068 541 3121; x_wconf 86' lang='lat' dir='ltr'><strong>Et</strong></span> <span class='ocrx_word' id='word_1_227' title='bbox 562 3072 795 3126; x_wconf 82' lang='lat' dir='ltr'><strong>essentia</strong></span> <span class='ocrx_word' id='word_1_228' title='bbox 822 3071 1001 3127; x_wconf 87' lang='lat' dir='ltr'><strong>Patris</strong></span> <span class='ocrx_word' id='word_1_229' title='bbox 1031 3075 1330 3130; x_wconf 88' lang='lat' dir='ltr'><strong>substantia</strong></span> <span class='ocrx_word' id='word_1_230' title='bbox 1364 3085 1448 3132; x_wconf 89' lang='lat' dir='ltr'><strong>est</strong></span> <span class='ocrx_word' id='word_1_231' title='bbox 1486 3077 1680 3134; x_wconf 86' lang='lat' dir='ltr'><strong>Patris.</strong></span> 
     </span>
    </p>
   </div>
   <div class='ocr_carea' id='block_1_34' title="bbox 552 3157 2058 3234">
    <p class='ocr_par' dir='ltr' id='par_1_34' title="bbox 552 3157 2058 3234">
     <span class='ocr_line' id='line_1_34' title="bbox 552 3157 2058 3234; baseline 0.01 -23"><span class='ocrx_word' id='word_1_232' title='bbox 552 3157 820 3223; x_wconf 85' lang='lat' dir='ltr'><strong>Quoniam</strong></span> <span class='ocrx_word' id='word_1_233' title='bbox 864 3161 1026 3231; x_wconf 71' lang='lat' dir='ltr'><strong>igitur</strong></span> <span class='ocrx_word' id='word_1_234' title='bbox 1072 3172 1122 3218; x_wconf 91' lang='lat' dir='ltr'><strong>et</strong></span> <span class='ocrx_word' id='word_1_235' title='bbox 1164 3162 1402 3234; x_wconf 89' lang='lat' dir='ltr'><strong>Spiritus</strong></span> <span class='ocrx_word' id='word_1_236' title='bbox 1432 3176 1652 3223; x_wconf 89' lang='lat' dir='ltr'><strong>sanctus</strong></span> <span class='ocrx_word' id='word_1_237' title='bbox 1695 3183 1759 3224; x_wconf 86' lang='lat' dir='ltr'><strong>ex</strong></span> <span class='ocrx_word' id='word_1_238' title='bbox 1797 3166 1917 3224; x_wconf 90' lang='lat' dir='ltr'><strong>Filii</strong></span> <span class='ocrx_word' id='word_1_239' title='bbox 1972 3187 2058 3226; x_wconf 86' lang='lat' dir='ltr'><strong>es-</strong></span> 
     </span>
    </p>
   </div>
   <div class='ocr_carea' id='block_1_35' title="bbox 480 3248 2056 3324">
    <p class='ocr_par' dir='ltr' id='par_1_35' title="bbox 480 3248 2056 3324">
     <span class='ocr_line' id='line_1_35' title="bbox 480 3248 2056 3324; baseline 0.008 -22"><span class='ocrx_word' id='word_1_240' title='bbox 480 3248 652 3303; x_wconf 89' lang='lat' dir='ltr'><strong>sentia</strong></span> <span class='ocrx_word' id='word_1_241' title='bbox 700 3252 986 3317; x_wconf 86' lang='lat' dir='ltr'><strong>asseritur,</strong></span> <span class='ocrx_word' id='word_1_242' title='bbox 1018 3250 1185 3321; x_wconf 87' lang='lat' dir='ltr'><strong>liquet</strong></span> <span class='ocrx_word' id='word_1_243' title='bbox 1222 3255 1409 3319; x_wconf 86' lang='lat' dir='ltr'><strong>etiam,</strong></span> <span class='ocrx_word' id='word_1_244' title='bbox 1453 3258 1595 3324; x_wconf 90' lang='lat' dir='ltr'><strong>quod</strong></span> <span class='ocrx_word' id='word_1_245' title='bbox 1647 3271 1711 3311; x_wconf 83' lang='lat' dir='ltr'><strong>ex</strong></span> <span class='ocrx_word' id='word_1_246' title='bbox 1759 3256 2056 3315; x_wconf 83' lang='lat' dir='ltr'><strong>substantia</strong></span> 
     </span>
    </p>
   </div>
   <div class='ocr_carea' id='block_1_36' title="bbox 480 3340 2054 3417">
    <p class='ocr_par' dir='ltr' id='par_1_36' title="bbox 480 3340 2054 3417">
     <span class='ocr_line' id='line_1_36' title="bbox 480 3340 2054 3417; baseline 0.008 -24"><span class='ocrx_word' id='word_1_247' title='bbox 480 3340 622 3394; x_wconf 89' lang='lat' dir='ltr'><strong>illius</strong></span> <span class='ocrx_word' id='word_1_248' title='bbox 641 3341 710 3396; x_wconf 88' lang='lat' dir='ltr'><strong>sit</strong></span> <span class='ocrx_word' id='word_1_249' title='bbox 735 3356 750 3393; x_wconf 70' lang='grc' dir='ltr'>ε</span> <span class='ocrx_word' id='word_1_250' title='bbox 777 3356 948 3411; x_wconf 88' lang='lat' dir='ltr'><strong>neque</strong></span> <span class='ocrx_word' id='word_1_251' title='bbox 967 3341 1111 3397; x_wconf 89' lang='lat' dir='ltr'><strong>enim</strong></span> <span class='ocrx_word' id='word_1_252' title='bbox 1134 3354 1214 3397; x_wconf 86' lang='lat' dir='ltr'><strong>est</strong></span> <span class='ocrx_word' id='word_1_253' title='bbox 1234 3344 1315 3397; x_wconf 85' lang='lat' dir='ltr'><strong>vel</strong></span> <span class='ocrx_word' id='word_1_254' title='bbox 1337 3347 1570 3400; x_wconf 85' lang='lat' dir='ltr'><strong>essentia</strong></span> <span class='ocrx_word' id='word_1_255' title='bbox 1592 3347 1706 3402; x_wconf 90' lang='lat' dir='ltr'><strong>sine</strong></span> <span class='ocrx_word' id='word_1_256' title='bbox 1731 3349 2054 3417; x_wconf 82' lang='lat' dir='ltr'><strong>substantia,</strong></span> 
     </span>
    </p>
   </div>
   <div class='ocr_carea' id='block_1_37' title="bbox 482 3429 2057 3510">
    <p class='ocr_par' dir='ltr' id='par_1_37' title="bbox 482 3429 2057 3510">
     <span class='ocr_line' id='line_1_37' title="bbox 482 3429 2057 3510; baseline 0.008 -27"><span class='ocrx_word' id='word_1_257' title='bbox 482 3429 564 3485; x_wconf 94' lang='lat' dir='ltr'><strong>vel</strong></span> <span class='ocrx_word' id='word_1_258' title='bbox 626 3431 923 3487; x_wconf 88' lang='lat' dir='ltr'><strong>substantia</strong></span> <span class='ocrx_word' id='word_1_259' title='bbox 971 3432 1088 3488; x_wconf 87' lang='lat' dir='ltr'><strong>sine</strong></span> <span class='ocrx_word' id='word_1_260' title='bbox 1145 3435 1401 3490; x_wconf 85' lang='lat' dir='ltr'><strong>essentia.</strong></span> <span class='ocrx_word' id='word_1_261' title='bbox 1461 3435 1715 3502; x_wconf 84' lang='lat' dir='ltr'><strong>Quamvis</strong></span> <span class='ocrx_word' id='word_1_262' title='bbox 1776 3446 1830 3495; x_wconf 87' lang='lat' dir='ltr'><strong>et</strong></span> <span class='ocrx_word' id='word_1_263' title='bbox 1887 3441 2057 3510; x_wconf 86' lang='lat' dir='ltr'><strong>prima</strong></span> 
     </span>
    </p>
   </div>
   <div class='ocr_carea' id='block_1_38' title="bbox 480 3518 2056 3590">
    <p class='ocr_par' dir='ltr' id='par_1_38' title="bbox 480 3518 2056 3590">
     <span class='ocr_line' id='line_1_38' title="bbox 480 3518 2056 3590; baseline 0.01 -20"><span class='ocrx_word' id='word_1_264' title='bbox 480 3518 721 3587; x_wconf 80' lang='lat' dir='ltr'><strong>synodus</strong></span> <span class='ocrx_word' id='word_1_265' title='bbox 749 3520 806 3574; x_wconf 91' lang='lat' dir='ltr'><strong>in</strong></span> <span class='ocrx_word' id='word_1_266' title='bbox 857 3520 978 3574; x_wconf 79' lang='lat' dir='ltr'><strong>ﬁdei</strong></span> <span class='ocrx_word' id='word_1_267' title='bbox 1012 3519 1272 3590; x_wconf 85' lang='lat' dir='ltr'><strong>Symbolo</strong></span> <span class='ocrx_word' id='word_1_268' title='bbox 1307 3523 1385 3578; x_wconf 91' lang='lat' dir='ltr'><strong>sic</strong></span> <span class='ocrx_word' id='word_1_269' title='bbox 1417 3525 1656 3581; x_wconf 85' lang='lat' dir='ltr'><strong>tradidit:</strong></span> <span class='ocrx_word' id='word_1_270' title='bbox 1691 3526 1964 3583; x_wconf 79' lang='lat' dir='ltr'><strong>Credimus</strong></span> <span class='ocrx_word' id='word_1_271' title='bbox 2006 3542 2056 3586; x_wconf 86' lang='lat' dir='ltr'><strong>et</strong></span> 
     </span>
    </p>
   </div>
   <div class='ocr_carea' id='block_1_39' title="bbox 480 3602 2057 3684">
    <p class='ocr_par' dir='ltr' id='par_1_39' title="bbox 480 3602 2057 3684">
     <span class='ocr_line' id='line_1_39' title="bbox 480 3602 2057 3684; baseline 0.012 -23"><span class='ocrx_word' id='word_1_272' title='bbox 480 3602 534 3663; x_wconf 80' lang='lat' dir='ltr'><strong>in</strong></span> <span class='ocrx_word' id='word_1_273' title='bbox 582 3606 782 3664; x_wconf 77' lang='lat' dir='ltr'><strong>Filiam</strong></span> <span class='ocrx_word' id='word_1_274' title='bbox 827 3608 924 3666; x_wconf 71' lang='lat' dir='ltr'><strong>Dei</strong></span> <span class='ocrx_word' id='word_1_275' title='bbox 978 3622 1157 3669; x_wconf 77' lang='lat' dir='ltr'><strong>natqu</strong></span> <span class='ocrx_word' id='word_1_276' title='bbox 1219 3628 1286 3671; x_wconf 80' lang='lat' dir='ltr'><strong>ea:</strong></span> <span class='ocrx_word' id='word_1_277' title='bbox 1314 3613 1495 3684; x_wconf 83' lang='lat' dir='ltr'><strong>Patre,</strong></span> <span class='ocrx_word' id='word_1_278' title='bbox 1526 3616 1762 3676; x_wconf 77' lang='lat' dir='ltr'><strong>videlicet</strong></span> <span class='ocrx_word' id='word_1_279' title='bbox 1786 3634 1850 3677; x_wconf 75' lang='lat' dir='ltr'><strong>ea;</strong></span> <span class='ocrx_word' id='word_1_280' title='bbox 1877 3619 2057 3680; x_wconf 73' lang='lat' dir='ltr'><strong>Patris</strong></span> 
     </span>
    </p>
   </div>
   <div class='ocr_carea' id='block_1_40' title="bbox 481 3703 1380 3757">
    <p class='ocr_par' dir='ltr' id='par_1_40' title="bbox 481 3703 1380 3757">
     <span class='ocr_line' id='line_1_40' title="bbox 481 3703 1380 3757; baseline 0.003 -3"><span class='ocrx_word' id='word_1_281' title='bbox 481 3703 729 3757; x_wconf 76' lang='lat' dir='ltr'><strong>essentia.</strong></span> <span class='ocrx_word' id='word_1_282' title='bbox 1376 3713 1380 3719; x_wconf 93' lang='lat'>&#39;</span> 
     </span>
    </p>
   </div>
   <div class='ocr_carea' id='block_1_41' title="bbox 553 3789 2058 3870">
    <p class='ocr_par' dir='ltr' id='par_1_41' title="bbox 553 3789 2058 3870">
     <span class='ocr_line' id='line_1_41' title="bbox 553 3789 2058 3870; baseline 0.009 -24"><span class='ocrx_word' id='word_1_283' title='bbox 553 3789 777 3848; x_wconf 84' lang='lat' dir='ltr'><strong>Constat</strong></span> <span class='ocrx_word' id='word_1_284' title='bbox 801 3795 960 3864; x_wconf 74' lang='lat' dir='ltr'><strong>igitur</strong></span> <span class='ocrx_word' id='word_1_285' title='bbox 993 3813 1088 3868; x_wconf 86' lang='lat' dir='ltr'><strong>per</strong></span> <span class='ocrx_word' id='word_1_286' title='bbox 1112 3803 1316 3863; x_wconf 87' lang='lat' dir='ltr'><strong>omnia,</strong></span> <span class='ocrx_word' id='word_1_287' title='bbox 1339 3803 1481 3870; x_wconf 85' lang='lat' dir='ltr'><strong>quod</strong></span> <span class='ocrx_word' id='word_1_288' title='bbox 1514 3802 1627 3857; x_wconf 86' lang='lat' dir='ltr'><strong>sive</strong></span> <span class='ocrx_word' id='word_1_289' title='bbox 1643 3819 1706 3858; x_wconf 75' lang='lat' dir='ltr'><strong>ex</strong></span> <span class='ocrx_word' id='word_1_290' title='bbox 1733 3804 1852 3858; x_wconf 84' lang='lat' dir='ltr'><strong>Filii</strong></span> <span class='ocrx_word' id='word_1_291' title='bbox 1873 3820 2058 3861; x_wconf 85' lang='lat' dir='ltr'><strong>essen-</strong></span> 
     </span>
    </p>
   </div>
   <div class='ocr_carea' id='block_1_42' title="bbox 485 3882 2055 3957">
    <p class='ocr_par' dir='ltr' id='par_1_42' title="bbox 485 3882 2055 3957">
     <span class='ocr_line' id='line_1_42' title="bbox 485 3882 2055 3957; baseline 0.01 -22"><span class='ocrx_word' id='word_1_292' title='bbox 485 3882 555 3937; x_wconf 70' lang='lat' dir='ltr'><strong>tia</strong></span> <span class='ocrx_word' id='word_1_293' title='bbox 583 3884 814 3953; x_wconf 83' lang='lat' dir='ltr'><strong>Spiritus</strong></span> <span class='ocrx_word' id='word_1_294' title='bbox 840 3889 1053 3953; x_wconf 91' lang='lat' dir='ltr'><strong>dicitur,</strong></span> <span class='ocrx_word' id='word_1_295' title='bbox 1077 3891 1192 3944; x_wconf 86' lang='lat' dir='ltr'><strong>sive</strong></span> <span class='ocrx_word' id='word_1_296' title='bbox 1221 3905 1283 3944; x_wconf 80' lang='lat' dir='ltr'><strong>ex</strong></span> <span class='ocrx_word' id='word_1_297' title='bbox 1332 3889 1483 3957; x_wconf 87' lang='lat' dir='ltr'><strong>Filio,</strong></span> <span class='ocrx_word' id='word_1_298' title='bbox 1519 3894 1633 3948; x_wconf 83' lang='lat' dir='ltr'><strong>sive</strong></span> <span class='ocrx_word' id='word_1_299' title='bbox 1659 3910 1722 3948; x_wconf 77' lang='lat' dir='ltr'><strong>ex</strong></span> <span class='ocrx_word' id='word_1_300' title='bbox 1755 3895 1876 3949; x_wconf 80' lang='lat' dir='ltr'><strong>Filii</strong></span> <span class='ocrx_word' id='word_1_301' title='bbox 1925 3901 2055 3951; x_wconf 88' lang='lat' dir='ltr'><strong>sub-</strong></span> 
     </span>
    </p>
   </div>
   <div class='ocr_carea' id='block_1_43' title="bbox 484 3978 2054 4049">
    <p class='ocr_par' dir='ltr' id='par_1_43' title="bbox 484 3978 2054 4049">
     <span class='ocr_line' id='line_1_43' title="bbox 484 3978 2054 4049; baseline 0.007 -18"><span class='ocrx_word' id='word_1_302' title='bbox 484 3980 703 4042; x_wconf 88' lang='lat' dir='ltr'><strong>stantia,</strong></span> <span class='ocrx_word' id='word_1_303' title='bbox 726 3978 1047 4034; x_wconf 76' lang='lat' dir='ltr'><strong>nihildilfert</strong></span> <span class='ocrx_word' id='word_1_304' title='bbox 1066 3982 1130 4036; x_wconf 91' lang='lat' dir='ltr'><strong>ad</strong></span> <span class='ocrx_word' id='word_1_305' title='bbox 1152 3983 1267 4049; x_wconf 89' lang='lat' dir='ltr'><strong>ejtts</strong></span> <span class='ocrx_word' id='word_1_306' title='bbox 1282 3984 1635 4037; x_wconf 88' lang='lat' dir='ltr'><strong>substantiam</strong></span> <span class='ocrx_word' id='word_1_307' title='bbox 1658 3986 2054 4042; x_wconf 86' lang='lat' dir='ltr'><strong>insinuandam.</strong></span> 
     </span>
    </p>
   </div>
   <div class='ocr_carea' id='block_1_44' title="bbox 483 4070 2054 4143">
    <p class='ocr_par' dir='ltr' id='par_1_44' title="bbox 483 4070 2054 4143">
     <span class='ocr_line' id='line_1_44' title="bbox 483 4070 2054 4143; baseline 0.01 -24"><span class='ocrx_word' id='word_1_308' title='bbox 483 4070 941 4134; x_wconf 80' lang='lat' dir='ltr'><strong>Quemadmodum</strong></span> <span class='ocrx_word' id='word_1_309' title='bbox 989 4074 1132 4125; x_wconf 88' lang='lat' dir='ltr'><strong>enim</strong></span> <span class='ocrx_word' id='word_1_310' title='bbox 1159 4088 1224 4128; x_wconf 82' lang='lat' dir='ltr'><strong>ex</strong></span> <span class='ocrx_word' id='word_1_311' title='bbox 1248 4088 1312 4127; x_wconf 86' lang='lat' dir='ltr'><strong>eo</strong></span> <span class='ocrx_word' id='word_1_312' title='bbox 1340 4076 1480 4142; x_wconf 89' lang='lat' dir='ltr'><strong>quod</strong></span> <span class='ocrx_word' id='word_1_313' title='bbox 1505 4077 1704 4129; x_wconf 87' lang='lat' dir='ltr'><strong>dictum</strong></span> <span class='ocrx_word' id='word_1_314' title='bbox 1733 4087 1836 4143; x_wconf 91' lang='lat' dir='ltr'><strong>est,</strong></span> <span class='ocrx_word' id='word_1_315' title='bbox 1862 4079 2054 4133; x_wconf 78' lang='lat' dir='ltr'><strong>Filium</strong></span> 
     </span>
    </p>
   </div>
   <div class='ocr_carea' id='block_1_45' title="bbox 484 4163 2058 4228">
    <p class='ocr_par' dir='ltr' id='par_1_45' title="bbox 484 4163 2058 4228">
     <span class='ocr_line' id='line_1_45' title="bbox 484 4163 2058 4228; baseline 0.008 -15"><span class='ocrx_word' id='word_1_316' title='bbox 484 4177 607 4215; x_wconf 76' lang='lat' dir='ltr'><strong>esse</strong></span> <span class='ocrx_word' id='word_1_317' title='bbox 635 4178 699 4216; x_wconf 81' lang='lat' dir='ltr'><strong>ex</strong></span> <span class='ocrx_word' id='word_1_318' title='bbox 730 4163 907 4218; x_wconf 83' lang='lat' dir='ltr'><strong>Patris</strong></span> <span class='ocrx_word' id='word_1_319' title='bbox 943 4165 1205 4228; x_wconf 87' lang='lat' dir='ltr'><strong>essentia,</strong></span> <span class='ocrx_word' id='word_1_320' title='bbox 1240 4165 1543 4219; x_wconf 89' lang='lat' dir='ltr'><strong>substantia</strong></span> <span class='ocrx_word' id='word_1_321' title='bbox 1584 4166 1723 4221; x_wconf 86' lang='lat' dir='ltr'><strong>illius</strong></span> <span class='ocrx_word' id='word_1_322' title='bbox 1782 4169 1905 4224; x_wconf 90' lang='lat' dir='ltr'><strong>inde</strong></span> <span class='ocrx_word' id='word_1_323' title='bbox 1939 4186 2058 4225; x_wconf 74' lang='lat' dir='ltr'><strong>eSse</strong></span> 
     </span>
    </p>
   </div>
   <div class='ocr_carea' id='block_1_46' title="bbox 487 4253 2056 4327">
    <p class='ocr_par' dir='ltr' id='par_1_46' title="bbox 487 4253 2056 4327">
     <span class='ocr_line' id='line_1_46' title="bbox 487 4253 2056 4327; baseline 0.007 -22"><span class='ocrx_word' id='word_1_324' title='bbox 487 4253 839 4321; x_wconf 68' lang='lat' dir='ltr'><strong>intelligitur:</strong></span> <span class='ocrx_word' id='word_1_325' title='bbox 869 4256 941 4309; x_wconf 87' lang='lat' dir='ltr'><strong>ita</strong></span> <span class='ocrx_word' id='word_1_326' title='bbox 963 4265 1019 4309; x_wconf 90' lang='lat' dir='ltr'><strong>et</strong></span> <span class='ocrx_word' id='word_1_327' title='bbox 1050 4256 1283 4323; x_wconf 84' lang='lat' dir='ltr'><strong>Spiritus</strong></span> <span class='ocrx_word' id='word_1_328' title='bbox 1308 4269 1547 4320; x_wconf 87' lang='lat' dir='ltr'><strong>sanctus,</strong></span> <span class='ocrx_word' id='word_1_329' title='bbox 1568 4259 1821 4327; x_wconf 84' lang='lat' dir='ltr'><strong>quoniam</strong></span> <span class='ocrx_word' id='word_1_330' title='bbox 1849 4276 1913 4315; x_wconf 79' lang='lat' dir='ltr'><strong>ex</strong></span> <span class='ocrx_word' id='word_1_331' title='bbox 1936 4261 2056 4316; x_wconf 87' lang='lat' dir='ltr'><strong>Filii</strong></span> 
     </span>
    </p>
   </div>
   <div class='ocr_carea' id='block_1_47' title="bbox 484 4346 2055 4420">
    <p class='ocr_par' dir='ltr' id='par_1_47' title="bbox 484 4346 2055 4420">
     <span class='ocr_line' id='line_1_47' title="bbox 484 4346 2055 4420; baseline 0.004 -19"><span class='ocrx_word' id='word_1_332' title='bbox 484 4348 717 4401; x_wconf 75' lang='lat' dir='ltr'><strong>essentia</strong></span> <span class='ocrx_word' id='word_1_333' title='bbox 755 4363 784 4401; x_wconf 90' lang='lat' dir='ltr'><strong>a</strong></span> <span class='ocrx_word' id='word_1_334' title='bbox 816 4346 1076 4417; x_wconf 81' lang='lat' dir='ltr'><strong>theologis</strong></span> <span class='ocrx_word' id='word_1_335' title='bbox 1126 4347 1374 4417; x_wconf 85' lang='lat' dir='ltr'><strong>traditur,</strong></span> <span class='ocrx_word' id='word_1_336' title='bbox 1408 4364 1471 4403; x_wconf 86' lang='lat' dir='ltr'><strong>ex</strong></span> <span class='ocrx_word' id='word_1_337' title='bbox 1505 4352 1618 4420; x_wconf 90' lang='lat' dir='ltr'><strong>ipso</strong></span> <span class='ocrx_word' id='word_1_338' title='bbox 1647 4352 1811 4406; x_wconf 88' lang='lat' dir='ltr'><strong>etiam</strong></span> <span class='ocrx_word' id='word_1_339' title='bbox 1858 4354 2055 4408; x_wconf 86' lang='lat' dir='ltr'><strong>habere</strong></span> 
     </span>
    </p>
   </div>
   <div class='ocr_carea' id='block_1_48' title="bbox 2128 542 3755 611">
    <p class='ocr_par' dir='ltr' id='par_1_48' title="bbox 2128 542 3755 611">
     <span class='ocr_line' id='line_1_48' title="bbox 2128 542 3755 611; baseline 0.001 -15"><span class='ocrx_word' id='word_1_340' title='bbox 2128 553 2277 611; x_wconf 83' lang='lat' dir='ltr'><strong>pater</strong></span> <span class='ocrx_word' id='word_1_341' title='bbox 2299 553 2421 596; x_wconf 84' lang='lat' dir='ltr'><strong>tuus</strong></span> <span class='ocrx_word' id='word_1_342' title='bbox 2444 554 2539 607; x_wconf 83' lang='lat' dir='ltr'><strong>est,</strong></span> <span class='ocrx_word' id='word_1_343' title='bbox 2568 549 2617 596; x_wconf 85' lang='lat' dir='ltr'><strong>et</strong></span> <span class='ocrx_word' id='word_1_344' title='bbox 2640 557 2704 595; x_wconf 72' lang='lat' dir='ltr'><strong>ex</strong></span> <span class='ocrx_word' id='word_1_345' title='bbox 2729 549 2920 595; x_wconf 85' lang='lat' dir='ltr'><strong>natura</strong></span> <span class='ocrx_word' id='word_1_346' title='bbox 2954 550 3045 594; x_wconf 85' lang='lat' dir='ltr'><strong>tua</strong></span> <span class='ocrx_word' id='word_1_347' title='bbox 3064 554 3184 608; x_wconf 86' lang='lat' dir='ltr'><strong>est;</strong></span> <span class='ocrx_word' id='word_1_348' title='bbox 3209 551 3264 596; x_wconf 84' lang='lat' dir='ltr'><strong>at</strong></span> <span class='ocrx_word' id='word_1_349' title='bbox 3287 542 3338 596; x_wconf 92' lang='lat' dir='ltr'><strong>id</strong></span> <span class='ocrx_word' id='word_1_350' title='bbox 3365 542 3583 611; x_wconf 89' lang='lat' dir='ltr'><strong>quidem</strong></span> <span class='ocrx_word' id='word_1_351' title='bbox 3616 544 3755 598; x_wconf 81' lang='lat' dir='ltr'><strong>dici</strong></span> 
     </span>
    </p>
   </div>
   <div class='ocr_carea' id='block_1_49' title="bbox 2135 632 3754 704">
    <p class='ocr_par' dir='ltr' id='par_1_49' title="bbox 2135 632 3754 704">
     <span class='ocr_line' id='line_1_49' title="bbox 2135 632 3754 704; baseline -0.001 -15"><span class='ocrx_word' id='word_1_352' title='bbox 2135 635 2214 689; x_wconf 79' lang='lat' dir='ltr'><strong>ias</strong></span> <span class='ocrx_word' id='word_1_353' title='bbox 2232 635 2402 701; x_wconf 89' lang='lat' dir='ltr'><strong>est,in</strong></span> <span class='ocrx_word' id='word_1_354' title='bbox 2426 635 2622 703; x_wconf 91' lang='lat' dir='ltr'><strong>quibus</strong></span> <span class='ocrx_word' id='word_1_355' title='bbox 2646 632 2822 686; x_wconf 89' lang='lat' dir='ltr'><strong>nullus</strong></span> <span class='ocrx_word' id='word_1_356' title='bbox 2852 632 2984 687; x_wconf 93' lang='lat' dir='ltr'><strong>ordo</strong></span> <span class='ocrx_word' id='word_1_357' title='bbox 3012 635 3362 702; x_wconf 88' lang='lat' dir='ltr'><strong>conspicitur,</strong></span> <span class='ocrx_word' id='word_1_358' title='bbox 3382 633 3570 689; x_wconf 84' lang='lat' dir='ltr'><strong>divisis</strong></span> <span class='ocrx_word' id='word_1_359' title='bbox 3599 636 3754 704; x_wconf 72' lang='lat' dir='ltr'><strong>qui-</strong></span> 
     </span>
    </p>
   </div>
   <div class='ocr_carea' id='block_1_50' title="bbox 2131 723 3756 785">
    <p class='ocr_par' dir='ltr' id='par_1_50' title="bbox 2131 723 3756 785">
     <span class='ocr_line' id='line_1_50' title="bbox 2131 723 3756 785; baseline -0.001 -4"><span class='ocrx_word' id='word_1_360' title='bbox 2131 729 2250 781; x_wconf 91' lang='lat' dir='ltr'><strong>dem</strong></span> <span class='ocrx_word' id='word_1_361' title='bbox 2283 724 2580 781; x_wconf 83' lang='lat' dir='ltr'><strong>secundum</strong></span> <span class='ocrx_word' id='word_1_362' title='bbox 2604 724 2908 785; x_wconf 88' lang='lat' dir='ltr'><strong>materiam,</strong></span> <span class='ocrx_word' id='word_1_363' title='bbox 2943 723 3109 777; x_wconf 89' lang='lat' dir='ltr'><strong>unitis</strong></span> <span class='ocrx_word' id='word_1_364' title='bbox 3147 734 3326 778; x_wconf 91' lang='lat' dir='ltr'><strong>autem</strong></span> <span class='ocrx_word' id='word_1_365' title='bbox 3374 724 3756 780; x_wconf 80' lang='lat' dir='ltr'><strong>solummodo</strong></span> 
     </span>
    </p>
   </div>
   <div class='ocr_carea' id='block_1_51' title="bbox 2135 815 3758 884">
    <p class='ocr_par' dir='ltr' id='par_1_51' title="bbox 2135 815 3758 884">
     <span class='ocr_line' id='line_1_51' title="bbox 2135 815 3758 884; baseline -0.002 -10"><span class='ocrx_word' id='word_1_366' title='bbox 2135 818 2366 874; x_wconf 85' lang='lat' dir='ltr'><strong>termino</strong></span> <span class='ocrx_word' id='word_1_367' title='bbox 2393 828 2598 871; x_wconf 69' lang='lat' dir='ltr'><strong>naturae</strong></span> <span class='ocrx_word' id='word_1_368' title='bbox 2622 815 2887 880; x_wconf 88' lang='lat' dir='ltr'><strong>mortalis,</strong></span> <span class='ocrx_word' id='word_1_369' title='bbox 2908 830 3002 884; x_wconf 88' lang='lat' dir='ltr'><strong>per</strong></span> <span class='ocrx_word' id='word_1_370' title='bbox 3030 829 3189 884; x_wconf 89' lang='lat' dir='ltr'><strong>quam</strong></span> <span class='ocrx_word' id='word_1_371' title='bbox 3224 815 3758 872; x_wconf 83' lang='lat' dir='ltr'><strong>invicem&#39;cOnsub-</strong></span> 
     </span>
    </p>
   </div>
   <div class='ocr_carea' id='block_1_52' title="bbox 2135 903 3752 964">
    <p class='ocr_par' dir='ltr' id='par_1_52' title="bbox 2135 903 3752 964">
     <span class='ocr_line' id='line_1_52' title="bbox 2135 903 3752 964; baseline -0.001 -1"><span class='ocrx_word' id='word_1_372' title='bbox 2135 908 2418 964; x_wconf 89' lang='lat' dir='ltr'><strong>stautiales</strong></span> <span class='ocrx_word' id='word_1_373' title='bbox 2470 908 2766 962; x_wconf 88' lang='lat' dir='ltr'><strong>secundum</strong></span> <span class='ocrx_word' id='word_1_374' title='bbox 2799 906 3207 960; x_wconf 77' lang='lat' dir='ltr'><strong>conversionem</strong></span> <span class='ocrx_word' id='word_1_375' title='bbox 3244 905 3309 959; x_wconf 89' lang='lat' dir='ltr'><strong>ad</strong></span> <span class='ocrx_word' id='word_1_376' title='bbox 3357 903 3591 961; x_wconf 79' lang='lat' dir='ltr'><strong>invicem</strong></span> <span class='ocrx_word' id='word_1_377' title='bbox 3642 908 3752 962; x_wconf 84' lang='lat' dir='ltr'><strong>di-</strong></span> 
     </span>
    </p>
   </div>
   <div class='ocr_carea' id='block_1_53' title="bbox 2133 996 3750 1067">
    <p class='ocr_par' dir='ltr' id='par_1_53' title="bbox 2133 996 3750 1067">
     <span class='ocr_line' id='line_1_53' title="bbox 2133 996 3750 1067; baseline -0.001 -11"><span class='ocrx_word' id='word_1_378' title='bbox 2133 1012 2351 1065; x_wconf 86' lang='lat' dir='ltr'><strong>cuntur,</strong></span> <span class='ocrx_word' id='word_1_379' title='bbox 2374 1008 2428 1053; x_wconf 88' lang='lat' dir='ltr'><strong>et</strong></span> <span class='ocrx_word' id='word_1_380' title='bbox 2457 1000 2748 1055; x_wconf 88' lang='lat' dir='ltr'><strong>secundum</strong></span> <span class='ocrx_word' id='word_1_381' title='bbox 2776 1013 2935 1067; x_wconf 87' lang='lat' dir='ltr'><strong>quam</strong></span> <span class='ocrx_word' id='word_1_382' title='bbox 2981 996 3352 1067; x_wconf 87' lang='lat' dir='ltr'><strong>unusquisque</strong></span> <span class='ocrx_word' id='word_1_383' title='bbox 3393 1011 3456 1051; x_wconf 85' lang='lat' dir='ltr'><strong>ex</strong></span> <span class='ocrx_word' id='word_1_384' title='bbox 3486 1000 3750 1067; x_wconf 78' lang='lat' dir='ltr'><strong>proximi</strong></span> 
     </span>
    </p>
   </div>
   <div class='ocr_carea' id='block_1_54' title="bbox 2135 1089 3752 1160">
    <p class='ocr_par' dir='ltr' id='par_1_54' title="bbox 2135 1089 3752 1160">
     <span class='ocr_line' id='line_1_54' title="bbox 2135 1089 3752 1160; baseline -0.002 -15"><span class='ocrx_word' id='word_1_385' title='bbox 2135 1107 2348 1155; x_wconf 70' lang='lat' dir='ltr'><strong>natura,</strong></span> <span class='ocrx_word' id='word_1_386' title='bbox 2365 1091 2529 1144; x_wconf 89' lang='lat' dir='ltr'><strong>veluti</strong></span> <span class='ocrx_word' id='word_1_387' title='bbox 2546 1105 2609 1145; x_wconf 80' lang='lat' dir='ltr'><strong>ex</strong></span> <span class='ocrx_word' id='word_1_388' title='bbox 2632 1092 2864 1160; x_wconf 86' lang='lat' dir='ltr'><strong>quodam</strong></span> <span class='ocrx_word' id='word_1_389' title='bbox 2880 1089 3144 1158; x_wconf 87' lang='lat' dir='ltr'><strong>subjecto,</strong></span> <span class='ocrx_word' id='word_1_390' title='bbox 3168 1090 3218 1141; x_wconf 90' lang='lat' dir='ltr'><strong>in</strong></span> <span class='ocrx_word' id='word_1_391' title='bbox 3237 1089 3452 1157; x_wconf 90' lang='lat' dir='ltr'><strong>propria</strong></span> <span class='ocrx_word' id='word_1_392' title='bbox 3472 1091 3752 1144; x_wconf 86' lang='lat' dir='ltr'><strong>substan-</strong></span> 
     </span>
    </p>
   </div>
   <div class='ocr_carea' id='block_1_55' title="bbox 2138 1178 3750 1247">
    <p class='ocr_par' dir='ltr' id='par_1_55' title="bbox 2138 1178 3750 1247">
     <span class='ocr_line' id='line_1_55' title="bbox 2138 1178 3750 1247; baseline 0 -13"><span class='ocrx_word' id='word_1_393' title='bbox 2138 1183 2232 1245; x_wconf 83' lang='lat' dir='ltr'><strong>tia,</strong></span> <span class='ocrx_word' id='word_1_394' title='bbox 2251 1197 2314 1235; x_wconf 94' lang='lat' dir='ltr'><strong>ac</strong></span> <span class='ocrx_word' id='word_1_395' title='bbox 2335 1180 2496 1234; x_wconf 87' lang='lat' dir='ltr'><strong>veluti</strong></span> <span class='ocrx_word' id='word_1_396' title='bbox 2515 1194 2578 1234; x_wconf 84' lang='lat' dir='ltr'><strong>ex</strong></span> <span class='ocrx_word' id='word_1_397' title='bbox 2604 1189 2713 1233; x_wconf 91' lang='lat' dir='ltr'><strong>toto</strong></span> <span class='ocrx_word' id='word_1_398' title='bbox 2740 1194 2867 1247; x_wconf 88' lang='lat' dir='ltr'><strong>pars</strong></span> <span class='ocrx_word' id='word_1_399' title='bbox 2898 1178 3118 1232; x_wconf 79' lang='lat' dir='ltr'><strong>abusive</strong></span> <span class='ocrx_word' id='word_1_400' title='bbox 3138 1178 3426 1235; x_wconf 74' lang='lat' dir='ltr'><strong>diceretur.</strong></span> <span class='ocrx_word' id='word_1_401' title='bbox 3442 1179 3750 1234; x_wconf 63' lang='lat' dir='ltr'><strong>Ceterum</strong></span> 
     </span>
    </p>
   </div>
   <div class='ocr_carea' id='block_1_56' title="bbox 2112 1268 3751 1338">
    <p class='ocr_par' dir='ltr' id='par_1_56' title="bbox 2112 1268 3751 1338">
     <span class='ocr_line' id='line_1_56' title="bbox 2112 1268 3751 1338; baseline 0.002 -16"><span class='ocrx_word' id='word_1_402' title='bbox 2112 1272 2188 1323; x_wconf 77' lang='lat' dir='ltr'><strong>-in</strong></span> <span class='ocrx_word' id='word_1_403' title='bbox 2209 1280 2391 1325; x_wconf 87' lang='lat' dir='ltr'><strong>sancta</strong></span> <span class='ocrx_word' id='word_1_404' title='bbox 2411 1268 2696 1335; x_wconf 89' lang='lat' dir='ltr'><strong>Trinitate,</strong></span> <span class='ocrx_word' id='word_1_405' title='bbox 2711 1284 2833 1324; x_wconf 89' lang='lat' dir='ltr'><strong>cum</strong></span> <span class='ocrx_word' id='word_1_406' title='bbox 2848 1284 2952 1323; x_wconf 89' lang='lat' dir='ltr'><strong>una</strong></span> <span class='ocrx_word' id='word_1_407' title='bbox 2966 1269 3110 1325; x_wconf 87' lang='lat' dir='ltr'><strong>sitae</strong></span> <span class='ocrx_word' id='word_1_408' title='bbox 3123 1269 3519 1338; x_wconf 86' lang='lat' dir='ltr'><strong>simplicissima</strong></span> <span class='ocrx_word' id='word_1_409' title='bbox 3538 1287 3751 1327; x_wconf 62' lang='lat' dir='ltr'><strong>essenta</strong></span> 
     </span>
    </p>
   </div>
   <div class='ocr_carea' id='block_1_57' title="bbox 2142 1357 3747 1427">
    <p class='ocr_par' dir='ltr' id='par_1_57' title="bbox 2142 1357 3747 1427">
     <span class='ocr_line' id='line_1_57' title="bbox 2142 1357 3747 1427; baseline 0.002 -16"><span class='ocrx_word' id='word_1_410' title='bbox 2142 1360 2237 1423; x_wconf 90' lang='lat' dir='ltr'><strong>tia,</strong></span> <span class='ocrx_word' id='word_1_411' title='bbox 2262 1358 2679 1426; x_wconf 82' lang='lat' dir='ltr'><strong>dill&#39;erentiaque</strong></span> <span class='ocrx_word' id='word_1_412' title='bbox 2721 1359 2839 1412; x_wconf 87' lang='lat' dir='ltr'><strong>solo</strong></span> <span class='ocrx_word' id='word_1_413' title='bbox 2879 1372 3230 1427; x_wconf 89' lang='lat' dir='ltr'><strong>personarum</strong></span> <span class='ocrx_word' id='word_1_414' title='bbox 3260 1361 3328 1413; x_wconf 86' lang='lat' dir='ltr'><strong>ab</strong></span> <span class='ocrx_word' id='word_1_415' title='bbox 3354 1357 3584 1413; x_wconf 85' lang='lat' dir='ltr'><strong>invicem</strong></span> <span class='ocrx_word' id='word_1_416' title='bbox 3634 1376 3747 1415; x_wconf 85' lang='lat' dir='ltr'><strong>or-</strong></span> 
     </span>
    </p>
   </div>
   <div class='ocr_carea' id='block_1_58' title="bbox 2108 1442 3738 1516">
    <p class='ocr_par' dir='ltr' id='par_1_58' title="bbox 2108 1442 3738 1516">
     <span class='ocr_line' id='line_1_58' title="bbox 2108 1442 3738 1516; baseline 0.004 -15"><span class='ocrx_word' id='word_1_417' title='bbox 2108 1442 2262 1501; x_wconf 15' lang='lat' dir='ltr'><strong>rdine</strong></span> <span class='ocrx_word' id='word_1_418' title='bbox 2310 1446 2665 1516; x_wconf 86' lang='lat' dir='ltr'><strong>inspiciatur,</strong></span> <span class='ocrx_word' id='word_1_419' title='bbox 2718 1448 3014 1501; x_wconf 83' lang='lat' dir='ltr'><strong>secundum</strong></span> <span class='ocrx_word' id='word_1_420' title='bbox 3077 1448 3281 1503; x_wconf 89' lang='lat' dir='ltr'><strong>scilicet</strong></span> <span class='ocrx_word' id='word_1_421' title='bbox 3327 1449 3738 1507; x_wconf 78' lang='lat' dir='ltr'><strong>substantiales</strong></span> 
     </span>
    </p>
   </div>
   <div class='ocr_carea' id='block_1_59' title="bbox 2139 1537 3742 1607">
    <p class='ocr_par' dir='ltr' id='par_1_59' title="bbox 2139 1537 3742 1607">
     <span class='ocr_line' id='line_1_59' title="bbox 2139 1537 3742 1607; baseline 0.001 -16"><span class='ocrx_word' id='word_1_422' title='bbox 2139 1538 2350 1591; x_wconf 87' lang='lat' dir='ltr'><strong>illarum</strong></span> <span class='ocrx_word' id='word_1_423' title='bbox 2404 1549 2720 1607; x_wconf 87' lang='lat' dir='ltr'><strong>processus,</strong></span> <span class='ocrx_word' id='word_1_424' title='bbox 2781 1537 3233 1606; x_wconf 85' lang='lat' dir='ltr'><strong>quemadmodum</strong></span> <span class='ocrx_word' id='word_1_425' title='bbox 3279 1538 3615 1607; x_wconf 87' lang='lat' dir='ltr'><strong>impossibile</strong></span> <span class='ocrx_word' id='word_1_426' title='bbox 3639 1552 3742 1596; x_wconf 72' lang='lat' dir='ltr'><strong>ess</strong></span> 
     </span>
    </p>
   </div>
   <div class='ocr_carea' id='block_1_60' title="bbox 2135 1626 3742 1695">
    <p class='ocr_par' dir='ltr' id='par_1_60' title="bbox 2135 1626 3742 1695">
     <span class='ocr_line' id='line_1_60' title="bbox 2135 1626 3742 1695; baseline 0.001 -12"><span class='ocrx_word' id='word_1_427' title='bbox 2135 1629 2349 1683; x_wconf 83' lang='lat' dir='ltr'><strong>Patrem</strong></span> <span class='ocrx_word' id='word_1_428' title='bbox 2406 1645 2471 1682; x_wconf 82' lang='lat' dir='ltr'><strong>ex</strong></span> <span class='ocrx_word' id='word_1_429' title='bbox 2504 1626 2643 1682; x_wconf 86' lang='lat' dir='ltr'><strong>Filio</strong></span> <span class='ocrx_word' id='word_1_430' title='bbox 2672 1638 2722 1682; x_wconf 89' lang='lat' dir='ltr'><strong>et</strong></span> <span class='ocrx_word' id='word_1_431' title='bbox 2754 1644 2821 1682; x_wconf 81' lang='lat' dir='ltr'><strong>ex</strong></span> <span class='ocrx_word' id='word_1_432' title='bbox 2877 1626 3000 1682; x_wconf 74' lang='lat' dir='ltr'><strong>Filii</strong></span> <span class='ocrx_word' id='word_1_433' title='bbox 3049 1628 3283 1683; x_wconf 79' lang='lat' dir='ltr'><strong>essentia</strong></span> <span class='ocrx_word' id='word_1_434' title='bbox 3337 1628 3465 1695; x_wconf 88' lang='lat' dir='ltr'><strong>dici,</strong></span> <span class='ocrx_word' id='word_1_435' title='bbox 3496 1639 3550 1683; x_wconf 88' lang='lat' dir='ltr'><strong>et</strong></span> <span class='ocrx_word' id='word_1_436' title='bbox 3576 1641 3742 1685; x_wconf 78' lang='lat' dir='ltr'><strong>certe</strong></span> 
     </span>
    </p>
   </div>
   <div class='ocr_carea' id='block_1_61' title="bbox 2139 1718 3740 1789">
    <p class='ocr_par' dir='ltr' id='par_1_61' title="bbox 2139 1718 3740 1789">
     <span class='ocr_line' id='line_1_61' title="bbox 2139 1718 3740 1789; baseline 0 -15"><span class='ocrx_word' id='word_1_437' title='bbox 2139 1735 2260 1774; x_wconf 90' lang='lat' dir='ltr'><strong>cum</strong></span> <span class='ocrx_word' id='word_1_438' title='bbox 2308 1726 2411 1789; x_wconf 77' lang='lat' dir='ltr'><strong>una</strong></span> <span class='ocrx_word' id='word_1_439' title='bbox 2444 1720 2512 1774; x_wconf 87' lang='lat' dir='ltr'><strong>sit</strong></span> <span class='ocrx_word' id='word_1_440' title='bbox 2539 1719 2839 1787; x_wconf 86' lang='lat' dir='ltr'><strong>eademque</strong></span> <span class='ocrx_word' id='word_1_441' title='bbox 2877 1718 3116 1773; x_wconf 86' lang='lat' dir='ltr'><strong>essentia</strong></span> <span class='ocrx_word' id='word_1_442' title='bbox 3151 1718 3324 1774; x_wconf 88' lang='lat' dir='ltr'><strong>Patris</strong></span> <span class='ocrx_word' id='word_1_443' title='bbox 3351 1734 3413 1774; x_wconf 92' lang='lat' dir='ltr'><strong>ac</strong></span> <span class='ocrx_word' id='word_1_444' title='bbox 3460 1719 3603 1783; x_wconf 87' lang='lat' dir='ltr'><strong>Filii,</strong></span> <span class='ocrx_word' id='word_1_445' title='bbox 3652 1722 3740 1774; x_wconf 83' lang='lat' dir='ltr'><strong>ita</strong></span> 
     </span>
    </p>
   </div>
   <div class='ocr_carea' id='block_1_62' title="bbox 2141 1806 3738 1878">
    <p class='ocr_par' dir='ltr' id='par_1_62' title="bbox 2141 1806 3738 1878">
     <span class='ocr_line' id='line_1_62' title="bbox 2141 1806 3738 1878; baseline 0.003 -20"><span class='ocrx_word' id='word_1_446' title='bbox 2141 1809 2397 1878; x_wconf 74' lang='lat' dir='ltr'><strong>possibile</strong></span> <span class='ocrx_word' id='word_1_447' title='bbox 2426 1823 2530 1863; x_wconf 90' lang='lat' dir='ltr'><strong>non</strong></span> <span class='ocrx_word' id='word_1_448' title='bbox 2556 1816 2637 1865; x_wconf 89' lang='lat' dir='ltr'><strong>est</strong></span> <span class='ocrx_word' id='word_1_449' title='bbox 2663 1806 2860 1861; x_wconf 87' lang='lat' dir='ltr'><strong>Filium</strong></span> <span class='ocrx_word' id='word_1_450' title='bbox 2888 1822 2950 1862; x_wconf 82' lang='lat' dir='ltr'><strong>ex</strong></span> <span class='ocrx_word' id='word_1_451' title='bbox 2985 1806 3216 1876; x_wconf 85' lang='lat' dir='ltr'><strong>Spiritus</strong></span> <span class='ocrx_word' id='word_1_452' title='bbox 3241 1808 3353 1862; x_wconf 80' lang='lat' dir='ltr'><strong>sive</strong></span> <span class='ocrx_word' id='word_1_453' title='bbox 3397 1809 3461 1862; x_wconf 90' lang='lat' dir='ltr'><strong>de</strong></span> <span class='ocrx_word' id='word_1_454' title='bbox 3489 1806 3738 1878; x_wconf 85' lang='lat' dir='ltr'><strong>Spiritus</strong></span> 
     </span>
    </p>
   </div>
   <div class='ocr_carea' id='block_1_63' title="bbox 2140 1898 3731 1968">
    <p class='ocr_par' dir='ltr' id='par_1_63' title="bbox 2140 1898 3731 1968">
     <span class='ocr_line' id='line_1_63' title="bbox 2140 1898 3731 1968; baseline -0.002 -14"><span class='ocrx_word' id='word_1_455' title='bbox 2140 1899 2443 1954; x_wconf 83' lang='lat' dir='ltr'><strong>substantia</strong></span> <span class='ocrx_word' id='word_1_456' title='bbox 2479 1912 2716 1968; x_wconf 87' lang='lat' dir='ltr'><strong>unquam</strong></span> <span class='ocrx_word' id='word_1_457' title='bbox 2768 1899 2873 1953; x_wconf 90' lang='lat' dir='ltr'><strong>dici</strong></span> <span class='ocrx_word' id='word_1_458' title='bbox 2912 1906 3126 1968; x_wconf 90' lang='lat' dir='ltr'><strong>propter</strong></span> <span class='ocrx_word' id='word_1_459' title='bbox 3155 1898 3362 1952; x_wconf 88' lang='lat' dir='ltr'><strong>ordinis</strong></span> <span class='ocrx_word' id='word_1_460' title='bbox 3405 1899 3731 1964; x_wconf 83' lang='lat' dir='ltr'><strong>terminum,</strong></span> 
     </span>
    </p>
   </div>
   <div class='ocr_carea' id='block_1_64' title="bbox 2139 1989 3580 2062">
    <p class='ocr_par' dir='ltr' id='par_1_64' title="bbox 2139 1989 3580 2062">
     <span class='ocr_line' id='line_1_64' title="bbox 2139 1989 3580 2062; baseline -0.001 -16"><span class='ocrx_word' id='word_1_461' title='bbox 2139 1993 2439 2047; x_wconf 89' lang='lat' dir='ltr'><strong>secundum</strong></span> <span class='ocrx_word' id='word_1_462' title='bbox 2474 2006 2635 2062; x_wconf 91' lang='lat' dir='ltr'><strong>quem</strong></span> <span class='ocrx_word' id='word_1_463' title='bbox 2668 2004 2734 2046; x_wconf 86' lang='lat' dir='ltr'><strong>ex</strong></span> <span class='ocrx_word' id='word_1_464' title='bbox 2762 1989 2924 2045; x_wconf 88' lang='lat' dir='ltr'><strong>Patre</strong></span> <span class='ocrx_word' id='word_1_465' title='bbox 2952 2004 3049 2058; x_wconf 88' lang='lat' dir='ltr'><strong>per</strong></span> <span class='ocrx_word' id='word_1_466' title='bbox 3080 1989 3275 2043; x_wconf 86' lang='lat' dir='ltr'><strong>Filium</strong></span> <span class='ocrx_word' id='word_1_467' title='bbox 3320 1989 3580 2058; x_wconf 89' lang='lat' dir='ltr'><strong>procedit.</strong></span> 
     </span>
    </p>
   </div>
   <div class='ocr_carea' id='block_1_65' title="bbox 2211 2078 3734 2148">
    <p class='ocr_par' dir='ltr' id='par_1_65' title="bbox 2211 2078 3734 2148">
     <span class='ocr_line' id='line_1_65' title="bbox 2211 2078 3734 2148; baseline 0.001 -13"><span class='ocrx_word' id='word_1_468' title='bbox 2211 2082 2672 2148; x_wconf 86' lang='lat' dir='ltr'><strong>Quemadmodum</strong></span> <span class='ocrx_word' id='word_1_469' title='bbox 2721 2080 2907 2136; x_wconf 86' lang='lat' dir='ltr'><strong>eadem</strong></span> <span class='ocrx_word' id='word_1_470' title='bbox 2951 2079 3160 2134; x_wconf 89' lang='lat' dir='ltr'><strong>ratione</strong></span> <span class='ocrx_word' id='word_1_471' title='bbox 3217 2078 3412 2133; x_wconf 84' lang='lat' dir='ltr'><strong>Filium</strong></span> <span class='ocrx_word' id='word_1_472' title='bbox 3447 2095 3511 2133; x_wconf 88' lang='lat' dir='ltr'><strong>ex</strong></span> <span class='ocrx_word' id='word_1_473' title='bbox 3566 2079 3734 2137; x_wconf 83' lang='lat' dir='ltr'><strong>Patre</strong></span> 
     </span>
    </p>
   </div>
   <div class='ocr_carea' id='block_1_66' title="bbox 2142 2170 3728 2242">
    <p class='ocr_par' dir='ltr' id='par_1_66' title="bbox 2142 2170 3728 2242">
     <span class='ocr_line' id='line_1_66' title="bbox 2142 2170 3728 2242; baseline 0 -15"><span class='ocrx_word' id='word_1_474' title='bbox 2142 2187 2237 2242; x_wconf 90' lang='lat' dir='ltr'><strong>per</strong></span> <span class='ocrx_word' id='word_1_475' title='bbox 2309 2172 2573 2241; x_wconf 84' lang='lat' dir='ltr'><strong>Spiritum</strong></span> <span class='ocrx_word' id='word_1_476' title='bbox 2650 2170 2798 2240; x_wconf 75' lang='lat' dir='ltr'><strong>gigni</strong></span> <span class='ocrx_word' id='word_1_477' title='bbox 2871 2184 3181 2226; x_wconf 87' lang='lat' dir='ltr'><strong>asseverare</strong></span> <span class='ocrx_word' id='word_1_478' title='bbox 3237 2185 3343 2224; x_wconf 85' lang='lat' dir='ltr'><strong>non</strong></span> <span class='ocrx_word' id='word_1_479' title='bbox 3413 2187 3728 2241; x_wconf 89' lang='lat' dir='ltr'><strong>possumus.</strong></span> 
     </span>
    </p>
   </div>
   <div class='ocr_carea' id='block_1_67' title="bbox 2142 2259 3732 2331">
    <p class='ocr_par' dir='ltr' id='par_1_67' title="bbox 2142 2259 3732 2331">
     <span class='ocr_line' id='line_1_67' title="bbox 2142 2259 3732 2331; baseline 0.001 -16"><span class='ocrx_word' id='word_1_480' title='bbox 2142 2263 2408 2330; x_wconf 87' lang='lat' dir='ltr'><strong>Quocirca</strong></span> <span class='ocrx_word' id='word_1_481' title='bbox 2426 2261 2525 2314; x_wconf 89' lang='lat' dir='ltr'><strong>rite</strong></span> <span class='ocrx_word' id='word_1_482' title='bbox 2547 2260 2750 2314; x_wconf 84' lang='lat' dir='ltr'><strong>dictum</strong></span> <span class='ocrx_word' id='word_1_483' title='bbox 2770 2268 2852 2314; x_wconf 88' lang='lat' dir='ltr'><strong>est</strong></span> <span class='ocrx_word' id='word_1_484' title='bbox 2877 2277 2890 2312; x_wconf 88' lang='lat'>:</span> <span class='ocrx_word' id='word_1_485' title='bbox 2909 2259 3075 2315; x_wconf 87' lang='lat' dir='ltr'><strong>Filius</strong></span> <span class='ocrx_word' id='word_1_486' title='bbox 3097 2260 3270 2315; x_wconf 89' lang='lat' dir='ltr'><strong>sancti</strong></span> <span class='ocrx_word' id='word_1_487' title='bbox 3297 2260 3530 2331; x_wconf 88' lang='lat' dir='ltr'><strong>Spiritus</strong></span> <span class='ocrx_word' id='word_1_488' title='bbox 3553 2277 3732 2330; x_wconf 87' lang='lat' dir='ltr'><strong>neque</strong></span> 
     </span>
    </p>
   </div>
   <div class='ocr_carea' id='block_1_68' title="bbox 2144 2350 3727 2420">
    <p class='ocr_par' dir='ltr' id='par_1_68' title="bbox 2144 2350 3727 2420">
     <span class='ocr_line' id='line_1_68' title="bbox 2144 2350 3727 2420; baseline 0.001 -14"><span class='ocrx_word' id='word_1_489' title='bbox 2144 2361 2246 2416; x_wconf 84' lang='lat' dir='ltr'><strong>est,</strong></span> <span class='ocrx_word' id='word_1_490' title='bbox 2283 2365 2456 2420; x_wconf 89' lang='lat' dir='ltr'><strong>neque</strong></span> <span class='ocrx_word' id='word_1_491' title='bbox 2487 2350 2704 2413; x_wconf 87' lang='lat' dir='ltr'><strong>dicitur,</strong></span> <span class='ocrx_word' id='word_1_492' title='bbox 2755 2363 2929 2419; x_wconf 85' lang='lat' dir='ltr'><strong>neque</strong></span> <span class='ocrx_word' id='word_1_493' title='bbox 2982 2354 3318 2407; x_wconf 84' lang='lat' dir='ltr'><strong>convertitur</strong></span> <span class='ocrx_word' id='word_1_494' title='bbox 3367 2353 3582 2408; x_wconf 83' lang='lat' dir='ltr'><strong>habitus</strong></span> <span class='ocrx_word' id='word_1_495' title='bbox 3623 2354 3727 2409; x_wconf 85' lang='lat' dir='ltr'><strong>ista</strong></span> 
     </span>
    </p>
   </div>
   <div class='ocr_carea' id='block_1_69' title="bbox 2144 2442 3290 2515">
    <p class='ocr_par' dir='ltr' id='par_1_69' title="bbox 2144 2442 3290 2515">
     <span class='ocr_line' id='line_1_69' title="bbox 2144 2442 3290 2515; baseline -0.002 -17"><span class='ocrx_word' id='word_1_496' title='bbox 2144 2442 2553 2511; x_wconf 82' lang='lat' dir='ltr'><strong>consequentia.</strong></span> <span class='ocrx_word' id='word_1_497' title='bbox 3286 2510 3290 2515; x_wconf 28' lang='grc' dir='ltr'><em>ι</em></span> 
     </span>
    </p>
   </div>
   <div class='ocr_carea' id='block_1_70' title="bbox 2215 2533 3720 2607">
    <p class='ocr_par' dir='ltr' id='par_1_70' title="bbox 2215 2533 3720 2607">
     <span class='ocr_line' id='line_1_70' title="bbox 2215 2533 3720 2607; baseline 0.001 -17"><span class='ocrx_word' id='word_1_498' title='bbox 2215 2534 2437 2590; x_wconf 89' lang='lat' dir='ltr'><strong>Constat</strong></span> <span class='ocrx_word' id='word_1_499' title='bbox 2470 2544 2647 2590; x_wconf 89' lang='lat' dir='ltr'><strong>autem</strong></span> <span class='ocrx_word' id='word_1_500' title='bbox 2677 2550 2743 2588; x_wconf 83' lang='lat' dir='ltr'><strong>ex</strong></span> <span class='ocrx_word' id='word_1_501' title='bbox 2781 2533 2864 2588; x_wconf 87' lang='lat' dir='ltr'><strong>his</strong></span> <span class='ocrx_word' id='word_1_502' title='bbox 2908 2549 3026 2603; x_wconf 62' lang='lat' dir='ltr'><strong>quae</strong></span> <span class='ocrx_word' id='word_1_503' title='bbox 3057 2535 3202 2595; x_wconf 84' lang='lat' dir='ltr'><strong>dicta</strong></span> <span class='ocrx_word' id='word_1_504' title='bbox 3251 2545 3414 2603; x_wconf 91' lang='lat' dir='ltr'><strong>sunt,</strong></span> <span class='ocrx_word' id='word_1_505' title='bbox 3470 2546 3524 2592; x_wconf 85' lang='lat' dir='ltr'><strong>et</strong></span> <span class='ocrx_word' id='word_1_506' title='bbox 3575 2537 3720 2607; x_wconf 81' lang='lat' dir='ltr'><strong>quod</strong></span> 
     </span>
    </p>
   </div>
   <div class='ocr_carea' id='block_1_71' title="bbox 2146 2624 3726 2697">
    <p class='ocr_par' dir='ltr' id='par_1_71' title="bbox 2146 2624 3726 2697">
     <span class='ocr_line' id='line_1_71' title="bbox 2146 2624 3726 2697; baseline 0.001 -17"><span class='ocrx_word' id='word_1_507' title='bbox 2146 2638 2369 2697; x_wconf 82' lang='lat' dir='ltr'><strong>magnus</strong></span> <span class='ocrx_word' id='word_1_508' title='bbox 2392 2625 2720 2680; x_wconf 76' lang='lat' dir='ltr'><strong>Athanasius</strong></span> <span class='ocrx_word' id='word_1_509' title='bbox 2757 2624 2961 2679; x_wconf 88' lang='lat' dir='ltr'><strong>idcirco</strong></span> <span class='ocrx_word' id='word_1_510' title='bbox 2990 2625 3064 2679; x_wconf 88' lang='lat' dir='ltr'><strong>ait</strong></span> <span class='ocrx_word' id='word_1_511' title='bbox 3089 2641 3105 2679; x_wconf 87' lang='lat'><strong>:</strong></span> <span class='ocrx_word' id='word_1_512' title='bbox 3136 2624 3218 2679; x_wconf 81' lang='lat' dir='ltr'><strong>Ea:</strong></span> <span class='ocrx_word' id='word_1_513' title='bbox 3260 2624 3419 2681; x_wconf 82' lang='lat' dir='ltr'><strong>Patre</strong></span> <span class='ocrx_word' id='word_1_514' title='bbox 3447 2633 3726 2694; x_wconf 79' lang='lat' dir='ltr'><strong>procedere</strong></span> 
     </span>
    </p>
   </div>
   <div class='ocr_carea' id='block_1_72' title="bbox 2146 2711 3724 2786">
    <p class='ocr_par' dir='ltr' id='par_1_72' title="bbox 2146 2711 3724 2786">
     <span class='ocr_line' id='line_1_72' title="bbox 2146 2711 3724 2786; baseline 0.001 -18"><span class='ocrx_word' id='word_1_515' title='bbox 2146 2716 2338 2769; x_wconf 85' lang='lat' dir='ltr'><strong>dicitur</strong></span> <span class='ocrx_word' id='word_1_516' title='bbox 2361 2756 2375 2783; x_wconf 95' lang='lat'><strong>,</strong></span> <span class='ocrx_word' id='word_1_517' title='bbox 2398 2714 2645 2786; x_wconf 85' lang='lat' dir='ltr'><strong>quoniam</strong></span> <span class='ocrx_word' id='word_1_518' title='bbox 2669 2730 2701 2767; x_wconf 91' lang='lat' dir='ltr'><strong>a</strong></span> <span class='ocrx_word' id='word_1_519' title='bbox 2727 2711 2894 2768; x_wconf 82' lang='lat' dir='ltr'><strong>Verbo</strong></span> <span class='ocrx_word' id='word_1_520' title='bbox 2909 2715 3120 2778; x_wconf 83' lang='lat' dir='ltr'><strong>emicat,</strong></span> <span class='ocrx_word' id='word_1_521' title='bbox 3142 2723 3192 2768; x_wconf 86' lang='lat' dir='ltr'><strong>et</strong></span> <span class='ocrx_word' id='word_1_522' title='bbox 3219 2715 3466 2780; x_wconf 85' lang='lat' dir='ltr'><strong>mittitur,</strong></span> <span class='ocrx_word' id='word_1_523' title='bbox 3481 2728 3528 2770; x_wconf 86' lang='lat' dir='ltr'><strong>et</strong></span> <span class='ocrx_word' id='word_1_524' title='bbox 3545 2719 3724 2770; x_wconf 87' lang='lat' dir='ltr'><strong>datur.</strong></span> 
     </span>
    </p>
   </div>
   <div class='ocr_carea' id='block_1_73' title="bbox 2146 2803 3728 2877">
    <p class='ocr_par' dir='ltr' id='par_1_73' title="bbox 2146 2803 3728 2877">
     <span class='ocr_line' id='line_1_73' title="bbox 2146 2803 3728 2877; baseline 0.001 -17"><span class='ocrx_word' id='word_1_525' title='bbox 2146 2806 2332 2877; x_wconf 80' lang='lat' dir='ltr'><strong>Itaque</strong></span> <span class='ocrx_word' id='word_1_526' title='bbox 2361 2807 2463 2861; x_wconf 93' lang='lat' dir='ltr'><strong>nisi</strong></span> <span class='ocrx_word' id='word_1_527' title='bbox 2493 2821 2586 2875; x_wconf 93' lang='lat' dir='ltr'><strong>pcr</strong></span> <span class='ocrx_word' id='word_1_528' title='bbox 2626 2804 2861 2859; x_wconf 80' lang='lat' dir='ltr'><strong>Verbum</strong></span> <span class='ocrx_word' id='word_1_529' title='bbox 2907 2804 3055 2859; x_wconf 90' lang='lat' dir='ltr'><strong>illum</strong></span> <span class='ocrx_word' id='word_1_530' title='bbox 3093 2803 3253 2860; x_wconf 88' lang='lat' dir='ltr'><strong>Pater</strong></span> <span class='ocrx_word' id='word_1_531' title='bbox 3300 2807 3592 2873; x_wconf 87' lang='lat' dir='ltr'><strong>emitteret,</strong></span> <span class='ocrx_word' id='word_1_532' title='bbox 3636 2822 3728 2861; x_wconf 90' lang='lat' dir='ltr'><strong>ne-</strong></span> 
     </span>
    </p>
   </div>
   <div class='ocr_carea' id='block_1_74' title="bbox 2147 2893 3726 2970">
    <p class='ocr_par' dir='ltr' id='par_1_74' title="bbox 2147 2893 3726 2970">
     <span class='ocr_line' id='line_1_74' title="bbox 2147 2893 3726 2970; baseline -0.006 -18"><span class='ocrx_word' id='word_1_533' title='bbox 2147 2916 2415 2970; x_wconf 88' lang='lat' dir='ltr'><strong>quaquam</strong></span> <span class='ocrx_word' id='word_1_534' title='bbox 2445 2905 2587 2954; x_wconf 86' lang='lat' dir='ltr'><strong>esset</strong></span> <span class='ocrx_word' id='word_1_535' title='bbox 2613 2911 2679 2953; x_wconf 81' lang='lat' dir='ltr'><strong>ex</strong></span> <span class='ocrx_word' id='word_1_536' title='bbox 2701 2896 2859 2951; x_wconf 83' lang='lat' dir='ltr'><strong>Patre</strong></span> <span class='ocrx_word' id='word_1_537' title='bbox 2889 2897 3190 2964; x_wconf 87' lang='lat' dir='ltr'><strong>procedens</strong></span> <span class='ocrx_word' id='word_1_538' title='bbox 3214 2935 3228 2948; x_wconf 93' lang='lat'><strong>.</strong></span> <span class='ocrx_word' id='word_1_539' title='bbox 3256 2893 3563 2963; x_wconf 88' lang='lat' dir='ltr'><strong>Proprietas</strong></span> <span class='ocrx_word' id='word_1_540' title='bbox 3584 2894 3726 2948; x_wconf 89' lang='lat' dir='ltr'><strong>enim</strong></span> 
     </span>
    </p>
   </div>
   <div class='ocr_carea' id='block_1_75' title="bbox 2149 2985 3730 3058">
    <p class='ocr_par' dir='ltr' id='par_1_75' title="bbox 2149 2985 3730 3058">
     <span class='ocr_line' id='line_1_75' title="bbox 2149 2985 3730 3058; baseline -0.006 -15"><span class='ocrx_word' id='word_1_541' title='bbox 2149 2990 2407 3058; x_wconf 87' lang='lat' dir='ltr'><strong>Spiritus,</strong></span> <span class='ocrx_word' id='word_1_542' title='bbox 2435 3001 2493 3044; x_wconf 92' lang='lat' dir='ltr'><strong>ut</strong></span> <span class='ocrx_word' id='word_1_543' title='bbox 2517 2990 2779 3055; x_wconf 79' lang='lat' dir='ltr'><strong>diximus,</strong></span> <span class='ocrx_word' id='word_1_544' title='bbox 2806 3000 2888 3042; x_wconf 93' lang='lat' dir='ltr'><strong>est</strong></span> <span class='ocrx_word' id='word_1_545' title='bbox 2919 3003 2983 3042; x_wconf 77' lang='lat' dir='ltr'><strong>ex</strong></span> <span class='ocrx_word' id='word_1_546' title='bbox 3012 2986 3169 3041; x_wconf 87' lang='lat' dir='ltr'><strong>Patre</strong></span> <span class='ocrx_word' id='word_1_547' title='bbox 3196 3000 3292 3055; x_wconf 91' lang='lat' dir='ltr'><strong>per</strong></span> <span class='ocrx_word' id='word_1_548' title='bbox 3312 2985 3507 3039; x_wconf 89' lang='lat' dir='ltr'><strong>Filium</strong></span> <span class='ocrx_word' id='word_1_549' title='bbox 3538 2997 3730 3051; x_wconf 88' lang='lat' dir='ltr'><strong>proce-</strong></span> 
     </span>
    </p>
   </div>
   <div class='ocr_carea' id='block_1_76' title="bbox 2071 3070 3730 3160">
    <p class='ocr_par' dir='ltr' id='par_1_76' title="bbox 2071 3070 3730 3160">
     <span class='ocr_line' id='line_1_76' title="bbox 2071 3070 3730 3160; baseline -0.008 -26"><span class='ocrx_word' id='word_1_550' title='bbox 2071 3103 2113 3160; x_wconf 71' lang='grc' dir='ltr'><strong>ο</strong></span> <span class='ocrx_word' id='word_1_551' title='bbox 2147 3080 2296 3145; x_wconf 90' lang='lat' dir='ltr'><strong>dere,</strong></span> <span class='ocrx_word' id='word_1_552' title='bbox 2332 3080 2446 3133; x_wconf 87' lang='lat' dir='ltr'><strong>sive</strong></span> <span class='ocrx_word' id='word_1_553' title='bbox 2484 3094 2548 3133; x_wconf 85' lang='lat' dir='ltr'><strong>ex</strong></span> <span class='ocrx_word' id='word_1_554' title='bbox 2595 3079 2770 3145; x_wconf 91' lang='lat' dir='ltr'><strong>primo</strong></span> <span class='ocrx_word' id='word_1_555' title='bbox 2815 3092 2909 3146; x_wconf 89' lang='lat' dir='ltr'><strong>per</strong></span> <span class='ocrx_word' id='word_1_556' title='bbox 2945 3077 3176 3131; x_wconf 90' lang='lat' dir='ltr'><strong>medium</strong></span> <span class='ocrx_word' id='word_1_557' title='bbox 3207 3088 3350 3138; x_wconf 89' lang='lat' dir='ltr'><strong>esse,</strong></span> <span class='ocrx_word' id='word_1_558' title='bbox 3399 3086 3601 3141; x_wconf 90' lang='lat' dir='ltr'><strong>perque</strong></span> <span class='ocrx_word' id='word_1_559' title='bbox 3629 3070 3730 3123; x_wconf 85' lang='lat' dir='ltr'><strong>hu-</strong></span> 
     </span>
    </p>
   </div>
   <div class='ocr_carea' id='block_1_77' title="bbox 2155 3163 3728 3242">
    <p class='ocr_par' dir='ltr' id='par_1_77' title="bbox 2155 3163 3728 3242">
     <span class='ocr_line' id='line_1_77' title="bbox 2155 3163 3728 3242; baseline -0.006 -17"><span class='ocrx_word' id='word_1_560' title='bbox 2155 3171 2389 3241; x_wconf 86' lang='lat' dir='ltr'><strong>jusmodi</strong></span> <span class='ocrx_word' id='word_1_561' title='bbox 2418 3182 2727 3238; x_wconf 88' lang='lat' dir='ltr'><strong>processum</strong></span> <span class='ocrx_word' id='word_1_562' title='bbox 2750 3167 3047 3237; x_wconf 72' lang='lat' dir='ltr'><strong>procedens</strong></span> <span class='ocrx_word' id='word_1_563' title='bbox 3073 3172 3174 3218; x_wconf 90' lang='lat' dir='ltr'><strong>est.</strong></span> <span class='ocrx_word' id='word_1_564' title='bbox 3198 3163 3364 3218; x_wconf 88' lang='lat' dir='ltr'><strong>Filius</strong></span> <span class='ocrx_word' id='word_1_565' title='bbox 3396 3163 3537 3242; x_wconf 87' lang='lat' dir='ltr'><strong>enim</strong></span> <span class='ocrx_word' id='word_1_566' title='bbox 3562 3173 3728 3227; x_wconf 86' lang='lat' dir='ltr'><strong>esset,</strong></span> 
     </span>
    </p>
   </div>
   <div class='ocr_carea' id='block_1_78' title="bbox 2160 3250 3733 3324">
    <p class='ocr_par' dir='ltr' id='par_1_78' title="bbox 2160 3250 3733 3324">
     <span class='ocr_line' id='line_1_78' title="bbox 2160 3250 3733 3324; baseline -0.006 -8"><span class='ocrx_word' id='word_1_567' title='bbox 2160 3263 2205 3317; x_wconf 91' lang='lat' dir='ltr'><strong>si</strong></span> <span class='ocrx_word' id='word_1_568' title='bbox 2241 3278 2308 3316; x_wconf 85' lang='lat' dir='ltr'><strong>ex</strong></span> <span class='ocrx_word' id='word_1_569' title='bbox 2337 3250 2497 3314; x_wconf 82' lang='lat' dir='ltr'><strong>Patre</strong></span> <span class='ocrx_word' id='word_1_570' title='bbox 2520 3259 2637 3313; x_wconf 87' lang='lat' dir='ltr'><strong>sine</strong></span> <span class='ocrx_word' id='word_1_571' title='bbox 2669 3259 2844 3312; x_wconf 87' lang='lat' dir='ltr'><strong>medio</strong></span> <span class='ocrx_word' id='word_1_572' title='bbox 2874 3257 3213 3324; x_wconf 84' lang='lat' dir='ltr'><strong>procederet.</strong></span> <span class='ocrx_word' id='word_1_573' title='bbox 3258 3252 3412 3318; x_wconf 81' lang='lat' dir='ltr'><strong>Nam,</strong></span> <span class='ocrx_word' id='word_1_574' title='bbox 3460 3266 3524 3307; x_wconf 88' lang='lat' dir='ltr'><strong>ex</strong></span> <span class='ocrx_word' id='word_1_575' title='bbox 3570 3250 3733 3307; x_wconf 85' lang='lat' dir='ltr'><strong>Patre</strong></span> 
     </span>
    </p>
   </div>
   <div class='ocr_carea' id='block_1_79' title="bbox 2158 3343 3731 3418">
    <p class='ocr_par' dir='ltr' id='par_1_79' title="bbox 2158 3343 3731 3418">
     <span class='ocr_line' id='line_1_79' title="bbox 2158 3343 3731 3418; baseline -0.006 -13"><span class='ocrx_word' id='word_1_576' title='bbox 2158 3368 2279 3407; x_wconf 89' lang='lat' dir='ltr'><strong>esse</strong></span> <span class='ocrx_word' id='word_1_577' title='bbox 2308 3353 2426 3407; x_wconf 90' lang='lat' dir='ltr'><strong>sine</strong></span> <span class='ocrx_word' id='word_1_578' title='bbox 2477 3348 2674 3412; x_wconf 84' lang='lat' dir='ltr'><strong>medio,</strong></span> <span class='ocrx_word' id='word_1_579' title='bbox 2706 3349 3010 3418; x_wconf 82' lang='lat' dir='ltr'><strong>proprietas</strong></span> <span class='ocrx_word' id='word_1_580' title='bbox 3065 3343 3185 3399; x_wconf 87' lang='lat' dir='ltr'><strong>Filii</strong></span> <span class='ocrx_word' id='word_1_581' title='bbox 3225 3355 3329 3409; x_wconf 90' lang='lat' dir='ltr'><strong>est,</strong></span> <span class='ocrx_word' id='word_1_582' title='bbox 3386 3344 3525 3399; x_wconf 88' lang='lat' dir='ltr'><strong>sicut</strong></span> <span class='ocrx_word' id='word_1_583' title='bbox 3570 3345 3731 3398; x_wconf 86' lang='lat' dir='ltr'><strong>etiam</strong></span> 
     </span>
    </p>
   </div>
   <div class='ocr_carea' id='block_1_80' title="bbox 2161 3434 3733 3514">
    <p class='ocr_par' dir='ltr' id='par_1_80' title="bbox 2161 3434 3733 3514">
     <span class='ocr_line' id='line_1_80' title="bbox 2161 3434 3733 3514; baseline -0.005 -17"><span class='ocrx_word' id='word_1_584' title='bbox 2161 3459 2322 3514; x_wconf 87' lang='lat' dir='ltr'><strong>supra</strong></span> <span class='ocrx_word' id='word_1_585' title='bbox 2362 3440 2680 3498; x_wconf 85' lang='lat' dir='ltr'><strong>docuimus.</strong></span> <span class='ocrx_word' id='word_1_586' title='bbox 2732 3436 3009 3505; x_wconf 88' lang='lat' dir='ltr'><strong>Quomodo</strong></span> <span class='ocrx_word' id='word_1_587' title='bbox 3061 3451 3190 3507; x_wconf 78' lang='lat' dir='ltr'><strong>ergo</strong></span> <span class='ocrx_word' id='word_1_588' title='bbox 3214 3451 3320 3490; x_wconf 90' lang='lat' dir='ltr'><strong>non</strong></span> <span class='ocrx_word' id='word_1_589' title='bbox 3366 3448 3547 3491; x_wconf 86' lang='lat' dir='ltr'><strong>essea</strong></span> <span class='ocrx_word' id='word_1_590' title='bbox 3596 3434 3733 3490; x_wconf 83' lang='lat' dir='ltr'><strong>Filio</strong></span> 
     </span>
    </p>
   </div>
   <div class='ocr_carea' id='block_1_81' title="bbox 2160 3526 3724 3603">
    <p class='ocr_par' dir='ltr' id='par_1_81' title="bbox 2160 3526 3724 3603">
     <span class='ocr_line' id='line_1_81' title="bbox 2160 3526 3724 3603; baseline -0.008 -14"><span class='ocrx_word' id='word_1_591' title='bbox 2160 3536 2389 3599; x_wconf 89' lang='lat' dir='ltr'><strong>dicatur,</strong></span> <span class='ocrx_word' id='word_1_592' title='bbox 2450 3534 2542 3603; x_wconf 91' lang='lat' dir='ltr'><strong>qui</strong></span> <span class='ocrx_word' id='word_1_593' title='bbox 2601 3533 2801 3586; x_wconf 88' lang='lat' dir='ltr'><strong>idcirco</strong></span> <span class='ocrx_word' id='word_1_594' title='bbox 2851 3529 3050 3584; x_wconf 91' lang='lat' dir='ltr'><strong>dicitur</strong></span> <span class='ocrx_word' id='word_1_595' title='bbox 3076 3543 3143 3583; x_wconf 82' lang='lat' dir='ltr'><strong>ex</strong></span> <span class='ocrx_word' id='word_1_596' title='bbox 3198 3526 3357 3581; x_wconf 83' lang='lat' dir='ltr'><strong>Patre</strong></span> <span class='ocrx_word' id='word_1_597' title='bbox 3406 3526 3724 3595; x_wconf 79' lang='lat' dir='ltr'><strong>procedere,</strong></span> 
     </span>
    </p>
   </div>
   <div class='ocr_carea' id='block_1_82' title="bbox 2159 3617 3726 3700">
    <p class='ocr_par' dir='ltr' id='par_1_82' title="bbox 2159 3617 3726 3700">
     <span class='ocr_line' id='line_1_82' title="bbox 2159 3617 3726 3700; baseline -0.007 -17"><span class='ocrx_word' id='word_1_598' title='bbox 2159 3628 2285 3700; x_wconf 74' lang='lat' dir='ltr'><strong>quia</strong></span> <span class='ocrx_word' id='word_1_599' title='bbox 2321 3636 2374 3685; x_wconf 83' lang='lat' dir='ltr'><strong>et</strong></span> <span class='ocrx_word' id='word_1_600' title='bbox 2401 3642 2429 3682; x_wconf 70' lang='grc' dir='ltr'><strong>ει</strong></span> <span class='ocrx_word' id='word_1_601' title='bbox 2489 3622 2626 3682; x_wconf 84' lang='lat' dir='ltr'><strong>Filio</strong></span> <span class='ocrx_word' id='word_1_602' title='bbox 2658 3636 2713 3681; x_wconf 74' lang='lat' dir='ltr'><strong>rt</strong></span> <span class='ocrx_word' id='word_1_603' title='bbox 2740 3639 2834 3697; x_wconf 74' lang='lat' dir='ltr'><strong>per</strong></span> <span class='ocrx_word' id='word_1_604' title='bbox 2866 3620 3059 3679; x_wconf 73' lang='lat' dir='ltr'><strong>Filium</strong></span> <span class='ocrx_word' id='word_1_605' title='bbox 3098 3619 3225 3678; x_wconf 84' lang='lat' dir='ltr'><strong>est?</strong></span> <span class='ocrx_word' id='word_1_606' title='bbox 3257 3617 3324 3676; x_wconf 83' lang='lat' dir='ltr'><strong>Et</strong></span> <span class='ocrx_word' id='word_1_607' title='bbox 3375 3618 3504 3675; x_wconf 71' lang='lat' dir='ltr'><strong>illud</strong></span> <span class='ocrx_word' id='word_1_608' title='bbox 3541 3618 3726 3677; x_wconf 80' lang='lat' dir='ltr'><strong>itidem</strong></span> 
     </span>
    </p>
   </div>
   <div class='ocr_carea' id='block_1_83' title="bbox 2158 3714 3735 3791">
    <p class='ocr_par' dir='ltr' id='par_1_83' title="bbox 2158 3714 3735 3791">
     <span class='ocr_line' id='line_1_83' title="bbox 2158 3714 3735 3791; baseline -0.008 -16"><span class='ocrx_word' id='word_1_609' title='bbox 2158 3732 2408 3788; x_wconf 87' lang='lat' dir='ltr'><strong>constat,</strong></span> <span class='ocrx_word' id='word_1_610' title='bbox 2462 3727 2588 3791; x_wconf 81' lang='lat' dir='ltr'><strong>quia</strong></span> <span class='ocrx_word' id='word_1_611' title='bbox 2647 3719 2922 3786; x_wconf 69' lang='lat' dir='ltr'><strong>procedere</strong></span> <span class='ocrx_word' id='word_1_612' title='bbox 2994 3714 3051 3770; x_wconf 83' lang='lat' dir='ltr'><strong>e&#39;t</strong></span> <span class='ocrx_word' id='word_1_613' title='bbox 3121 3717 3350 3769; x_wconf 76' lang='lat' dir='ltr'><strong>emicare</strong></span> <span class='ocrx_word' id='word_1_614' title='bbox 3413 3714 3552 3768; x_wconf 88' lang='lat' dir='ltr'><strong>idem</strong></span> <span class='ocrx_word' id='word_1_615' title='bbox 3617 3725 3735 3764; x_wconf 86' lang='lat' dir='ltr'><strong>esse</strong></span> 
     </span>
    </p>
   </div>
   <div class='ocr_carea' id='block_1_84' title="bbox 2158 3801 3734 3865">
    <p class='ocr_par' dir='ltr' id='par_1_84' title="bbox 2158 3801 3734 3865">
     <span class='ocr_line' id='line_1_84' title="bbox 2158 3801 3734 3865; baseline -0.008 0"><span class='ocrx_word' id='word_1_616' title='bbox 2158 3814 2453 3865; x_wconf 82' lang='lat' dir='ltr'><strong>arbitratur</strong></span> <span class='ocrx_word' id='word_1_617' title='bbox 2489 3809 2840 3863; x_wconf 78' lang='lat' dir='ltr'><strong>Athanasius.</strong></span> <span class='ocrx_word' id='word_1_618' title='bbox 2883 3806 3088 3860; x_wconf 71' lang='lat' dir='ltr'><strong>Idcirco</strong></span> <span class='ocrx_word' id='word_1_619' title='bbox 3112 3806 3258 3859; x_wconf 87' lang='lat' dir='ltr'><strong>enim</strong></span> <span class='ocrx_word' id='word_1_620' title='bbox 3283 3808 3359 3858; x_wconf 88' lang='lat' dir='ltr'><strong>ait</strong></span> <span class='ocrx_word' id='word_1_621' title='bbox 3401 3820 3415 3856; x_wconf 91' lang='lat'><strong>:</strong></span> <span class='ocrx_word' id='word_1_622' title='bbox 3444 3801 3734 3856; x_wconf 80' lang='lat' dir='ltr'><strong>Proced.re</strong></span> 
     </span>
    </p>
   </div>
   <div class='ocr_carea' id='block_1_85' title="bbox 2158 3890 3737 3967">
    <p class='ocr_par' dir='ltr' id='par_1_85' title="bbox 2158 3890 3737 3967">
     <span class='ocr_line' id='line_1_85' title="bbox 2158 3890 3737 3967; baseline -0.006 -15"><span class='ocrx_word' id='word_1_623' title='bbox 2158 3915 2192 3952; x_wconf 88' lang='lat' dir='ltr'><strong>a</strong></span> <span class='ocrx_word' id='word_1_624' title='bbox 2233 3897 2390 3951; x_wconf 78' lang='lat' dir='ltr'><strong>Patre</strong></span> <span class='ocrx_word' id='word_1_625' title='bbox 2424 3898 2636 3962; x_wconf 74' lang='lat' dir='ltr'><strong>dicitur,</strong></span> <span class='ocrx_word' id='word_1_626' title='bbox 2661 3896 2910 3967; x_wconf 82' lang='lat' dir='ltr'><strong>quoniam</strong></span> <span class='ocrx_word' id='word_1_627' title='bbox 2951 3911 2983 3946; x_wconf 80' lang='grc' dir='ltr'><em>α</em></span> <span class='ocrx_word' id='word_1_628' title='bbox 3018 3891 3181 3946; x_wconf 86' lang='lat' dir='ltr'><strong>Verbo</strong></span> <span class='ocrx_word' id='word_1_629' title='bbox 3205 3894 3417 3957; x_wconf 67' lang='lat' dir='ltr'><strong>critical,</strong></span> <span class='ocrx_word' id='word_1_630' title='bbox 3463 3890 3616 3959; x_wconf 86' lang='lat' dir='ltr'><strong>quasi</strong></span> <span class='ocrx_word' id='word_1_631' title='bbox 3653 3890 3737 3942; x_wconf 85' lang='lat' dir='ltr'><strong>di-</strong></span> 
     </span>
    </p>
   </div>
   <div class='ocr_carea' id='block_1_86' title="bbox 2159 3981 3738 4058">
    <p class='ocr_par' dir='ltr' id='par_1_86' title="bbox 2159 3981 3738 4058">
     <span class='ocr_line' id='line_1_86' title="bbox 2159 3981 3738 4058; baseline -0.006 -14"><span class='ocrx_word' id='word_1_632' title='bbox 2159 4000 2346 4053; x_wconf 90' lang='lat' dir='ltr'><strong>ceret,</strong></span> <span class='ocrx_word' id='word_1_633' title='bbox 2397 3990 2522 4043; x_wconf 83' lang='lat' dir='ltr'><strong>ideo</strong></span> <span class='ocrx_word' id='word_1_634' title='bbox 2576 3989 2876 4058; x_wconf 84' lang='lat' dir='ltr'><strong>procedens</strong></span> <span class='ocrx_word' id='word_1_635' title='bbox 2923 3998 3026 4049; x_wconf 82' lang='lat' dir='ltr'><strong>est,</strong></span> <span class='ocrx_word' id='word_1_636' title='bbox 3081 3985 3206 4053; x_wconf 89' lang='lat' dir='ltr'><strong>quia</strong></span> <span class='ocrx_word' id='word_1_637' title='bbox 3230 3999 3294 4038; x_wconf 86' lang='lat' dir='ltr'><strong>ex</strong></span> <span class='ocrx_word' id='word_1_638' title='bbox 3331 3982 3488 4037; x_wconf 86' lang='lat' dir='ltr'><strong>Patre</strong></span> <span class='ocrx_word' id='word_1_639' title='bbox 3520 3997 3615 4051; x_wconf 90' lang='lat' dir='ltr'><strong>per</strong></span> <span class='ocrx_word' id='word_1_640' title='bbox 3642 3981 3738 4036; x_wconf 87' lang='lat' dir='ltr'><strong>Fi-</strong></span> 
     </span>
    </p>
   </div>
   <div class='ocr_carea' id='block_1_87' title="bbox 2161 4072 3737 4149">
    <p class='ocr_par' dir='ltr' id='par_1_87' title="bbox 2161 4072 3737 4149">
     <span class='ocr_line' id='line_1_87' title="bbox 2161 4072 3737 4149; baseline -0.005 -15"><span class='ocrx_word' id='word_1_641' title='bbox 2161 4082 2290 4134; x_wconf 91' lang='lat' dir='ltr'><strong>lium</strong></span> <span class='ocrx_word' id='word_1_642' title='bbox 2331 4081 2604 4149; x_wconf 82' lang='lat' dir='ltr'><strong>procedit;</strong></span> <span class='ocrx_word' id='word_1_643' title='bbox 2630 4081 2733 4133; x_wconf 88' lang='lat' dir='ltr'><strong>nisi</strong></span> <span class='ocrx_word' id='word_1_644' title='bbox 2771 4079 2913 4132; x_wconf 90' lang='lat' dir='ltr'><strong>enim</strong></span> <span class='ocrx_word' id='word_1_645' title='bbox 2946 4090 3040 4146; x_wconf 89' lang='lat' dir='ltr'><strong>per</strong></span> <span class='ocrx_word' id='word_1_646' title='bbox 3075 4074 3268 4130; x_wconf 60' lang='lat' dir='ltr'><strong>Filium</strong></span> <span class='ocrx_word' id='word_1_647' title='bbox 3292 4118 3308 4141; x_wconf 94' lang='lat'><strong>,</strong></span> <span class='ocrx_word' id='word_1_648' title='bbox 3345 4088 3616 4145; x_wconf 87' lang='lat' dir='ltr'><strong>nunquam</strong></span> <span class='ocrx_word' id='word_1_649' title='bbox 3651 4072 3737 4127; x_wconf 87' lang='lat' dir='ltr'><strong>di-</strong></span> 
     </span>
    </p>
   </div>
   <div class='ocr_carea' id='block_1_88' title="bbox 2157 4163 3363 4236">
    <p class='ocr_par' dir='ltr' id='par_1_88' title="bbox 2157 4163 3363 4236">
     <span class='ocr_line' id='line_1_88' title="bbox 2157 4163 3363 4236; baseline -0.007 -12"><span class='ocrx_word' id='word_1_650' title='bbox 2157 4180 2372 4224; x_wconf 84' lang='lat' dir='ltr'><strong>ceretur</strong></span> <span class='ocrx_word' id='word_1_651' title='bbox 2412 4184 2475 4222; x_wconf 78' lang='lat' dir='ltr'><strong>cs</strong></span> <span class='ocrx_word' id='word_1_652' title='bbox 2514 4168 2670 4222; x_wconf 87' lang='lat' dir='ltr'><strong>Patre</strong></span> <span class='ocrx_word' id='word_1_653' title='bbox 2702 4167 3012 4236; x_wconf 61' lang='lat' dir='ltr'><strong>procedere,</strong></span> <span class='ocrx_word' id='word_1_654' title='bbox 3054 4165 3149 4219; x_wconf 82' lang='lat' dir='ltr'><strong>sed</strong></span> <span class='ocrx_word' id='word_1_655' title='bbox 3188 4163 3363 4219; x_wconf 88' lang='lat' dir='ltr'><strong>nasci.</strong></span> 
     </span>
    </p>
   </div>
   <div class='ocr_carea' id='block_1_89' title="bbox 2239 4252 3740 4326">
    <p class='ocr_par' dir='ltr' id='par_1_89' title="bbox 2239 4252 3740 4326">
     <span class='ocr_line' id='line_1_89' title="bbox 2239 4252 3740 4326; baseline -0.006 -12"><span class='ocrx_word' id='word_1_656' title='bbox 2239 4260 2295 4314; x_wconf 92' lang='lat' dir='ltr'><strong>Si</strong></span> <span class='ocrx_word' id='word_1_657' title='bbox 2324 4261 2492 4324; x_wconf 86' lang='lat' dir='ltr'><strong>enim,</strong></span> <span class='ocrx_word' id='word_1_658' title='bbox 2527 4270 2582 4311; x_wconf 90' lang='lat' dir='ltr'><strong>ut</strong></span> <span class='ocrx_word' id='word_1_659' title='bbox 2618 4258 2833 4326; x_wconf 85' lang='lat' dir='ltr'><strong>quidam</strong></span> <span class='ocrx_word' id='word_1_660' title='bbox 2864 4255 3074 4320; x_wconf 90' lang='lat' dir='ltr'><strong>volunt,</strong></span> <span class='ocrx_word' id='word_1_661' title='bbox 3111 4255 3346 4310; x_wconf 85' lang='lat' dir='ltr'><strong>emicare</strong></span> <span class='ocrx_word' id='word_1_662' title='bbox 3374 4252 3516 4323; x_wconf 89' lang='lat' dir='ltr'><strong>quod</strong></span> <span class='ocrx_word' id='word_1_663' title='bbox 3538 4252 3635 4317; x_wconf 88' lang='lat' dir='ltr'><strong>ait,</strong></span> <span class='ocrx_word' id='word_1_664' title='bbox 3674 4253 3740 4307; x_wconf 89' lang='lat' dir='ltr'><strong>de</strong></span> 
     </span>
    </p>
   </div>
   <div class='ocr_carea' id='block_1_90' title="bbox 2161 4343 3737 4419">
    <p class='ocr_par' dir='ltr' id='par_1_90' title="bbox 2161 4343 3737 4419">
     <span class='ocr_line' id='line_1_90' title="bbox 2161 4343 3737 4419; baseline -0.005 -14"><span class='ocrx_word' id='word_1_665' title='bbox 2161 4350 2476 4419; x_wconf 85' lang='lat' dir='ltr'><strong>temporali,</strong></span> <span class='ocrx_word' id='word_1_666' title='bbox 2515 4364 2674 4419; x_wconf 86' lang='lat' dir='ltr'><strong>quem</strong></span> <span class='ocrx_word' id='word_1_667' title='bbox 2736 4348 2809 4401; x_wconf 87' lang='lat' dir='ltr'><strong>illi</strong></span> <span class='ocrx_word' id='word_1_668' title='bbox 2867 4345 3229 4406; x_wconf 83' lang='lat' dir='ltr'><strong>introducunt,</strong></span> <span class='ocrx_word' id='word_1_669' title='bbox 3265 4358 3518 4414; x_wconf 90' lang='lat' dir='ltr'><strong>processu</strong></span> <span class='ocrx_word' id='word_1_670' title='bbox 3577 4343 3737 4398; x_wconf 67' lang='lat' dir='ltr'><strong>intelo</strong></span> 
     </span>
    </p>
   </div>
   <div class='ocr_carea' id='block_1_91' title="bbox 486 4434 3737 4514">
    <p class='ocr_par' dir='ltr' id='par_1_91' title="bbox 486 4434 3737 4514">
     <span class='ocr_line' id='line_1_91' title="bbox 486 4434 3737 4514; baseline -0.002 -23"><span class='ocrx_word' id='word_1_671' title='bbox 486 4438 842 4498; x_wconf 68' lang='lat' dir='ltr'><strong>substantiam</strong></span> <span class='ocrx_word' id='word_1_672' title='bbox 890 4439 1219 4505; x_wconf 86' lang='lat' dir='ltr'><strong>insinuatur,</strong></span> <span class='ocrx_word' id='word_1_673' title='bbox 1254 4442 1547 4495; x_wconf 87' lang='lat' dir='ltr'><strong>secundum</strong></span> <span class='ocrx_word' id='word_1_674' title='bbox 1592 4458 1751 4512; x_wconf 86' lang='lat' dir='ltr'><strong>quam</strong></span> <span class='ocrx_word' id='word_1_675' title='bbox 1790 4460 1854 4499; x_wconf 82' lang='lat' dir='ltr'><strong>ex</strong></span> <span class='ocrx_word' id='word_1_676' title='bbox 1907 4448 2064 4500; x_wconf 81' lang='lat' dir='ltr'><strong>Patre</strong></span> <span class='ocrx_word' id='word_1_677' title='bbox 2096 4434 2136 4488; x_wconf 74' lang='grc' dir='ltr'><strong>θ</strong></span> <span class='ocrx_word' id='word_1_678' title='bbox 2170 4444 2256 4514; x_wconf 84' lang='lat' dir='ltr'><strong>ligi</strong></span> <span class='ocrx_word' id='word_1_679' title='bbox 2315 4442 2523 4504; x_wconf 89' lang='lat' dir='ltr'><strong>voluit,</strong></span> <span class='ocrx_word' id='word_1_680' title='bbox 2586 4455 2749 4508; x_wconf 88' lang='lat' dir='ltr'><strong>quam</strong></span> <span class='ocrx_word' id='word_1_681' title='bbox 2800 4439 3061 4492; x_wconf 90' lang='lat' dir='ltr'><strong>rationem</strong></span> <span class='ocrx_word' id='word_1_682' title='bbox 3117 4434 3410 4501; x_wconf 83' lang='lat' dir='ltr'><strong>habuisset,</strong></span> <span class='ocrx_word' id='word_1_683' title='bbox 3463 4434 3623 4488; x_wconf 87' lang='lat' dir='ltr'><strong>simul</strong></span> <span class='ocrx_word' id='word_1_684' title='bbox 3664 4434 3737 4487; x_wconf 90' lang='lat' dir='ltr'><strong>ita</strong></span> 
     </span>
    </p>
   </div>
   <div class='ocr_carea' id='block_1_92' title="bbox 486 4528 2070 4605">
    <p class='ocr_par' dir='ltr' id='par_1_92' title="bbox 486 4528 2070 4605">
     <span class='ocr_line' id='line_1_92' title="bbox 486 4528 2070 4605; baseline 0.007 -24"><span class='ocrx_word' id='word_1_685' title='bbox 486 4543 583 4596; x_wconf 81' lang='lat' dir='ltr'><strong>per</strong></span> <span class='ocrx_word' id='word_1_686' title='bbox 621 4528 815 4585; x_wconf 87' lang='lat' dir='ltr'><strong>Filium</strong></span> <span class='ocrx_word' id='word_1_687' title='bbox 852 4532 1118 4599; x_wconf 88' lang='lat' dir='ltr'><strong>procedit,</strong></span> <span class='ocrx_word' id='word_1_688' title='bbox 1177 4544 1227 4586; x_wconf 93' lang='lat' dir='ltr'><strong>et</strong></span> <span class='ocrx_word' id='word_1_689' title='bbox 1276 4536 1569 4588; x_wconf 79' lang='lat' dir='ltr'><strong>secundum</strong></span> <span class='ocrx_word' id='word_1_690' title='bbox 1633 4552 1791 4605; x_wconf 87' lang='lat' dir='ltr'><strong>quam</strong></span> <span class='ocrx_word' id='word_1_691' title='bbox 1848 4538 1914 4595; x_wconf 84' lang='lat' dir='ltr'><strong>ab</strong></span> <span class='ocrx_word' id='word_1_692' title='bbox 1955 4539 2070 4605; x_wconf 80' lang='lat' dir='ltr'><strong>ipso</strong></span> 
     </span>
    </p>
   </div>
   <div class='ocr_carea' id='block_1_93' title="bbox 488 4620 2075 4696">
    <p class='ocr_par' dir='ltr' id='par_1_93' title="bbox 488 4620 2075 4696">
     <span class='ocr_line' id='line_1_93' title="bbox 488 4620 2075 4696; baseline 0.007 -23"><span class='ocrx_word' id='word_1_693' title='bbox 488 4620 688 4696; x_wconf 75' lang='lat' dir='ltr'><strong>habere</strong></span> <span class='ocrx_word' id='word_1_694' title='bbox 736 4636 858 4676; x_wconf 89' lang='lat' dir='ltr'><strong>esse</strong></span> <span class='ocrx_word' id='word_1_695' title='bbox 896 4623 1114 4677; x_wconf 65' lang='lat' dir='ltr'><strong>dicitur.</strong></span> <span class='ocrx_word' id='word_1_696' title='bbox 1152 4625 1228 4679; x_wconf 75' lang='lat' dir='ltr'><strong>Ac</strong></span> <span class='ocrx_word' id='word_1_697' title='bbox 1268 4626 1407 4679; x_wconf 89' lang='lat' dir='ltr'><strong>sicut</strong></span> <span class='ocrx_word' id='word_1_698' title='bbox 1447 4627 1814 4683; x_wconf 69' lang='lat' dir='ltr'><strong>indiﬂet&#39;enter</strong></span> <span class='ocrx_word' id='word_1_699' title='bbox 1841 4647 1869 4683; x_wconf 91' lang='lat' dir='ltr'><strong>a</strong></span> <span class='ocrx_word' id='word_1_700' title='bbox 1924 4631 2075 4685; x_wconf 90' lang='lat' dir='ltr'><strong>theo-</strong></span> 
     </span>
    </p>
   </div>
   <div class='ocr_carea' id='block_1_94' title="bbox 491 4711 2109 4791">
    <p class='ocr_par' dir='ltr' id='par_1_94' title="bbox 491 4711 2109 4791">
     <span class='ocr_line' id='line_1_94' title="bbox 491 4711 2109 4791; baseline 0.007 -26"><span class='ocrx_word' id='word_1_701' title='bbox 491 4711 647 4780; x_wconf 78' lang='lat' dir='ltr'><strong>logis,</strong></span> <span class='ocrx_word' id='word_1_702' title='bbox 715 4713 827 4767; x_wconf 86' lang='lat' dir='ltr'><strong>sive</strong></span> <span class='ocrx_word' id='word_1_703' title='bbox 880 4728 944 4767; x_wconf 82' lang='lat' dir='ltr'><strong>ex</strong></span> <span class='ocrx_word' id='word_1_704' title='bbox 980 4713 1157 4768; x_wconf 79' lang='lat' dir='ltr'><strong>Patris</strong></span> <span class='ocrx_word' id='word_1_705' title='bbox 1212 4720 1469 4783; x_wconf 80' lang='lat' dir='ltr'><strong>essent&#39;a,</strong></span> <span class='ocrx_word' id='word_1_706' title='bbox 1503 4720 1625 4773; x_wconf 89' lang='lat' dir='ltr'><strong>sive</strong></span> <span class='ocrx_word' id='word_1_707' title='bbox 1672 4736 1737 4775; x_wconf 82' lang='lat' dir='ltr'><strong>ex</strong></span> <span class='ocrx_word' id='word_1_708' title='bbox 1783 4721 1899 4791; x_wconf 88' lang='lat' dir='ltr'><strong>ejus</strong></span> <span class='ocrx_word' id='word_1_709' title='bbox 1948 4723 2109 4777; x_wconf 76' lang='lat' dir='ltr'><strong>snb-‘</strong></span> 
     </span>
    </p>
   </div>
   <div class='ocr_carea' id='block_1_95' title="bbox 489 4803 2063 4881">
    <p class='ocr_par' dir='ltr' id='par_1_95' title="bbox 489 4803 2063 4881">
     <span class='ocr_line' id='line_1_95' title="bbox 489 4803 2063 4881; baseline 0.006 -25"><span class='ocrx_word' id='word_1_710' title='bbox 489 4804 691 4857; x_wconf 72' lang='lat' dir='ltr'><strong>Stantia</strong></span> <span class='ocrx_word' id='word_1_711' title='bbox 722 4803 888 4861; x_wconf 85' lang='lat' dir='ltr'><strong>Filius</strong></span> <span class='ocrx_word' id='word_1_712' title='bbox 920 4807 1136 4870; x_wconf 82' lang='lat' dir='ltr'><strong>dicitur,</strong></span> <span class='ocrx_word' id='word_1_713' title='bbox 1168 4809 1233 4862; x_wconf 90' lang='lat' dir='ltr'><strong>ad</strong></span> <span class='ocrx_word' id='word_1_714' title='bbox 1264 4809 1640 4864; x_wconf 86' lang='lat' dir='ltr'><strong>insinuandam</strong></span> <span class='ocrx_word' id='word_1_715' title='bbox 1695 4812 1810 4881; x_wconf 85' lang='lat' dir='ltr'><strong>ejus</strong></span> <span class='ocrx_word' id='word_1_716' title='bbox 1860 4827 1926 4866; x_wconf 84' lang='lat' dir='ltr'><strong>ex</strong></span> <span class='ocrx_word' id='word_1_717' title='bbox 1972 4814 2063 4866; x_wconf 70' lang='lat' dir='ltr'><strong>iléo</strong></span> 
     </span>
    </p>
   </div>
   <div class='ocr_carea' id='block_1_96' title="bbox 491 4892 2064 4973">
    <p class='ocr_par' dir='ltr' id='par_1_96' title="bbox 491 4892 2064 4973">
     <span class='ocr_line' id='line_1_96' title="bbox 491 4892 2064 4973; baseline 0.007 -28"><span class='ocrx_word' id='word_1_718' title='bbox 491 4892 886 4951; x_wconf 72' lang='lat' dir='ltr'><strong>subsmntiam:</strong></span> <span class='ocrx_word' id='word_1_719' title='bbox 922 4896 993 4950; x_wconf 89' lang='lat' dir='ltr'><strong>ita</strong></span> <span class='ocrx_word' id='word_1_720' title='bbox 1042 4909 1095 4951; x_wconf 88' lang='lat' dir='ltr'><strong>et</strong></span> <span class='ocrx_word' id='word_1_721' title='bbox 1127 4897 1385 4968; x_wconf 88' lang='lat' dir='ltr'><strong>Spiritum</strong></span> <span class='ocrx_word' id='word_1_722' title='bbox 1413 4916 1477 4955; x_wconf 82' lang='lat' dir='ltr'><strong>ex</strong></span> <span class='ocrx_word' id='word_1_723' title='bbox 1506 4899 1664 4965; x_wconf 84' lang='lat' dir='ltr'><strong>Filio,</strong></span> <span class='ocrx_word' id='word_1_724' title='bbox 1695 4902 1809 4955; x_wconf 89' lang='lat' dir='ltr'><strong>sive</strong></span> <span class='ocrx_word' id='word_1_725' title='bbox 1857 4918 1922 4957; x_wconf 86' lang='lat' dir='ltr'><strong>ex</strong></span> <span class='ocrx_word' id='word_1_726' title='bbox 1949 4904 2064 4973; x_wconf 82' lang='lat' dir='ltr'><strong>ejus</strong></span> 
     </span>
    </p>
   </div>
   <div class='ocr_carea' id='block_1_97' title="bbox 489 4982 2065 5058">
    <p class='ocr_par' dir='ltr' id='par_1_97' title="bbox 489 4982 2065 5058">
     <span class='ocr_line' id='line_1_97' title="bbox 489 4982 2065 5058; baseline 0.009 -25"><span class='ocrx_word' id='word_1_727' title='bbox 489 4982 744 5045; x_wconf 86' lang='lat' dir='ltr'><strong>essentia,</strong></span> <span class='ocrx_word' id='word_1_728' title='bbox 774 4985 886 5038; x_wconf 88' lang='lat' dir='ltr'><strong>sive</strong></span> <span class='ocrx_word' id='word_1_729' title='bbox 924 5000 988 5038; x_wconf 79' lang='lat' dir='ltr'><strong>ex</strong></span> <span class='ocrx_word' id='word_1_730' title='bbox 1038 4988 1333 5042; x_wconf 88' lang='lat' dir='ltr'><strong>substantia</strong></span> <span class='ocrx_word' id='word_1_731' title='bbox 1362 4990 1538 5045; x_wconf 89' lang='lat' dir='ltr'><strong>dicere</strong></span> <span class='ocrx_word' id='word_1_732' title='bbox 1561 4990 1923 5046; x_wconf 71' lang='lat' dir='ltr'><strong>indifferenter</strong></span> <span class='ocrx_word' id='word_1_733' title='bbox 1942 5006 2065 5058; x_wconf 87' lang='lat' dir='ltr'><strong>pos-</strong></span> 
     </span>
    </p>
   </div>
   <div class='ocr_carea' id='block_1_98' title="bbox 490 5058 2066 5143">
    <p class='ocr_par' dir='ltr' id='par_1_98' title="bbox 490 5058 2066 5143">
     <span class='ocr_line' id='line_1_98' title="bbox 490 5058 2066 5143; baseline 0.008 -18"><span class='ocrx_word' id='word_1_734' title='bbox 490 5084 678 5125; x_wconf 75' lang='lat' dir='ltr'><strong>Snmus</strong></span> <span class='ocrx_word' id='word_1_735' title='bbox 747 5072 813 5126; x_wconf 84' lang='lat' dir='ltr'><strong>ad</strong></span> <span class='ocrx_word' id='word_1_736' title='bbox 869 5076 1296 5143; x_wconf 84' lang='lat' dir='ltr'><strong>ostendendum,</strong></span> <span class='ocrx_word' id='word_1_737' title='bbox 1359 5058 1506 5133; x_wconf 76' lang='lat' dir='ltr'><strong>illum</strong></span> <span class='ocrx_word' id='word_1_738' title='bbox 1560 5095 1624 5134; x_wconf 79' lang='lat' dir='ltr'><strong>ex</strong></span> <span class='ocrx_word' id='word_1_739' title='bbox 1679 5079 1816 5136; x_wconf 87' lang='lat' dir='ltr'><strong>Filio</strong></span> <span class='ocrx_word' id='word_1_740' title='bbox 1871 5084 2066 5141; x_wconf 86' lang='lat' dir='ltr'><strong>habere</strong></span> 
     </span>
    </p>
   </div>
   <div class='ocr_carea' id='block_1_99' title="bbox 491 5161 1857 5237">
    <p class='ocr_par' dir='ltr' id='par_1_99' title="bbox 491 5161 1857 5237">
     <span class='ocr_line' id='line_1_99' title="bbox 491 5161 1857 5237; baseline 0.007 -22"><span class='ocrx_word' id='word_1_741' title='bbox 491 5175 653 5227; x_wconf 86' lang='lat' dir='ltr'><strong>esse;</strong></span> <span class='ocrx_word' id='word_1_742' title='bbox 681 5161 781 5216; x_wconf 89' lang='lat' dir='ltr'><strong>nisi</strong></span> <span class='ocrx_word' id='word_1_743' title='bbox 811 5162 931 5228; x_wconf 91' lang='lat' dir='ltr'><strong>quis</strong></span> <span class='ocrx_word' id='word_1_744' title='bbox 963 5163 1029 5218; x_wconf 87' lang='lat' dir='ltr'><strong>ad</strong></span> <span class='ocrx_word' id='word_1_745' title='bbox 1056 5168 1236 5219; x_wconf 86' lang='lat' dir='ltr'><strong>omnia</strong></span> <span class='ocrx_word' id='word_1_746' title='bbox 1270 5169 1545 5237; x_wconf 89' lang='lat' dir='ltr'><strong>impudens</strong></span> <span class='ocrx_word' id='word_1_747' title='bbox 1567 5185 1684 5224; x_wconf 89' lang='lat' dir='ltr'><strong>esse</strong></span> <span class='ocrx_word' id='word_1_748' title='bbox 1714 5170 1857 5224; x_wconf 90' lang='lat' dir='ltr'><strong>velit.</strong></span> 
     </span>
    </p>
   </div>
   <div class='ocr_carea' id='block_1_100' title="bbox 569 5254 2063 5326">
    <p class='ocr_par' dir='ltr' id='par_1_100' title="bbox 569 5254 2063 5326">
     <span class='ocr_line' id='line_1_100' title="bbox 569 5254 2063 5326; baseline 0.004 -17"><span class='ocrx_word' id='word_1_749' title='bbox 569 5254 625 5309; x_wconf 91' lang='lat' dir='ltr'><strong>Si</strong></span> <span class='ocrx_word' id='word_1_750' title='bbox 655 5254 774 5323; x_wconf 90' lang='lat' dir='ltr'><strong>quis</strong></span> <span class='ocrx_word' id='word_1_751' title='bbox 798 5264 974 5308; x_wconf 88' lang='lat' dir='ltr'><strong>autem</strong></span> <span class='ocrx_word' id='word_1_752' title='bbox 1010 5266 1063 5309; x_wconf 89' lang='lat' dir='ltr'><strong>et</strong></span> <span class='ocrx_word' id='word_1_753' title='bbox 1086 5257 1172 5311; x_wconf 93' lang='lat' dir='ltr'><strong>hic</strong></span> <span class='ocrx_word' id='word_1_754' title='bbox 1200 5273 1294 5326; x_wconf 90' lang='lat' dir='ltr'><strong>per</strong></span> <span class='ocrx_word' id='word_1_755' title='bbox 1320 5261 1422 5313; x_wconf 89' lang='lat' dir='ltr'><strong>hoc</strong></span> <span class='ocrx_word' id='word_1_756' title='bbox 1456 5261 1678 5314; x_wconf 90' lang='lat' dir='ltr'><strong>indicari</strong></span> <span class='ocrx_word' id='word_1_757' title='bbox 1711 5263 2063 5316; x_wconf 88' lang='lat' dir='ltr'><strong>consubstan-</strong></span> 
     </span>
    </p>
   </div>
   <div class='ocr_carea' id='block_1_101' title="bbox 446 5348 2063 5425">
    <p class='ocr_par' dir='ltr' id='par_1_101' title="bbox 446 5348 2063 5425">
     <span class='ocr_line' id='line_1_101' title="bbox 446 5348 2063 5425; baseline 0.005 -28"><span class='ocrx_word' id='word_1_758' title='bbox 446 5388 451 5393; x_wconf 94' lang='lat'><strong>.</strong></span> <span class='ocrx_word' id='word_1_759' title='bbox 493 5349 775 5403; x_wconf 89' lang='lat' dir='ltr'><strong>tialitatem</strong></span> <span class='ocrx_word' id='word_1_760' title='bbox 826 5348 993 5415; x_wconf 83' lang='lat' dir='ltr'><strong>dicat,</strong></span> <span class='ocrx_word' id='word_1_761' title='bbox 1032 5348 1199 5425; x_wconf 82' lang='lat' dir='ltr'><strong>Filius</strong></span> <span class='ocrx_word' id='word_1_762' title='bbox 1246 5362 1391 5405; x_wconf 88' lang='lat' dir='ltr'><strong>certe</strong></span> <span class='ocrx_word' id='word_1_763' title='bbox 1444 5352 1512 5406; x_wconf 90' lang='lat' dir='ltr'><strong>de</strong></span> <span class='ocrx_word' id='word_1_764' title='bbox 1555 5354 1785 5422; x_wconf 87' lang='lat' dir='ltr'><strong>Spiritus</strong></span> <span class='ocrx_word' id='word_1_765' title='bbox 1828 5356 2063 5410; x_wconf 81' lang='lat' dir='ltr'><strong>essentia</strong></span> 
     </span>
    </p>
   </div>
   <div class='ocr_carea' id='block_1_102' title="bbox 495 5440 2064 5508">
    <p class='ocr_par' dir='ltr' id='par_1_102' title="bbox 495 5440 2064 5508">
     <span class='ocr_line' id='line_1_102' title="bbox 495 5440 2064 5508; baseline 0.004 -19"><span class='ocrx_word' id='word_1_766' title='bbox 495 5454 601 5493; x_wconf 88' lang='lat' dir='ltr'><strong>non</strong></span> <span class='ocrx_word' id='word_1_767' title='bbox 630 5440 852 5507; x_wconf 82' lang='lat' dir='ltr'><strong>dicitur,</strong></span> <span class='ocrx_word' id='word_1_768' title='bbox 893 5453 1068 5508; x_wconf 86' lang='lat' dir='ltr'><strong>neque</strong></span> <span class='ocrx_word' id='word_1_769' title='bbox 1120 5441 1451 5496; x_wconf 76' lang='lat' dir='ltr'><strong>convertitur</strong></span> <span class='ocrx_word' id='word_1_770' title='bbox 1494 5441 1705 5496; x_wconf 74' lang='lat' dir='ltr'><strong>habitus</strong></span> <span class='ocrx_word' id='word_1_771' title='bbox 1749 5443 1846 5497; x_wconf 89' lang='lat' dir='ltr'><strong>ista</strong></span> <span class='ocrx_word' id='word_1_772' title='bbox 1876 5459 2064 5498; x_wconf 84' lang='lat' dir='ltr'><strong>conse-</strong></span> 
     </span>
    </p>
   </div>
   <div class='ocr_carea' id='block_1_103' title="bbox 488 5534 735 5597">
    <p class='ocr_par' dir='ltr' id='par_1_103' title="bbox 488 5534 735 5597">
     <span class='ocr_line' id='line_1_103' title="bbox 488 5534 735 5597; baseline 0.02 -15"><span class='ocrx_word' id='word_1_773' title='bbox 488 5534 735 5597; x_wconf 68' lang='lat' dir='ltr'><strong>quenua.</strong></span> 
     </span>
    </p>
   </div>
   <div class='ocr_carea' id='block_1_104' title="bbox 2165 4524 3738 4590">
    <p class='ocr_par' dir='ltr' id='par_1_104' title="bbox 2165 4524 3738 4590">
     <span class='ocr_line' id='line_1_104' title="bbox 2165 4524 3738 4590; baseline -0.007 -1"><span class='ocrx_word' id='word_1_774' title='bbox 2165 4533 2529 4590; x_wconf 83' lang='lat' dir='ltr'><strong>connectere?</strong></span> <span class='ocrx_word' id='word_1_775' title='bbox 2559 4529 2629 4585; x_wconf 88' lang='lat' dir='ltr'><strong>Ut</strong></span> <span class='ocrx_word' id='word_1_776' title='bbox 2656 4531 2798 4586; x_wconf 90' lang='lat' dir='ltr'><strong>enim</strong></span> <span class='ocrx_word' id='word_1_777' title='bbox 2826 4529 2971 4584; x_wconf 89' lang='lat' dir='ltr'><strong>hunc</strong></span> <span class='ocrx_word' id='word_1_778' title='bbox 2996 4529 3161 4582; x_wconf 90' lang='lat' dir='ltr'><strong>etiam</strong></span> <span class='ocrx_word' id='word_1_779' title='bbox 3195 4542 3317 4582; x_wconf 87' lang='lat' dir='ltr'><strong>esse</strong></span> <span class='ocrx_word' id='word_1_780' title='bbox 3361 4524 3738 4589; x_wconf 86' lang='lat' dir='ltr'><strong>concedamus,</strong></span> 
     </span>
    </p>
   </div>
   <div class='ocr_carea' id='block_1_105' title="bbox 2171 4614 3743 4696">
    <p class='ocr_par' dir='ltr' id='par_1_105' title="bbox 2171 4614 3743 4696">
     <span class='ocr_line' id='line_1_105' title="bbox 2171 4614 3743 4696; baseline -0.008 -15"><span class='ocrx_word' id='word_1_781' title='bbox 2171 4625 2478 4696; x_wconf 83' lang='lat' dir='ltr'><strong>temporalis</strong></span> <span class='ocrx_word' id='word_1_782' title='bbox 2511 4624 2601 4677; x_wconf 91' lang='lat' dir='ltr'><strong>illa</strong></span> <span class='ocrx_word' id='word_1_783' title='bbox 2633 4621 2909 4692; x_wconf 89' lang='lat' dir='ltr'><strong>processio</strong></span> <span class='ocrx_word' id='word_1_784' title='bbox 2951 4619 3081 4688; x_wconf 89' lang='lat' dir='ltr'><strong>quid</strong></span> <span class='ocrx_word' id='word_1_785' title='bbox 3125 4619 3191 4672; x_wconf 89' lang='lat' dir='ltr'><strong>ad</strong></span> <span class='ocrx_word' id='word_1_786' title='bbox 3238 4632 3359 4690; x_wconf 71' lang='lat' dir='ltr'><strong>eam</strong></span> <span class='ocrx_word' id='word_1_787' title='bbox 3389 4614 3743 4684; x_wconf 81' lang='lat' dir='ltr'><strong>conl‘ert,quae</strong></span> 
     </span>
    </p>
   </div>
   <div class='ocr_carea' id='block_1_106' title="bbox 2170 4707 3743 4784">
    <p class='ocr_par' dir='ltr' id='par_1_106' title="bbox 2170 4707 3743 4784">
     <span class='ocr_line' id='line_1_106' title="bbox 2170 4707 3743 4784; baseline -0.008 -14"><span class='ocrx_word' id='word_1_788' title='bbox 2170 4720 2287 4772; x_wconf 84' lang='lat' dir='ltr'><strong>sine</strong></span> <span class='ocrx_word' id='word_1_789' title='bbox 2338 4727 2579 4784; x_wconf 87' lang='lat' dir='ltr'><strong>tempore</strong></span> <span class='ocrx_word' id='word_1_790' title='bbox 2612 4713 2739 4769; x_wconf 85' lang='lat' dir='ltr'><strong>est?</strong></span> <span class='ocrx_word' id='word_1_791' title='bbox 2789 4711 3034 4777; x_wconf 87' lang='lat' dir='ltr'><strong>Quanam</strong></span> <span class='ocrx_word' id='word_1_792' title='bbox 3086 4722 3213 4762; x_wconf 91' lang='lat' dir='ltr'><strong>vero</strong></span> <span class='ocrx_word' id='word_1_793' title='bbox 3265 4707 3472 4761; x_wconf 91' lang='lat' dir='ltr'><strong>ratione</strong></span> <span class='ocrx_word' id='word_1_794' title='bbox 3520 4714 3743 4776; x_wconf 89' lang='lat' dir='ltr'><strong>poneret</strong></span> 
     </span>
    </p>
   </div>
   <div class='ocr_carea' id='block_1_107' title="bbox 2174 4796 3743 4875">
    <p class='ocr_par' dir='ltr' id='par_1_107' title="bbox 2174 4796 3743 4875">
     <span class='ocr_line' id='line_1_107' title="bbox 2174 4796 3743 4875; baseline -0.01 -13"><span class='ocrx_word' id='word_1_795' title='bbox 2174 4810 2312 4862; x_wconf 88' lang='lat' dir='ltr'><strong>hanc</strong></span> <span class='ocrx_word' id='word_1_796' title='bbox 2365 4807 2710 4875; x_wconf 69' lang='lat' dir='ltr'><strong>sempiternae</strong></span> <span class='ocrx_word' id='word_1_797' title='bbox 2744 4804 2890 4858; x_wconf 91' lang='lat' dir='ltr'><strong>illius</strong></span> <span class='ocrx_word' id='word_1_798' title='bbox 2940 4799 3304 4872; x_wconf 88' lang='lat' dir='ltr'><strong>processionis</strong></span> <span class='ocrx_word' id='word_1_799' title='bbox 3330 4813 3449 4853; x_wconf 85' lang='lat' dir='ltr'><strong>esse</strong></span> <span class='ocrx_word' id='word_1_800' title='bbox 3484 4796 3743 4851; x_wconf 76' lang='lat' dir='ltr'><strong>causam?</strong></span> 
     </span>
    </p>
   </div>
   <div class='ocr_carea' id='block_1_108' title="bbox 2173 4889 3743 4964">
    <p class='ocr_par' dir='ltr' id='par_1_108' title="bbox 2173 4889 3743 4964">
     <span class='ocr_line' id='line_1_108' title="bbox 2173 4889 3743 4964; baseline -0.01 -12"><span class='ocrx_word' id='word_1_801' title='bbox 2173 4899 2373 4952; x_wconf 84' lang='lat' dir='ltr'><strong>Omnes</strong></span> <span class='ocrx_word' id='word_1_802' title='bbox 2409 4896 2606 4964; x_wconf 87' lang='lat' dir='ltr'><strong>quippe</strong></span> <span class='ocrx_word' id='word_1_803' title='bbox 2650 4893 2945 4958; x_wconf 86' lang='lat' dir='ltr'><strong>novimus,</strong></span> <span class='ocrx_word' id='word_1_804' title='bbox 2993 4891 3242 4959; x_wconf 84' lang='lat' dir='ltr'><strong>quoniam</strong></span> <span class='ocrx_word' id='word_1_805' title='bbox 3292 4889 3562 4961; x_wconf 85' lang='lat' dir='ltr'><strong>causalem</strong></span> <span class='ocrx_word' id='word_1_806' title='bbox 3618 4901 3743 4939; x_wconf 87' lang='lat' dir='ltr'><strong>con-</strong></span> 
     </span>
    </p>
   </div>
   <div class='ocr_carea' id='block_1_109' title="bbox 2169 4977 3741 5063">
    <p class='ocr_par' dir='ltr' id='par_1_109' title="bbox 2169 4977 3741 5063">
     <span class='ocr_line' id='line_1_109' title="bbox 2169 4977 3741 5063; baseline -0.006 -24"><span class='ocrx_word' id='word_1_807' title='bbox 2169 4990 2506 5056; x_wconf 81' lang='lat' dir='ltr'><strong>jttnt&#39;tionem</strong></span> <span class='ocrx_word' id='word_1_808' title='bbox 2546 5000 2644 5063; x_wconf 61' lang='lat' dir='ltr'><strong>pro</strong></span> <span class='ocrx_word' id='word_1_809' title='bbox 2678 4997 2842 5038; x_wconf 85' lang='lat' dir='ltr'><strong>causa</strong></span> <span class='ocrx_word' id='word_1_810' title='bbox 2874 4981 3067 5051; x_wconf 86' lang='lat' dir='ltr'><strong>accipi.</strong></span> <span class='ocrx_word' id='word_1_811' title='bbox 3101 4979 3218 5035; x_wconf 79' lang='lat' dir='ltr'><strong>Non</strong></span> <span class='ocrx_word' id='word_1_812' title='bbox 3263 4979 3430 5044; x_wconf 82' lang='lat' dir='ltr'><strong>enim,</strong></span> <span class='ocrx_word' id='word_1_813' title='bbox 3484 4977 3741 5046; x_wconf 89' lang='lat' dir='ltr'><strong>quoniam</strong></span> 
     </span>
    </p>
   </div>
   <div class='ocr_carea' id='block_1_110' title="bbox 2175 5069 3743 5144">
    <p class='ocr_par' dir='ltr' id='par_1_110' title="bbox 2175 5069 3743 5144">
     <span class='ocr_line' id='line_1_110' title="bbox 2175 5069 3743 5144; baseline -0.008 -11"><span class='ocrx_word' id='word_1_814' title='bbox 2175 5096 2203 5133; x_wconf 88' lang='lat' dir='ltr'><strong>a</strong></span> <span class='ocrx_word' id='word_1_815' title='bbox 2262 5078 2398 5132; x_wconf 74' lang='lat' dir='ltr'><strong>Filio</strong></span> <span class='ocrx_word' id='word_1_816' title='bbox 2457 5075 2830 5144; x_wconf 87' lang='lat' dir='ltr'><strong>temporaliter</strong></span> <span class='ocrx_word' id='word_1_817' title='bbox 2887 5073 3106 5139; x_wconf 86' lang='lat' dir='ltr'><strong>emicat,</strong></span> <span class='ocrx_word' id='word_1_818' title='bbox 3162 5072 3283 5125; x_wconf 91' lang='lat' dir='ltr'><strong>ideo</strong></span> <span class='ocrx_word' id='word_1_819' title='bbox 3333 5086 3361 5122; x_wconf 94' lang='lat' dir='ltr'><strong>a</strong></span> <span class='ocrx_word' id='word_1_820' title='bbox 3423 5070 3581 5123; x_wconf 87' lang='lat' dir='ltr'><strong>Patre</strong></span> <span class='ocrx_word' id='word_1_821' title='bbox 3628 5069 3743 5122; x_wconf 86' lang='lat' dir='ltr'><strong>sive</strong></span> 
     </span>
    </p>
   </div>
   <div class='ocr_carea' id='block_1_111' title="bbox 2173 5160 3739 5239">
    <p class='ocr_par' dir='ltr' id='par_1_111' title="bbox 2173 5160 3739 5239">
     <span class='ocr_line' id='line_1_111' title="bbox 2173 5160 3739 5239; baseline -0.007 -17"><span class='ocrx_word' id='word_1_822' title='bbox 2173 5178 2416 5239; x_wconf 90' lang='lat' dir='ltr'><strong>tempore</strong></span> <span class='ocrx_word' id='word_1_823' title='bbox 2471 5167 2728 5235; x_wconf 85' lang='lat' dir='ltr'><strong>procedit.</strong></span> <span class='ocrx_word' id='word_1_824' title='bbox 2770 5167 2889 5223; x_wconf 86' lang='lat' dir='ltr'><strong>ldeo</strong></span> <span class='ocrx_word' id='word_1_825' title='bbox 2923 5177 3097 5220; x_wconf 88' lang='lat' dir='ltr'><strong>tamen</strong></span> <span class='ocrx_word' id='word_1_826' title='bbox 3157 5178 3221 5216; x_wconf 86' lang='lat' dir='ltr'><strong>eu</strong></span> <span class='ocrx_word' id='word_1_827' title='bbox 3269 5160 3431 5213; x_wconf 87' lang='lat' dir='ltr'><strong>verbo</strong></span> <span class='ocrx_word' id='word_1_828' title='bbox 3465 5176 3597 5214; x_wconf 88' lang='lat' dir='ltr'><strong>usus</strong></span> <span class='ocrx_word' id='word_1_829' title='bbox 3635 5168 3739 5219; x_wconf 87' lang='lat' dir='ltr'><strong>est,</strong></span> 
     </span>
    </p>
   </div>
   <div class='ocr_carea' id='block_1_112' title="bbox 2172 5255 3740 5331">
    <p class='ocr_par' dir='ltr' id='par_1_112' title="bbox 2172 5255 3740 5331">
     <span class='ocr_line' id='line_1_112' title="bbox 2172 5255 3740 5331; baseline -0.009 -16"><span class='ocrx_word' id='word_1_830' title='bbox 2172 5274 2229 5317; x_wconf 91' lang='lat' dir='ltr'><strong>ut</strong></span> <span class='ocrx_word' id='word_1_831' title='bbox 2261 5266 2515 5330; x_wconf 81' lang='lat' dir='ltr'><strong>emicare,</strong></span> <span class='ocrx_word' id='word_1_832' title='bbox 2559 5276 2654 5331; x_wconf 80' lang='lat' dir='ltr'><strong>pro</strong></span> <span class='ocrx_word' id='word_1_833' title='bbox 2687 5277 2771 5329; x_wconf 90' lang='lat' dir='ltr'><strong>eo,</strong></span> <span class='ocrx_word' id='word_1_834' title='bbox 2801 5260 2943 5331; x_wconf 88' lang='lat' dir='ltr'><strong>quod</strong></span> <span class='ocrx_word' id='word_1_835' title='bbox 3006 5269 3088 5315; x_wconf 87' lang='lat' dir='ltr'><strong>est</strong></span> <span class='ocrx_word' id='word_1_836' title='bbox 3155 5256 3451 5324; x_wconf 81' lang='lat' dir='ltr'><strong>procedere,</strong></span> <span class='ocrx_word' id='word_1_837' title='bbox 3502 5255 3740 5316; x_wconf 79' lang='lat' dir='ltr'><strong>diceret;</strong></span> 
     </span>
    </p>
   </div>
   <div class='ocr_carea' id='block_1_113' title="bbox 2172 5346 3737 5424">
    <p class='ocr_par' dir='ltr' id='par_1_113' title="bbox 2172 5346 3737 5424">
     <span class='ocr_line' id='line_1_113' title="bbox 2172 5346 3737 5424; baseline -0.007 -18"><span class='ocrx_word' id='word_1_838' title='bbox 2172 5357 2424 5424; x_wconf 88' lang='lat' dir='ltr'><strong>quoniam</strong></span> <span class='ocrx_word' id='word_1_839' title='bbox 2457 5355 2720 5424; x_wconf 89' lang='lat' dir='ltr'><strong>Spiritum</strong></span> <span class='ocrx_word' id='word_1_840' title='bbox 2771 5354 3186 5411; x_wconf 78' lang='lat' dir='ltr'><strong>illuminantem,</strong></span> <span class='ocrx_word' id='word_1_841' title='bbox 3238 5349 3397 5400; x_wconf 81' lang='lat' dir='ltr'><strong>vitam</strong></span> <span class='ocrx_word' id='word_1_842' title='bbox 3426 5346 3737 5415; x_wconf 83' lang='lat' dir='ltr'><strong>appellavit,</strong></span> 
     </span>
    </p>
   </div>
   <div class='ocr_carea' id='block_1_114' title="bbox 2171 5440 3737 5503">
    <p class='ocr_par' dir='ltr' id='par_1_114' title="bbox 2171 5440 3737 5503">
     <span class='ocr_line' id='line_1_114' title="bbox 2171 5440 3737 5503; baseline -0.01 -3"><span class='ocrx_word' id='word_1_843' title='bbox 2171 5448 2477 5502; x_wconf 81' lang='lat' dir='ltr'><strong>alternatim</strong></span> <span class='ocrx_word' id='word_1_844' title='bbox 2522 5448 2728 5503; x_wconf 92' lang='lat' dir='ltr'><strong>scilicet</strong></span> <span class='ocrx_word' id='word_1_845' title='bbox 2780 5443 3134 5501; x_wconf 86' lang='lat' dir='ltr'><strong>conversione</strong></span> <span class='ocrx_word' id='word_1_846' title='bbox 3203 5440 3455 5494; x_wconf 86' lang='lat' dir='ltr'><strong>dictionis</strong></span> <span class='ocrx_word' id='word_1_847' title='bbox 3513 5448 3669 5491; x_wconf 85' lang='lat' dir='ltr'><strong>utens</strong></span> <span class='ocrx_word' id='word_1_848' title='bbox 3723 5449 3737 5484; x_wconf 92' lang='lat'><strong>:</strong></span> 
     </span>
    </p>
   </div>
   <div class='ocr_carea' id='block_1_115' title="bbox 2171 5525 3740 5608">
    <p class='ocr_par' dir='ltr' id='par_1_115' title="bbox 2171 5525 3740 5608">
     <span class='ocr_line' id='line_1_115' title="bbox 2171 5525 3740 5608; baseline -0.005 -21"><span class='ocrx_word' id='word_1_849' title='bbox 2171 5552 2478 5608; x_wconf 82' lang='lat' dir='ltr'><strong>quanquam</strong></span> <span class='ocrx_word' id='word_1_850' title='bbox 2516 5548 2569 5595; x_wconf 88' lang='lat' dir='ltr'><strong>et</strong></span> <span class='ocrx_word' id='word_1_851' title='bbox 2616 5537 2999 5607; x_wconf 80' lang='lat' dir='ltr'><strong>magistrorum</strong></span> <span class='ocrx_word' id='word_1_852' title='bbox 3053 5531 3267 5603; x_wconf 88' lang='lat' dir='ltr'><strong>plurimi</strong></span> <span class='ocrx_word' id='word_1_853' title='bbox 3326 5530 3545 5583; x_wconf 67' lang='lat' dir='ltr'><strong>emicare</strong></span> <span class='ocrx_word' id='word_1_854' title='bbox 3597 5525 3740 5597; x_wconf 84' lang='lat' dir='ltr'><strong>quod</strong></span> 
     </span>
    </p>
   </div>
   <div class='ocr_carea' id='block_1_116' title="bbox 566 5709 2343 5789">
    <p class='ocr_par' dir='ltr' id='par_1_116' title="bbox 566 5709 2343 5789">
     <span class='ocr_line' id='line_1_116' title="bbox 566 5709 2343 5789; baseline 0.002 -20"><span class='ocrx_word' id='word_1_855' title='bbox 566 5716 677 5786; x_wconf 68' lang='grc' dir='ltr'><strong>(δι)</strong></span> <span class='ocrx_word' id='word_1_856' title='bbox 750 5717 900 5773; x_wconf 85' lang='lat' dir='ltr'><strong>Isaac</strong></span> <span class='ocrx_word' id='word_1_857' title='bbox 953 5716 1268 5785; x_wconf 81' lang='lat' dir='ltr'><strong>Eremitam,</strong></span> <span class='ocrx_word' id='word_1_858' title='bbox 1307 5717 1461 5789; x_wconf 68' lang='lat' dir='ltr'><strong>cujus</strong></span> <span class='ocrx_word' id='word_1_859' title='bbox 1520 5724 1731 5772; x_wconf 79' lang='lat' dir='ltr'><strong>exstant</strong></span> <span class='ocrx_word' id='word_1_860' title='bbox 1790 5715 2046 5784; x_wconf 73' lang='lat' dir='ltr'><strong>opuscula</strong></span> <span class='ocrx_word' id='word_1_861' title='bbox 2089 5709 2343 5772; x_wconf 82' lang='lat' dir='ltr'><strong>ascetica.</strong></span> 
     </span>
    </p>
   </div>
  </div>
