4144 6296
348 241 451 310 105

1398 229 1807 294 ADVERSUS
1849 224 2166 287 GRECOS
2209 224 2353 286 LIB.
2395 225 2477 288 Ιῐ.

3497 220 3594 284 1Οὸ

343 355 539 410 dicitur
579 352 637 406 in
686 347 1030 405 substantiali
1075 357 1430 414 perseuarum
1486 356 1739 412 processu
1791 354 1912 408 pro—
1942 343 1984 398 Α
2016 338 2066 390 in
2095 337 2290 392 divinis
2317 338 2578 408 personis,
2613 346 2670 391 ut
2694 353 2851 408 supra
2887 336 3210 392 declaratum
3240 344 3342 399 est,
3394 335 3460 388 ab
3489 335 3596 387 a.io

345 442 821 514 prizesubstantias
871 437 1251 508 praetulerunt;
1278 434 1416 489 sicut
1467 443 1550 488 est
1586 432 1739 497 illud,
1775 431 1919 499 quod

345 535 598 591 canitur:
629 530 930 602 Unigenitus
961 529 1147 591 Filius,
1166 529 1256 596 qui
1277 542 1342 580 ea:
1374 523 1533 580 Patre
1560 523 1667 578 sine
1693 532 1921 590 tempore

341 623 581 695 eﬂ‘ulsit;
612 623 703 694 sed
732 622 894 675 etiam
927 616 1302 689 procedentem
1337 631 1403 670 ex
1449 613 1608 668 Patre
1661 611 1920 682 Spiritum

345 713 504 766 vitam
559 725 679 766 esse
721 704 948 764 viventis
1016 703 1176 760 Verbi
1236 703 1387 759 dixit.
1446 701 1502 755 Si
1572 710 1750 754 antem
1804 700 1915 751 vita

345 815 413 856 ex
467 801 702 863 vivente,
749 812 1020 868 nunquam
1063 805 1208 850 certe
1259 794 1361 849 erit
1411 795 1528 849 sine
1587 791 1784 860 Spiritu
1834 789 1922 843 Fi-

349 891 495 946 lius:
544 891 690 944 Sicut
739 891 879 944 enim
909 874 1072 944 Pater
1127 887 1279 940 habet
1329 886 1487 939 vitam
1523 886 1576 937 in
1610 883 1919 950 semetipso,

349 983 426 1037 sic
477 984 617 1036 dedit
649 993 696 1036 et
725 981 863 1035 Filio
904 982 1061 1034 vitam
1096 978 1284 1032 habere
1315 979 1369 1031 iu
1399 977 1669 1041 semetipso
1701 975 1767 1028 ⁸⁸.
1802 975 1920 1029 V-ta

353 1083 534 1129 autem
564 1073 796 1145 Spiritus
844 1081 1064 1128 sanctus
1097 1079 1199 1130 est,
1241 1083 1397 1136 quem
1441 1084 1544 1122 una
1576 1083 1698 1121 cum
1735 1066 1915 1120 Patris

348 1167 585 1220 essentia
622 1180 690 1220 ex
723 1164 888 1218 Patre
923 1175 1156 1217 nascens
1208 1159 1385 1212 trahit.
1419 1156 1600 1228 Neque
1649 1158 1790 1211 enim
1840 1163 1924 1210 est

344 1259 466 1312 sine
495 1257 627 1321 vita,
657 1256 746 1327 qui
780 1265 934 1310 natus
967 1263 1067 1310 est.
1103 1255 1157 1309 Id
1206 1255 1398 1324 quippe
1446 1262 1640 1322 praeter
1674 1251 1920 1318 impieta-

344 1358 453 1404 tem
500 1350 662 1404 etiam
699 1349 1096 1404 stolidissimum
1130 1362 1226 1415 est,
1261 1358 1316 1403 ut
1371 1348 1445 1402 ait
1481 1346 1919 1416 Chrysoslomllss

342 1455 468 1496 eum
524 1440 651 1494 illttd
699 1450 1028 1510 exponeret:
1079 1441 1231 1493 Dedit
1280 1441 1437 1493 vitam
1469 1478 1483 1491 .

413 1530 720 1596 Enimvero,
753 1532 1000 1600 quoniam
1044 1531 1284 1600 opcratio
1316 1529 1434 1582 Filii
1459 1527 1689 1596 Spiritus
1708 1531 1925 1578 sanctus

341 1633 461 1673 esse
502 1619 679 1672 dictus
711 1627 794 1672 est
838 1619 1142 1673 subsistens
1172 1629 1226 1670 et
1265 1614 1690 1671 substantialiter
1739 1611 1923 1671 insita,

344 1719 560 1764 constat
594 1711 718 1779 quia
757 1723 854 1777 per
886 1708 1148 1778 Spiritum
1200 1717 1455 1775 operatur
1482 1745 1494 1758 .
1520 1705 1632 1760 Hoc
1665 1713 1840 1758 autem
1875 1712 1927 1756 et

335 1801 639 1854 communis
681 1800 931 1853 Ecclesia:
964 1800 1147 1868 opinio
1201 1808 1303 1864 est,
1337 1797 1568 1850 maxime
1617 1811 1735 1847 cum
1766 1794 1925 1847 etiam

337 1890 608 1946 Dominus
676 1891 911 1944 dixerit:
987 1886 1043 1942 Si
1113 1899 1283 1940 autem
1367 1902 1457 1955 ego
1505 1887 1560 1938 in
1624 1884 1787 1953 digito
1835 1881 1931 1935 Dei

335 1982 498 2046 eiicio
541 1982 822 2043 daemonia,
854 1997 974 2050 ergo
1007 1981 1235 2050 pervenit
1274 1980 1326 2032 in
1360 1994 1442 2032 vos
1490 1993 1702 2047 regnum
1745 1974 1836 2028 Dei
1860 1975 1924 2028 ⁸⁸.

334 2071 498 2138 Quod
551 2072 684 2125 alius
741 2072 1069 2143 evangelista
1107 2083 1380 2138 exponens
1412 2069 1486 2122 ait
1517 2068 1619 2122 :Si
1666 2077 1839 2120 autem
1871 2067 1922 2118 iu

335 2162 546 2229 Spiritu
616 2162 712 2216 Dei
754 2164 908 2233 ejicio
952 2163 1210 2217 dtemonia
1247 2161 1314 2216 ".
1345 2158 1510 2213 Filius
1574 2155 1757 2228 itaque
1799 2147 1919 2228 'per

333 2253 609 2324 Spiritum
643 2253 758 2317 Dei,
790 2254 879 2324 qui
916 2255 1078 2309 etiam
1120 2267 1250 2308 suus
1295 2263 1376 2307 est
1428 2251 1682 2320 Spiritus,
1734 2266 1924 2321 opera-

251 2354 254 2358 '
336 2357 459 2399 tur.
509 2343 646 2398 Illud
713 2355 912 2411 autem,
963 2359 1059 2412 per
1117 2347 1258 2414 quod
1312 2345 1590 2412 quisquam
1647 2352 1919 2409 aperatnr,

336 2439 466 2492 sive
497 2437 650 2504 quasi
705 2451 927 2490 movens
957 2445 1060 2499 est,
1089 2447 1147 2488 ut
1194 2451 1309 2499 rex,
1337 2451 1430 2504 per
1474 2449 1632 2504 quem
1688 2433 1925 2489 cititatis

329 2526 684 2593 dispensator
717 2524 1050 2579 administrat
1101 2540 1160 2580 ac
1188 2526 1324 2596 gerit
1349 2527 1566 2591 omnia;
1603 2526 1738 2590 sive,
1771 2535 1927 2594 quasi

330 2615 586 2687 speciale
623 2625 676 2670 ct
707 2617 774 2669 ab
825 2625 940 2669 arte
990 2617 1241 2682 veniens;
1274 2624 1330 2670 ut
1359 2616 1549 2670 artifex
1613 2629 1706 2683 per
1755 2627 1926 2668 artem

333 2714 647 2776 operatur;
680 2707 791 2758 sive
822 2720 918 2772 per
965 2720 1182 2758 causam
1215 2706 1477 2759 naturalis
1525 2705 1740 2757 virtutis
1792 2719 1921 2758 suat.

413 2795 541 2850 Non
571 2811 699 2862 ergo
716 2796 884 2850 virtus
907 2797 1178 2865 operantis
1201 2810 1362 2852 eausa
1390 2807 1494 2861 est,
1521 2797 1678 2850 sicuti
1703 2805 1750 2850 et
1778 2812 1928 2851 mens

333 2903 440 2959 per
483 2887 708 2941 verbum
750 2901 984 2956 aperans
1027 2887 1178 2956 quasi
1211 2904 1304 2954 per
1359 2891 1460 2941 vim
1501 2903 1652 2943 suam
1701 2898 1922 2942 natura-

2023 443 2142 483 esse
2168 428 2456 498 signiﬁcat.
2488 428 2594 482 Per
2638 442 2794 497 quem
2847 428 3195 482 nihilominus
3249 440 3492 491 causam,
3538 435 3595 479 et

2024 519 2162 587 quod
2192 534 2255 574 ex
2283 533 2442 574 causa
2475 529 2582 585 est,
2619 519 2843 589 intelligi
2889 519 3075 573 voluit.
3105 516 3304 589 Nempe
3335 519 3476 573 enim
3527 517 3594 570 ab

2022 623 2087 663 eo
2116 623 2386 677 nunquam
2416 610 2633 664 daretur
2665 609 2765 662 nisi
2793 609 2958 662 etiam
3010 609 3076 661 ab
3103 623 3168 662 eo
3216 618 3361 663 esset
3391 625 3404 662 :
3437 607 3593 662 aliter

2024 701 2166 754 enim
2204 701 2435 756 ministri
2480 700 2791 770 fungeretur
2825 703 2958 756 rice.
3002 702 3044 754 Α
3076 715 3181 770 quo
3225 710 3398 755 autem
3445 701 3591 755 illum

2024 795 2140 848 dari
2176 796 2475 864 oportebat,
2510 803 2567 849 ut
2595 795 2707 863 ipse
2738 795 2812 846 ait
2837 794 3184 860 Athanasius,
3234 793 3335 847 nisi
3386 792 3453 846 ab
3503 807 3591 856 eo,

2024 887 2179 955 cujus
2210 887 2335 940 est?
2364 886 2471 940 lloc
2503 896 2679 940 autem
2713 901 2816 939 non
2846 886 3109 955 itafessct,
3140 885 3241 938 nisi
3269 894 3322 937 et
3348 886 3412 937 ad
3444 883 3589 935 illum

2027 979 2340 1032 referretur.
2373 978 2580 1033 Relatio
2609 990 2786 1034 autem
2819 993 3061 1040 causam,
3096 987 3150 1031 et
3195 976 3414 1031 causale
3448 990 3594 1028 com-

2037 1071 2273 1124 mendat.
2309 1071 2476 1125 Filius
2505 1086 2632 1141 ergo
2660 1086 2823 1126 causa
2855 1071 3025 1124 sancti
3057 1069 3288 1139 Spiritus
3321 1079 3424 1124 est.
3469 1067 3592 1136 Spi-

2027 1162 2164 1217 ritus
2217 1165 2358 1218 enim
2415 1172 2634 1219 sanctus
2708 1178 2803 1232 per
2877 1162 3067 1217 Filium
3117 1178 3220 1217 non
3293 1170 3591 1228 Operatur;

2027 1266 2293 1321 causaque
2364 1252 2449 1307 illa
2504 1263 2625 1317 est,
2690 1254 2812 1322 quia
2889 1251 3058 1305 Filius
3131 1266 3194 1306 ex
3271 1251 3428 1305 Patre
3499 1266 3594 1327 per

2029 1340 2287 1413 Spiritum
2345 1358 2449 1396 non
2508 1343 2766 1411 gignitur,
2831 1342 3061 1411 Spiritus
3125 1352 3299 1396 autem
3330 1358 3392 1394 ex
3434 1341 3592 1394 Puer

2027 1449 2121 1504 per
2155 1432 2348 1487 Filium
2404 1434 2664 1500 procedit.
2699 1433 3000 1485 Secundum
3037 1446 3196 1501 quam
3251 1445 3381 1484 sane
3425 1431 3590 1482 ratio-

2029 1540 2174 1588 nem,
2207 1537 2303 1577 nec
2345 1523 2510 1578 Filius
2554 1523 2786 1591 operatio
2836 1533 2883 1574 et
2933 1525 3096 1574 virttis
3145 1519 3377 1589 Spiritus
3419 1519 3590 1573 sancti

2030 1616 2203 1669 dictus
2233 1624 2331 1668 est.

2100 1705 2292 1768 Porro,
2329 1706 2371 1758 si
2412 1707 2531 1773 quis
2579 1707 2816 1773 ejusdem
2849 1703 3142 1758 beatissimi
3171 1702 3269 1755 viri
3297 1702 3496 1754 dictum
3536 1700 3588 1752 in

2029 1797 2148 1851 ﬁdei
2184 1797 2350 1865 ipsius
2368 1795 2710 1881 confessione
2739 1797 2847 1864 (35)
2873 1794 3306 1863 prmexpodtum,
3338 1784 3446 1860 quo
3473 1792 3546 1845 ait
3573 1808 3589 1846 :
3625 1842 3635 1850 ,

2027 1894 2253 1962 Spiritus
2296 1905 2530 1958 sanctus,
2565 1910 2629 1946 ea:
2663 1892 2826 1946 Patre
2857 1901 2905 1945 et
2955 1889 3096 1943 Filio
3129 1905 3229 1941 non
3272 1887 3466 1956 factus,
3499 1901 3591 1938 nec

2025 1998 2250 2050 creatus,
2273 2004 2361 2040 uec
2390 1987 2615 2057 genitus,
2646 1989 2734 2039 sed
2758 1984 3057 2051 procedens,
3088 1980 3394 2050 ambiguum
3419 1986 3590 2046 putat,

2024 2089 2075 2132 et
2108 2079 2258 2147 quasi
2310 2077 2665 2132 adulteratum
2719 2075 3076 2130 calumniatur
3124 2089 3137 2124 :
3191 2071 3421 2139 primum
3472 2068 3590 2134 qui-

2024 2169 2140 2223 dem
2175 2169 2224 2221 id
2266 2183 2447 2221 vcrum
2499 2181 2638 2232 esse,
2671 2165 2795 2219 inde
2834 2163 3176 2218 manifestum
3225 2169 3330 2226 est,
3361 2160 3482 2228 quia
3538 2167 3591 2212 ct

2025 2260 2308 2329 theologus
2346 2259 2639 2327 Gregorius
2691 2257 2746 2311 in
2798 2255 3070 2310 Athanasii
3123 2253 3368 2306 laudibus
3423 2249 3589 2318 ipsius

2024 2351 2268 2405 meminit
2299 2351 2520 2404 dicens:
2554 2349 2706 2403 Solus
2758 2349 2845 2401 ille
2900 2348 2973 2400 vel
3006 2361 3122 2398 cum
3178 2344 3356 2411 paucis
3402 2340 3588 2393 admo-

2023 2441 2165 2503 dum,
2195 2455 2352 2491 austts
2385 2449 2460 2493 est
2491 2441 2747 2492 reritatem
2780 2439 2832 2490 in
2859 2437 3062 2505 scriptis
3084 2434 3318 2501 conﬁteri
3344 2448 3362 2495 ,°
3391 2440 3438 2478 et
3471 2445 3589 2499 quae

2028 2531 2136 2584 illic
2167 2531 2514 2598 additzquam
2549 2540 2672 2583 tunc
2708 2530 2959 2596 temporis
2987 2525 3351 2594 conscriptam
3390 2522 3456 2576 ad
3497 2521 3589 2575 Ju-

2028 2618 2154 2671 littm
2193 2619 2493 2672 Romanum
2531 2618 2837 2687 pontiﬁcem
2885 2617 3051 2679 misit,
3083 2631 3204 2668 cum
3252 2613 3592 2667 insimulare-

2031 2721 2117 2764 tur
2147 2725 2248 2764 nou
2292 2718 2450 2763 recta:
2479 2723 2600 2764 esse
2638 2708 2777 2761 lidei.
2809 2706 3029 2771 Deinde,
3063 2713 3114 2758 et
3145 2719 3208 2759 ex
3238 2718 3303 2757 eo
3353 2711 3586 2767 constat,

2030 2801 2194 2871 ipsitts
2225 2815 2400 2854 veram
2424 2814 2541 2857 esse.
2563 2838 2578 2863 ,
2600 2799 2740 2870 quod
2763 2812 2856 2866 per
2875 2812 3064 2852 omnes
3090 2794 3400 2851 Occidentis
3423 2807 3499 2848 eet
3520 2794 3592 2848 le-

2027 2895 2136 2950 sias
2173 2893 2470 2949 Dominicis
2499 2908 2715 2962 semper
2749 2892 2935 2947 diebus
2965 2890 3234 2960 psallitur.
3262 2897 3422 2956 atque
3451 2886 3588 2940 adeo

337 2982 446 3035 lem
499 2988 558 3032 et
610 2979 947 3036 emcienliattt
979 3019 994 3042 ,
1043 2994 1207 3036 causa
1261 2991 1340 3035 est
1389 2981 1560 3045 vet-bi,
1595 2984 1684 3036 sed
1736 2998 1840 3038 nou
1888 2998 1916 3038 e
1943 2996 1986 3056 ρ
2023 2988 2246 3047 celebris
2287 2995 2366 3043 est
2397 2999 2598 3052 auctor,
2635 2995 2692 3042 ul
2733 2999 2797 3042 ne
2837 3000 2865 3040 α
2901 2983 3082 3056 pueris
3113 2983 3327 3054 quidem
3373 2984 3589 3052 ignore.

330 3078 533 3124 contra
561 3085 576 3121 :
610 3071 810 3138 quippe
842 3071 1020 3124 cumis
1066 3073 1166 3135 vis,
1198 3081 1255 3126 et
1290 3074 1431 3126 actio
1477 3074 1794 3130 naturaliter
1825 3089 1918 3142 per

333 3161 582 3230 aliquem
631 3161 903 3228 prodiens.
958 3163 1122 3214 etiam
1159 3177 1224 3218 ex
1271 3163 1359 3216 illo
1391 3173 1493 3217 est.
1548 3165 1616 3216 At
1665 3173 1920 3231 operatur

341 3251 572 3318 quidem
631 3265 726 3318 per
784 3250 1038 3314 Verbum,
1097 3261 1249 3320 quasi
1295 3268 1388 3321 per
1420 3269 1568 3307 suam
1623 3256 1916 3309 naturalem

336 3341 474 3395 vim.
510 3340 778 3407 Operatur
811 3352 988 3396 autem
1020 3342 1184 3397 Filius
1205 3357 1300 3412 per
1321 3346 1602 3414 Spiritum,
1630 3349 1780 3414 quasi
1815 3361 1916 3414 per

334 3431 651 3486 naturalem
705 3443 864 3500 atque
915 3434 1133 3488 insitam
1184 3436 1614 3489 substantialiter
1665 3439 1918 3489 virtutem

331 3536 526 3577 suam.
545 3523 687 3587 Ideo,
705 3531 758 3577 et
787 3539 1008 3590 magnus
1037 3525 1332 3580 Basiliusin
1360 3542 1411 3578 tv
1431 3527 1789 3592 Quaestionum
1813 3528 1914 3580 ait:

331 3615 534 3683 Neque
569 3615 680 3667 sine
722 3613 862 3668 Filio
907 3615 1030 3681 facit
1069 3619 1329 3682 quippiam
1381 3617 1557 3680 Pater,
1595 3634 1755 3686 neque
1809 3619 1921 3671 sine

330 3707 557 3775 Spiritu
608 3704 798 3760 Filius.
830 3705 955 3760 Filii
990 3719 1161 3761 autem
1177 3709 1418 3774 Verbum,
1452 3709 1718 3779 Spiritus:
1746 3730 1762 3762 t
1789 3709 1922 3765 Por-

331 3808 483 3858 tans,
518 3797 894 3861 inqtrit,onmia
927 3804 1071 3850 verba
1102 3803 1306 3854 virtutis
1339 3818 1502 3865 sum,»

410 3890 491 3942 Ex
535 3887 736 3954 qttibus
769 3890 1008 3956 profecto
1041 3893 1292 3945 omnibus
1331 3901 1385 3944 et
1415 3895 1546 3946 ordo
1579 3898 1642 3946 ad
1691 3897 1919 3951 invicem

327 3980 658 4033 divinarum
706 3993 1078 4046 personarum,
1109 3990 1159 4034 et
1213 3993 1270 4034 ιιι
1295 3997 1353 4036 se
1402 3983 1628 4038 invicem
1684 3997 1920 4052 teneant,

328 4087 558 4144 unaque
625 4073 925 4142 cogitentur
968 4084 1022 4128 et
1077 4075 1444 4144 intelligantur
1489 4080 1745 4135 constitit.
1782 4085 1924 4149 Quo-

327 4166 482 4220 niam
534 4165 706 4232 igitur
753 4165 990 4232 Spiritus
1019 4178 1239 4221 sanctus
1287 4169 1482 4222 donum
1519 4171 1665 4234 Filii,
1717 4183 1768 4224 et
1797 4188 1922 4242 ope-

328 4259 477 4313 ratio
502 4256 687 4327 ipsius
716 4266 795 4309 est
821 4274 836 4322 ;
867 4257 1108 4321 operatio
1136 4273 1260 4312 vero
1287 4259 1354 4310 ab
1383 4271 1659 4328 eperautc,
1695 4263 1915 4317 donum-

325 4365 438 4419 que
473 4365 503 4402 a
550 4349 809 4402 mittente
842 4347 1079 4416 effulget.
1125 4360 1175 4402 et
1219 4351 1472 4415 mittitur,
1510 4362 1562 4405 ct
1611 4354 1811 4406 datur‘:
1849 4355 1914 4408 li-

326 4451 485 4510 quet,
521 4438 659 4508 quia
721 4452 785 4490 ex
825 4435 961 4490 Filio
1012 4448 1093 4490 est
1126 4436 1357 4504 Spiritus
1407 4451 1640 4495 sanctus.
1677 4441 1739 4495 Ut
1771 4443 1914 4496 enim

328 4531 504 4586 Filius
538 4544 645 4600 per
676 4541 833 4593 quem
863 4527 1021 4581 Pater
1045 4541 1316 4597 operatur,
1341 4545 1402 4584 ex
1434 4529 1592 4585 Patre
1616 4545 1697 4586 est
1727 4550 1739 4595 ;
1766 4534 1835 4585 ita
1864 4543 1920 4588 et

324 4624 393 4677 de
445 4628 656 4679 sancto
709 4617 908 4685 Spiritu
955 4620 1263 4686 dicendum,
1313 4636 1410 4691 per
1459 4638 1615 4691 quem
1665 4637 1917 4692 operatur

326 4711 526 4766 Filius.
562 4708 762 4775 Neque
789 4709 928 4762 enim
963 4710 1102 4764 sicut
1136 4713 1206 4775 id,
1239 4717 1382 4777 quod
1425 4723 1628 4773 monet,
1661 4725 1751 4767 aut
1776 4719 1916 4769 sicut

323 4801 668 4865 artiﬁcialis,
697 4807 858 4867 atque
886 4803 1208 4869 exemplaris
1235 4820 1416 4866 causa,
1450 4811 1588 4872 quod
1621 4822 1710 4872 per
1742 4823 1917 4875 quem,

322 4896 559 4958 dicitur,
603 4893 697 4945 hic
744 4890 917 4942 locum
963 4891 1144 4946 habet.
1184 4894 1385 4948 Donum
1419 4906 1594 4951 autem
1625 4898 1780 4963 dixit,
1810 4901 1916 4962 vel,

323 4985 455 5053 quia
518 4979 865 5045 alternatim,
895 4988 948 5031 et
1004 4981 1183 5034 hocin
1239 4984 1355 5036 loco
1405 4987 1757 5040 conversione
1809 4992 1920 5040 tiu:-

329 5076 498 5130 tiouis
554 5086 698 5126 usus
762 5082 859 5125 est.
915 5073 1119 5124 Donum
1178 5073 1320 5125 enim
1381 5075 1445 5126 ad
1478 5075 1616 5137 dari,
1644 5092 1705 5129 ac
1754 5078 1912 5137 mitti,

326 5167 477 5232 quod
512 5165 754 5222 dicitur,
786 5162 1060 5228 proprium
1085 5170 1188 5214 est.
1231 5159 1323 5214 Vel
1355 5163 1480 5227 quia
1515 5164 1650 5229 dari,
1679 5179 1740 5218 ac
1783 5168 1917 5220 mitti

407 5376 451 5401 ⁸⁵
489 5369 656 5424 Joan.
694 5378 746 5426 ν,
778 5362 866 5416 26.
945 5364 986 5394 ⁸⁸
1029 5365 1154 5417 Luc.
1197 5379 1272 5424 XI,
1297 5363 1386 5418 ‘20.

411 5552 529 5630 (ξεί)
590 5541 918 5614 Symbolum
984 5543 1432 5597 Atliauasianum.
1517 5545 1590 5600 De
1643 5546 1740 5599 boc
1801 5545 2058 5630 Symbolo

339 5625 495 5680 rarii.

644 5708 916 5766 PATRt)L.
967 5706 1081 5765 Gn.
1127 5708 1302 5765 CLII.

1500 5362 1541 5392 ⁸⁷
1578 5362 1762 5419 Matth.
1799 5380 1890 5426 XII,
1918 5365 2002 5423 9.8.

2023 3095 2138 3147 tur;
2165 3098 2228 3138 ex
2283 3081 2387 3137 illis
2432 3081 2646 3151 quidem
2695 3078 3023 3148 temporibus
3062 3077 3258 3145 ubique
3288 3073 3587 3132 diﬂ‘ust,ato

2019 3196 2122 3250 que
2169 3186 2355 3233 contra
2391 3176 2725 3229 ’Arianortttn
2772 3172 3026 3233 itasrcsin,
3056 3178 3354 3236 contraque
3398 3180 3589 3220 omnes

2023 3283 2180 3326 rectae
2209 3271 2330 3324 ﬁdei
2365 3266 2726 3328 adversarios,
2755 3264 2808 3318 in
2839 3262 3050 3318 cunctis
3089 3260 3332 3316 ccclesiis
3377 3258 3586 3328 publica

2020 3364 2142 3414 cani
2175 3370 2464 3426 praecepta.

2094 3451 2202 3503 Aut
2229 3449 2396 3516 igitur
2419 3449 2578 3500 aliam
2634 3447 2869 3512 aliquam
2896 3443 3295 3498 confessionem
3322 3443 3459 3498 tanti
3488 3441 3586 3496 viri

2026 3543 2326 3605 proferant,
2359 3537 2510 3607 cujus
2535 3546 2588 3591 et
2617 3533 2923 3603 Tlteologus
2970 3533 3232 3593 meminit,
3256 3543 3310 3586 et
3357 3532 3441 3585 cui
3476 3541 3580 3584 tra-

2024 3633 2156 3688 ditio
2195 3630 2448 3685 Ecclesiae
2478 3633 2797 3682 attestatur:
2835 3634 2927 3677 aut
2962 3626 3007 3678 sl
3043 3622 3145 3678 hoc
3190 3635 3293 3674 non
3344 3631 3587 3687 possunt,

2026 3724 2182 3778 istam
2245 3736 2367 3775 cum
2421 3733 2583 3786 supra
2624 3717 2872 3786 exposito
2911 3717 3055 3770 dicto
3092 3713 3406 3782 suscipiant.
3455 3711 3584 3766 Tes-

2025 3824 2206 3870 tautur
2238 3820 2415 3865 autem
2445 3812 2580 3865 banc
2607 3808 2774 3876 ipsam
2818 3808 2936 3861 fidei
2990 3805 3383 3861 confessionem
3413 3805 3585 3858 sancti

2025 3906 2122 3959 viri
2153 3917 2293 3967 esse,
2327 3911 2485 3970 atque
2520 3901 2572 3954 id
2605 3901 2804 3954 dictum
2833 3899 2902 3952 ita
2933 3914 2991 3953 se
3021 3899 3240 3958 habere,
3269 3899 3358 3965 qui
3399 3903 3587 3951 contra

2025 3997 2243 4050 Latinos
2278 3994 2442 4048 multo
2485 4005 2614 4046 ante
2651 3993 2985 4058 scripserunt
3027 4003 3208 4055 :quam
3241 3987 3342 4042 sibi
3401 3998 3457 4040 ιιι
3496 3991 3590 4041 ad-

2026 4101 2274 4149 versam,
2336 4083 2532 4137 frustra
2591 4082 2914 4137 labefactare
2974 4082 3238 4136 nituntur.
3296 4082 3589 4150 Atque,ut

2027 4178 2249 4244 intelligi
2275 4176 2449 4236 datur,
2487 4184 2611 4228 tunc
2636 4173 2851 4241 quidem
2879 4173 3051 4226 adhuc
3075 4172 3408 4236 servabatur,
3437 4180 3587 4239 post-

2029 4268 2244 4322 modum
2278 4279 2401 4318 vero
2433 4263 2815 4331 pertinaciores
2845 4262 2909 4312 ad
2933 4259 3408 4313 contradicendum
3437 4259 3582 4322 facti,

1949 4324 1992 4378 Β
2017 4360 2236 4413 omnino
2258 4356 2398 4410 illam
2417 4355 2632 4407 aufcrre
2660 4355 2958 4407 voluerunt.
2985 4350 3103 4404 Etsi
3134 4351 3290 4406 modo
3320 4352 3590 4405 nihilom-

2020 4466 2120 4505 nus
2155 4450 2364 4502 curiose
2387 4447 2778 4513 inquirentibus
2815 4458 2937 4496 raro
2975 4441 3095 4494 licet
3125 4443 3176 4495 in
3207 4444 3589 4498 vetustissima

2020 4533 2293 4588 codicibus
2339 4534 2408 4585 ita
2458 4531 2655 4584 habere
2703 4529 2994 4581 invenitur.
3029 4524 3082 4577 Si
3111 4526 3229 4590 quis
3266 4534 3441 4579 tamen
3470 4527 3590 4578 dil.-

2021 4627 2229 4694 gentius
2276 4626 2549 4695 inspiciat,
2580 4620 2710 4672 nihil
2762 4621 2845 4671 hic
2880 4633 3077 4670 novum
3126 4619 3324 4672 dixisse
3349 4627 3588 4672 sanctum

2022 4716 2195 4767 virum
2252 4712 2570 4784 cotuperict.
2620 4707 2870 4760 Plurimis
2915 4707 3056 4759 enim
3110 4706 3161 4759 in
3200 4706 3328 4760 lcis
3374 4720 3467 4775 per
3498 4708 3585 4762 Fi-

2028 4806 2155 4862 lium
2198 4809 2343 4873 illum
2373 4822 2497 4869 esse
2527 4804 2617 4863 ait,
2647 4812 2697 4853 et
2727 4814 2755 4850 a
2788 4799 2922 4852 Filio
2957 4800 3216 4867 accipete,
3249 4809 3302 4852 et
3351 4798 3419 4852 ab
3478 4801 3592 4871 ipso

2022 4900 2231 4967 scilicet
2289 4908 2565 4980 accipi-rc,
2598 4895 2737 4962 quod
2798 4892 3010 4963 accipit.
3043 4893 3096 4948 Η
3132 4905 3310 4948 autem
3349 4905 3432 4948 est
3481 4897 3597 4963 cjus

2021 5006 2162 5070 esse,
2190 5019 2454 5092 (ιηῦὼμιε
2484 4989 2640 5068 paulo
2669 4997 2788 5041 ante
2835 4989 3060 5051 diccbat,
3091 5006 3116 5040 a
3143 4988 3279 5042 Filio
3326 4985 3600 5051 effulgere,

2583 5083 2736 5137 Patre
2767 5080 3135 5148 procedentem
3161 5083 3414 5133 virtutem
3445 5076 3600 5134 dixit,

2021 5099 2185 5165 quoci
2239 5143 2249 5159 ,
2392 5114 2487 5171 am
2519 5104 2549 5143 ιι
2584 5099 2736 5137 t'atre
2767 5099 3135 5148 procedentem
3161 5099 3414 5133 vmutem
3445 5099 3599 5134 uixu,

2025 5174 2120 5214 Rex:
2166 5131 2286 5214 ,ηδ
2312 5135 2385 5214 (ιθ
2511 5195 2623 5214 ...ιιι
2677 5189 2704 5214 τι
2760 5170 2915 5214 Patro
2959 5174 3329 5214 nrnnmipnlem
3381 5159 3599 5214 intelligi

2556 5195 2625 5236 mi
2677 5189 2705 5226 tt
2760 5170 2918 5227 Patre
2959 5174 3329 5242 procedentem
3381 5159 3606 5226 in‘cmBi

2025 5174 2554 5325 δβὶηὶᾲζιιιέῧθειι

2539 5574 2703 5673 vum
2773 5537 3154 5607 disputationem

2569 5623 2587 5659 ι
2622 5615 2631 5630 .

2569 5615 2631 5659 ιν

2444 5649 2587 5752 (δυ’
3247 5683 3281 5740 ιφ

3240 5516 3446 5586 Rimini
3535 5520 3639 5572 Se-
3773 5544 3800 5561 δ

4039 5787 4064 5822 Α

3643 5998 4064 6102 \r
