4144 6296
528 432 531 435 ’
544 419 639 481 ῙΟἹ

1792 403 2194 466 MANUELIS
2234 403 2540 464 ΟΑῙιΕΟᾹί

3683 380 3808 470 ius

538 531 743 587 voluit:
772 531 873 584 hoc
895 526 1070 582 autem
1090 524 1329 581 exPatre
1353 536 1449 593 per
1469 522 1659 578 Filium
1685 535 1809 578 esse
1844 536 1907 575 ac
1923 536 2114 592 proce-
2149 529 2187 583 Α
2220 517 2381 570 tinnis
2416 518 2571 581 inest,
2600 518 2737 588 quod
2769 518 2939 572 lumen
2976 518 3205 587 genitum
3243 515 3416 572 Filius
3449 520 3515 573 sit
3548 535 3613 575 ex
3638 520 3813 592 inge-

539 627 687 696 dere.
715 623 887 675 Porro
916 621 1012 674 ista
1050 619 1156 681 his,
1185 632 1303 687 qua:
1347 617 1399 671 in
1441 614 1567 669 lidei
1616 613 1955 685 expositione
2010 627 2107 684 po-

539 712 827 777 suit,valde
858 724 1091 764 consona
1124 716 1270 763 sunt.

610 806 847 873 Apparet
876 802 1032 858 simul
1060 816 1125 855 ex
1154 799 1542 869 superioribus,
1569 799 1697 869 quia
1728 803 1783 853 et
1811 796 2036 865 prodire,
2056 802 2111 848 et

539 896 805 964 profundi.
824 906 876 948 et
896 893 1171 967 profluere,
1193 901 1248 947 et
1264 891 1541 952 inundare,
1568 898 1619 943 et
1642 900 1930 951 manare,et
1954 887 2107 954 efful-

536 1000 679 1053 gere,
709 993 762 1037 et
782 998 1004 1053 quaeque
1034 981 1250 1045 similia,
1270 983 1510 1035 eamdem
1534 980 1765 1050 Spiritus
1786 981 1956 1033 sancti
1989 979 2112 1033 sub-

542 1077 793 1131 stantiam
823 1077 1055 1146 signare,
1086 1089 1243 1143 quam
1271 1073 1436 1141 ipsam
1459 1072 1620 1126 etiam
1648 1071 1923 1141 procedere
1949 1070 2113 1140 signi-

546 1172 705 1235 licat;
740 1184 847 1222 nou
907 1167 1103 1228 solum,
1150 1165 1297 1234 quia,
1326 1175 1385 1217 ut
1436 1163 1634 1217 dictum
1682 1172 1787 1225 est,
1835 1164 1943 1216 duo
1988 1176 2111 1231 pro-

545 1274 729 1312 cessus
759 1257 931 1311 sancti
986 1256 1219 1324 Spiritus
1253 1268 1355 1306 nou
1391 1260 1537 1315 sunt,
1574 1262 1632 1307 ut
1657 1253 1875 1321 quidam
1904 1252 2110 1316 volunt,

545 1358 598 1402 et
628 1348 830 1401 idcirco
860 1347 959 1398 ista
1012 1345 1211 1408 omnia,
1249 1345 1312 1397 ad
1355 1343 1760 1397 substantialem
1805 1356 2110 1411 processum

548 1440 666 1509 ejus
723 1437 1023 1492 reducenda
1072 1446 1229 1500 sunt;
1260 1450 1379 1487 cum
1432 1448 1527 1486 eos
1573 1434 1660 1500 qui
1711 1432 1955 1502 geminos
1982 1432 2113 1486 istos

544 1544 837 1599 processus
878 1533 1103 1595 puttunl,
1155 1525 1317 1578 multa
1374 1526 1676 1576 neces~ario
1726 1520 2110 1575 absurdissima

547 1628 879 1693 sequantur:
917 1634 1095 1673 verum
1130 1618 1253 1685 quia
1284 1624 1337 1669 et
1365 1616 1598 1679 theologi
1635 1630 1698 1666 ex
1726 1613 1885 1667 Patre
1924 1628 2114 1679 proce-

546 1719 694 1779 dure,
733 1722 786 1767 ct
829 1711 1098 1781 profundi,
1132 1722 1184 1764 et
1230 1706 1514 1778 proﬂuere,
1548 1720 1602 1759 et
1643 1708 1815 1759 emitti
1846 1705 2113 1776 Spiritum

546 1817 790 1860 sanctum
842 1805 1182 1859 concorditer
1239 1811 1510 1865 asserunt,
1555 1800 1640 1854 ubi
1693 1800 1876 1853 dicere
1900 1799 2107 1862 volunt,

2213 611 2319 662 nito
2352 609 2547 663 lumine
2577 609 2847 678 effulgens.

2282 699 2512 754 Sanctus
2568 710 2745 756 autem
2777 702 3006 770 Cyr'dlus
3039 703 3093 758 in
3124 718 3229 758 uno
3254 704 3611 772 capitulorum
3642 721 3801 760 suo-

2212 805 2330 843 rum
2359 790 2422 843 de
2452 790 2750 844 aeternitate
2786 789 2902 845 Filii
2929 792 3011 846 sic
3038 793 3113 846 ait
3143 810 3157 847 :
3192 792 3327 846 Erat
3361 794 3523 862 igitur
3547 794 3809 862 gignenti

2214 872 2368 928 Patri
2390 885 2674 930 cowternus
2701 875 2896 943 Filius,
2915 878 3069 933 ueluti
3091 897 3121 932 o
3146 879 3286 948 fonte
3306 883 3532 950 quodam
3550 892 3812 950 paterna:

2212 966 2522 1021 substantiis
2560 984 2803 1025 manans.
2838 969 2901 1021 Et
2930 970 2980 1023 in
3008 970 3155 1024 alio:
3192 955 3294 1037 Qui
3322 973 3458 1025 enim
3484 989 3517 1025 a
3562 977 3813 1040 paterna

2212 1061 2459 1129 processit
2490 1063 2736 1128 essentia,
2768 1074 2965 1132 patrem
3009 1066 3249 1131 protinus
3281 1065 3506 1119 ostendit
3527 1081 3669 1130 eunt,
3698 1068 3813 1133 qui

2211 1170 2265 1206 se
2286 1163 2553 1222 genuerat.
2589 1154 2652 1209 Et
2686 1157 2737 1207 itt
2772 1155 2915 1209 alio:
2942 1154 3095 1220 Quod
3127 1172 3192 1210 ea:
3226 1155 3401 1209 Patris
3424 1157 3646 1209 essentia
3668 1174 3815 1223 pro-

2213 1247 2368 1300 cessit
2405 1244 2653 1299 Verbum.
2702 1248 2875 1315 Atque
2928 1248 2979 1299 in
3035 1246 3182 1299 alio:
3213 1245 3373 1299 Pater
3425 1248 3672 1315 produxit
3730 1263 3811 1300 ea:

2213 1336 2379 1402 seipse
2412 1332 2458 1386 F
2462 1334 2609 1387 ilium
2657 1334 3077 1399 inseparabiliter
3108 1346 3262 1402 atque
3293 1336 3681 1389 incunctanter.
3724 1336 3807 1389 Et

2216 1427 2267 1479 itt
2291 1426 2426 1480 alto:
2457 1426 2638 1479 Totum
2667 1442 2776 1478 esse
2800 1425 2868 1478 Fi
2878 1426 2929 1478 ii
2955 1441 3017 1478 ea:
3070 1424 3245 1479 Patris
3285 1428 3507 1481 essentia
3532 1427 3803 1494 procedit.

2214 1513 2270 1568 In
2321 1514 2428 1567 alio
2468 1528 2678 1583 quoque
2708 1528 2728 1566 :
2758 1512 3012 1577 Quantam
3064 1516 3198 1568 enim
3250 1516 3427 1584 passio
3452 1516 3566 1583 fieri
3597 1516 3651 1568 in
3675 1519 3803 1571 sole

2218 1609 2465 1667 cernitur,
2489 1607 2696 1676 quando
2719 1607 2881 1674 gignit
2903 1607 3102 1660 lucem?
3121 1623 3362 1677 quamam
3382 1608 3623 1675 contingit
3650 1609 3804 1677 ignis

2214 1696 2499 1763 separatio,
2522 1699 2779 1764 quomodo
2800 1697 2988 1747 emittit
3016 1710 3080 1747 ea:
3095 1711 3149 1748 se
3172 1696 3280 1761 ipso
3307 1694 3561 1764 fulgorem
3580 1697 3606 1750 ?
3626 1696 3796 1761 Quod

2217 1788 2260 1840 si
2294 1787 2513 1857 gignunt
2548 1788 2651 1840 ista
2697 1787 3134 1856 inseparabiliter,
3167 1789 3506 1855 emittuntque
3533 1787 3793 1855 impossi-

548 1904 721 1971 ipsum
752 1915 814 1953 ex
847 1899 1005 1952 Patre
1039 1898 1347 1966 procedere.
1375 1891 1597 1961 Magnus
1642 1889 1838 1958 quippe
1877 1887 2109 1942 Basilius

2218 1877 2404 1942 biliter,
2441 1892 2555 1946 qua:
2608 1892 2670 1930 ea:
2728 1877 2793 1929 iis
2845 1885 3211 1941 sunt;nonnc
3259 1876 3408 1945 longe
3471 1877 3678 1946 dignius
3743 1890 3802 1931 et

546 1992 665 2045 ait:
705 1989 842 2054 Quia
888 2004 989 2042 non
1035 1988 1205 2055 prodit
1237 1987 1291 2037 in
1346 1994 1591 2052 tempore,
1632 1983 1775 2052 quod
1826 1984 1998 2051 prodit
2048 1998 2113 2037 ea:

544 2083 675 2147 Deo,
707 2082 866 2135 etiam
900 2081 945 2132 si
972 2082 1022 2131 in
1070 2088 1293 2141 tempore
1346 2080 1440 2145 fiat
1477 2068 1605 2143 ejus'
1645 2077 1808 2138 actio,
1838 2084 1885 2127 et
1921 2084 2113 2129 aeterne

545 2175 695 2226 habet
728 2171 926 2233 omnia,
956 2180 1011 2220 ut
1038 2169 1130 2222 Dei
1158 2168 1403 2236 Spiritus,
1434 2180 1588 2240 atque
1613 2187 1675 2224 ea:
1706 2172 1818 2238 ipso
1866 2183 2111 2221 manans.

542 2266 614 2319 ‘Et
652 2264 779 2317 illud
805 2281 817 2315 :
848 2260 1027 2329 Neque
1054 2262 1189 2315 enim
1224 2263 1392 2315 minus
1419 2262 1616 2330 aliquid
1649 2278 1857 2315 eramus
1885 2259 2115 2312 habituri

546 2357 618 2408 ad
646 2352 1059 2422 cognoscendum
1081 2350 1330 2418 Spiritum
1348 2367 1412 2404 ex
1439 2352 1541 2405 Deo
1572 2368 1702 2415 esse,
1736 2350 1985 2419 Spiritum
2012 2350 2115 2401 oris

542 2447 662 2516 ejus
712 2446 857 2499 illum
912 2444 1205 2507 audientes,
1232 2445 1321 2496 sed
1373 2443 1610 2497 idoneum
1644 2451 1693 2497 et
1744 2443 1884 2496 istud
1932 2457 2114 2495 nomen

549 2544 665 2589 erat
721 2535 885 2600 ipsius
914 2549 978 2587 ex
1030 2531 1135 2586 Deo
1196 2533 1464 2587 insinuare
1516 2533 1907 2585 substantiam:
1953 2532 2117 2586 verbo

550 2644 681 2685 esse.
714 2641 811 2694 pro
832 2641 918 2687 eo,
954 2625 1093 2693 quod
1133 2635 1233 2689 est,
1264 2624 1538 2692 procedere
1572 2640 1700 2677 usus
1732 2634 1833 2677 est.

623 2720 851 2792 Sanctus
876 2733 1092 2787 quoque
1119 2715 1421 2770 Maximus:
1454 2716 1685 2780 Emittit,
1723 2718 1917 2784 inquit,
1953 2715 2119 2770 Pater

552 2809 830 2879 Spiritum,
859 2809 953 2863 hoc
983 2818 1079 2870 est,
1110 2809 1298 2862 emisit.
1326 2809 1394 2863 Et
1432 2811 1542 2877 ipse
1598 2810 1663 2863 de
1701 2824 1955 2878 processu
2004 2809 2120 2877 ejus

552 2907 843 2970 disserens,
902 2914 962 2958 ut
1029 2905 1273 2971 superius
1324 2904 1601 2963 constitit,
1633 2918 1755 2957 cum
1809 2910 2119 2956 sanctorum

552 2997 774 3051 Patrum
813 2996 1136 3050 auctoritate
1167 2998 1575 3049 ostenderemus
1602 3034 1617 3057 ,
1645 2994 1831 3055 emitti,
1866 3006 1929 3044 ac
1960 2992 2121 3054 mitti,

554 3090 691 3156 apud
740 3102 854 3148 eos,
898 3102 995 3156 pro
1027 3103 1114 3154 eo,
1163 3090 1301 3156 quod
1357 3096 1458 3151 est,
1506 3086 1676 3149 nasci,
1719 3094 1773 3139 et
1824 3083 2122 3155 procedere

553 3180 730 3235 solere
767 3180 956 3248 accipi.

627 3295 861 3347 Sanctus
891 3292 1017 3345 item
1038 3291 1266 3361 (.yrillus
1299 3290 1407 3345 ait:
1438 3290 1623 3344 Prodit
1645 3299 1819 3343 autem
1846 3304 1909 3342 ea:
1933 3287 2118 3353 Patre,

548 3395 602 3439 et
645 3384 785 3437 Filio
815 3394 900 3447 ;et
936 3391 1159 3441 constat,
1189 3381 1310 3451 quia
1340 3380 1512 3433 dicina
1544 3389 1617 3433 est
1647 3379 1866 3431 essentia
1893 3379 1948 3431 in
1981 3377 2117 3444 ipsa,

558 3493 709 3546 a'que
745 3492 808 3529 ea:
856 3477 967 3543 ipsa
1031 3475 1407 3541 prodiensrac
1462 3470 1799 3539 profunditur
1859 3485 1892 3521 a
1953 3466 2117 3531 Filio,

554 3572 687 3623 sicut
713 3570 870 3621 etiam
906 3584 968 3619 ea:
1000 3565 1104 3618 Deo
1136 3577 1178 3617 et
1219 3564 1398 3618 Patre.
1436 3561 1537 3615 Sed
1570 3570 1621 3615 et
1664 3563 1716 3615 in
1749 3574 1997 3615 sermone
2022 3572 2121 3611 suo

557 3661 623 3715 ad
659 3662 971 3722 monachos,
1004 3671 1163 3725 atque
1190 3658 1242 3709 in
1278 3654 1621 3721 Expositione
1653 3652 1815 3706 divini
1842 3650 2117 3722 Symboli,

556 3754 634 3808 sic
670 3753 740 3805 ait
762 3767 777 3803 :
798 3750 1021 3819 Spiritus
1048 3746 1655 3817 profunditur,videlicet
1685 3745 1937 3811 procedit,
1962 3741 2120 3794 veluti

554 3860 620 3900 ea:
651 3844 813 3912 fonte,
842 3860 903 3896 ex
940 3843 1044 3894 Deo
1073 3849 1119 3892 et
1148 3838 1328 3892 Patre.
1361 3835 1424 3887 Et
1463 3851 1672 3888 rursum
1709 3836 1773 3886 ad
1802 3832 2112 3884 llermiam:

561 3935 724 3999 Num,
750 3935 940 4001 inquit,
976 3927 1415 3989 animadvertisti,
1441 3926 1685 3994 quoniam
1714 3922 1971 3990 Spiritum
2003 3922 2122 3990 qui-

556 4033 674 4080 dem
727 4025 964 4079 veritatis
1022 4022 1300 4073 nominauit
1336 4018 1669 4071 Paracletunt
1712 4014 2008 4067 Dominus?
2034 4012 2125 4066 Ait

558 4116 787 4181 denique
813 4111 1104 4176 :Quoniam
1131 4109 1358 4178 procedit
1376 4124 1439 4161 ea:
1458 4107 1637 4172 Patre,
1668 4122 1764 4159 sua
1799 4106 1973 4157 omnia
1998 4118 2124 4171 pro-

558 4206 670 4273 prie
703 4206 999 4267 ostendens,
1049 4218 1165 4271 qua!
1212 4198 1387 4254 Putris
1436 4210 1577 4253 sunt.
1607 4198 1683 4252 Ac
1734 4210 1914 4249 rursus
1957 4196 2007 4247 in
2034 4209 2125 4248 eo-

560 4300 680 4350 dem
714 4315 726 4349 :
758 4296 1104 4364 Intelligisne,
1140 4292 1417 4361 quomodo,
1448 4302 1502 4343 ut
1552 4291 1820 4358 proprium
1877 4303 1930 4339 se
1972 4286 2119 4338 nobis

559 4392 840 4444 missurum
872 4388 1147 4458 pollicetur
1179 4384 1453 4451 Spiritum,
1478 4383 1567 4451 qui
1592 4382 1821 4446 procedit
1844 4395 1906 4432 ex
1929 4378 2128 4431 Patre?

560 4482 630 4536 Ει
662 4478 915 4548 Spiritum
938 4478 1142 4547 quidem
1171 4475 1401 4527 veritatis
1429 4482 1614 4526 vocat:
1656 4470 1905 4540 profundi
1952 4478 2124 4522 tamen

558 4592 623 4629 ex
654 4576 761 4641 ipso
792 4571 951 4625 Putre
978 4570 1235 4631 definivit.

636 4687 738 4741 Sed
771 4698 822 4741 et
849 4702 1074 4755 magnus
1126 4683 1472 4748 Athanasius,
1503 4684 1575 4736 in"
1599 4696 1659 4736 ea
1700 4698 1861 4753 quam
1910 4680 2127 4748 scripsit

564 4779 926 4847 disputatione
961 4776 1256 4831 Orthodoxi
1281 4788 1334 4829 et
1385 4775 1773 4839 Macedoniam,
1809 4774 1883 4827 ait
1913 4790 1925 4825 ε
1960 4772 2126 4841 Spiri-

564 4880 645 4920 tus
717 4879 906 4919 natura
976 4876 1189 4921 sanctus
1225 4905 1239 4929 ,
1298 4875 1491 4917 natura
1545 4856 2013 4932 littcorruptibilis,
2072 4874 2125 4915 ut

564 4962 795 5029 Spiritus
828 4960 945 5025 Dei,
979 4970 1027 5013 et
1057 4976 1121 5012 ea:
1148 4962 1258 5022 ipso
1291 4976 1534 5021 manans,
1561 4961 1663 5013 sive
1686 4962 1988 5025 procedens.

636 5053 773 5117 Quin
805 5054 965 5105 etiam
1020 5052 1073 5104 in
1103 5052 1218 5105 Filii
1248 5067 1313 5105 ex
1344 5050 1499 5104 Patre
1522 5052 1821 5106 substantia
1852 5049 2129 5103 insinuau-

568 5146 658 5205 tla,
678 5145 948 5210 prmdictis
978 5146 1157 5199 verbis
1188 5144 1265 5196 usi
1296 5152 1450 5196 sunt.
1484 5142 1703 5213 Magnus
1729 5144 1871 5194 enim
1908 5140 2132 5193 Basilius

558 5258 618 5291 sn
646 5237 1101 5308 lllqutrstioneait
1127 5252 1144 5289 :
1175 5234 1353 5288 Patris
1370 5236 1574 5304 quidem
1597 5252 1659 5303 op
1685 5235 1791 5299 imi,
1812 5236 2133 5300 optimusque

564 5332 777 5391 Filius,
831 5345 892 5379 ca:
949 5330 1144 5380 lumine
1200 5337 1369 5379 autern
1436 5327 1661 5395 ingenito
1718 5326 1891 5378 lumen
1935 5323 2131 5390 effulsit

564 5434 940 5490 sempiternum
966 5460 979 5480 ,
1008 5430 1160 5487 atque
1199 5435 1259 5471 ex
1296 5436 1416 5471 vera
1454 5419 1559 5470 vita
1593 5418 1856 5475 rit-iﬁcans
1884 5415 2133 5483 processit

572 5521 706 5583 fons,
740 5526 893 5579 atque
923 5530 985 5567 ex
1016 5514 1129 5581 ipsa
1167 5513 1352 5564 vittute
1392 5509 1485 5563 Dei
1515 5512 1675 5563 virtus
1706 5509 1921 5577 effulsit.
1950 5508 2052 5562 Sed
2082 5516 2136 5561 et

570 5612 732 5664 verer
765 5610 957 5677 effulsit
999 5612 1051 5661 itt
1084 5605 1311 5673 quadam
1342 5604 1565 5671 mystiea
1605 5602 1855 5653 sacriﬁcii
1887 5602 2134 5652 oratione

570 5702 621 5752 in
662 5699 866 5765 Spiritu
926 5709 1115 5752 sancto
1147 5711 1273 5748 usus
1304 5704 1405 5758 cst,
1436 5692 1502 5747 de
1536 5691 1671 5745 Filio
1707 5692 1928 5745 dicens:
1959 5693 1998 5742 Α
2036 5707 2134 5761 quo

567 5790 798 5857 Spiritus
836 5808 1046 5845 sanetus
1080 5792 1296 5859 effulsit,
1335 5789 1410 5842 Ac
1461 5802 1647 5841 rttt'slls
1672 5787 1809 5839 idem
1859 5785 1908 5838 ἰν
1936 5787 2133 5840 eisdem

571 5886 644 5939 ait
680 5897 696 5936 :
731 5881 1035 5936 Communis
1082 5884 1411 5949 ptatsumpt'o
1470 5880 1705 5933 omnibus
1738 5880 1891 5932 simul
1956 5879 2137 5935 Cltrt's-

2214 1966 2547 2020 excellentius
2602 1967 2785 2019 horum
2818 1968 3058 2020 conditor
3088 1976 3299 2021 natura:
3323 1982 3434 2021 sua:
3460 1968 3795 2035 splendorem

2223 2059 2442 2111 emittit?
2488 2057 2772 2111 Psallimus
2794 2058 2920 2111 item
2941 2058 2990 2111 in
3010 2058 3233 2111 canticis
3254 2058 3479 2123 Spiritus
3502 2058 3794 2127 confessor,

2214 2159 2263 2201 et
2290 2151 2570 2219 conformis
2592 2166 2655 2203 ea:
2713 2148 2877 2201 Patre
2896 2149 3053 2202 simul
3101 2151 3320 2217 effulsit.
3374 2151 3440 2205 Et
3503 2151 3671 2205 item:
3710 2150 3795 2205 Tu

2216 2240 2314 2293 Dei
2340 2256 2503 2294 mater
2528 2242 2891 2294 incunctanter
2937 2240 3080 2309 facta
3109 2256 3162 2295 es
3189 2241 3323 2310 ejus,
3352 2244 3443 2311 qui
3468 2258 3532 2298 ea:
3573 2245 3794 2297 immor-

2217 2334 2319 2386 tali
2348 2334 2531 2387 Patre.

2289 2426 2344 2479 Si
2380 2425 2543 2494 igitur
2583 2440 2697 2489 eos,
2723 2426 2812 2493 qui
2840 2424 2995 2479 binos
3024 2428 3192 2481 sancti
3238 2426 3477 2496 Spiritus
3503 2441 3792 2496 processus

2217 2529 2444 2587 ponunt,
2478 2519 2708 2571 absurda
2744 2516 2970 2586 plurima
3005 2528 3303 2585 sequuntur
3334 2536 3350 2573 :
3380 2519 3558 2573 verbts
3582 2528 3781 2584 autem,

2218 2612 2412 2677 quibus
2446 2610 2563 2664 Filii
2598 2625 2661 2665 ex
2721 2612 2881 2664 Patre
2934 2610 3316 2670 substantiam.
3342 2608 3405 2666 ac
3440 2629 3622 2666 rursus
3655 2613 3788 2667 sub-

2219 2700 2524 2755 stantialem
2605 2701 2842 2770 Spiritus
2895 2715 2964 2755 ex
3022 2700 3180 2758 Patre
3252 2718 3561 2771 processum
3618 2707 3788 2758 sancti

2220 2791 2525 2861 signiﬁcare
2584 2792 2848 2856 volentes,
2912 2792 3157 2861 ejusdem
3216 2796 3296 2848 usi
3368 2805 3494 2849 sunt
3541 2797 3591 2849 in
3636 2797 3789 2858 Filio,

2227 2892 2387 2952 atque
2424 2883 2473 2935 in
2507 2882 2707 2952 Spiritu
2753 2882 3065 2949 indiscrete,
3098 2895 3152 2939 et
3208 2886 3413 2954 absque
3465 2887 3569 2939 ulla
3618 2889 3792 2941 deter-

2226 2975 2569 3029 tuinatione:
2600 2978 2869 3043 quomodo
2900 2992 3004 3031 non
3030 2986 3084 3031 et
3114 2978 3200 3031 hic
3229 2993 3322 3046 per
3353 2978 3403 3029 id
3434 2982 3572 3044 quod
3597 2980 3793 3032 dicitur

2222 3066 2491 3132 profundi,
2508 3076 2562 3119 et
2584 3066 2867 3130 inundare,
2900 3073 2953 3119 et
2975 3066 3250 3133 profluere,
3273 3080 3366 3132 per
3396 3065 3606 3127 Filium,
3629 3076 3792 3131 atque

2227 3170 2256 3207 a
2290 3155 2427 3208 Filio
2459 3155 2561 3207 dici
2615 3154 2876 3223 Spiritum
2915 3164 3181 3217 sanctum,
3209 3168 3431 3207 necesse
3477 3154 3545 3204 sit
3594 3154 3790 3206 intelli-

2149 3255 2192 3312 ο
2225 3259 2350 3313 gere
2398 3243 2514 3311 ejus
2574 3256 2637 3296 es
2688 3242 2822 3296 Filio
2865 3242 3245 3304 substantiam,
3283 3242 3576 3295 secundum
3625 3257 3785 3311 qualn

2234 3349 2300 3387 ex
2325 3333 2484 3387 Patre
2514 3348 2609 3401 per
2635 3332 2829 3385 Filium
2863 3333 3142 3400 procedit:
3173 3332 3423 3396 maxime,
3445 3347 3568 3386 cum
3602 3334 3792 3389 beatus

2221 3418 2459 3490 Cyrillus
2485 3457 2500 3483 ,
2538 3419 2826 3487 profundi,
2868 3435 2965 3489 pro
2990 3434 3054 3474 eo
3079 3460 3093 3485 ,
3123 3422 3269 3489 quod
3321 3431 3442 3487 est,
3489 3424 3790 3491 procedere,

2222 3512 2568 3581 apertissime
2596 3511 2904 3567 tradiderit.

2291 3605 2425 3670 Quia
2456 3605 2598 3657 enim
2639 3604 2772 3659 duas
2814 3620 2878 3660 ex
2913 3603 3022 3659 Deo
3059 3618 3317 3674 personas
3355 3606 3669 3674 procedere.
3697 3623 3784 3663 se-

2222 3702 2452 3750 cundum
2484 3696 2689 3752 scilicet
2716 3699 2981 3765 geminum
3012 3711 3319 3766 processum
3356 3697 3489 3752 lides
3524 3700 3745 3753 tradidit
3774 3715 3789 3754 ;

2230 3789 2394 3842 aliam
2418 3790 2663 3855 quidem,
2704 3789 2999 3843 secundum
3043 3790 3422 3855 nativitatem;
3458 3790 3616 3843 aliam
3646 3805 3789 3851 vero,

2166 3924 2167 3927 η
2223 3881 2515 3932 secundum
2554 3880 2954 3946 processionem
2986 3898 2999 3935 :
3035 3891 3193 3949 atque
3215 3882 3353 3934 alius
3389 3882 3604 3950 quidem
3632 3880 3786 3945 Filio,

2225 3970 2361 4023 alius
2396 3984 2525 4023 vero
2556 3969 2778 4037 Spiritui
2811 3972 3331 4037 convenit,constat,
3359 3973 3792 4042 quandoquidem

2226 4059 2285 4113 Fi
2316 4061 2397 4113 ius
2460 4074 2525 4113 ex
2556 4060 2713 4116 Patre
2766 4064 3094 4131 procedere,
3132 4064 3413 4124 inundare.
3443 4076 3497 4118 et
3547 4064 3712 4119 [luere
3762 4078 3791 4116 a

2224 4150 2491 4218 theologis
2540 4150 2800 4203 asseritur
2832 4169 2844 4204 :
2872 4153 2970 4204 ista
3006 4189 3022 4211 ,
3083 4168 3178 4219 pro
3225 4166 3291 4205 eo
3320 4154 3462 4220 quod
3513 4153 3792 4217 est,nasci,

2230 4242 2311 4295 vel
2342 4241 2486 4311 gigni
2551 4242 2918 4309 intelligenda.
2953 4242 3088 4296 Cum
3135 4258 3261 4297 vero
3293 4245 3523 4313 Spiritus
3576 4253 3793 4298 sanctus

2230 4335 2347 4390 sive
2380 4351 2408 4388 a
2456 4333 2636 4398 Patre,
2675 4335 2790 4388 sive
2818 4349 2847 4387 a
2898 4334 3035 4388 Filio
3088 4336 3357 4402 profundi.
3388 4346 3443 4389 et
3477 4336 3712 4404 prodire,
3735 4346 3790 4389 et

2233 4424 2502 4494 proﬂuere
2526 4426 2725 4479 dicitur
2754 4442 2767 4477 :
2806 4426 2939 4488 haec,
2982 4439 3078 4493 pro
3105 4440 3168 4479 eo
3198 4428 3344 4493 quod
3377 4435 3460 4480 est
3484 4426 3794 4495 procedere.

2234 4514 2584 4583 accipienda;
2612 4512 2790 4567 verbis
2821 4513 2938 4567 istis
2971 4512 3220 4567 omnibus
3252 4527 3566 4580 processum
3611 4512 3797 4581 cujus-

2158 4604 2357 4660 Dltbet
2412 4620 2478 4659 ex
2537 4604 2713 4672 aliquo
2774 4604 3191 4670 insinuantihus,
3228 4614 3280 4658 et
3335 4603 3530 4671 ubique
3578 4604 3797 4668 quidem

2172 4759 2175 4762 ν
2229 4695 2401 4764 aptari
2458 4694 2785 4762 peculiarius
2844 4694 3179 4758 valentibus,
3212 4703 3375 4762 atque
3421 4695 3472 4745 in
3521 4692 3623 4746 huc
3676 4694 3796 4747 loco

2231 4786 2497 4857 propriam
2530 4786 2741 4855 utrique
2774 4800 3015 4853 persona:
3046 4784 3403 4839 substantiam
3435 4783 3637 4839 all‘atim
3672 4788 3793 4839 red-

2229 4879 2390 4930 dere:
2425 4876 2572 4930 alteri
2600 4878 2813 4946 quidem
2851 4875 3150 4941 uascendi;
3194 4875 3347 4928 alteri
3397 4892 3551 4940 vero,
3612 4890 3800 4944 proce-

2235 4966 2395 5019 dendi
2451 4968 2700 5031 ratione;
2740 4982 2859 5021 eum
2918 4968 3019 5020 alia
3075 4966 3295 5036 quidem
3344 4967 3412 5021 sit
3465 4967 3802 5023 continenter

2230 5071 2294 5110 ex
2354 5056 2524 5127 prima
2549 5098 2563 5121 ,
2601 5059 2742 5123 alia,
2777 5073 2871 5125 per
2890 5073 3007 5113 eam
3054 5074 3174 5126 qua:
3209 5071 3295 5114 est
3341 5058 3679 5113 continenter
3732 5072 3799 5112 ex

2234 5147 2445 5217 prima:
2492 5149 2687 5217 quippe
2740 5149 2829 5203 isti
2881 5149 3146 5205 ambobus
3190 5158 3318 5205 sunt
3371 5150 3797 5204 substantiarum

2237 5240 2472 5295 termini.

2313 5331 2528 5397 Verum,
2565 5334 2813 5401 quoniam
2847 5335 2913 5389 ab
2944 5334 3193 5389 Omnibus
3226 5333 3536 5388 doctoribus
3568 5330 3801 5402 Spiritus

2234 5432 2455 5477 sanctus
2503 5440 2568 5479 ex
2620 5424 2753 5479 Filio
2806 5425 3099 5493 procedere
3152 5425 3640 5492 asseritur,liquet
3680 5438 3801 5493 pro-

2237 5517 2397 5576 iecto,
2434 5515 2557 5585 quia
2608 5517 2900 5571 secundum
2952 5526 3195 5569 naturam
3248 5526 3349 5578 est,
3389 5518 3467 5567 vel
3512 5514 3800 5569 scenitdutn

2236 5604 2502 5658 accidens.
2527 5605 2576 5659 ω
2599 5589 2794 5675 quippe
2822 5617 3189 5660 creaturarum
3216 5617 3342 5659 esta
3374 5606 3481 5658 Deo
3511 5621 3617 5658 non
3643 5615 3799 5657 natu-

2238 5697 2421 5750 raliter
2456 5700 2762 5765 procedere.
2800 5697 2852 5751 Si
2885 5697 3061 5769 igitur,
3095 5700 3391 5754 secundum
3432 5706 3682 5749 n-ttttram
3730 5709 3796 5747 es

2240 5787 2375 5841 Filio
2415 5788 2653 5855 procedit
2701 5789 2953 5858 Spiritus,
2992 5792 3092 5844 hoc
3145 5801 3321 5845 autem
3362 5789 3570 5841 duobus
3630 5786 3803 5840 modis

2240 5880 2337 5935 tit:
2374 5880 2452 5935 vel
2493 5880 2783 5935 secundum
2826 5884 3184 5949 nativitatem,
3222 5882 3303 5937 vel
3338 5879 3645 5936 secundum
3682 5889 3806 5945 ρίου
