4064 6262
326 439 443 505 109

1393 442 1789 504 ADVERSUS
1828 440 2143 501 GRAECOS
2189 438 2332 501 ΠΒ.
2371 441 2451 500 lI.
3051 470 3054 473 η
3470 434 3571 497 illi

320 553 633 607 cessionem
665 570 680 617 ;
716 560 914 621 praeter
963 551 1062 606 ista
1112 552 1257 607 enim
1297 553 1478 608 nullus
1513 552 1649 606 alius
1705 550 1904 606 divinis
1934 553 1976 611 Α
2007 549 2293 620 signiﬁcat.
2330 549 2518 619 Itaque
2549 550 2721 605 dictus
2755 557 2838 604 est
2866 548 3079 618 quidem
3117 545 3349 619 Spiritus
3374 544 3569 606 Patris.

323 644 578 713 personis
602 645 898 697 secundum
947 656 1190 699 naturam
1222 657 1505 711 processus
1537 653 1620 700 est
1652 661 1667 710 ;
1696 658 1891 699 secun-

322 737 462 788 dum
527 734 862 788 nativitatem
915 750 1062 802 vero,
1093 749 1376 803 processus
1414 736 1471 789 in
1528 734 1731 803 Spiritu
1783 750 1905 790 esse

324 840 448 879 non
504 830 714 892 potest,
750 824 821 877 ita
876 825 1019 878 enim
1077 836 1222 881 esset
1259 825 1497 895 Spiritus
1528 826 1690 881 Filius
1742 826 1899 880 Filii:

326 916 677 972 manifestum
707 924 792 972 est
822 915 1059 986 Spiritus
1078 932 1142 971 ex
1174 916 1309 972 Filio
1333 931 1665 986 processum,
1698 928 1754 971 ut
1783 931 1907 986 pro-

327 1008 581 1064 cedentis
607 1021 728 1063 esse
753 1024 771 1064 :
806 1009 1072 1078 simulque
1099 1019 1394 1064 constatex
1426 1008 1529 1073 bis,
1554 1008 1823 1079 ἀπαίρειν,
1850 1016 1905 1063 et

323 1100 607 1167 profundi,
624 1108 676 1155 et
699 1100 1122 1169 proﬂuere,quod
1145 1101 1361 1165 dicitur,
1389 1116 1416 1153 a
1442 1101 1578 1156 Filio
1607 1101 1862 1171 Spiritum
1887 1119 1901 1154 :

326 1191 513 1259 ipsum
564 1206 629 1246 ex
670 1177 844 1246 Patre
901 1194 1319 1261 procedentem,
1370 1193 1587 1247 unicum
1646 1192 1902 1261 Spiritum

325 1290 606 1347 sanctum,
636 1296 744 1335 non
775 1281 973 1335 donum
1002 1280 1217 1350 aliquod
1253 1282 1372 1335 sine
1399 1281 1703 1336 substantia
1734 1281 1904 1351 signi-

332 1374 528 1438 ficare,
557 1382 615 1427 ut
647 1371 865 1442 quidam
922 1373 1140 1439 volunt;
1177 1375 1317 1427 sicut
1368 1374 1512 1427 enim
1570 1376 1685 1429 sive
1711 1374 1903 1438 Filius,

327 1464 458 1519 sive
525 1463 753 1534 Spiritus
818 1464 1111 1535 effulgere,
1162 1474 1214 1518 et
1276 1464 1541 1534 proﬂuere
1616 1482 1680 1522 ex
1749 1467 1906 1523 Patre

326 1557 557 1620 dicitur,
591 1557 717 1623 ipsa;
743 1569 989 1624 personae
1033 1557 1230 1609 divinte
1280 1557 1563 1623 signantur
1612 1560 1908 1625 proceden-

328 1659 459 1703 tes:
493 1650 566 1703 ita
599 1659 651 1702 et
696 1648 929 1715 Spiritus
974 1663 1003 1701 a
1034 1647 1193 1701 Filio
1244 1647 1516 1716 profundi,
1548 1658 1605 1703 et
1648 1650 1905 1720 elfulgere

324 1754 463 1793 cum
493 1739 707 1800 dicitur,
740 1752 793 1793 et
825 1739 1060 1792 maxime
1108 1753 1230 1793 cum
1272 1739 1349 1793 sic
1377 1739 1667 1808 conjuncte
1718 1754 1906 1809 proce-

326 1832 471 1886 dens
528 1846 593 1885 ει
646 1830 805 1885 Patre
845 1846 940 1899 per
982 1831 1175 1885 Filium
1201 1829 1468 1898 profundi,
1502 1846 1565 1886 ac
1618 1834 1905 1899 procedere

2012 642 2106 695 sed
2130 650 2186 696 et
2217 642 2446 712 Spiritus
2487 643 2728 699 veritatis
2763 651 2865 697 est.

2082 731 2147 785 Et
2184 735 2417 788 mittitur
2449 735 2666 805 quidem
2698 750 2727 787 a
2759 734 2938 803 Patre,
2970 735 3202 790 mittitur
3236 742 3415 789 autem
3452 740 3507 786 et
3542 745 3573 784 a

2013 823 2190 887 Filio;
2251 826 2447 895 quippe
2504 828 2807 896 aequaliter,
2846 843 2909 882 ac
2963 833 3081 882 sine
3115 827 3220 881 ulla
3268 825 3569 881 diﬂ‘erentia

2011 916 2321 971 communia
2395 917 2582 981 Patri,
2647 927 2700 972 et
2784 918 2919 973 Filio
2980 926 3106 973 sunt
3180 931 3300 986 qua
3351 916 3575 984 singulis

2013 1018 2040 1057 a
2083 1007 2347 1077 theologia
2382 1008 2749 1076 assignantur.
2781 1009 2956 1075 Atque
3012 1005 3225 1075 proﬂuit
3275 1007 3488 1075 quidem
3542 1022 3570 1057 a

2010 1093 2191 1160 Patre,
2246 1098 2520 1167 proprium
2572 1109 2753 1152 autem
2792 1097 2913 1152 Filii
2968 1109 3072 1163 e5t,
3121 1105 3180 1153 ut
3232 1106 3285 1152 et
3337 1099 3404 1150 ab
3453 1096 3571 1165 ipso

2010 1197 2245 1242 emanet.
2303 1188 2446 1243 Fons
2499 1190 2642 1243 enim
2690 1190 2861 1244 sancti
2898 1190 3132 1259 Spiritus
3187 1200 3239 1244 et
3274 1188 3446 1243 Filius
3507 1187 3574 1242 ab

2013 1278 2267 1334 Ecclesiae
2330 1281 2603 1348 magistris
2651 1284 2936 1337 asseritur.
2997 1281 3059 1335 Et
3129 1282 3294 1337 habet
3356 1282 3571 1351 quidem

2010 1369 2328 1426 substantiae
2381 1387 2597 1429 causam
2652 1388 2719 1427 ex
2777 1374 3051 1441 primitivo
3097 1374 3321 1438 lumine;
3358 1372 3572 1441 eﬂulget

2010 1475 2139 1514 vero
2172 1476 2268 1529 per
2297 1463 2651 1532 unigenitum,
2676 1464 2929 1533 quoniam
2962 1479 3055 1531 per
3085 1466 3257 1529 ipsum
3281 1473 3383 1525 est,
3411 1471 3572 1531 atque

2012 1566 2107 1618 per
2136 1551 2334 1607 Filium
2369 1554 2512 1623 quod
2548 1555 2765 1621 dicitur,
2804 1564 2858 1609 et
2892 1556 3004 1624 ipse
3046 1554 3210 1609 Filius
3244 1556 3309 1609 ad
3352 1554 3567 1610 Patrem

2013 1644 2361 1698 reducuntur.

2083 1732 2145 1783 Et
2176 1732 2348 1787 dictus
2375 1745 2455 1787 est
2481 1735 2721 1803 quidem,
2760 1749 2787 1788 a
2838 1735 2993 1793 Patre
3027 1736 3337 1802 procedere,
3380 1749 3569 1803 proce-

2013 1823 2089 1875 dit
2115 1837 2241 1876 vero
2268 1838 2361 1891 per
2382 1823 2597 1880 Filium.
2631 1825 2873 1895 Namque
2898 1843 2958 1880 ex
2988 1825 3148 1881 Patre
3177 1827 3317 1895 quod
3350 1828 3569 1891 dicitur,

326 1925 589 1989 dicatur,
626 1924 738 1993 ipsa
773 1895 956 1978 divina
1010 1895 1240 1992 persona
1293 1922 1529 1992 Spiritus
1576 1895 1901 1978 insinuatur.

2014 1912 2153 1977 iuxta
2189 1911 2416 1967 Patrum.
2443 1918 2787 1981 sententiam,
2819 1917 2979 1970 etiam
3036 1932 3133 1984 per
3171 1917 3363 1971 Filium
3393 1921 3572 1988 sequi—

324 2011 729 2068 Procedcntem
782 2013 927 2067 enim
957 2026 1019 2065 ex
1064 2011 1219 2066 Patre
1270 2012 1562 2079 Spiritum,
1595 2028 1754 2067 nemo
1791 2013 1909 2069 sine

327 2106 642 2159 substantia
691 2106 870 2160 dicere
899 2104 1196 2175 prtesumit,
1234 2106 1337 2161 nisi
1377 2106 1499 2177 quis
1533 2106 1909 2177 blasphemaro

328 2196 491 2250 velit.

414 2306 551 2359 Illud
581 2316 783 2369 autem,
814 2306 953 2376 quod
991 2307 1206 2377 quidam
1241 2309 1415 2375 aiunt,
1444 2319 1661 2364 sanctos
1704 2310 1906 2375 dicere,

326 2397 603 2467 Spiritum
651 2408 903 2452 sanctum
954 2400 1246 2466 procedere
1280 2401 1498 2468 quidem
1540 2417 1604 2455 ex
1645 2402 1823 2465 Patre,
1876 2418 1905 2456 a

326 2493 483 2547 Filio
534 2502 713 2546 autem
752 2492 1001 2561 profundi
1030 2503 1122 2558 ;et
1182 2509 1420 2559 rursum,
1464 2498 1755 2565 procedere
1785 2500 1907 2566 qui-

325 2587 461 2639 dem
493 2600 558 2639 ex
588 2584 768 2649 Patre,
802 2588 869 2640 ab
899 2599 962 2639 eo
987 2596 1166 2639 autem
1206 2586 1482 2657 eﬂulgere,
1505 2589 1590 2643 vel
1632 2589 1906 2658 proprium

328 2677 515 2745 ipsius
566 2691 708 2739 esse,
744 2677 829 2732 vel
889 2692 996 2732 non
1037 2678 1291 2743 alienum,
1326 2688 1380 2733 et
1428 2694 1546 2748 quae
1588 2680 1711 2734 talia
1747 2700 1760 2736 :
1814 2696 1909 2750 per

328 2772 445 2824 has
493 2769 904 2836 conjunctiones
951 2770 1303 2835 connexivas,
1338 2773 1746 2829 substantialem
1791 2775 1910 2844 Spi-

333 2864 489 2916 ritus
530 2874 843 2928 processum
905 2859 1040 2914 Filio
1075 2861 1347 2925 tollentes,
1406 2860 1659 2933 Patrique
1710 2866 1911 2919 solum-

332 2954 509 3008 modo
557 2953 697 3008 hunc
734 2954 1113 3019 attribuentes,
1159 2955 1380 3008 Omnino
1430 2955 1758 3010 imbecillum
1807 2969 1907 3012 cst.

331 3048 666 3118 llujusmodi
731 3049 928 3119 quippe
999 3049 1209 3104 illorum
1279 3066 1430 3104 meus
1498 3063 1581 3105 est
1657 3054 1907 3120 quoniam

328 3145 549 3197 dicitur
583 3144 796 3214 quidem
837 3143 1071 3212 Spiritus
1112 3160 1176 3198 ex
1216 3143 1375 3199 Patre
1407 3146 1720 3212 procedere,
1770 3146 1910 3201 unde

327 3237 639 3291 secundum
673 3237 960 3291 essentiam
1008 3236 1079 3290 illi
1116 3236 1403 3305 peculiaris
1432 3246 1514 3291 est
1547 3254 1558 3289 :
1594 3253 1642 3291 n1

328 3340 423 3383 est
479 3328 691 3381 alienus
737 3342 768 3380 a
829 3327 988 3393 Filio,
1046 3326 1283 3396 Spiritus
1324 3328 1468 3382 enim
1520 3327 1638 3381 Filii
1686 3328 1904 3393 dicitur,

325 3421 494 3488 juxta
529 3420 671 3486 quod
713 3418 813 3473 sibi
848 3419 1009 3474 etiam
1048 3417 1334 3486 peculiaris
1370 3428 1473 3473 est.
1516 3418 1640 3473 Irleo
1668 3419 1813 3473 etab
1842 3438 1907 3477 eo

331 3512 710 3579 profunditur,
736 3511 1187 3579 quemadmodum
1215 3526 1277 3566 ex
1314 3509 1422 3565 Deo
1448 3520 1502 3565 et
1527 3511 1704 3579 Patre,
1735 3514 1907 3570 ltaares

328 3602 488 3656 enim
543 3610 887 3667 paternorum
924 3600 1186 3654 bonorum
1220 3610 1328 3662 est,
1365 3610 1419 3653 et
1453 3602 1702 3669 proprius
1734 3602 1906 3671 ipsius

328 3698 450 3752 est,
488 3699 672 3757 utpote
725 3703 819 3755 per
864 3688 1037 3756 ipsum
1094 3690 1410 3743 naturaliter
1438 3692 1715 3759 prodiens,
1757 3701 1811 3747 et
1840 3708 1905 3749 ex

332 3783 467 3846 ipso
520 3781 811 3836 exsistens.
871 3777 1058 3850 igitur,
1100 3779 1202 3835 etsi
1252 3783 1497 3849 procedit
1526 3798 1589 3837 ex
1632 3783 1813 3847 Patre,
1854 3794 1909 3838 at

330 3884 523 3938 neque
563 3885 593 3923 a
635 3868 767 3923 Filio
798 3869 1031 3924 alienum
1068 3878 1281 3938 oportet
1309 3872 1577 3926 aestimare
1610 3874 1903 3927 secundum

328 3981 465 4021 eum
520 3978 681 4032 quem
730 3963 1072 4031 praediximus
1111 3962 1348 4016 modum.
1403 3962 1656 4019 Procedit
1712 3966 1908 4035 quippe

331 4072 439 4125 per
472 4052 694 4109 Filium.
726 4052 1029 4108 Procedcre
1079 4063 1257 4106 autem
1293 4055 1436 4121 quod
1483 4056 1700 4120 dicitur,
1744 4057 1904 4110 etiam

331 4165 439 4217 per
474 4146 667 4200 Filium
701 4146 1066 4215 consequitur.
1118 4145 1289 4199 Aliter
1318 4146 1458 4199 enim
1492 4162 1594 4200 non
1637 4148 1907 4201 diceretur

330 4256 401 4292 cx
446 4239 608 4292 Patre
644 4240 951 4306 procedere.

416 4374 717 4427 Attestatur
765 4380 817 4427 et
852 4373 934 4427 his
982 4388 1208 4441 magnus
1254 4374 1501 4439 Basilius,
1549 4376 1903 4431 cum'dicit:

339 4463 507 4516 Illius
536 4463 743 4530 quidem
767 4464 837 4514 ad
873 4462 1083 4515 Patrem
1108 4465 1483 4532 proprietatem
1510 4465 1744 4534 intelligo
1773 4483 1904 4536 quo-

337 4556 495 4607 niam
526 4555 755 4621 procedit
788 4569 852 4607 ea:
892 4552 1087 4618 Putre;
1137 4556 1205 4607 ad
1243 4554 1442 4608 Filium
1481 4573 1618 4619 vero,
1661 4559 1909 4621 quoniam

341 4642 533 4695 audiui
559 4657 575 4695 :
606 4661 625 4694 ι
660 4641 719 4697 Si
751 4644 865 4709 quis
894 4642 1153 4712 Spiritum
1202 4644 1399 4697 Christi
1428 4660 1534 4698 non
1584 4647 1761 4709 habet,
1809 4664 1911 4701 non

340 4743 430 4788 est
456 4733 569 4798 ejus
596 4734 661 4785 “.
694 4752 712 4785 ι
765 4733 828 4786 Ει
857 4733 989 4787 illud
1032 4749 1047 4788 :
1076 4732 1258 4803 Neque
1304 4736 1442 4787 enim
1483 4736 1653 4787 minus
1712 4737 1909 4803 aliquid

338 4842 569 4881 erantus
601 4826 833 4879 habituri
864 4826 933 4878 ad
969 4830 1401 4895 cognoscendum,
1429 4824 1685 4894 Spiritum
1716 4844 1778 4881 ea:
1806 4829 1910 4884 Deo

336 4933 479 4977 esse,
517 4915 776 4981 Spiritum
810 4917 916 4969 oris
944 4916 1057 4983 ejus
1084 4918 1353 4971 audientes
1383 4934 1536 4981 cum;
1566 4921 1656 4973 sed
1693 4920 1911 4988 ευίῇεἱε·

337 5010 440 5059 bat
483 5017 532 5060 et
572 5008 665 5059 hoc
693 5024 879 5060 nomen
939 5009 1008 5061 ad
1061 5009 1461 5072 insittuandttttt,
1504 5011 1672 5076 ipsius
1703 5026 1766 5062 ea;
1805 5011 1911 5064 Deo

332 5117 455 5153 esse
481 5100 855 5153 substantiam.

414 5214 584 5268 Porro
618 5212 793 5267 Patris
846 5228 910 5267 os
960 5212 1127 5269 Filius
1176 5224 1279 5283 est.
1338 5224 1398 5267 ut
1456 5213 1646 5269 Patres
1700 5215 1908 5269 volunt.

332 5304 577 5358 Prorsus
609 5319 760 5370 vero,
789 5304 932 5372 quod
965 5314 1152 5358 sancto
1184 5304 1412 5372 Spirittti
1459 5305 1524 5357 ad
1558 5303 1775 5359 Patrem
1804 5313 1907 5368 est,

330 5413 405 5450 ea:
455 5392 615 5448 Patre
642 5394 942 5459 procedere,
987 5393 1269 5464 Patrisque
1306 5394 1565 5464 Spiritum
1595 5395 1700 5449 dici
1730 5413 1743 5451 :
1776 5396 1902 5460 hoc,

332 5496 393 5539 et
449 5485 515 5539 ad
548 5483 764 5547 Filium,
798 5486 865 5537 ab
916 5485 1036 5553 ipso
1069 5486 1333 5553 accipere,
1367 5497 1424 5541 et
1474 5488 1682 5552 audire,
1715 5498 1769 5541 et
1803 5504 1905 5540 ca:-

334 5590 480 5642 tera,
513 5592 633 5646 quae
668 5577 787 5630 Filii
816 5578 1076 5645 Spiritum
1104 5592 1223 5633 esse
1254 5580 1654 5631 commendant.
1691 5578 1823 5631 Nam
1855 5588 1910 5633 et

332 5687 365 5719 ει
424 5665 581 5721 Patre
611 5670 905 5734 procedere
936 5668 1078 5738 quod
1128 5669 1324 5723 dicitur
1368 5685 1396 5721 a
1451 5668 1610 5725 Patre
1662 5672 1907 5737 accipere

461 5848 506 5878 ”
544 5848 695 5901 iiottt.
732 5863 849 5912 vut,
886 5848 942 5901 9.

2013 2011 2094 2056 tur
2121 2020 2137 2071 ;
2183 2006 2337 2059 aliter
2365 2006 2562 2073 quippe
2597 2010 2892 2074 procedens
2924 2022 3027 2062 non
3052 2019 3212 2063 esset.
3240 2009 3423 2077 Itaque
3442 2026 3573 2066 con-

2012 2104 2234 2149 nectunt
2266 2097 2435 2165 magis
2468 2096 2634 2162 Patri,
2677 2098 2869 2154 Filium
2911 2102 3203 2156 secundum
3233 2118 3564 2170 processum.

2012 2200 2107 2240 seu
2163 2190 2565 2255 processionem
2612 2192 2784 2246 sancti
2821 2193 3071 2261 Spiritus,
3105 2211 3267 2264 quam
3330 2197 3570 2252 dividunt

2012 2277 2315 2346 httjustnodi
2352 2280 2780 2348 coniunctiones.

2081 2370 2280 2425 Eorum
2332 2383 2536 2440 autem,
2596 2375 2685 2443 qui
2726 2375 3085 2433 differentiam
3114 2381 3363 2435 essentia:
3393 2380 3571 2439 Patris

2014 2475 2079 2515 ac
2129 2461 2249 2515 Filii
2303 2475 2531 2534 pergunt
2591 2477 2853 2535 astruere,
2899 2469 3111 2524 divisim
3164 2488 3227 2527 ac
3261 2472 3571 2531 diﬂ'erenter

2012 2552 2113 2606 ista
2167 2555 2391 2611 reddere
2428 2568 2545 2625 est;
2598 2560 2810 2629 quippe,
2856 2561 2925 2615 ita
2975 2564 3570 2628 dirideutcs,essenti'e

2014 2658 2231 2713 quoque
2298 2648 2599 2703 dili'erentia
2669 2654 2977 2709 necessario
3031 2669 3307 2724 sequetur.
3367 2658 3570 2730 Nempe

2011 2737 2155 2791 enim
2194 2748 2243 2792 et
2293 2740 2567 2811 theologus
2597 2742 2887 2813 Gregorius
2918 2748 2969 2800 in
3009 2749 3126 2803 suis
3176 2751 3241 2806 de
3290 2752 3572 2809 divinitate

2016 2830 2374 2896 sermonibus,
2406 2832 2457 2884 itt
2484 2834 2748 2889 orationis
2779 2846 2951 2903 parte,
2995 2838 3231 2905 Patrem,
3265 2852 3319 2897 et
3352 2842 3572 2913 Filium,

2015 2930 2068 2972 et
2108 2919 2366 2989 Spiritum
2400 2934 2646 2978 sanctum
2687 2928 2961 2991 invocans,
3005 2938 3166 2999 atque
3210 2935 3570 3003 subinferens,

2015 3012 2179 3064 alium
2209 3014 2416 3080 quidem
2450 3019 2577 3070 bene
2622 3019 2967 3087 complacare,
3002 3023 3165 3076 alium
3225 3006 3341 3079 vero
3386 3044 3576 3096 coope-

2012 3104 2145 3162 rari.
2186 3105 2353 3160 alium
2388 3117 2561 3161 autem
2594 3110 2855 3177 inspirare
2880 3125 2900 3163 :
2945 3128 3050 3167 non
3088 3130 3220 3171 sane
3267 3131 3361 3184 per
3392 3119 3576 3187 hujus-

1932 3220 1976 3279 ο
2018 3194 2159 3248 modi
2197 3197 2630 3267 conjunctiones,
2658 3202 2773 3256 sive
2808 3202 3223 3273 bent-placitum,
3254 3209 3367 3263 sive
3404 3212 3574 3281 inspi-

2018 3289 2317 3351 rationem,
2387 3292 2501 3345 sive
2557 3294 2995 3361 cooperationem
3059 3299 3301 3366 personis
3357 3301 3572 3369 divisit;

2016 3392 2189 3446 neque
2240 3380 2381 3433 enim
2440 3381 2647 3450 singula
2705 3384 2897 3439 borum
2949 3389 3177 3455 singulis
3220 3405 3571 3459 personarum

2016 3470 2187 3538 magis
2240 3475 2456 3542 proprie
2514 3480 3010 3543 accommodantur,
3065 3497 3227 3549 quam
3282 3485 3502 3555 reliquis
3554 3503 3569 3541 :

2016 3575 2220 3624 verum,
2273 3566 2453 3617 omnia
2504 3570 2838 3622 conveniunt
2897 3571 3142 3641 singulis,
3200 3575 3307 3629 imo
3356 3588 3413 3632 et
3461 3586 3571 3633 tota

2017 3652 2274 3719 Trinitas,
2310 3665 2371 3707 ut
2402 3670 2540 3710 unus
2573 3657 2712 3712 Deus
2744 3660 2992 3727 inspirat,
3017 3672 3071 3716 et
3113 3665 3212 3719 sibi
3250 3667 3384 3722 bene
3424 3683 3573 3723 com-

2018 3742 2191 3809 placet
2238 3741 2290 3797 in
2319 3744 2498 3808 bonis,
2532 3759 2587 3800 et
2618 3749 2975 3817 quodcunque
3007 3752 3388 3811 inchoantibus
3422 3761 3574 3825 adju-

2016 3832 2120 3885 trir
2177 3843 2279 3886 est.
2338 3834 2511 3902 Atque
2562 3836 2760 3904 ubique
2814 3840 3026 3906 penitus
3062 3856 3287 3909 quicque
3320 3850 3574 3913 personis

2020 3924 2369 3993 assignantur
2416 3935 2474 3979 ut
2507 3928 2749 3996 propria,
2781 3929 2901 3985 sine
2947 3931 3052 3987 ulla
3085 3933 3350 3989 varietate
3373 3951 3575 3995 conve-

2018 4013 2171 4069 nient
2224 4031 2238 4070 :
2290 4015 2378 4070 ubi
2440 4031 2545 4071 nou
2616 4020 2909 4086 opponitur
2971 4022 3255 4077 relationis
3319 4026 3571 4095 objectio.

2016 4108 2465 4175 quemadmodum
2496 4112 2773 4178 processio
2828 4112 3081 4180 Spiritus,
3112 4114 3231 4170 Filii
3267 4118 3331 4170 ad
3359 4118 3570 4174 Patrem

2016 4198 2259 4252 relationi
2311 4200 2441 4254 nihil
2490 4201 2693 4267 obstat,
2726 4212 2783 4257 ut
2833 4205 2882 4257 in
2937 4208 3290 4277 sequentibus
3343 4212 3575 4268 lucidius

2017 4290 2425 4345 monstrabitur.
3323 4363 3326 4366 ἢ

2088 4380 2239 4446 Quod
2282 4380 2326 4435 si
2368 4384 2658 4451 procedere
2690 4387 2857 4455 ipsam
2893 4389 3204 4457 dictionem,
3230 4408 3349 4461 qua:
3391 4394 3576 4451 Graece

2013 4473 2410 4541 ἐκπορεύεσθαι
2462 4475 2679 4542 dicitur,
2718 4480 2770 4531 in
2808 4480 2940 4535 Filio
2965 4482 3244 4550 inqttirunt
3284 4501 3297 4537 :
3342 4488 3572 4554 primum

2014 4565 2231 4634 quidem
2293 4565 2532 4632 pluribus
2584 4583 2743 4637 supra
2801 4572 3096 4627 rationibus
3147 4584 3421 4631 ostensum
3471 4592 3572 4645 est,

2014 4655 2159 4725 quod
2203 4658 2304 4710 alia
2361 4674 2575 4728 quoque
2617 4662 2775 4716 verba
2841 4664 2942 4717 hoc
2997 4665 3171 4732 ipsum
3228 4668 3577 4729 nihilominus

2014 4749 2337 4818 signiﬁcant.
2380 4750 2603 4817 Deinde,
2645 4752 2769 4821 quia
2798 4762 2851 4806 et
2874 4770 2902 4805 a
2933 4756 3135 4809 sanctis
3162 4773 3373 4826 quoque
3399 4764 3573 4830 posita

2015 4851 2099 4899 est
2150 4841 2459 4908 hujusmodi
2519 4842 2703 4897 dictio.
2759 4842 2867 4896 Sed
2903 4852 2956 4896 et
3019 4844 3217 4913 ipsum,
3273 4850 3417 4915 quod
3483 4868 3576 4921 per

2013 4932 2207 4987 Filium
2251 4933 2541 5001 procedere
2570 4933 2786 4997 dicitur,
2823 4948 2852 4986 a
2904 4933 3154 4990 Patribus
3196 4941 3577 4997 commendare

2020 5024 2233 5088 Sutiicit,
2286 5024 2426 5092 quod
2465 5025 2625 5079 etiam
2680 5026 2925 5095 procedit
2955 5040 3020 5081 ex
3068 5028 3226 5085 Filio.
3256 5032 3571 5103 Quanquam

2019 5118 2215 5184 quibus
2265 5132 2371 5171 non
2429 5117 2683 5183 sufﬁciat,
2719 5119 2861 5187 quod
2907 5135 2970 5174 ex
3018 5119 3157 5177 Filio
3194 5122 3432 5194 Spiritus
3457 5142 3577 5181 esse

2019 5221 2239 5264 sanctus
2284 5211 2523 5265 dicitur?
2567 5227 2689 5265 cum
2738 5215 2910 5269 sancti
2945 5214 3049 5270 hoc
3081 5218 3328 5285 plurimis
3361 5221 3411 5275 in
3445 5222 3599 5276 locis

2019 5304 2269 5369 dixerint,
2318 5318 2440 5356 cum
2490 5305 2555 5357 de
2605 5306 2981 5372 personalibus
3030 5310 3346 5367 substantiis
3397 5313 3573 5366 disse-

2018 5406 2248 5450 rerent:
2306 5397 2636 5465 verbumque
2668 5413 2802 5462 esse,
2858 5401 3250 5456 substantivum
3298 5416 3420 5455 cum
3478 5402 3571 5466 sit,

2015 5489 2188 5558 magis
2247 5489 2410 5543 etiam
2468 5489 2765 5559 cuiuspiam
2841 5508 2906 5546 ex
2969 5495 3153 5561 aliquo
3216 5493 3571 5548 substantiam

2015 5582 2319 5649 exprimere
2352 5581 2539 5650 possit,
2585 5582 2737 5648 juxta
2792 5583 2999 5638 scilicet
3051 5583 3252 5653 proprii
3286 5597 3573 5653 processus

2019 5683 2315 5726 terminum.
