4144 6296
554 406 668 472 ’ΠΙ

1820 407 2211 470 MANUELIS
2239 413 2321 472 CA
2334 416 2542 476 l.EC.‘E

3701 421 3813 486 112

638 514 904 569 Praeterea
940 521 1153 567 constat
1191 527 1254 567 ex
1291 513 1678 583 superioribus,
1705 516 1846 584 quod
1893 517 2120 570 dicimus
2150 521 2194 578 Α
2228 523 2351 575 lima
2427 527 2681 600 (actione)
2762 532 3249 587 eminentissimum
3314 532 3571 589 Ecclesiae
3628 536 3820 604 magi-

569 609 622 661 in
663 604 802 659 Filio
857 618 1082 659 manere
1117 604 1397 673 Spiritum,
1435 606 1577 675 quod
1620 607 1838 675 quidam
1871 606 1956 661 his
1987 606 2123 677 obji-

570 700 722 754 ciunt
746 736 761 763 ,
785 697 874 767 qui
903 698 1065 752 etiam
1088 711 1152 751 es
1183 696 1322 751 Filio
1349 697 1651 769 proferunt,
1679 698 1811 753 nihil
1836 714 1929 754 eos
1953 698 2124 766 juvat.

568 790 671 858 Qui
719 789 860 843 enim
893 794 948 844 et
1000 803 1067 843 ex
1111 786 1248 842 Filio
1285 788 1546 857 Spiritum
1581 789 1787 852 dicunt,
1817 800 1870 845 et
1902 791 1953 845 in
1989 790 2128 845 Filio

562 884 725 952 iunge
748 882 896 951 prius
916 880 1240 937 conﬁtentur
1261 896 1276 945 ;
1295 895 1523 949 namque
1551 888 1604 933 et
1625 881 1816 943 sancti,
1835 890 1891 936 et
1913 883 1966 935 in
1990 880 2128 936 Filio

565 976 777 1041 dicunt;
830 983 885 1028 et
937 988 1035 1043 per
1101 973 1299 1041 ipsum,
1356 979 1411 1025 et
1447 986 1512 1025 ex
1567 972 1681 1039 ipso
1717 989 1847 1036 esse,
1901 976 2123 1028 addunt.

563 1064 748 1135 Neque
781 1066 882 1119 hoc
912 1065 1108 1125 solum,
1131 1061 1222 1115 sed
1251 1046 1311 1115 et.
1334 1062 1384 1113 in
1412 1060 1591 1127 Patre,
1622 1071 1676 1115 et
1705 1063 1757 1116 iu
1787 1063 1923 1116 Filio
1951 1063 2125 1131 Spiri-

564 1170 677 1213 tum
719 1167 965 1212 sanetum
1018 1168 1263 1208 manere.
1318 1153 1471 1207 Sicut
1508 1164 1688 1207 autem
1737 1155 1790 1232 in
1826 1154 1987 1208 Patre
2013 1171 2129 1209 ma-

562 1264 719 1313 nens,
758 1250 922 1300 etiam
958 1258 1025 1298 ex
1082 1245 1201 1312 ipso
1245 1253 1348 1307 est,
1394 1244 1475 1298 sic
1507 1251 1561 1297 et
1604 1244 1657 1297 in
1696 1243 1831 1297 Filio
1876 1259 2124 1310 manens,

561 1328 823 1395 etianfex
879 1336 996 1403 ipso
1046 1342 1149 1388 est.
1202 1333 1319 1388 Non
1371 1334 1515 1387 enim
1566 1332 1813 1404 profecto
1861 1334 2125 1404 quispiam

562 1430 945 1497 blaSphemare
973 1425 1209 1489 audebit,
1236 1426 1305 1479 ita
1338 1424 1390 1477 iu
1429 1423 1566 1477 Filio
1598 1438 1813 1478 manere
1843 1422 2123 1493 Spiritum,

548 1523 704 1577 sicut
753 1522 806 1573 in
841 1518 1082 1587 quolibet
1115 1527 1448 1579 sanctorum,
1503 1514 1559 1569 in
1591 1514 1787 1585 quibus
1835 1517 2128 1585 requiescit

561 1615 800 1685 quidem,
829 1620 884 1666 et
913 1617 1116 1676 manet,
1149 1608 1242 1663 sed
1272 1620 1367 1677 per
1401 1605 1651 1678 gratiam,
1699 1620 1802 1661 non
1836 1621 1934 1676 per
1963 1620 2125 1663 natu.

558 1722 702 1761 ram.

633 1798 895 1851 Praeterea
950 1808 1099 1857 vero,
1149 1792 1291 1861 quod
1341 1793 1602 1861 procedit,
1659 1794 1713 1848 in
1751 1809 1836 1859 eo,
1895 1808 1959 1849 ex
2018 1806 2125 1860 quo

2239 622 2433 681 strum,
2466 633 2529 674 ac
2555 630 2801 677 sanctum
2833 624 3214 693 praedicarunt.

2312 706 2415 762 Sed
2462 712 2609 766 etde
2642 716 3032 782 prmnoniinato
3075 723 3264 770 saneto
3300 714 3586 768 Anastasio
3608 712 3852 767 Antio—'

2237 800 2410 857 eheno
2438 803 2764 871 patriarcha,
2787 816 2937 860 sexta
2961 799 3319 875 synodus,'sic
3336 807 3444 858 ait:
3475 802 3821 868 Suscipimus

2235 902 2476 946 sanctum
2538 895 2877 948 Anastasium
2938 906 3079 948 recta
3134 896 3236 962 ﬁde
3282 896 3676 963 respondentem
3711 910 3815 963 pro

2235 991 2375 1036 torno
2400 986 2589 1047 sancti,
2615 1002 2679 1038 ac
2705 986 3008 1051 uenerabilis
3037 985 3198 1054 Papa:
3223 987 3432 1041 Leonis.
3464 989 3540 1041 Ac
3560 1003 3766 1043 rursus
3796 1007 3811 1041 :

2237 1073 2491 1129 Sanctum
2526 1078 2763 1130 nominat
2797 1076 2985 1131 Oriens
3035 1088 3173 1131 totus
3212 1079 3347 1131 hunc
3375 1086 3572 1133 sanctis
3604 1095 3815 1133 meme»

2234 1164 2328 1216 ria:
2389 1166 2752 1227 Anastasium.
2797 1169 2891 1233 qui
2945 1167 3046 1236 fuit
3112 1168 3405 1222 Antiochia:
3455 1170 3815 1236 archiepisco-

2232 1270 2350 1322 pus,
2401 1266 2449 1309 et
2488 1261 2578 1325 qui
2631 1275 2747 1329 eum
2801 1276 2906 1313 non
2961 1260 3204 1327 suscipit,
3254 1259 3393 1312 Deus
3444 1264 3808 1315 anathemati-

2233 1353 2335 1398 εει.

2309 1436 2541 1492 Sanctus
2598 1438 2764 1509 igitur
2821 1439 3079 1506 Hilarius,
3119 1442 3370 1510 antiquus
3419 1441 3599 1509 Pater,
3635 1453 3812 1512 atque

2233 1518 2586 1593 veneiabilis,
2614 1539 2669 1583 et
2691 1530 2911 1584 dicendi
2944 1531 3015 1595 vi,
3050 1542 3103 1585 et
3129 1533 3482 1601 philosophiae
3504 1535 3720 1597 studiis,
3749 1546 3814 1588 et

2235 1615 2521 1686 theologia:
2551 1617 2909 1684 sublimitate,
2939 1629 2992 1675 et
3016 1622 3137 1674 vitae
3167 1623 3450 1687 munditia,
3470 1635 3527 1677 et
3558 1624 3812 1677 miracu-

2233 1704 2407 1759 lorum
2440 1708 2748 1764 ostensione
2802 1711 3037 1774 maaime
3082 1713 3283 1776 clarus,
3346 1713 3439 1778 ita,
3496 1724 3554 1768 ut
3607 1715 3812 1768 beatus

2231 1798 2563 1870 Augustinus
2600 1802 2666 1855 de
2714 1802 2805 1855 illo
2851 1802 2998 1856 dicat
3045 1820 3058 1857 :
3104 1801 3301 1856 Mirum
3363 1821 3511 1867 sane,
3570 1807 3617 1858 si
3671 1809 3810 1873 quis

557 1888 826 1960 procedit,
876 1885 1025 1956 prius
1052 1884 1349 1938 substiterit
1377 1899 1598 1940 necesse
1628 1892 1728 1940 est.
1766 1883 1948 1955 Neque
1976 1883 2118 1937 eni'tt
2155 1869 2197 1927 Β
2228 1888 2497 1944 Hilarium
2551 1893 2722 1960 legens
2772 1909 2875 1947 non
2929 1895 3225 1948 admiratur
3271 1912 3389 1950 cum
3441 1897 3522 1950 Itis
3601 1869 3692 1966 qui
3748 1901 3809 1952 in

544 1997 622 2036 ex
664 1980 757 2033 illo
789 1978 948 2031 aliter
969 1975 1308 2045 procederet.
1342 1971 1396 2026 in
1427 1974 1622 2029 divinis
1646 1983 1825 2030 autem
1849 1973 2119 2044 personis,

548 2075 717 2132 simul
765 2083 822 2128 et
880 2072 933 2125 in
967 2071 1103 2139 ipso,
1150 2074 1204 2120 et
1251 2081 1346 2134 per
1391 2068 1584 2136 ipsum,
1629 2076 1685 2121 et
1729 2082 1796 2122 ex
1850 2066 1968 2134 ipso
2015 2074 2119 2126 est,

485 2176 490 2182 ‘
555 2177 782 2239 propter
816 2162 1193 2225 aeternitatem,
1234 2168 1289 2214 et
1319 2160 1461 2228 quod
1513 2158 1624 2213 illic
1659 2158 1911 2228 tempori;
1940 2157 2122 2211 nullus

564 2271 712 2311 locus
741 2256 831 2309 sit.
865 2250 1025 2307 Sicut
1064 2264 1193 2321 ergo
1230 2249 1401 2305 Filius
1436 2250 1487 2303 in
1542 2247 1704 2303 Patre
1731 2248 2005 2304 exsistens
2055 2262 2122 2302 ex

561 2362 677 2417 ipso
703 2356 806 2410 est,
839 2355 892 2400 et
916 2343 1152 2413 Spiritus
1174 2351 1397 2396 sanctus
1423 2338 1699 2405 similiter;
1730 2338 1846 2407 pari
1878 2337 2122 2409 profecto

557 2439 793 2501 ratione,
827 2443 881 2489 et
916 2434 983 2489 de
1034 2432 1315 2488 mansione
1358 2429 1532 2487 sancti
1583 2429 1823 2499 Spiritus
1875 2429 1927 2484 in
1982 2429 2121 2483 Filio

561 2529 867 2585 dicendum.

626 2621 695 2675 Et
729 2627 812 2674 est
849 2617 1067 2686 quidem
1098 2616 1150 2670 id
1199 2631 1407 2681 verum,
1441 2615 1580 2685 quod
1625 2615 1699 2668 ait
1731 2613 1885 2668 divus
1916 2610 2119 2683 Diony-

544 2712 699 2778 'sius,
741 2710 886 2781 quod
923 2709 1118 2763 divinte
1171 2707 1482 2763 substantiae
1511 2706 1564 2761 in
1604 2706 1831 2761 invicem
1890 2705 2122 2761 cireum-

556 2791 840 2870 eunt,.sed
889 2817 994 2856 non
1057 2800 1259 2855 idcirco
1314 2799 1562 2854 confusio
1607 2808 1711 2864 est,
1772 2811 1945 2868 neque
1992 2797 2119 2851 hinc

553 2895 857 2953 immobilis
884 2893 1017 2947 ordo
1042 2889 1369 2961 pervertitur
1398 2907 1411 2944 :
1457 2885 1637 2956 Neque
1679 2904 1882 2943 necesse
1910 2886 2118 2971 Filium

532 2992 616 3042 «in
640 2986 842 3055 Spiritu
883 2998 998 3036 cum
1031 2982 1278 3043 dicimus,
1307 2979 1465 3032 etiam
1499 2994 1565 3032 ea:
1605 2978 1809 3044 Spiritu
1858 2994 1967 3031 esse
1997 2994 2121 3030 ron-

534 3078 717 3146 'ﬁteri,
757 3084 818 3129 ut
850 3072 1142 3140 Gregorius
1174 3070 1444 3139 Nyssenus
1479 3069 1597 3121 ait:
1642 3067 1764 3132 Sed,
1803 3076 1880 3120 est
1909 3068 2117 3135 quidem

537 3168 725 3222 ~Filius
760 3167 815 3218 in
850 3163 1045 3225 Patre,
1077 3162 1210 3215 sicut
1252 3158 1584 3230 pulchritudo
1615 3159 1858 3227 imaginis
1909 3160 1965 3213 in
2001 3159 2119 3227 pri-

555 3260 738 3312 mitiva
769 3256 941 3325 {arma
991 3254 1043 3306 in
1078 3252 1293 3321 propria
1328 3250 1573 3321 imagine.
1608 3248 1753 3303 Idem
1806 3263 1934 3305 vero
1964 3259 2018 3325 et
2064 3251 2115 3304 in

542 3349 712 3411 Filio,
746 3357 802 3400 et
834 3343 1039 3408 Spiritu
1071 3341 1380 3396 dicendum.

618 3441 893 3508 Quoniam
919 3438 1080 3506 igitur
1113 3436 1180 3490 ah
1202 3433 1503 3489 Orientalis
1534 3433 1790 3490 Ecclesiae
1824 3436 2113 3507 magistris,

540 3547 618 3585 ex
678 3528 817 3583 Filio
865 3541 1047 3590 esse,'
1081 3541 1145 3580 ac
1188 3526 1495 3592 procedere
1553 3524 1810 3594 Spiritum
1865 3540 2113 3581 sanctum

554 3620 815 3674 traditum
851 3616 1115 3680 constitit,
1150 3615 1275 3670 licet
1318 3614 1549 3684 plurima
1588 3617 1783 3672 omissa
1829 3619 1957 3684 sint,
1995 3635 2117 3691 qtae

553 3710 736 3767 aﬂ‘erri
768 3718 1018 3778 poterant
1046 3706 1112 3761 ad
1146 3707 1248 3761 hoc
1277 3705 1449 3775 ipsum
1495 3706 1945 3778 asseverandu'm;
1974 3727 2116 3768 nunc

546 3802 658 3870 jam
685 3809 740 3857 et
767 3799 836 3854 ab
864 3797 925 3853 0.,
943 3796 1225 3859 cidentalis
1250 3794 1506 3851 Ecclesia
1532 3797 1860 3864 doctoribus,
1891 3812 1946 3853 ut
1975 3802 2112 3856 idem

550 3907 795 3952 astruere
820 3894 1084 3954 nitamur,
1115 3885 1466 3942 admonentur
1497 3905 1512 3941 :
1544 3897 1601 3941 ut
1638 3889 1739 3952 his,
1769 3892 1859 3957 qui
1897 3902 2116 3945 contra-

544 3987 734 4040 dicere
765 3983 1030 4044 nituntur,
1057 3978 1202 4032 nulla
1226 3975 1338 4044 jam
1373 3978 1651 4032 excusatio
1681 3980 1884 4049 reliqua
1913 3982 2002 4035 sit.
2040 3985 2114 4037 Ac

538 4078 727 4144 primo
781 4073 1021 4141 quidem,
1075 4077 1329 4136 quantam
1371 4067 1475 4119 illis
1536 4067 1868 4124 universales
1925 4072 2111 4140 synodi

529 4163 908 4221 ireverentiam
975 4159 1463 4226 auctoritatemque
1511 4159 1892 4226 praestiterint,
1924 4170 1976 4214 et
2009 4175 2113 4230 qua

555 4256 657 4311 tide
721 4254 931 4309 illorum
986 4251 1129 4305 dicta
1185 4247 1382 4317 suscipi
1448 4249 1769 4316 conveniat,
1839 4249 2117 4306 insinuan-

538 4365 699 4402 eum.

628 4365 699 4402 m.

553 4356 820 4495 duSancta
857 4436 1042 4507 igitur,
1091 4442 1255 4502 atque
1300 4433 1622 4489 universalis
1661 4434 1847 4502 quinta
1876 4436 2114 4506 synodus

2225 1978 2412 2036 Nirma
2467 1993 2835 2038 convenerunt.
2894 1983 3001 2038 Pro
3062 1985 3320 2053 Unigeniti
3382 1988 3548 2056 gloria
3610 2000 3849 2061 contra.

2224 2073 2408 2126 Arium
2441 2091 2700 2142 pugnans,
2744 2076 2820 2128 ait
2862 2074 2915 2129 in
2957 2079 3194 2130 secundo
3232 2076 3304 2130 De
3343 2076 3604 2133 Trinitate
3626 2078 3805 2146 libro,

2222 2177 2381 2231 quem
2460 2173 2649 2217 contra
2700 2164 2888 2216 Arium
2952 2174 3003 2217 et
3065 2164 3358 2219 Sabellium
3416 2168 3802 2236 conscripsit:

2223 2252 2496 2308 Credimus
2547 2265 2782 2307 sanctam
2830 2253 3163 2322 Trinitatem,
3211 2257 3307 2311 hoc
3351 2268 3424 2311 est
3471 2257 3708 2321 Patrem,
3745 2270 3804 2314 et

2224 2339 2447 2405 Filium,
2484 2344 2533 2395 el
2575 2342 2824 2412 Spiritum
2862 2357 3124 2408 sanctum,
3154 2362 3317 2400 unum
3356 2347 3516 2401 Deum
3558 2350 3806 2417 omnipo-

2221 2441 2430 2497 tentem,
2490 2434 2644 2487 unius
2708 2436 2965 2497 essentia,
3027 2438 3182 2490 unius
3242 2437 3573 2505 substantias,
3632 2444 3800 2497 unius

2221 2526 2486 2591 potentitv,
2521 2537 2810 2579 creatorem
2866 2529 3094 2581 omnium
3139 2541 3502 2585 creaturarum
3534 2549 3554 2597 ;
3581 2549 3645 2586 ex
3688 2550 3800 2602 quo

2222 2617 2420 2679 omnia,
2455 2632 2548 2684 per
2567 2633 2715 2684 quem
2747 2619 2947 2683 omnia,
2979 2619 3030 2671 in
3069 2635 3169 2689 quo
3198 2623 3395 2676 omnia.
3436 2621 3652 2677 Patrem
3686 2642 3797 2679 non

2221 2708 2285 2761 ab
2346 2709 2473 2773 alio,
2512 2707 2709 2763 Filium
2751 2726 2812 2768 ea:
2842 2709 3001 2764 Patre
3032 2713 3284 2781 genitum,
3323 2716 3484 2770 Deum
3524 2734 3697 2773 verum
3727 2721 3797 2771 de

2223 2798 2326 2853 Deo
2356 2816 2494 2865 vero,
2528 2800 2700 2854 lumen
2735 2817 2928 2867 verum,
2970 2819 3034 2856 ex
3064 2805 3256 2858 lumine
3284 2823 3423 2872 vero,
3465 2824 3567 2861 non
3614 2819 3791 2863 tamen

2220 2893 2323 2945 duo
2351 2892 2576 2953 lumina.
2612 2894 2703 2947 sed
2735 2908 2891 2945 unum
2935 2892 3105 2947 lumen
3130 2909 3148 2946 :
3194 2895 3454 2963 Spiritum
3484 2906 3784 2950 sanctuma

2221 2982 2404 3047 Patre,
2438 2995 2486 3037 et
2519 2983 2651 3038 Filio
2685 2986 2960 3052 aequaliter
3009 2990 3389 3056 procedentem,
3446 2991 3793 3042 consubstan-

2222 3071 2397 3123 tialem
2427 3081 2476 3123 et
2520 3084 2834 3126 comternunt
2873 3073 3022 3126 Patri
3050 3084 3097 3125 et
3141 3074 3302 3138 Filio,
3344 3076 3504 3127 Pater
3531 3077 3583 3127 in
3618 3078 3784 3139 seipse

2147 3195 2191 3253 C
2221 3159 2404 3226 plenus
2440 3159 2600 3221 Deus,
2655 3160 2825 3212 Filius
2874 3161 3057 3228 plenus
3092 3160 3227 3213 Deus
3259 3178 3322 3214 ex
3367 3160 3524 3214 Patre
3553 3163 3783 3230 genitus,

2226 3248 2455 3316 Spiritus
2485 3262 2695 3301 sanctus
2728 3248 2909 3316 plenus
2930 3264 2994 3301 ea:
3032 3248 3214 3315 Patre,
3241 3261 3289 3304 et
3318 3250 3452 3305 Filio
3478 3253 3783 3321 procedens.

2226 3338 2348 3392 Non
2383 3349 2555 3392 tamen
2589 3346 2692 3393 tres
2750 3339 2872 3393 deos
2926 3341 3171 3401 dicimus,
3232 3345 3322 3396 sed
3374 3358 3533 3396 unum
3597 3343 3780 3400 Deum.

2222 3429 2367 3483 ldem
2411 3429 2463 3483 in
2499 3429 2917 3484 Commentariis
2947 3431 3000 3486 in
3052 3434 3388 3501 Apostolum,
3434 3436 3500 3491 de
3529 3438 3689 3493 Patre
3720 3456 3785 3494 ac:

2223 3519 2363 3575 Filio
2391 3522 2683 3586 disserens,
2705 3521 2781 3575 ait
2822 3538 2836 3575 :
2866 3520 3017 3576 Nihil
3055 3524 3107 3577 in
3146 3536 3330 3579 sancto
3361 3525 3564 3596 Spiritu
3593 3528 3784 3597 duplex

2223 3613 2464 3683 intelligi,
2493 3613 2619 3682 quin
2670 3610 2833 3666 Pater
2883 3624 2932 3665 et
2986 3614 3154 3668 Filius
3185 3616 3267 3669 illi
3302 3633 3412 3671 esse
3438 3620 3782 3687 prwbuerint.

2226 3705 2373 3762 Unde
2399 3708 2551 3761 ambo
2582 3721 2743 3759 unum
2768 3707 3081 3776 principium
3115 3712 3286 3762 sancti
3323 3707 3551 3778 Spiritus
3598 3711 3783 3763 dicun-

2221 3811 2328 3855 tur.
3378 3800 3383 3803 ’

2295 3891 2532 3943 Sanctus
2566 3887 2691 3942 item
2731 3885 3097 3958 Hieronymus
3144 3889 3377 3955 quodam
3412 3896 3463 3943 In
3498 3891 3614 3947 loco
3651 3911 3781 3964 optt-

2222 3981 2496 4038 sculorum
2555 3994 2799 4040 suorum,
2862 3979 2937 4031 ait
2983 3996 2996 4030 :
3047 3976 3276 4046 Spiritus
3314 3992 3522 4035 sanctus
3554 4000 3586 4037 a
3621 3981 3778 4039 Patre

2224 4089 2286 4126 ac
2352 4068 2494 4123 Filio
2552 4068 2858 4137 procedens,
2926 4083 3018 4129 per
3086 4067 3262 4120 omnia
3326 4068 3474 4123 Patri
3519 4083 3567 4127 et
3639 4073 3782 4129 Filio

2221 4160 2502 4232 coa'qualis
2527 4172 2572 4215 et
2603 4169 2886 4214 coaeternus
2918 4170 3015 4215 est.

2294 4252 2530 4306 Sanetus
2577 4264 2790 4319 quoque
2836 4250 3155 4304 Ambrosius
3204 4249 3624 4310 Mediolanensis
3668 4258 3782 4326 epi-

2222 4352 2415 4413 scOpus
2446 4343 2498 4397 in
2527 4341 2665 4396 libro
2697 4356 2794 4394 suo
2816 4340 2894 4394 De
2931 4341 3185 4395 Trinitate
3219 4344 3295 4397 ait
3327 4364 3341 4400 :
3392 4347 3512 4399 Non
3540 4349 3693 4415 quasi
3719 4365 3784 4402 ea:

2221 4436 2334 4489 loco
2366 4435 2593 4488 mittitur
2626 4430 2873 4501 Spiritus,
2918 4447 3077 4500 neque
3107 4435 3259 4502 quasi
3291 4435 3356 4489 de
3389 4437 3503 4490 loco
3550 4442 3784 4505 procedit

538 4535 603 4586 -in
635 4531 800 4603 gestis
824 4529 940 4582 suis
974 4527 1045 4579 ita
1089 4532 1258 4580 [erute
1306 4526 1371 4578 ad
1401 4526 1647 4589 verbum,
1692 4524 1765 4577 ait
1796 4542 1809 4579 :
1838 4523 2116 4594 Sequimur
2146 4535 2190 4588 Ι)
2222 4546 2253 4581 a
2305 4526 2445 4579 Filio
2499 4527 2804 4592 procedens.
2868 4523 3011 4576 Idem
3073 4523 3125 4577 in
3182 4528 3421 4580 secundo
3471 4529 3535 4583 de
3595 4542 3782 4584 sancto

552 4627 606 4678 in
642 4621 879 4675 omnibus
918 4630 1129 4673 sanctos
1184 4616 1393 4682 Patres,
1429 4633 1492 4670 ac
1525 4615 1763 4670 doctores
1793 4629 1987 4671 sancta:
2021 4618 2113 4670 Dei

553 4713 825 4773 Ecclesiae,
862 4710 1234 4773 Athanasium,
1270 4706 1560 4769 Hilarium,
1595 4706 1878 4771 Basiliam,
1919 4705 2112 4783 Grego-

546 4809 688 4857 rium
719 4802 1051 4870 Theologum,
1079 4798 1382 4868 Gregorium
1408 4796 1458 4849 Ν
1463 4813 1726 4865 yssenum,
1756 4795 2111 4861 Ambrosium,

553 4896 925 4965 Augustinum,
970 4892 1335 4959 Themi/tilum,
1367 4887 1649 4959 Cyrillum,
1673 4888 1935 4942 Joannem
1972 4888 2112 4944 Con-

538 4985 1098 5052 stantinOpolitanum,
1127 4983 1368 5047 Leonem,
1398 4981 1664 5042 Proetum,
1695 4990 1744 5033 et
1772 4981 1968 5039 omnia.
1998 4997 2114 5048 quia

549 5081 614 5133 ab
646 5078 721 5131 eis
749 5078 811 5129 de
838 5076 942 5145 ﬁde
975 5086 1139 5133 recta.
1184 5086 1230 5128 et
1267 5077 1336 5128 ad
1374 5074 1861 5127 condemnationem
1906 5074 2087 5128 ita'reti

548 5182 734 5221 eorum
766 5166 1061 5234 conscripta
1086 5176 1229 5229 sunt,
1254 5167 1589 5233 suscipimus.
1629 5166 1760 5231 Iino,
1789 5175 1841 5219 et
1872 5165 1923 5218 in
1957 5180 2107 5235 synoo

525 5260 692 5322 -dico,
742 5257 884 5324 quod
941 5257 1157 5320 dicitur,
1237 5258 1584 5311 anathemate
1637 5259 1965 5325 plectuntur,
2023 5260 2113 5327 qui

532 5351 834 5421 .prmdictos
854 5347 1120 5401 doctores
1158 5361 1264 5400 non
1321 5350 1649 5416 suscipiunt,
1704 5366 1875 5418 neque
1932 5351 2111 5403 ontnia

538 5459 673 5513 quae
729 5441 796 5495 ab
829 5440 928 5493 eis
985 5439 1184 5505 scripta
1242 5451 1388 5500 sunt,
1427 5439 1776 5494 conﬁtentur.
1843 5440 2114 5510 l’t‘mcipne

539 5551 682 5590 «vero
724 5532 1083 5600 Augustinum
1115 5542 1318 5584 sanetae
1349 5532 1680 5588 universales
1723 5534 1934 5603 synodi,
1971 5545 2029 5587 ut
2060 5540 2110 5585 lu

543 5612 736 5682 earum
772 5628 936 5696 gestis
964 5634 1196 5689 constat,
1234 5626 1386 5680 tertia
1421 5625 1648 5692 scilicet,
1685 5635 1837 5680 sexta
1897 5638 1949 5681 et
1993 5642 2112 5695 sep-

590 5799 638 5831 ⁶⁹
668 5798 822 5857 .Ioan.
856 5818 945 5865 xx,
984 5799 1075 5853 ΕΜ.

2221 4620 2422 4689 Spiritu
2457 4616 2614 4681 libro,
2640 4616 2750 4670 ait:
2788 4616 2940 4680 Quod
2967 4631 3031 4668 ea:
3059 4616 3234 4684 aliqua
3267 4627 3361 4680 est,
3391 4630 3480 4670 aut
3508 4635 3573 4672 ea:
3605 4638 3749 4674 essen

2221 4714 2295 4764 tia
2321 4709 2551 4779 quidem,
2588 4709 2748 4762 reluti
2776 4725 2891 4760 cum
2928 4705 3101 4760 Filius
3133 4723 3198 4760 ex
3235 4707 3413 4772 Patre,
3439 4711 3517 4762 vel
3549 4710 3780 4780 Spiritus

2221 4813 2434 4856 sanctus
2464 4816 2528 4854 ea:
2563 4800 2724 4853 Patre
2753 4810 2801 4851 et
2833 4798 2991 4852 Filio.
3028 4796 3107 4850 Ex
3140 4808 3392 4866 potestate
3422 4812 3595 4855 autem
3625 4806 3783 4858 sicuti

2217 4910 2281 4947 ea:
2319 4892 2425 4946 Deo
2458 4892 2652 4946 omnia.
3326 4936 3329 4939 .

2293 4982 2525 5037 Sanctus
2566 4978 2899 5044 Augustinus
2933 4984 3110 5032 autem
3143 4980 3195 5032 in
3221 4979 3312 5034 lib.
3351 4997 3404 5036 tv
3431 4983 3496 5036 de
3521 4982 3782 5038 Trinitate

2217 5074 2341 5126 ait:
2392 5069 2502 5124 Nec
2544 5085 2820 5137 possumus
2869 5069 3060 5131 dicere,
3111 5071 3249 5139 quod
3282 5071 3510 5141 Spiritus
3556 5090 3589 5127 a
3637 5074 3780 5129 Filio

2220 5181 2322 5217 non
2362 5163 2633 5231 procedat.
2679 5159 2858 5229 Neque
2881 5161 3019 5214 enim
3052 5163 3252 5232 frustra
3286 5164 3420 5215 idem
3444 5161 3706 5230 Spiritus,
3732 5179 3777 5217 et

2218 5257 2419 5325 Patris,
2473 5266 2519 5308 et
2576 5252 2708 5306 Filii
2758 5252 2993 5319 Spiritus
3036 5253 3259 5306 dicitur.
3315 5253 3426 5306 Nec
3460 5255 3628 5322 video,
3655 5258 3779 5325 quid

2218 5349 2365 5403 aliud
2422 5345 2721 5416 signiﬁcare
2782 5345 3025 5408 voluerit,
3081 5360 3201 5395 cum
3244 5344 3456 5415 sit/flans
3502 5345 3556 5399 in
3591 5348 3779 5413 faciem

2217 5439 2617 5505 discipulorum,
2647 5438 2721 5490 ait
2745 5452 2763 5489 :
2797 5454 2813 5486 ι
2841 5437 2980 5502 Acci,
3001 5435 3069 5488 ite
3101 5434 3358 5505 Spiritum
3388 5447 3631 5491 sanctum
3656 5438 3723 5494 ”.
3754 5462 3772 5491 ι

2222 5532 2402 5600 Neque
2452 5532 2587 5583 enim
2622 5529 2783 5594 [intus
2828 5529 2915 5579 ille
2945 5542 3225 5594 corporeus
3254 5542 3370 5579 cum
3405 5544 3559 5581 sensu
3593 5546 3779 5598 corpo-

2219 5626 2405 5677 raliter
2452 5622 2698 5689 tangeudi
2758 5620 3038 5688 procedens
3097 5634 3160 5672 ea:
3212 5633 3447 5685 corpore,
3482 5621 3779 5675 substantia
