4144 6296
328 274 436 341 II3

324 477 788 547 signiﬁcationem,
831 495 934 533 non
976 489 1180 533 tantum
1214 497 1244 533 a
1293 481 1473 545 Patre,
1511 485 1600 536 sed
1627 491 1676 534 et
1709 498 1739 532 a
1770 480 1904 533 Filio

325 571 612 636 procedere
637 569 898 640 Spiritum
926 585 1185 626 sanctum.
1221 575 1351 639 Quis
1382 575 1522 628 enim
1569 572 1903 626 dementissi-

327 678 450 715 mus
483 662 698 725 dixerit,
749 664 919 716 alium
947 665 1109 732 fuisse
1155 664 1413 731 Spiritum
1454 676 1718 727 sanctum,
1750 679 1900 732 queat

327 752 548 822 suﬁlans
599 753 765 814 dedit,
817 763 865 806 et
920 753 1122 818 alium,
1170 770 1319 824 quem
1383 765 1496 821 post
1548 757 1901 808 ascensionem

327 859 482 896 suam
517 843 704 897 misit?
757 840 912 898 Unus
949 847 1084 898 enim
1124 844 1351 912 Spiritus
1385 855 1459 898 est
1498 843 1727 910 Spiritus
1783 841 1901 908 Dei,

327 931 560 1002 Spiritus
595 933 795 1000 Patris,
829 946 876 988 et
908 935 1037 990 Filii
1087 935 1318 1005 Spiritus
1354 938 1546 1000 sancti,
1592 937 1682 1005 qui
1711 949 1900 1003 opera-

328 1033 418 1077 tur
444 1027 624 1079 omnia
659 1027 712 1079 in
741 1027 999 1080 omnibus.

403 1117 551 1171 Idem
613 1118 665 1171 in
717 1119 810 1172 lib.
864 1134 932 1171 sv
990 1118 1063 1172 De
1105 1118 1414 1173 Trinitate:
1477 1117 1541 1170 Et
1578 1129 1748 1171 tamen
1798 1135 1901 1171 non

326 1210 537 1277 [rustra
583 1212 638 1264 in
685 1213 783 1264 hac
834 1210 1096 1265 Trinitate
1136 1227 1234 1264 non
1286 1212 1483 1264 dicitur
1522 1209 1742 1263 Verbum
1781 1209 1897 1272 Dei,

327 1301 433 1354 nisi
475 1299 665 1363 Filius,
698 1315 790 1353 nec
831 1299 1026 1352 donum
1064 1299 1178 1365 Dei,
1221 1300 1325 1354 nisi
1371 1299 1604 1368 Spiritus
1649 1307 1897 1358 sanctus;

323 1409 416 1446 nec
447 1395 513 1445 de
543 1409 644 1460 quo
674 1394 902 1461 genitum
929 1401 1008 1446 est
1051 1391 1296 1457 Verbum,
1335 1403 1382 1445 et
1429 1394 1492 1447 de
1531 1409 1632 1461 quo
1664 1392 1896 1458 procedit

319 1484 697 1553 principaliter
728 1482 978 1551 Spiritus,
1015 1485 1116 1538 nisi
1150 1484 1286 1538 Deus
1318 1483 1497 1536 Pater.
1548 1483 1672 1536 Ideo
1721 1491 1895 1534 autem

325 1576 517 1630 addidi
545 1577 928 1645 principaliter,
951 1578 1074 1645 quia
1105 1588 1149 1630 et
1175 1577 1238 1630 de
1267 1575 1408 1629 Filio
1432 1575 1659 1644 Spiritus
1681 1585 1896 1628 sanctus

321 1675 606 1738 procedere
637 1672 911 1736 reperitur.
949 1668 1053 1724 Sed
1085 1671 1180 1721 hoc
1207 1684 1408 1737 quoque
1445 1668 1528 1720 illi
1565 1664 1722 1719 Pater
1754 1665 1894 1718 dedit

1391 265 1794 341 ADVERSUS
1836 277 2157 338 succos
2198 275 2340 335 nn.
2382 273 2463 334 n.

218 398 229 403 ·
325 385 570 455 Spiritus
590 386 760 439 sancti
786 385 927 454 fuit;
963 387 1052 442 sed
1073 389 1473 456 demonstratio,
1498 407 1587 458 per
1608 405 1892 458 congruam
1925 391 1968 449 Α
1997 387 2149 448 tiam,
2187 393 2238 436 et
2269 384 2472 450 inspira
2515 380 2662 444 mihi,
2693 388 2740 435 et
2768 382 2893 435 doce
2920 396 3003 435 me
3027 397 3116 449 per
3144 382 3373 451 gratiam
3403 392 3572 444 tuam,

3472 272 3606 337 nr

2003 480 2262 546 quomodo
2297 476 2350 526 in
2388 485 2435 526 te
2467 473 2860 542 inculpabiliter
2886 483 3125 541 oporteat
3161 476 3390 535 credere,
3429 485 3487 528 ut
3527 485 3575 528 te

2008 568 2193 628 Deum,
2241 583 2425 628 unum,
2451 575 2707 618 a’ternuns
2735 567 2972 624 sentiam.
3007 576 3055 619 et
3084 567 3564 634 incomprehensibi-

2003 661 2126 712 liter
2163 661 2361 712 trinum
2399 661 2450 710 in
2481 658 2718 726 personis
2754 660 2988 720 credam,
3028 658 3234 710 Patrem
3262 659 3576 728 ingenitum,

2007 749 2204 802 Filium
2227 767 2290 803 ea:
2311 749 2465 802 Patre
2489 750 2834 817 unigenitum,
2868 752 3224 814 procedentem
3252 766 3315 802 ex
3339 751 3575 818 utrisque

2000 849 2388 909 permanentem
2425 839 2680 905 Spiritum
2710 851 2973 892 sanctum.

2073 931 2216 985 Idem
2253 931 2304 984 in
2337 933 2525 984 eodem
2551 932 2686 984 libro
2713 949 2726 984 :
2755 931 2904 984 IIanc
2943 931 3098 999 ﬁdem
3130 950 3219 1000 per
3249 945 3315 998 te,
3343 945 3390 987 et
3421 951 3484 986 ex
3506 945 3572 1000 te,

2001 1033 2050 1076 et
2080 1025 2133 1076 in
2169 1033 2217 1076 te
2254 1023 2525 1090 conﬁteor,
2556 1039 2586 1075 ο
2633 1023 2807 1086 beata,
2835 1033 2886 1076 et
2922 1026 3214 1088 benedicta,
3264 1036 3313 1079 et
3341 1027 3574 1094 gloriosa

2006 1110 2261 1176 Trinitas,
2288 1128 2318 1165 ο
2348 1128 2487 1175 τινα,
2517 1122 2566 1164 et
2598 1129 2824 1176 summa.
2849 1125 2896 1167 et
2926 1127 3121 1169 (eterna
3157 1119 3356 1179 unitas,
3392 1117 3572 1179 Pater,

2001 1213 2046 1256 et
2078 1203 2267 1269 Filius,
2320 1215 2367 1256 et
2423 1202 2653 1272 Spiritus
2699 1218 2936 1271 sanctus,
3000 1209 3160 1274 Deus,
3218 1221 3264 1262 et
3318 1209 3572 1262 Dominus

2004 1292 2341 1358 Paracletus,
2375 1295 2632 1359 charitas,
2664 1301 2858 1366 gratia,
2895 1301 3040 1362 unio,
3078 1317 3198 1352 cera
3251 1302 3361 1361 luat,
3399 1319 3572 1354 rerum

2000 1387 2174 1438 lumen
2217 1402 2281 1438 ex
2314 1403 2435 1439 vero
2466 1389 2683 1452 lumine,
2720 1406 2836 1443 cera
2865 1391 3208 1455 illuminatio,
3247 1395 3413 1446 virens
3445 1395 3570 1451 rita.

2002 1479 2111 1530 vita
2145 1493 2208 1530 ex
2237 1479 2460 1541 virente,
2491 1481 2770 1532 viventium
2820 1483 3130 1548 riviﬁcatio,
3176 1483 3311 1550 fons,
3355 1485 3571 1551 [lui-ins,

2001 1568 2163 1631 rivus,
2197 1584 2332 1620 unus
2363 1585 2428 1622 ex
2474 1571 2640 1633 nullo,
2674 1587 2808 1624 unus
2839 1573 2902 1624 ab
2937 1589 3062 1633 uno,
3107 1589 3242 1626 unus
3287 1590 3351 1626 ex
3386 1577 3568 1626 ambo-

2001 1656 2114 1708 bus.
2166 1656 2242 1707 ΑΙ)
2294 1673 2397 1709 uno
2445 1660 2644 1723 omnia,
2691 1661 2864 1711 omnia
2911 1677 3002 1726 per
3037 1678 3196 1713 unum
3234 1663 3285 1713 in
3323 1679 3443 1715 uno.
3489 1664 3570 1715 Ex

324 1723 432 1814 non
459 1761 575 1830 jam
601 1723 892 1824 exsistenti,
913 1723 1231 1813 etinondum'
1249 1723 1497 1820 habenti;
1524 1759 1615 1811 sed
1642 1755 1895 1823 quidquid
1931 1723 1972 1775 η
2001 1748 2145 1800 nullo
2176 1747 2352 1811 Pater,
2384 1767 2448 1803 ea:
2477 1751 2662 1815 altero,
2688 1751 2847 1805 Patre
2877 1723 3090 1818 scilicet,
3121 1753 3328 1817 Filius;
3367 1771 3430 1808 ea:
3459 1772 3572 1807 am-

322 1850 592 1922 unigenito
668 1847 829 1903 Verbo
880 1849 1042 1913 dedit,
1100 1847 1356 1917 gignendo
1411 1846 1578 1898 dedit.
1634 1843 1722 1897 Sic
1775 1860 1896 1911 ergo

321 1959 442 1996 eum
497 1941 718 2012 genuit,
768 1952 823 1994 ut
875 1941 1038 1994 etiam
1091 1941 1156 1992 de
1210 1938 1306 1992 illo
1372 1941 1567 1991 donum
1627 1951 1898 1989 commune

322 2033 647 2101 procederet,
676 2042 724 2086 et
763 2031 996 2101 Spiritus
1023 2039 1233 2083 sanctus
1259 2037 1390 2082 esset
1415 2031 1712 2082 amborum.

399 2125 548 2180 Idem
574 2125 626 2178 in
661 2124 753 2179 lib.
778 2138 808 2176 ν
841 2123 915 2176 De
953 2122 1207 2177 Trinitate
1230 2137 1249 2175 :
1273 2120 1724 2186 Quemadmodum
1759 2119 1898 2172 Filio

322 2217 681 2271 substantiam
745 2225 961 2284 promat
1037 2216 1150 2268 sine
1218 2214 1373 2268 initio
1435 2213 1723 2281 teniporis,
1786 2213 1899 2266 sine

326 2308 684 2362 mutabilitate
751 2316 960 2361 natura:
1023 2321 1087 2359 ea:
1149 2303 1314 2360 Patre
1376 2306 1645 2369 nativitas,
1707 2305 1784 2357 ita
1847 2312 1897 2356 et

328 2400 563 2469 Spiritui
593 2409 779 2454 sancto
816 2416 928 2455 esse
959 2407 1174 2468 prestat
1196 2399 1309 2453 sine
1339 2398 1600 2467 principio
1628 2395 1894 2464 temporis,

321 2492 441 2545 sine
472 2491 822 2544 mutabilitate
871 2502 1094 2552 natura.
1127 2490 1240 2553 ipsa
1269 2505 1332 2542 ex
1364 2498 1584 2558 utroque
1607 2489 1894 2552 processio.

402 2580 541 2635 Idem
589 2597 751 2649 super
781 2579 937 2634 Joan.
974 2600 985 2632 ε
1014 2579 1325 2648 Corporalis
1356 2581 1449 2633 illa
1478 2580 1757 2650 insuﬁlatio
1794 2596 1895 2632 non

324 2673 562 2740 Spiritus
621 2673 794 2724 sancti
839 2672 1136 2726 substantia
1193 2672 1316 2739 fuit,
1375 2672 1463 2724 sed
1523 2671 1895 2724 demonstratio

319 2781 418 2833 per
455 2780 742 2832 congruam
779 2763 1241 2832 signiﬁcationem,
1269 2778 1372 2814 non
1401 2771 1606 2814 tantum
1650 2777 1682 2813 a
1715 2759 1894 2823 Patre,

319 2857 418 2910 sed
456 2857 620 2909 etiam
657 2871 691 2906 (ι
714 2854 850 2908 Filio
874 2855 1151 2921 procedere
1182 2853 1442 2921 Spiritum
1477 2861 1715 2904 sanctum
1737 2868 1754 2914 ;
1780 2853 1896 2920 quis

318 2948 462 3002 enim
498 2947 575 2997 ita
609 2944 816 2998 demens
865 2946 955 3008 sit,
990 2952 1046 2996 ut
1080 2945 1244 3008 dicat,
1296 2944 1460 2995 alium
1501 2957 1608 2994 esse
1642 2939 1896 3010 Spiritum

317 3047 590 3098 sanctum,
650 3051 803 3105 quem
868 3034 1140 3104 insuﬁlans
1208 3035 1354 3087 dedit
1403 3050 1422 3087 .·

320 3141 600 3201 postquam
631 3137 929 3196 assumptus
957 3137 1056 3191 est,
1089 3125 1276 3182 misit?

396 3223 542 3277 Idem
578 3221 646 3275 ad
690 3220 908 3275 Petrum
961 3219 1270 3289 quemdam,
1317 3219 1684 3288 postulantem
1735 3229 1897 3275 rectae

329 3313 452 3368 ﬁdei
483 3312 752 3368 conscribi
789 3313 1050 3388 regulam,
1079 3312 1432 3382 quadraginta
1468 3311 1610 3367 illam
1641 3311 1898 3382 capitulis

327 3403 604 3470 distinxit;
659 3416 890 3471 quorum
924 3403 1156 3471 singula,
1193 3403 1391 3469 dogma
1430 3402 1712 3457 continent
1751 3401 1896 3455 salu-

328 3498 446 3560 bre,
481 3504 646 3564 atque
697 3494 762 3548 ad
813 3493 969 3546 ﬁdem
1022 3494 1409 3547 necessarium.
1468 3491 1557 3544 Ait
1614 3491 1779 3559 igitur
1843 3491 1896 3544 in

327 3599 449 3653 cap.
492 3586 577 3639 8:
636 3582 967 3638 Firmissime
1021 3594 1156 3644 tene,
1217 3591 1267 3634 et
1320 3583 1621 3635 nullatenus
1671 3581 1896 3643 dubites,

328 3677 498 3742 ipsum
530 3673 786 3743 Spiritum
818 3683 1088 3736 sanctum,
1116 3675 1207 3740 qui
1246 3670 1455 3737 Patris,
1492 3687 1552 3722 ac
1590 3668 1719 3724 Filii
1764 3686 1898 3724 unus

331 3768 562 3833 Spiritus
601 3776 696 3832 est,
747 3785 780 3821 a
814 3765 993 3828 Patre,
1024 3773 1072 3818 et
1105 3763 1245 3816 Filio
1279 3763 1578 3832 procedere.
1627 3762 1714 3816 Ait
1760 3762 1900 3816 enim

334 3859 509 3915 Filius
539 3875 557 3912 :
593 3876 613 3910 ι
655 3858 788 3913 Cum
828 3860 1026 3912 venerit
1065 3855 1395 3920 Paracletus,
1434 3854 1666 3922 Spiritus
1708 3855 1900 3908 verita-

327 3955 413 4016 tis,
446 3953 537 4022 qui
568 3969 598 4006 a
634 3951 789 4004 Patre
817 3952 1045 4018 procedit
1071 3951 1117 3982 ’θ
1147 3967 1161 4015 ;
1199 3969 1218 4002 ι
1254 3966 1354 4019 quo
1383 3951 1435 4002 in
1466 3949 1579 4003 loco
1605 3965 1758 4002 suum
1790 3965 1900 4002 esse

331 4046 508 4098 docuit
543 4042 804 4112 Spiritum
833 4053 1094 4096 sanctum.
1151 4041 1274 4110 Ipse
1315 4042 1500 4109 quippe
1551 4052 1624 4094 est
1672 4040 1898 4095 Veritas.

334 4137 403 4191 Et
437 4154 503 4191 ea:
528 4135 672 4190 Filio
705 4137 982 4206 procedere
1016 4134 1269 4200 Spiritum
1301 4142 1564 4196 sanctum,
1599 4145 1645 4187 et
1680 4135 1900 4201 prophe-

331 4233 437 4284 tica
468 4230 637 4292 nobis,
673 4239 722 4282 et
750 4227 1034 4295 apostolica
1063 4227 1305 4278 doctrina
1340 4229 1694 4280 commendat.
1722 4227 1898 4281 Isaias

334 4326 471 4376 enim
506 4322 569 4374 de
605 4317 748 4372 Filio
797 4319 922 4370 dicit
957 4332 976 4370 :
1010 4335 1028 4367 ‹
1067 4315 1330 4370 Percutiet
1374 4327 1568 4370 terram
1601 4319 1745 4386 virga
1789 4321 1896 4372 oris

1997 1839 2154 1891 bobus
2188 1837 2416 1905 Spiritus
2446 1852 2686 1906 sanctus,
2736 1844 2832 1895 hoc
2881 1855 2978 1908 est,
3011 1861 3075 1897 ea:
3116 1845 3277 1899 Patre
3320 1855 3368 1898 et
3406 1844 3570 1899 Filio.
3663 1902 3673 1910 ,Ἰ

2008 1931 2170 1984 Verus
2211 1935 2436 2002 genitor,
2479 1937 2700 1999 veritas,
2737 1938 2959 2003 genitus,
2995 1936 3269 1987 amborum
3315 1937 3568 1996 charitae,

1998 2021 2230 2088 Spiritus
2255 2036 2493 2082 sanctus.
2521 2024 2713 2080 Unitas
2739 2043 2866 2091 una,
2887 2043 3038 2096 arqua
3062 2027 3334 2097 majestas,
3353 2028 3571 2097 trqualis

1998 2115 2190 2185 gloria,
2222 2134 2326 2169 una
2368 2117 2649 2187 eademque
2681 2121 2927 2175 essentia.

2072 2205 2310 2262 Sanctus
2360 2223 2581 2278 quoque
2629 2208 2737 2264 Leo
2771 2226 2931 2279 papa,
2976 2211 3074 2266 sub
3122 2227 3229 2282 quo
3272 2213 3570 2268 Chalcedo-

2001 2311 2169 2352 nense
2194 2299 2486 2352 concilium
2519 2299 2810 2355 conﬂatum
2843 2313 2962 2369 est;
3011 2303 3168 2371 cujus
3202 2303 3268 2357 de
3295 2303 3399 2358 llde
3425 2303 3573 2358 litte-

1998 2406 2112 2456 ras.
2188 2404 2353 2449 recta:
2433 2394 2555 2448 Ildci
2638 2397 2945 2452 columnam
3011 2399 3262 2452 universa
3337 2398 3573 2471 synodus

2000 2484 2255 2553 appellat,
2299 2485 2354 2540 in
2401 2489 2682 2543 canonicis
2717 2489 3092 2544 sanctionibus
3127 2498 3314 2543 contra
3351 2504 3445 2542 eos
3477 2492 3572 2555 qui

1995 2576 2242 2644 pecunia:
2276 2578 2472 2646 gratia,
2526 2595 2725 2634 munus
2780 2580 3142 2648 imponerent,
3197 2581 3268 2634 ait
3310 2598 3322 2633 :
3357 2579 3569 2643 Gnatia.

1997 2683 2116 2737 qua:
2141 2671 2307 2737 gratis
2338 2686 2438 2722 non
2483 2673 2661 2734 datur,
2706 2682 2753 2724 et
2792 2673 3072 2739 accipitur,
3109 2675 3284 2740 gratia
3330 2689 3432 2725 non
3471 2682 3569 2726 est.

2000 2761 2069 2814 At
2097 2758 2387 2815 Simoniaci
2418 2777 2519 2814 non
2538 2763 2698 2829 gratis
2719 2764 3017 2830 accipiunt;
3050 2781 3148 2815 non
3174 2780 3293 2829 ergo
3321 2766 3568 2831 gratiam,

1998 2870 2114 2919 qua:
2163 2855 2215 2906 in
2265 2853 2641 2908 ecclesiasticis
2694 2855 2969 2908 ordinibus
3022 2857 3252 2908 maxime
3299 2865 3570 2924 operatur,

1997 2947 2286 3013 accipiunt.
2339 2948 2400 3000 Si
2454 2956 2626 3000 autem
2678 2963 2780 2998 non
2859 2947 3146 3013 accipiunt,
3204 2963 3304 3000 non
3358 2947 3571 3009 habent,

1481 3034 1670 3099 alium,
1743 3050 1892 3103 quem
1923 3052 1969 3116 ρ
2003 3056 2162 3104 neque
2185 3042 2372 3110 gratis,
2399 3057 2560 3110 neque
2591 3057 2705 3094 cum
2731 3041 2948 3109 pecunia
2978 3039 3108 3092 dare
3137 3040 3299 3091 alicui
3331 3051 3568 3105 possunt.

2001 3131 2141 3194 Quid
2219 3133 2377 3201 igitur
2439 3135 2617 3185 dant?
2685 3131 2946 3200 Spiritum
3015 3129 3277 3183 mendacii
3346 3131 3568 3186 scilicet.

2002 3221 2274 3284 Quomodo
2293 3226 2318 3278 ?
2338 3225 2402 3277 Id
2429 3231 2780 3277 ostendemus.
2805 3221 2863 3275 Si
2890 3222 3025 3274 enim
3057 3220 3284 3287 Spiritus
3313 3226 3570 3288 veritatis,

2010 3311 2238 3367 Veritate
2273 3316 2388 3378 ipsa
2424 3323 2667 3378 te‘stante.
2687 3331 2750 3369 ea:
2777 3332 2878 3384 qua
2903 3317 3160 3382 procedit,
3187 3317 3353 3381 gratis
3386 3317 3573 3379 datur;

1999 3406 2181 3473 procul
2231 3406 2388 3459 dubio
2420 3409 2637 3474 spiritus
2695 3409 2956 3461 mendacii
2986 3423 3099 3460 esse
3145 3407 3570 3473 deprehenditur,

1999 3499 2088 3564 qui
2123 3513 2224 3548 non
2272 3498 2436 3564 gratis
2470 3499 2647 3550 datur.

2077 3586 2314 3639 Sanctus
2362 3587 2492 3637 item
2557 3588 2850 3654 Gregorius
2899 3590 3174 3648 Romanus
3224 3594 3483 3661 pontifex,
3520 3595 3573 3648 in

1961 3676 2188 3730 'bomtl.
2243 3690 2407 3744 super
2437 3676 2564 3729 Illud
2595 3675 2773 3730 Joan..
2838 3679 2966 3733 Cum
2992 3697 3107 3733 sero
3151 3695 3279 3736 esset
3339 3686 3427 3738 die
3477 3689 3568 3738 il’o

2002 3785 2109 3822 una
2139 3767 2498 3823 Sabbatorum
2526 3769 2592 3831 ⁷⁸,
2621 3770 2695 3823 ait
2722 3787 2734 3822 :
2775 3788 2793 3820 ι
2829 3769 2976 3824 Sicut
3022 3773 3160 3825 misit
3203 3791 3284 3826 me
3317 3774 3495 3836 Pater.
3526 3792 3571 3830 et

2003 3877 2093 3930 ego
2122 3861 2274 3914 mitto
2309 3876 2397 3914 vos
2433 3875 2452 3912 :
2493 3880 2512 3914 ι
2553 3863 2647 3914 hoc
2693 3874 2792 3925 est,
2835 3879 2897 3916 ea
2947 3864 3207 3918 charitate
3260 3882 3346 3919 vos
3392 3867 3572 3935 diligo,

2003 3969 2123 4006 cum
2181 3954 2320 4006 inter
2366 3954 2617 4007 scandala
2666 3964 3056 4021 persecutorum
3108 3957 3281 4016 mitto.
3317 3968 3424 4011 etc.
3457 3973 3576 4026 qum

2003 4057 2163 4112 supra
2199 4045 2526 4099 notavimus.
2555 4045 2697 4098 Idem
2733 4059 2853 4097 cum
2888 4056 3186 4114 exponeret
3214 4047 3340 4100 illud
3366 4048 3577 4102 Caulici

2004 4136 2362 4198 canticorum,
2387 4135 2597 4188 scilicet
2648 4152 2662 4188 :
2719 4137 2864 4188 Odor
2905 4149 3292 4205 unguentorum
3339 4149 3572 4203 tuorum,

2001 4240 2156 4294 super
2207 4227 2384 4279 omnia
2447 4237 2686 4280 aromata
2735 4225 2800 4281 ⁷⁸.
2849 4227 2964 4280 ait:
2999 4226 3328 4297 Unguentum
3361 4229 3577 4284 Domini

2009 4315 2239 4385 Spiritus
2263 4325 2476 4370 sanctus
2508 4331 2639 4380 erat,
2664 4320 2726 4370 de
2749 4335 2848 4386 quo
2878 4317 3138 4385 Propheta
3164 4323 3234 4373 ad
3261 4337 3373 4372 eum
3399 4321 3532 4374 dixit
3557 4338 3576 4376 :

334 4414 437 4475 sui,
500 4423 547 4465 et
616 4409 818 4479 Spiritu
873 4409 1133 4461 labiorum
1187 4424 1402 4462 suorum
1457 4385 1732 4478 interﬁciet
1799 4417 1895 4465 im-
1923 4385 1976 4446 D
2015 4427 2033 4460 ι
2075 4407 2238 4461 Unxit
2275 4419 2322 4462 te
2358 4408 2514 4472 Deus,
2555 4409 2688 4462 Deus
2737 4385 2878 4470 tuus,
2909 4411 3021 4463 oleo
3056 4412 3428 4465 exsultationis
3467 4428 3577 4480 prta

335 4501 568 4569 pium".
602 4518 620 4550 ι
669 4499 742 4553 De
774 4513 876 4566 quo
903 4508 951 4551 et
976 4499 1254 4565 Apostolus
1286 4499 1362 4552 ait
1403 4514 1421 4552 :
1460 4517 1478 4551 ε
1515 4499 1682 4565 Quem
1715 4501 1900 4556 Domi-

336 4605 432 4642 nus
466 4588 625 4642 Jesus
657 4589 931 4654 interﬁciet
980 4586 1182 4654 Spiritu
1214 4587 1318 4640 oris
1362 4589 1447 4643 sui
1474 4589 1541 4642 ".
1584 4607 1602 4642 ι
1656 4591 1821 4654 Quem
1851 4600 1901 4646 et

302 4659 440 4754 -‘ipse_
476 4681 774 4748 unigenitus
827 4677 998 4732 Filius
1047 4677 1163 4743 Dei,
1212 4680 1320 4733 oris
1363 4681 1448 4733 sui
1481 4679 1744 4749 Spiritum
1791 4699 1902 4737 esse

334 4773 605 4841 signanter
665 4774 976 4834 ostendens,
1043 4783 1159 4840 post
1235 4774 1668 4828 resurrectionem
1744 4791 1896 4829 suam

335 4865 604 4932 discipulis
641 4867 755 4919 suis
798 4866 1064 4936 insuﬁlans
1106 4867 1289 4919 dixit:
1326 4883 1344 4916 ‹
1372 4866 1605 4935 Accipite
1636 4865 1896 4933 Spiritum

335 4969 573 5010 sanctum
591 4958 656 5020 ",
681 4974 699 5006 ι
733 4967 778 5010 et
813 4957 973 5011 Joan.
1001 4959 1058 5011 in
1090 4957 1272 5027 Apoc.,
1298 4975 1362 5012 ex
1391 4974 1478 5011 ore
1503 4958 1667 5027 ipsius
1690 4957 1898 5013 Domini

335 5045 462 5102 Jesu
507 5049 737 5118 gladium
782 5049 858 5102 bis
901 5058 1115 5103 acutum
1144 5051 1420 5116 procedere
1453 5050 1586 5104 dixit
1612 5051 1685 5104 7".
1719 5070 1736 5103 ι
1779 5052 1900 5119 Ipse

337 5154 465 5210 ergo
505 5139 743 5208 Spiritus
787 5142 928 5211 ejus,
985 5141 1100 5209 ipse
1149 5148 1205 5195 et
1257 5141 1468 5208 gladius
1516 5155 1581 5196 ex
1632 5155 1726 5196 ore
1779 5143 1900 5212 ejus

336 5233 654 5301 procedens.

405 5322 546 5376 Idem
580 5323 633 5376 in
667 5321 760 5374 lib.
796 5320 870 5373 De
909 5321 1016 5389 ﬁde
1059 5319 1320 5372 catholica
1363 5336 1378 5374 :
1435 5319 1667 5385 Prcesta,
1702 5321 1898 5390 inquit,

337 5414 489 5480 mihi,
537 5415 591 5468 in
625 5416 728 5467 hac
771 5414 877 5478 via,
911 5429 1090 5482 quam,
1128 5423 1174 5467 te
1221 5414 1372 5478 duce,
1421 5413 1651 5478 ambulo,
1690 5415 1894 5482 sapien-

399 5617 445 5649 '°
475 5616 634 5672 Joan.
661 5634 753 5681 xv,
790 5617 883 5671 26.

347 5689 432 5742 I9.
509 5689 554 5721 "‘
584 5689 742 5744 Cant.
784 5705 858 5752 tv,
892 5689 974 5741 I0.
1051 5689 1095 5719 ⁷⁷
1121 5688 1261 5742 I’sal.
1297 5703 1441 5752 xuv,
1475 5688 1526 5742 8.

962 5617 1007 5648 "
1040 5617 1148 5671 Isa.
1183 5635 1256 5675 ιι,
1291 5619 1380 5671 AM.
1423 5617 1465 5648 "
1502 5616 1538 5670 ΙΙ
1566 5613 1758 5672 Thess.
1789 5631 1848 5682 ll,
1882 5619 1937 5681 8.

2005 4502 2350 4571 participibus
2379 4502 2480 4553 tuis
2508 4503 2576 4553 ⁷⁷.
2613 4519 2630 4553 ι
2683 4501 2790 4554 Hoc
2833 4502 2968 4564 oleo,
3013 4505 3222 4571 quando
3268 4505 3578 4558 incarnatus

2005 4603 2102 4655 est,
2137 4603 2320 4645 unctus
2352 4602 2428 4644 est
2453 4607 2471 4644 :
2508 4590 2626 4644 Non
2657 4590 2803 4644 enim'
2826 4595 3052 4659 primum
3087 4593 3238 4646 homo
3268 4595 3441 4661 [actus
3470 4605 3572 4652 est.

2006 4693 2186 4752 postea
2235 4682 2492 4750 Spiritum
2544 4692 2785 4735 sanctum
2830 4685 3026 4748 accepit
3073 4699 3092 4736 :
3128 4684 3239 4746 sed,
3267 4687 3476 4752 quando
3512 4689 3575 4740 de

2007 4773 2206 4842 Spiritu
2258 4786 2440 4828 sancto
2471 4774 2778 4826 incarnatus
2821 4783 2915 4836 est,
2951 4773 3109 4825 simul
3147 4784 3197 4825 et
3242 4776 3570 4836 incarnatus.

2005 4874 2052 4919 et
2087 4875 2273 4919 unctus
2315 4874 2413 4918 est.
2464 4865 2609 4917 Odor
2652 4865 2790 4917 enim
2841 4873 3224 4931 unguentorum
3273 4866 3574 4937 fragrantia

2006 4957 2173 5009 sancti
2209 4955 2436 5022 Spiritus
2469 4964 2564 5018 est,
2591 4957 2678 5022 qui
2734 4964 2781 5006 et
2811 4955 2874 5007 ab
2898 4955 3014 5023 ipso
3033 4959 3288 5024 procedit,
3313 4970 3358 5012 et
3383 4961 3437 5012 in
3459 4963 3576 5032 ipso

2006 5057 2295 5118 permanet.
2335 5047 2481 5100 Idem
2519 5047 2570 5099 in
2606 5046 2645 5099 ll
2688 5045 2873 5101 Mora].
2927 5046 3159 5116 Spiritus
3186 5063 3398 5107 sanctus
3436 5071 3574 5107 nuu-

2009 5157 2165 5211 quam
2197 5139 2425 5194 deseruit
2452 5138 2831 5192 humanitatem
2856 5139 3076 5204 Christi,
3102 5144 3254 5211 cujus
3281 5162 3344 5198 ea:
3371 5147 3577 5199 Deitate

2006 5233 2265 5305 procedit.

2077 5327 2183 5382 Ista
2220 5324 2434 5394 quidem
2468 5338 2494 5376 a
2545 5323 2748 5379 Latinis
2799 5323 3109 5379 doctoribus
3139 5337 3370 5394 sumpta,
3404 5337 3573 5389 pauca

2010 5427 2077 5486 de
2112 5417 2600 5476 innumerabilibus
2659 5419 2975 5484 posuimus:
3041 5432 3134 5482 per
3197 5432 3317 5483 (ιιιίῑι
3371 5411 3576 5465 Graec-is

3213 5608 3256 5637 "'
3286 5606 3444 5659 .loan.
3474 5619 3579 5670 xx,

2004 5645 2051 5684 τι
2082 5633 2241 5694 toan.
2278 5632 2368 5680 ss,
2401 5616 2492 5668 21.
2592 5615 2634 5645 ⁷⁵
2666 5615 2832 5683 Apoc.
2868 5629 2881 5664 ι
2915 5622 2965 5666 ct
2996 5624 3106 5662 XIX.
