4144 6296
552 293 656 364 “5
1806 315 2204 379 MANUELIS
2246 320 2552 384 CALECIE
3718 344 3845 409 116

549 414 937 515 musculi"!in
969 414 1065 469 Dei
1112 415 1318 515 scilicet
1344 415 1549 515 Spiritu
1582 433 1694 485 eos,
1750 432 1910 479 terra:
1970 426 2118 492 licet,
2148 427 2195 486 Δ
2224 436 2443 501 quidem
2488 437 2749 493 honorem
2780 439 3139 510 habebimus;
3175 444 3270 515 qui
3293 461 3421 504 vero
3465 449 3573 507 illis
3634 456 3847 511 obau-

552 521 617 608 ac
654 506 871 613 maris“
897 507 1302 613 intercapedine
1376 510 1680 613 disparatos
1737 515 2117 587 coniungente,
2221 525 2396 591 diunt,
2448 527 2731 583 haereticos
2779 506 3243 589 existimabimus.
3300 537 3432 600 Sed,
3487 506 3590 595 ista
3640 506 3840 613 pla—sie

552 598 604 649 in
622 612 741 698 .una
767 598 1049 698 catholicae
1076 600 1224 698 ﬁdei,
1249 603 1574 698 pietatisque
1601 607 1912 698 concordia.
1938 607 2121 679 Neque
2223 618 2398 687 inepta
2430 627 2557 674 sunt
2579 628 2633 674 et
2668 621 3080 678 absurdissima.
3111 625 3246 680 Nam
3276 598 3429 697 quod
3456 598 3665 687 beatust

547 686 691 788 cii-im
724 686 984 788 Ρτοφθίον
1010 691 1427 788 δεηῖεηῖειῑωυε
1452 711 1573 750 cum
1607 697 1699 763 εει,
1728 713 1865 769 quos
1882 699 2117 754 Verbum
2220 686 2471 776 gustinus
2509 710 2561 763 iu
2593 710 2705 764 suis
2738 710 2804 765 de
2845 722 3034 767 sancto
3086 686 3310 783 Spiritu.
3358 721 3673 787 sententiis,
3696 686 3844 778 “ne

469 836 472 839 ,
553 782 677 880 vita:
708 782 1004 849 continere,
1034 792 1085 838 et
1113 786 1346 840 humano
1396 789 1583 857 generi
1638 790 1975 858 esposltores
2004 790 2121 846 elo-
2224 797 2511 865 vestigium
2560 798 2775 867 quidem
2816 782 3185 869 ambiguitatis
3214 808 3537 871 ostenderit,
3598 782 3672 865 ei
3736 813 3841 868 di—

553 879 805 974 ξξυίοτυξη
835 886 1054 927 suorum
1087 888 1319 974 praeesse
1374 879 1561 943 voluit,
1603 894 1699 948 per
1748 896 1885 950 quos
1918 890 2122 936 morta-
2223 884 2325 939 etis
2353 886 2467 940 suis
2492 897 2737 943 constat:
2769 888 2891 944 Non
2922 893 3059 945 enim
3113 909 3414 961 possumus,
3452 900 3648 969 inquit,
3732 908 3841 959 ἀί-

551 960 680 1057 lium
705 962 959 1018 misertus
987 982 1225 1031 errores,
1254 971 1319 1021 ad
1369 972 1700 1037 agnitionem
1754 973 1833 1026 sui
1879 974 2119 1027 errantia
2223 992 2358 1038 cere,
2386 978 2527 1046 quod
2555 978 2787 1045 Spiritus
2817 992 3029 1036 sanctus
3052 1000 3086 1037 a
3116 960 3265 1039 Filio
3297 1003 3398 1041 non
3437 960 3714 1057 procedat.
3758 997 3839 1049 Et

554 1054 713 1149 corda
739 1065 1100 1149 converteret,
1133 1059 1215 1113 vel
1247 1062 1311 1114 de
1336 1062 1561 1117 veritate
1583 1063 1871 1119 dissentire
1923 1065 1989 1119 ab
2039 1066 2121 1119 in-
2223 1068 2315 1134 qui
2347 1068 2505 1122 aliter
2554 1069 2815 1132 sentiunt,
2877 1086 2973 1125 eos
3029 1054 3471 1131 dementissimos
3524 1082 3779 1149 appellat
3810 1102 3839 1147 ,-

555 1146 750 1211 viceni,
783 1157 876 1201 aut
904 1148 1027 1202 ﬁdei
1057 1150 1242 1211 duces,
1272 1151 1528 1207 Ecclesiae
1556 1154 1788 1228 decretis
1824 1164 1943 1223 post
1994 1157 2122 1211 bea-
2226 1157 2391 1227 Atque
2420 1159 2553 1212 hanc
2580 1159 2734 1227 [idem
2770 1161 2838 1213 ad
2868 1161 3054 1230 Deum,
3092 1165 3187 1226 alt,
3228 1176 3409 1233 aperte
3456 1146 3727 1237 conﬁteri,
3764 1146 3833 1228 in

552 1244 636 1290 tos
660 1238 931 1303 apostolos
958 1240 1161 1294 assumi
1183 1242 1533 1308 permisisset,
1552 1246 1645 1313 qui
1677 1248 2119 1315 gubernatorum,
2224 1267 2345 1318 qua.
2379 1266 2443 1303 ex
2468 1248 2609 1303 Filio
2636 1254 2911 1321 procedere
2928 1253 3183 1321 Spiritum
3211 1268 3454 1312 sanctum
3483 1264 3808 1318 continetur

552 1338 615 1377 ac
650 1325 1031 1392 magistrorum
1087 1329 1201 1383 vice
1252 1332 1694 1399 praecipitatores,
1742 1345 1796 1390 et
1846 1351 2123 1393 eversores
2224 1340 2369 1394 etab
2393 1342 2519 1407 ipsis
2557 1340 2845 1397 Salvuloris
2907 1347 3078 1398 verbis
3129 1347 3185 1398 id
3234 1351 3436 1403 ostendi
3496 1309 3833 1408 asseverat;

554 1414 911 1516 ecclesiastici
939 1420 1118 1487 gregis
1140 1418 1303 1474 luturi
1332 1434 1531 1477 essent.
1558 1424 1741 1493 Neque
1799 1436 1943 1480 tanta
1988 1442 2123 1481 con-
2224 1399 2490 1499 additque,
2560 1432 2729 1498 ipsam
2767 1434 3145 1501 propheticum,
3211 1399 3828 1511 atqueﬁivapbiiolicZu:

556 1505 682 1559 cilia
711 1521 895 1561 errare
931 1511 1288 1579 permisisset,
1323 1529 1463 1581 quae,
1487 1516 1568 1569 sic
1602 1517 1671 1570 de
1699 1517 1803 1571 illis
1831 1518 1960 1573 viris
2015 1530 2124 1573 sta-
2226 1520 2546 1583 doctrinam,
2591 1536 2656 1574 ex
2705 1520 2846 1575 Filio
2902 1524 3179 1592 procedere
3226 1505 3501 1594 Spiritum.
3533 1540 3826 1597 sanctum,

557 1602 791 1659 tuerunt,
822 1606 877 1651 ut
901 1598 1154 1666 juberent
1180 1615 1388 1668 omnes,
1418 1605 1508 1672 qui
1547 1620 1577 1659 a
1629 1606 1845 1661 Christo
1891 1607 2123 1663 Christi-
2227 1614 2608 1666 commendare.

557 1685 643 1784 ani
674 1685 1001 1784 dicerentur,
1028 1706 1121 1744 eos
1152 1694 1385 1747 revereri
1436 1697 1488 1747 in
1551 1700 1828 1760 omnibus,
1889 1700 2125 1768 nihilque
2156 1763 2196 1784 η
2298 1702 2424 1758 Hzec
2459 1714 2640 1760 autem
2681 1707 2921 1773 proiecto
2975 1712 3293 1782 ambigentis
3346 1728 3453 1768 non
3512 1722 3680 1768 sunt:
3749 1722 3825 1768 et

559 1774 769 1829 illorum
804 1778 963 1834 dictis
995 1785 1267 1839 contraire
1297 1802 1312 1850 ;
1351 1801 1525 1855 neque
1554 1799 1798 1854 pastores
1843 1804 1938 1845 eos
1983 1804 2121 1856 esse,
2156 1763 2197 1817 Β
2226 1791 2443 1848 Petrum
2478 1763 2788 1851 ﬁrmissime
2810 1806 3016 1865 tenere,
3061 1763 3303 1857 cuiiullo
3352 1805 3515 1859 modo
3554 1763 3825 1858 dubitare

559 1878 627 1917 ne
654 1866 723 1919 ad
748 1878 1042 1938 prwrupta,
1079 1882 1132 1927 et
1168 1876 1481 1944 praecipitia,
1538 1893 1751 1950 gregem
1811 1880 1910 1935 sibi
1954 1882 2127 1935 credi-

558 1966 667 2006 tum
697 1961 1090 2024 pertraherent.
1120 1962 1226 2019 Sed
1261 1981 1359 2021 nec
1380 1968 1551 2021 sancti
1579 1969 1688 2038 jam
1740 1981 1944 2037 essent,
1997 1986 2127 2026 nos-

558 2062 661 2114 que
690 2051 817 2105 caeci
847 2067 1017 2108 caecos
1071 2070 1460 2125 sequeremur,
1520 2060 1838 2130 ignorantia:
1893 2063 2129 2117 tenebris

559 2140 767 2203 caicati,
816 2157 912 2197 nec
973 2146 1254 2201 veritatem
1320 2159 1698 2218 agnoscentes.
1756 2149 1977 2217 Verum,
2027 2154 2130 2207 hoc

561 2228 801 2295 proiecto
834 2243 938 2297 est,
991 2236 1207 2302 oblique
1264 2242 1318 2291 in
1399 2238 1563 2292 Deum
1644 2242 1846 2295 erroris
1918 2242 2127 2309 culpam

562 2324 911 2392 intorquere;
951 2326 1127 2395 idque,
1157 2343 1277 2382 cum
1323 2330 1571 2383 Salvator
1601 2342 1788 2387 noster
1840 2346 2013 2401 usque
2062 2334 2130 2389 ad

562 2418 1088 2471 consummationem
1115 2420 1298 2475 saeculi
1341 2422 1620 2477 nobiscum
1671 2438 1729 2478 se
1760 2428 1874 2478 lore
1931 2426 2132 2494 promi-

566 2503 721 2568 serit,
755 2517 855 2573 pro
885 2505 1082 2575 quibus
1104 2509 1451 2575 redimendis,
1481 2512 1660 2569 omnis
1708 2513 1786 2568 illi
1833 2528 1960 2570 cura
2002 2515 2128 2583 fuit,

562 2594 853 2664 omniaque
875 2596 1114 2667 implevit
1156 2612 1515 2658 sacramenta.

633 2684 922 2753 Caeterum,
968 2688 1016 2744 si
1077 2690 1168 2759 qui
1228 2691 1441 2747 beatum
1504 2696 1860 2766 Augustinum
1912 2707 2133 2754 senten-

563 2777 694 2832 tiam
727 2778 871 2834 illam
901 2782 967 2836 de
990 2791 1177 2838 sancto
1205 2784 1432 2852 Spiritu,
1463 2802 1571 2842 non
1624 2790 1776 2859 quasi
1800 2790 1991 2860 dogma
2022 2792 2130 2846 im-

566 2869 763 2925 mobile
824 2873 1115 2942 protulisse
1172 2878 1540 2945 arbitrantur,
1614 2896 1789 2952 neque
1847 2884 1921 2937 ita
1981 2885 2130 2939 illum

563 2964 820 3029 sensisse,
875 2977 930 3020 et
981 2967 1103 3023 aliis
1162 2976 1490 3036 persuadere
1540 2973 1812 3039 voluisse,
1872 2978 2127 3043 quoniam

2227 1885 2294 1937 de
2355 1887 2637 1956 processu},
2668 1889 2840 1942 sancti
2892 1889 3122 1956 Spiritus
3187 1908 3254 1947 ex
3316 1893 3451 1949 Filio
3516 1896 3817 1949 admonet.

2227 1978 2399 2047 Atque
2428 1979 2481 2032 in
2546 1978 2651 2034 line
2703 1983 3055 2052 quadraginta
3105 1986 3494 2052 capitulorum,
3559 2003 3683 2057 quae
3735 1989 3823 2045 ad

2227 2083 2348 2121 eum
2380 2070 2619 2140 scripsit,
2652 2072 2804 2138 quasi
2846 2074 3199 2137 concludens,
3232 2076 3348 2129 ait:
3385 2076 3627 2146 Singula,
3662 2093 3806 2145 quc:

2228 2161 2339 2215 illic
2366 2162 2506 2215 dicta
2541 2174 2729 2225 essent,
2762 2174 2967 2217 tantum
3020 2167 3225 2220 roboris
3272 2168 3342 2221 ad
3368 2169 3527 2237 ﬁdem
3588 2168 3815 2234 habere,

2228 2262 2285 2306 ut
2315 2254 2406 2323 qui
2432 2253 2509 2307 vel
2556 2272 2715 2309 unum
2770 2270 2834 2309 es:
2895 2257 3004 2310 illis
3061 2258 3265 2312 abolere
3318 2260 3593 2324 niteretur,
3640 2259 3807 2329 quasi

2229 2348 2501 2415 manifeste
2542 2349 2731 2412 impius
2781 2350 3171 2419 communisque
3218 2352 3382 2419 pestis
3414 2353 3800 2415 exsecrandus,

2229 2447 2389 2506 atque
2413 2438 2691 2509 fugiendus
2717 2450 2891 2502 esset;
2922 2450 2970 2495 et
3000 2458 3162 2510 neque
3205 2445 3259 2495 in
3288 2461 3468 2498 mensa
3496 2445 3597 2508 illi,
3633 2460 3803 2516 neque

2228 2528 2284 2581 in
2311 2529 2421 2582 alio
2476 2530 2702 2598 quolibet
2746 2532 3261 2596 communicandum,
3314 2549 3476 2602 neque
3540 2534 3795 2588 salutan-

2230 2622 2375 2685 dum,
2414 2637 2575 2691 neque
2603 2623 2697 2676 sub
2728 2632 2919 2676 tectum
2949 2625 3235 2678 vocandum
3285 2626 3383 2679 ait.

2301 2712 2526 2767 Constat
2554 2714 2739 2784 igitur,
2766 2714 2915 2783 quia,
2947 2729 3067 2783 quae
3090 2714 3158 2770 de
3210 2715 3312 2769 ﬁde
3370 2716 3702 2781 crediderat,
3734 2732 3801 2771 ea

2228 2814 2285 2859 et
2310 2807 2606 2870 scribebat,
2634 2806 2820 2874 eisque
2845 2819 3033 2860 omnes
3062 2806 3305 2873 credere,
3326 2816 3383 2861 et
3407 2808 3805 2873 obtemperare,

2228 2914 2282 2960 et
2336 2901 2614 2965 monebat,
2654 2905 2711 2951 et
2779 2896 2991 2955 orabat,
3038 2904 3099 2949 ut
3152 2911 3270 2963 quae
3340 2906 3519 2953 essent
3573 2896 3808 2949 maxime

2229 2994 2464 3052 salubria
2503 3001 2557 3047 et
2577 3004 2720 3044 vera.
2750 2985 3081 3055 Desipuisset
3139 2986 3279 3041 enim
3332 2988 3575 3056 profecto
3623 2987 3806 3055 Angu-

566 3064 745 3133 "nquo
800 3064 856 3119 in
906 3068 1049 3135 loco:
1106 3069 1429 3139 scriptorum
1484 3081 1702 3121 su°mm
1752 3066 1946 3121 dixem
1979 3065 2130 3135 (ὅθί
2164 3087 2435 3152 Cstinus,
2488 3084 2554 3146 si,
2608 3096 2707 3151 pro
2756 3078 2977 3133 incertis
3044 3077 3226 3141 rebus,
3289 3088 3488 3132 tantam
3544 3078 3800 3130 ultionem

570 3153 711 3207 Solis
745 3157 1012 3210 canonicis
1062 3157 1371 3224 Scripturis,
1407 3160 1597 3214 divinis
1646 3159 1841 3212 scilicet
1891 3158 2133 3227 eloquiis,

568 3245 786 3299 lectores
807 3248 1170 3302 incunctanter
1190 3266 1249 3303 ac
1267 3251 1377 3303 sine
1400 3250 1507 3302 ulla
1551 3250 1871 3303 hcesitatione
1907 3249 2135 3315 credere,

568 3344 720 3404 atque
744 3327 1460 3408 assentiri'debere;scriptis
1492 3356 1606 3393 vero
1660 3340 1795 3404 suis,
1847 3354 1949 3391 non
2018 3346 2138 3391 tan-

570 3442 679 3485 tum
709 3433 923 3486 honoris
974 3433 1291 3498 impendere,
1345 3435 1457 3496 sed,
1507 3433 1552 3485 si
1620 3433 1828 3497 quidem
1876 3430 2138 3484 canonicis

572 3524 864 3591 Scripturis
893 3522 1235 3585 concordant,
1283 3524 1583 3591 suscipere;
1617 3539 1672 3577 se
1702 3538 1817 3576 vero
1843 3523 1889 3575 si
1916 3537 2139 3590 usquam

573 3633 606 3668 a
641 3619 857 3667 veritate
883 3614 1197 3675 aberrasset,
1222 3615 1588 3668 correctionem
1637 3624 1789 3683 atque
1813 3612 2141 3667 emendatio-

532 3768 537 3775 .
574 3722 689 3759 nent
719 3721 822 3758 non
853 3706 1022 3760 solum
1046 3723 1159 3777 non
1196 3722 1427 3770 renuere,
1473 3723 1647 3759 verum
1677 3718 1722 3759 et
1774 3704 1989 3761 libenter
2032 3719 2144 3755 am-

571 3804 884 3874 ptecti;qui
910 3818 1041 3873 ergo
1072 3803 1196 3857 talia
1250 3801 1551 3869 proferunt,
1606 3802 1768 3856 etiam
1820 3799 2142 3869 Apostolqu

571 3898 797 3951 Paulum
836 3896 1147 3964 Apostolico
1178 3896 1347 3948 choro
1396 3892 1681 3948 detrudere
1709 3901 2009 3965 coguntur;
2048 3906 2145 3945 ne-

570 3988 844 4059 queillum
866 3987 1113 4040 veritatis
1135 3984 1572 4053 praedicationem
1608 3984 1779 4038 scisse
1812 3982 2144 4037 fatebuntur.

644 4080 871 4133 Beatum
906 4078 1031 4130 item
1093 4074 1407 4145 Dionysium
1464 4074 1690 4128 veritate
1736 4073 2021 4138 excidisse,
2078 4088 2143 4126 ex

574 4169 757 4226 verbis
790 4169 930 4224 illius
983 4168 1325 4223 occasionem
1386 4165 1554 4230 nacti,
1606 4164 1798 4218 dicturi
1844 4172 1990 4217 sunt.
2051 4162 2146 4218 Ille

572 4265 717 4318 enim
755 4262 865 4317 ait:
896 4260 1155 4325 Quoniam
1182 4276 1287 4313 non
1320 4275 1432 4311 sunt
1459 4259 1646 4327 dignus
1676 4288 1677 4293 η
1703 4257 1879 4310 vocari
1937 4268 2146 4325 aposto-

572 4354 736 4418 tolus,
761 4362 809 4407 et
839 4352 1068 4405 nondum
1116 4352 1347 4405 arbitror
1380 4366 1458 4403 me
1513 4349 1979 4417 comprehendisse.
2042 4349 2147 4404 [ste

578 4443 787 4500 veroin
843 4443 948 4497 line
1008 4442 1131 4496 libri
1203 4442 1279 4497 De
1335 4442 1526 4495 divinis
1573 4442 1889 4506 nominibus,
1945 4443 2146 4495 veniam

571 4537 711 4605 petiit
731 4536 777 4589 si
798 4534 923 4603 quid
948 4533 1158 4586 omnino
1187 4533 1264 4587 vel
1296 4534 1348 4585 in
1377 4542 1544 4602 parte,
1568 4548 1601 4585 a
1629 4532 1844 4585 veritate
1866 4532 2144 4587 aberravit.

580 4628 673 4682 Sin
704 4637 909 4692 autem,
939 4640 1057 4695 qua:
1088 4639 1118 4679 a
1163 4626 1392 4680 summis
1448 4625 1600 4688 viris,
1669 4637 1765 4692 per
1819 4623 2142 4678 modestiam

576 4731 632 4776 et
694 4709 1056 4775 humilitatem
1115 4718 1259 4773 dicta
1332 4728 1481 4786 sunt,
1530 4731 1634 4770 non
1688 4724 1901 4785 oportet
1951 4724 2156 4774 contra~

580 4813 725 4879 illos,
756 4814 912 4883 quasi
941 4810 1137 4867 abillis
1191 4809 1555 4865 testimonium
1624 4821 1839 4860 sumere
1868 4824 1884 4871 ;
1920 4821 2140 4875 prorsus

574 4918 719 4961 etca
757 4921 939 4975 quaza
992 4904 1150 4959 beato
1205 4900 1510 4971 Augustino
1564 4897 1959 4952 modestissime
2014 4904 2142 4952 sunt

577 5001 757 5060 dicta,
782 5008 970 5051 contra
1012 4996 1159 5049 illum
1200 4993 1441 5062 proferre
1500 4991 1551 5045 in
1605 4988 1994 5054 testimonium,
2034 4991 2144 5044 imo

581 5098 770 5142 contra
793 5086 1093 5152 veritatem,
1125 5085 1205 5139 las
1236 5100 1340 5138 non
1387 5092 1489 5138 est.
1541 5081 1688 5136 Alias
1752 5081 1895 5134 enim
1932 5090 2146 5135 sancto-

582 5193 701 5233 rum
753 5178 1019 5231 maximas
1072 5179 1301 5230 virtutes
1362 5184 1689 5239 evertetnus,
1743 5173 2146 5243 catholicosque

580 5277 830 5326 doctores
904 5268 1291 5322 arbitrabimur
1334 5267 1479 5321 circa
1558 5266 1714 5320 (idem
1766 5265 2145 5333 naulragasse,

579 5364 807 5431 aliisque
838 5374 1059 5427 parasse
1088 5358 1463 5427 naufragium;
1492 5356 1846 5425 eosdemque,
1899 5366 1953 5410 et
1983 5369 2141 5409 sanc-

583 5468 663 5512 tos
711 5452 870 5508 simul
910 5459 963 5507 ct
995 5461 1253 5505 nocentes
1301 5447 1708 5518 appellabimus,
1781 5457 1833 5499 et
1874 5446 2148 5517 magistris

2239 3177 2556 3233 expetisset.
2644 3185 2659 3200 '

2347 3194 2556 3231 etlsset.
2646 3194 2659 3200 -

2306 3194 2446 3335 auiti
2475 3277 2654 3321 autem
2688 3266 2883 3321 dicturi
2911 3273 3037 3323 sunt
3066 3265 3135 3319 de
3177 3260 3493 3316 doctoribus
3533 3258 3757 3327 reliquis
3782 3256 3807 3311 2

2241 3374 2417 3427 neque
2438 3358 2579 3411 enim
2608 3372 2796 3412 omnes
2831 3358 3109 3426 ambiguos
3136 3353 3315 3407 dicent
3342 3369 3355 3403 :
3387 3349 3618 3416 Quidam
3646 3362 3799 3413 vero,

2240 3453 2296 3500 et
2342 3444 2514 3509 illum,
2553 3453 2610 3497 et
2670 3460 2792 3497 cum
2861 3444 2952 3497 illo
3018 3442 3152 3496 alios
3208 3438 3472 3509 plurimos
3524 3438 3804 3492 doctorum

2241 3551 2454 3592 errasse
2485 3536 2552 3591 de
2578 3546 2765 3589 sancto
2807 3535 3032 3603 Spiritu,
3080 3533 3212 3586 nihil
3242 3533 3437 3585 mirum
3482 3544 3601 3585 esse
3659 3543 3807 3583 asse-

2243 3637 2463 3683 verant:
2496 3626 2745 3681 Homines
2774 3628 2959 3695 quippe
2994 3624 3178 3693 fuisse,
3232 3634 3279 3675 et
3307 3638 3505 3687 errare,
3541 3622 3805 3674 hominum

2243 3734 2371 3773 esse.
2397 3715 2500 3769 Sed
2537 3716 2637 3769 ista
2694 3715 2936 3785 proiecto
2993 3714 3358 3782 improborum
3418 3710 3578 3765 nimis
3635 3708 3807 3762 homi-

2245 3824 2370 3863 num
2403 3818 2548 3871 sunt,
2578 3816 2631 3860 et
2675 3822 2873 3862 eorum.
2915 3804 3005 3873 qui
3065 3804 3314 3860 doctores
3377 3816 3481 3855 una
3529 3801 3807 3854 destruere

2246 3902 2513 3955 nituntur.
2538 3898 2678 3965 Quid
2696 3899 2845 3952 enim
2880 3896 3136 3966 prohibet
3176 3896 3364 3949 eadem
3397 3894 3627 3953 ratione,
3686 3904 3806 3944 om-

2246 4007 2343 4047 nes
2376 3991 2578 4061 pariter
2608 3988 3002 4059 exploderent?
3054 3987 3312 4039 Homines
3339 3985 3479 4039 enim
3520 3978 3733 4036 luerunt
3755 3988 3806 4034 et

2246 4087 2369 4155 ipsi,
2407 4103 2469 4142 ac
2495 4086 2656 4139 veluti
2682 4086 2734 4138 in
2766 4083 3044 4153 profunda:
3076 4082 3252 4136 noctis
3291 4080 3492 4135 versati
3546 4075 3805 4132 tenebris.

2247 4175 2361 4232 Hoc
2414 4176 2560 4231 enim
2607 4188 2899 4239 concesso,
2970 4187 3157 4226 omnes
3217 4170 3602 4224 arbitrabimur
3667 4166 3810 4218 circa

2247 4270 2406 4325 ﬁdem
2474 4267 2884 4325 cunctabundos
2927 4275 2980 4320 et
3032 4264 3222 4319 dubios
3275 4264 3502 4323 haerere,
3554 4258 3813 4324 nulloque

2250 4363 2440 4416 horum
2482 4359 2689 4430 judicio
2740 4366 2953 4411 utemur
3001 4355 3067 4409 ad
3139 4364 3447 4408 sanctarum
3511 4348 3809 4401 litterarum

2253 4450 2684 4520 intelligentiam.
2728 4446 2805 4501 Ne
2868 4445 2960 4501 isti
3014 4444 3251 4515 quidem,
3301 4443 3392 4508 qui
3441 4441 3553 4495 huic
3601 4437 3812 4499 dicunt,

2248 4542 2547 4605 habebunt,
2604 4538 2746 4594 unde
2785 4553 2887 4593 sua
2944 4536 3161 4591 ﬁrmare
3208 4533 3440 4604 possint,
3498 4526 3814 4584 nutantibus

2247 4632 2525 4690 omnibus.
2577 4629 2784 4697 Quibus
2828 4630 2974 4686 enim
3032 4624 3357 4690 rationibus,
3411 4636 3550 4691 quos
3603 4619 3813 4681 volunt,

2248 4724 2543 4792 magistros
2612 4728 2869 4790 arguunt,
2937 4718 3137 4773 eisdem
3192 4725 3246 4770 et
3300 4713 3407 4781 ipsi
3470 4717 3786 4778 arguentur.

2247 4813 2447 4883 Nempe
2470 4814 2610 4869 enim
2631 4826 2736 4867 non
2760 4811 3001 4865 omnium
3025 4808 3290 4863 sedebunt
3307 4804 3518 4873 judices
3543 4799 3642 4871 (a),
3663 4813 3817 4853 com-

2252 4920 2445 4959 munes
2496 4905 2712 4973 quidem
2786 4900 3039 4955 Ecclesiae
3114 4898 3422 4968 magistros,
3505 4893 3604 4957 ipsi
3665 4903 3815 4954 vero,

2249 4997 2417 5052 veluti
2469 4995 2749 5064 sapientia:
2804 5008 2869 5047 ac
2908 4989 3147 5046 scientiae
3210 4990 3494 5041 thesauros
3544 4995 3715 5051 penes
3760 4993 3820 5033 se

2252 5088 2503 5143 coiiditos
2531 5086 2814 5149 habentes,
2855 5098 3055 5153 eosque
3084 5096 3244 5151 supra
3302 5067 3602 5132 humanam
3671 5080 3821 5125 natu-

2258 5196 2370 5235 ram
2400 5179 2571 5236 fuisse
2618 5177 2937 5247 gloriantes,
2989 5190 3109 5244 quas
3168 5171 3270 5241 ipsi
3330 5166 3645 5238 proferunt,
3703 5162 3819 5216 sola

2253 5272 2514 5337 obtinere,
2549 5283 2612 5323 ac
2644 5277 2755 5321 rata
2786 5281 2929 5332 esse,
2971 5282 3033 5321 ac
3078 5262 3388 5317 ﬁrmissima
3437 5257 3620 5311 dicere
3649 5253 3818 5307 aude-

2253 5362 2406 5417 bunt.
2442 5361 2636 5428 Atque,
2670 5367 2733 5414 ut
2791 5360 2950 5413 datur
3010 5351 3259 5421 intelligi,
3307 5363 3402 5403 eos
3448 5344 3667 5415 quidem
3724 5341 3818 5409 qui

2255 5453 2495 5506 omnium
2572 5466 2858 5514 consensu,
2900 5446 3165 5516 sapientia
3191 5480 3208 5509 ,
3253 5450 3310 5496 et
3397 5436 3678 5493 sanctitate
3722 5432 3823 5485 llo-

653 5573 763 5641 (56)
806 5570 865 5625 S.
896 5566 1231 5636 Augustinus
1283 5564 1333 5617 in
1384 5562 1544 5632 epist.
1604 5574 1716 5616 six.
1757 5559 1867 5615 lloc
1915 5559 2121 5618 dictum
2148 5563 2384 5620 haeretici
2417 5567 2674 5640 perpetim
2708 5567 2761 5619 in
2791 5577 2886 5619 ore
2916 5561 3116 5616 habent
3151 5566 3339 5617 contra
3393 5556 3613 5610 Patrum
3687 5564 3817 5603 auc-

582 5643 913 5699 t‘lurilalcm.

652 5737 720 5800 (η)
747 5736 901 5785 Deest
926 5733 1127 5796 aliquid.
