4144 6296
319 83 434 149 127

1387 90 1789 154 ADVERSUS
1822 88 2144 149 GRECOS
2187 89 2333 151 LIB.
2383 87 2468 149 Ῑῐ.

3483 79 3582 142 HR

311 220 400 259 ru
435 212 580 266 runt,
616 202 908 274 fragilitate
940 204 1540 262 conditionishumaua:
1570 207 1622 261 lu
1658 219 1902 262 errorem
1928 212 1980 266 Α
2007 208 2154 259 nium
2189 202 2514 259 naturalium
2543 200 2832 267 bonorum,
2868 199 3156 269 Patrisque
3177 197 3319 252 bona
3380 194 3586 248 habeat

312 298 512 366 lapsos
533 295 734 362 dicent,
770 297 873 351 sibi
903 308 1083 352 autem
1128 299 1229 367 ipsi
1287 299 1666 354 tantummodo
1711 313 1903 353 errore

311 387 500 454 decipi
525 402 631 441 non
660 401 840 453 posse,
894 389 1164 458 peculiare
1205 392 1358 445 erit?

394 477 506 533 Sed
543 480 665 541 ista,
724 491 784 532 ut
837 481 1126 548 superbiae,
1181 482 1534 551 stultitiaque
1591 483 1902 552 plenissima

313 573 436 626 iiiis
473 571 874 639 relinquantur.
910 583 1046 640 quos
1093 573 1324 628 delectat
1359 575 1669 643 huiusmodi
1732 577 1908 632 fatuas

315 664 662 732 inutilesque
693 663 952 733 gloriolae
979 667 1132 733 sequi
1164 682 1178 728 ;
1231 668 1466 720 maxime
1494 683 1617 721 cum
1645 668 1903 734 possibile

316 773 433 811 non
469 757 563 815 sit.
589 757 806 810 eosdem
838 765 890 810 et
926 771 1145 812 sanctos
1168 760 1562 825 consentiente,
1611 759 1744 812 orbe
1781 761 1906 813 uul-

318 864 509 914 verso,
547 848 734 908 fuisse,
763 859 812 900 et
851 864 880 902 a
915 851 1016 902 fide
1043 852 1315 913 deviasse,
1353 851 1471 905 sine
1495 866 1599 922 qua
1647 851 1758 907 Dco
1789 852 1907 918 pla-

315 957 452 997 cere
481 942 822 1009 impossibile
853 952 956 1005 est,
986 951 1044 997 ut
1073 945 1148 997 ait
1218 945 1512 1012 Apostolus
1543 945 1610 1000 ".
1662 944 1770 999 Nos
1807 960 1906 998 au-

318 1048 434 1088 tem
461 1036 726 1090 honorem
766 1036 869 1090 illis
900 1037 967 1089 ab
1008 1037 1414 1093 universalibus
1474 1039 1719 1093 conciliis
1755 1039 1910 1092 attri-

318 1131 518 1181 Ilutum
549 1140 852 1192 Servantes,
895 1129 1104 1199 hosque
1131 1140 1190 1184 ut
1237 1140 1620 1200 prmceptores,
1654 1139 1709 1185 et
1737 1132 1907 1186 duces

317 1221 547 1276 Gnaeos
590 1220 919 1292 Latinosque
975 1231 1304 1293 sequentes:
1377 1222 1442 1276 In
1509 1222 1717 1279 Christo
1769 1225 1908 1278 enim

320 1310 484 1374 Jesu,
525 1329 688 1382 neque
718 1313 970 1381 Judwus,
1023 1331 1186 1384 neque
1234 1312 1452 1369 Crtrcus
1476 1325 1552 1370 est
1613 1315 1814 1383 aliquid
1840 1315 1907 1378 τ’,

319 1405 586 1475 quodque
609 1421 637 1458 a
678 1405 920 1476 quolibet
966 1407 1191 1472 dictum,
1223 1407 1489 1461 veraciter
1516 1409 1758 1461 eamdem
1809 1407 1910 1459 ha-

320 1499 419 1551 bet
456 1497 585 1560 vim,
621 1496 905 1560 Iibrantes,
953 1497 1056 1551 sibi
1119 1497 1275 1566 ipsis,
1332 1507 1495 1565 atque
1559 1498 1789 1552 invicen
1845 1500 1910 1551 de

321 1597 522 1642 sancto
549 1587 780 1656 Spiritu,
819 1587 974 1642 valde
1023 1591 1321 1644 concordes
1379 1589 1694 1658 aspicimus.

403 1679 508 1733 Alii
555 1681 696 1734 enim
761 1696 827 1736 ex
893 1680 1033 1735 Filio
1087 1683 1380 1748 procedere
1436 1684 1586 1736 aiunt
1647 1681 1908 1750 Spiritum

323 1781 611 1835 sanctum;
644 1771 744 1825 Alii
795 1786 914 1827 esse
941 1789 1009 1827 ex
1052 1770 1210 1836 Filio,
1269 1783 1430 1840 atque
1455 1777 1522 1828 ab
1571 1789 1637 1829 eo
1662 1788 1782 1828 esse
1815 1774 1912 1828 ha-

328 1865 484 1929 bere,
518 1873 571 1919 et
603 1864 670 1917 ab
707 1865 823 1933 ipso
851 1866 1178 1920 naturaliter
1227 1866 1469 1934 prodire,
1523 1877 1579 1921 et
1646 1865 1908 1936 profundi

323 1965 381 2007 et
413 1955 674 2020 emicare,
710 1965 764 2010 et
793 1955 1084 2023 proﬂuere,
1118 1971 1179 2010 ac
1207 1971 1303 2026 per
1347 1956 1544 2012 Filiqu
1579 1965 1632 2012 et
1663 1972 1724 2011 ex
1775 1956 1912 2012 Filio

323 2047 663 2113 procedere;
692 2056 766 2111 et,
801 2047 844 2102 si
890 2047 1017 2116 quid
1058 2046 1326 2117 ejusmodi
1376 2048 1746 2119 intelligentia:
1780 2062 1908 2117 pro-

323 2141 532 2194 ximum
571 2140 640 2194 ab
670 2141 750 2196 eis
781 2141 1000 2204 dicitur,
1035 2157 1374 2211 quanquam,
1411 2142 1511 2197 etsi
1542 2155 1646 2212 qua
1709 2157 1738 2196 a
1787 2158 1906 2196 ma-

323 2232 512 2300 gistris
548 2232 837 2288 obscurius
869 2233 1120 2289 fortassis
1161 2234 1225 2289 de
1279 2234 1381 2289 hac
1450 2249 1509 2289 re
1563 2234 1706 2288 dicta
1761 2234 1912 2288 vide-

324 2321 553 2386 bantur,
597 2325 899 2390 prudentia:
931 2323 1130 2390 fuerat,
1163 2341 1224 2379 ea
1257 2340 1322 2381 ex
1391 2325 1700 2380 manifestis
1746 2327 1909 2380 dictis

325 2410 681 2481 interpretari
713 2430 728 2470 :
760 2429 827 2468 ne
865 2423 1082 2483 propter
1113 2430 1211 2471 nos
1232 2416 1515 2472 videantur
1541 2425 1597 2472 et
1627 2418 1728 2474 sibi
1767 2418 1903 2486 ipsis

325 2511 381 2557 et
415 2503 644 2557 invicem
674 2503 817 2557 sacri
874 2506 1124 2560 doctores
1177 2505 1500 2562 adversari:
1567 2508 1618 2562 id
1670 2509 1912 2576 profecto

323 2608 429 2662 pro
460 2604 616 2648 certo
667 2593 931 2650 habentes
979 2597 1122 2664 quod
1177 2611 1206 2649 a
1263 2597 1370 2652 Deo
1413 2597 1599 2652 traditi
1656 2597 1912 2654 Ecclesiae

326 2686 606 2754 magistri,
648 2701 932 2753 nunquam
997 2687 1228 2742 diversis
1288 2690 1428 2743 inter
1459 2703 1519 2743 se
1569 2691 1913 2758 dogmatibus

321 2774 624 2829 dissentire
658 2785 918 2842 possent:
949 2790 1044 2845 per
1075 2793 1306 2846 quorum
1369 2794 1430 2833 os
1490 2796 1630 2835 unus
1690 2782 1800 2849 ille,
1859 2792 1913 2840 et

323 2865 551 2920 divinus
585 2864 842 2933 Spiritus,
877 2865 944 2921 de
995 2883 1106 2938 quo
1162 2884 1344 2925 sermo
1390 2883 1497 2938 est,
1548 2873 1761 2932 locutus

404 2955 500 3011 liis
530 2957 748 3026 pOsilis,
787 2968 1000 3013 constat
1029 2974 1092 3014 ex
1151 2960 1237 3015 his
1265 2978 1385 3032 qua:
1448 2969 1808 3024 communiter
1859 2981 1913 3025 et

329 3047 682 3115 singulariter
710 3065 737 3102 a
761 3051 964 3106 sanctis
990 3051 1241 3109 Patribus
1270 3056 1410 3110 dicta
1442 3061 1868 3126 prmnotavimus
1897 3077 1912 3116 :

330 3138 474 3208 quod
513 3139 613 3206 ipsi
654 3142 827 3194 sancti
865 3142 962 3196 viri
1061 3143 1152 3211 qui
1209 3160 1275 3200 cx
1335 3145 1493 3202 Patre
1560 3135 1655 3218 per
1719 3149 1914 3206 Filium

331 3234 620 3299 procedere
699 3232 958 3301 Spiritum
1045 3247 1295 3294 sanctum
1367 3240 1655 3308 dixerunt,
1718 3252 1771 3296 et
1847 3257 1916 3298 ex

333 3321 467 3379 Filio
491 3325 808 3392 procedere,
837 3337 890 3382 et
925 3328 993 3381 ab
1016 3329 1132 3396 ipso
1191 3345 1332 3397 esse,
1388 3341 1554 3401 atque
1594 3333 1662 3388 ab
1697 3348 1766 3389 eo
1795 3349 1918 3391 esse

335 3414 552 3480 habere,
587 3424 640 3470 et
679 3431 742 3472 ex
771 3432 837 3472 eo
869 3420 1192 3474 naturaliter
1222 3422 1462 3490 prodire,
1492 3435 1546 3478 et
1597 3423 1869 3492 proﬂuere
1898 3443 1914 3480 :

331 3518 405 3567 et.
440 3509 484 3562 si
522 3509 650 3576 quid
683 3519 768 3563 est
805 3510 1146 3580 hujusmodi,
1189 3521 1386 3580 praeter
1411 3513 1460 3566 id
1491 3515 1634 3580 quod
1689 3531 1755 3570 ex
1786 3516 1918 3586 ipsis

333 3601 457 3654 fidei
495 3601 778 3672 principiis
802 3602 1128 3658 necessario
1154 3605 1232 3658 sic
1262 3605 1365 3659 ista
1395 3606 1819 3677 concluduntur,
1847 3627 1916 3667 ex

333 3692 466 3761 ipsis
521 3691 823 3750 Salvatoris
881 3695 1107 3750 vocibus
1169 3697 1489 3754 occasiones
1544 3714 1910 3770 acceperunt;

331 3800 392 3837 ex
427 3783 594 3839 Patre
628 3785 844 3854 quidem
891 3786 1036 3839 illum
1067 3787 1188 3842 ideo
1218 3801 1337 3844 esse
1388 3802 1720 3860 asserentes,
1771 3795 1916 3864 quod

329 3875 584 3931 Salvator
613 3877 665 3931 in
705 3877 1014 3948 Evangeliis
1051 3879 1274 3945 dixerit,
1301 3881 1408 3949 Qui
1453 3901 1484 3938 a
1523 3885 1688 3941 Patre
1738 3902 1919 3956 prore.

330 3970 403 4023 dit
431 3969 503 4024 ⁸⁰ο
548 3968 652 4022 Per
683 3967 880 4025 Filium
945 3987 1074 4026 vero
1113 3988 1255 4038 esse,
1328 3985 1380 4028 et
1440 3991 1512 4033 ex
1567 3977 1726 4046 Filio,
1791 3982 1916 4050 quia

333 4064 505 4128 ipsum
561 4061 844 4126 Dominus,
894 4079 1041 4120 nunc
1093 4066 1312 4134 quidem
1369 4069 1617 4126 veritatis
1650 4071 1914 4140 Spiritum

327 4154 550 4218 dixerit,
590 4169 736 4209 nunc
766 4162 949 4210 autem
997 4158 1173 4225 ipsum
1231 4159 1517 4229 discipulis
1553 4164 1917 4232 corporaliter

1813 2878 1906 2934 sit.
1937 2911 1982 2970 ο

2008 298 2245 367 propria,
2277 304 2443 364 atque
2471 294 2776 364 praecipua;
2807 307 2872 348 ac
2909 307 2975 346 ex
3015 303 3118 354 eo,
3150 288 3293 359 quod
3326 302 3433 340 non
3472 300 3589 339 ser-

2007 392 2211 453 viliter,
2242 405 2306 445 ac
2334 390 2568 445 ministri
2613 387 2791 444 ollcio
2827 403 2858 441 a
2912 386 3052 442 Filio
3108 384 3365 444 mittitur,
3404 388 3591 446 utpote

2006 485 2216 554 quiest
2266 480 2734 538 incommutabilis
2779 481 2960 548 imago
3007 477 3208 532 Patris.
3272 473 3401 528 Haec
3441 471 3589 524 enim

2007 593 2072 633 ex
2111 578 2391 648 praedictis
2424 577 2698 632 insinuata
2725 574 2834 628 sint
2862 573 2966 628 etsi
2998 570 3228 639 plurima
3260 570 3390 623 sint.
3429 569 3492 623 Et
3520 569 3592 622 il-

2009 669 2098 722 lud
2139 683 2244 722 una
2280 675 2523 737 apparet,
2558 668 2701 735 quod
2733 664 2954 734 quando
2997 661 3298 716 insufﬂavit
3339 661 3392 714 in
3416 661 3590 716 disci-

2009 761 2172 830 pulos
2232 760 2530 823 Dominus,
2588 766 2641 813 et
2691 757 2831 811 dixit
2877 755 2960 810 eis
2999 772 3013 808 :
3049 752 3280 821 Accipite
3329 750 3592 820 Spiritum

2008 861 2252 908 sanetum
2286 852 2355 919 ⁸³,
2387 852 2479 921 qui
2538 866 2604 906 ex
2664 849 2826 904 Patro
2875 862 2973 917 per
3025 845 3222 900 Filium
3274 843 3596 899 naturaliter

2010 945 2210 1015 prodit,
2235 953 2288 999 et
2335 959 2431 1013 per
2455 958 2515 1000 se
2546 943 2930 1012 procedentem
2972 938 3122 993 dedit
3145 936 3247 992 eis.

2083 1038 2197 1092 Hoc
2229 1037 2418 1107 igitur,
2449 1047 2508 1092 ut
2538 1037 2744 1090 dictum
2785 1042 2868 1089 est
2899 1034 2966 1087 ab
2999 1031 3260 1107 Ecclesia:
3291 1027 3591 1098 magistris,

2011 1129 2145 1184 satis
2176 1143 2341 1196 supra
2373 1127 2706 1183 declaratum
2735 1136 2866 1192 est;
2904 1124 3176 1193 pra‘cipue
3237 1105 3417 1177 Gruen
3477 1137 3595 1176 ma-

2010 1235 2152 1289 gnus
2183 1218 2413 1273 Basilius
2441 1235 2596 1274 suam
2632 1219 2733 1273 hac
2760 1218 2824 1273 de
2849 1233 2909 1272 re
2951 1217 3258 1287 Opinionem
3323 1214 3592 1278 iudicans,

2012 1313 2269 1382 praedicta
2293 1314 2602 1367 confirmat.
2635 1311 2769 1365 Nam
2799 1312 2852 1365 in
2904 1321 3104 1378 quarto
3167 1317 3358 1362 contra
3413 1305 3597 1359 Euno-

2013 1405 2202 1468 mium,
2221 1404 2274 1456 lu
2295 1417 2404 1457 uno
2423 1402 2662 1470 capitulo
2679 1402 2824 1474 quod
2872 1401 3185 1457 inscribitur
3205 1399 3360 1466 Quod
3408 1397 3592 1450 divina

2015 1507 2203 1551 natura
2255 1499 2326 1553 slt
2393 1498 2658 1568 Spiritus:
2729 1496 2963 1564 Spiritus
2985 1497 3144 1557 enim,
3174 1492 3369 1562 inquit,
3398 1490 3590 1543 uirenti

1944 1581 1985 1636 Β
2025 1586 2189 1643 Verbo
2215 1591 2285 1644 ad
2305 1590 2594 1645 creandum
2614 1587 2951 1656 conjunctus,
2980 1583 3095 1636 uiua
3116 1583 3282 1636 uirtus
3303 1591 3401 1642 est,
3425 1589 3474 1634 et
3502 1597 3600 1633 na-

2015 1692 2158 1744 tura,
2181 1683 2384 1745 diuina,
2415 1681 2698 1748 ineﬁabilis
2727 1692 2790 1733 ex
2818 1677 3078 1745 ineﬁ'abili
3107 1691 3197 1730 ore
3217 1675 3482 1741 prodiens,
3509 1673 3596 1724 in-

2013 1770 2399 1840 eﬂabiliterprr
2443 1769 2849 1839 insumationem
2897 1767 3235 1819 inkominem
3277 1764 3493 1822 emissa.
3546 1767 3596 1814 et

2013 1862 2298 1916 secundum
2326 1867 2556 1932 (armum
2583 1878 2614 1914 a
2643 1858 2854 1913 Christo
2903 1855 3255 1925 corporaliter
3302 1863 3594 1917 ostensum,

2013 1970 2197 2008 rursus
2219 1953 2286 2006 ab
2318 1955 2430 2019 ipso
2444 1969 2536 2021 per
2556 1951 2958 2022 insuﬁlationem
2980 1949 3244 2002 restituta.
3271 1945 3600 2000 Concurrere

2011 2047 2196 2112 quippe
2221 2042 2488 2112 oportebat
2520 2043 2752 2114 antiqua:
2790 2039 3016 2094 novitati
3055 2046 3360 2106 prtrsentem
3393 2050 3599 2103 quoque

2015 2136 2418 2201 renovatiouem,
2457 2145 2507 2190 et
2549 2133 2857 2204 hujusmodi
2893 2132 3292 2188 concursionem
3330 2128 3588 2196 expressit

2013 2229 2307 2298 insuﬂlans,
2343 2245 2447 2282 non
2484 2227 2622 2281 alius
2653 2227 2932 2287 exsisteus,
2973 2240 3132 2290 quam
3164 2224 3208 2276 is
3233 2222 3324 2292 qui
3348 2223 3411 2273 ab
3439 2220 3598 2274 initio

2012 2322 2397 2391 insuﬂlaoerat;
2428 2322 2518 2376 sed
2539 2322 2667 2388 ipse,
2687 2336 2778 2389 per
2800 2334 2949 2389 quem
2967 2318 3112 2371 dedit
3135 2317 3270 2372 Deus
3295 2314 3599 2385 insuﬁlatio-

2013 2430 2150 2479 nem,
2175 2425 2296 2469 tunc
2320 2416 2524 2485 quidem
2547 2431 2663 2468 cum
2683 2413 2886 2476 anima,
2906 2427 3043 2464 nunc
3063 2420 3238 2464 autem
3259 2410 3311 2463 in
3336 2410 3593 2462 animum.

2085 2503 2311 2576 Magnus
2337 2520 2551 2574 quoque
2587 2505 2940 2566 Athanasius,
2967 2506 3019 2556 in
3055 2503 3220 2570 epist.
3243 2507 3308 2556 ad
3342 2502 3598 2569 Serapio-

2014 2613 2136 2653 nem
2185 2599 2252 2652 de
2296 2596 2500 2666 Spiritu
2548 2606 2756 2661 sancto,
2820 2597 2975 2663 cujus
3026 2597 3255 2649 iuitlum‘
3287 2606 3370 2648 est
3410 2613 3424 2649 :
3469 2593 3600 2662 Legi

2015 2706 2151 2744 nunc
2183 2705 2384 2759 quoque
2415 2689 2667 2755 scriptam
2704 2704 2734 2740 a
2781 2696 2874 2740 tua
2915 2686 3252 2740 ueneratione
3279 2684 3594 2750 epistolam,

2015 2781 2125 2834 ait:
2155 2779 2391 2850 Denique
2419 2780 2654 2833 mittente
2705 2777 2863 2832 Patre
2891 2775 3170 2845 Spiritum,
3206 2775 3403 2828 Filium
3440 2773 3591 2827 illum

2015 2872 2304 2941 discipuli!
2353 2872 2622 2941 insuﬂlans
2684 2871 2846 2925 dedit.
2875 2869 3070 2926 Omnia
3128 2870 3262 2924 enim
3293 2885 3409 2938 qut!
3439 2869 3596 2922 habet

2017 2962 2198 3031 Pater,
2234 2962 2365 3018 Filii
2391 2974 2534 3019 sunt.

2086 3055 2318 3111 Sanctus
2351 3056 2476 3110 item
2512 3054 2746 3126 Cyrillus
2804 3055 2858 3110 in
2911 3070 2962 3109 tv
3023 3056 3093 3111 ad
3147 3053 3448 3118 llrrmiam,
3484 3053 3594 3108 ait:

2017 3146 2194 3204 Simul
2223 3150 2381 3210 enim,
2418 3159 2575 3218 atque
2622 3149 2816 3204 summi
2846 3147 3070 3216 Opiﬂcis
3113 3148 3470 3217 immobilibus
3503 3163 3600 3199 nu-

2018 3238 2154 3292 tibus
2185 3249 2379 3292 natura
2410 3239 2635 3294 horninis
2676 3242 2746 3295 ad
2784 3240 3140 3294 substantiam
3203 3249 3451 3306 prouecta
3497 3246 3596 3301 est,

2017 3331 2199 3385 Itabitu
2219 3333 2379 3386 etiam
2409 3332 2480 3384 ad
2505 3330 2771 3398 Spiritum
2805 3333 3241 3400 componebatur.
3304 3330 3604 3403 Insumauit

2018 3423 2158 3476 enim
2189 3423 2243 3474 in
2273 3425 2460 3491 faciem
2499 3423 2614 3491 ejus
2677 3424 3001 3490 spiraculum
3048 3426 3186 3490 vitat,
3250 3443 3354 3479 non
3414 3427 3594 3489 aliter,

2020 3522 2076 3566 ut
2109 3527 2251 3573 reor,
2282 3513 2507 3566 animali
2532 3515 2628 3566 lace
2656 3512 2821 3566 lucem
2854 3514 3316 3583 sanctificationis,
3353 3519 3597 3585 proprie-

2021 3606 2247 3674 tatisque
2281 3606 2350 3658 ad
2385 3603 2551 3658 Deum
2579 3604 2846 3668 habituro,
2884 3604 2983 3657 nisi
3011 3604 3419 3671 participatione
3479 3607 3598 3674 Spi-

2022 3699 2155 3752 ritus
2174 3700 2344 3752 sancti
2369 3699 2550 3767 [uisset
2575 3706 2818 3753 ornatus.
2865 3695 3054 3767 Itaque
3082 3708 3130 3751 et
3155 3697 3370 3767 quando
3417 3701 3599 3769 unige-

2020 3790 2163 3844 nitus
2216 3791 2388 3848 {actus
2444 3799 2520 3843 est
2584 3788 2760 3854 homo,
2814 3788 3125 3850 desertam,
3171 3804 3237 3841 ac
3285 3789 3600 3844 destitutam

2019 3884 2240 3952 antiquo
2291 3885 2445 3948 bono,
2476 3893 2523 3936 et
2577 3883 2716 3954 quod
2747 3900 2779 3937 a
2816 3883 3077 3952 principio
3122 3893 3414 3950 acceperat,
3446 3884 3592 3937 inue-

2019 3975 2170 4028 niens
2201 3985 2448 4030 naturam
2475 3977 2726 4036 Inominis.
2755 3992 2869 4028 eam
2891 3991 3074 4030 rursus
3095 3975 3149 4028 in
3172 3975 3305 4028 illud
3329 3977 3597 4044 transfor-

2021 4081 2167 4120 mare
2188 4069 2413 4131 curavit,
2441 4069 2603 4122 ueluti
2632 4084 2665 4121 a
2691 4067 2854 4137 fonte,
2893 4068 3109 4134 propria
3133 4067 3335 4121 scilicet
3371 4068 3601 4136 plenitu-

2020 4155 2140 4208 dine
2162 4155 2313 4208 illum
2343 4158 2659 4219 immittens.
2683 4174 2744 4211 ac
2773 4159 2950 4211 dicens
2981 4173 3000 4212 :
3036 4175 3056 4210 ι
3083 4159 3314 4225 Accipite
3343 4157 3598 4224 Spiritum

331 4247 644 4301 ostenderit.
721 4247 900 4316 Atque
963 4264 1112 4303 nunc
1203 4253 1422 4320 quidem
1487 4255 1554 4307 ad
1620 4255 1917 4323 discipulo.
1948 4256 1994 4310 ι)
2024 4257 2288 4313 sanctum,
2325 4267 2343 4298 ι
2379 4249 3080 4317 ευὶάεηιὲοτεἰηεκηιαιὶοηε
3109 4265 3200 4317 per
3219 4266 3432 4304 carnem
3479 4249 3603 4319 Spi-

331 4336 426 4398 alt,
475 4336 613 4402 Quia
641 4338 706 4392 de
768 4355 880 4392 meo
930 4341 1148 4408 accipiet
1203 4352 1251 4396 et
1305 4347 1636 4400 aununtiabit
1684 4348 1916 4407 vobis".

332 4428 480 4484 Nunc
509 4445 640 4484 vero
667 4431 735 4485 ad
753 4430 1002 4486 Patrem:
1037 4431 1229 4488 Omnia
1272 4452 1388 4490 mea
1429 4446 1523 4491 tua
1563 4418 1706 4507 sunt,
1743 4452 1794 4496 et
1824 4453 1917 4498 tua

329 4537 440 4576 mea
467 4533 591 4577 sunt
611 4521 674 4578 ³².

397 4615 576 4684 Atque
606 4630 671 4670 ex
709 4630 798 4681 eo,
829 4617 973 4686 quod
1030 4617 1169 4672 mitti
1203 4619 1422 4687 quidem
1459 4620 1698 4692 Spiritus
1732 4640 1761 4680 a
1814 4625 1916 4681 Pa-

334 4716 412 4762 tre
438 4716 493 4762 et
529 4707 746 4773 donari,
773 4718 827 4764 et
862 4711 905 4763 si
934 4709 1059 4778 quid
1089 4710 1400 4781 huiusmodi
1424 4723 1510 4771 est
1537 4754 1553 4780 ,
1588 4717 1727 4772 mitti
1757 4734 1911 4784 vero.

327 4807 380 4854 et
409 4799 553 4864 dari,
597 4807 654 4854 et
683 4815 710 4853 a
745 4798 882 4855 Filio
950 4800 1148 4858 ibidem
1181 4806 1398 4874 dicitur,
1450 4823 1623 4876 neque
1679 4811 1908 4866 seorsim

329 4890 494 4944 mittit
529 4887 693 4946 Pater
719 4890 981 4961 Spiritum
1011 4906 1281 4962 sanctum,
1323 4913 1386 4952 ac
1425 4901 1652 4955 seorsim
1694 4899 1903 4968 Filius;

327 4983 420 5036 sed
449 4997 516 5037 ex
547 4997 611 5038 eo
635 4985 777 5052 quod
806 5001 834 5038 a
869 4985 1030 5040 Patre
1072 5002 1166 5056 per
1187 4988 1382 5042 Filium
1420 5000 1581 5061 atque
1613 5007 1676 5047 ex
1717 4992 1900 5060 Patre,

326 5085 380 5129 et
409 5073 550 5129 Filio
575 5091 678 5130 una
715 5077 959 5144 datione,
990 5095 1093 5132 una
1129 5080 1414 5150 largitione
1437 5122 1452 5147 ,
1482 5099 1587 5138 una
1646 5085 1906 5142 missione

327 5166 506 5231 datur,
571 5179 624 5222 et
686 5170 956 5226 tnittitur:
1020 5173 1475 5241 quemadmodum
1533 5176 1746 5230 scilicet
1796 5194 1898 5237 una

329 5257 672 5324 processione
703 5276 768 5314 ex
794 5261 959 5315 Patre
1015 5277 1111 5332 per
1180 5262 1376 5318 Filium
1427 5267 1693 5332 procedit,
1738 5277 1895 5340 atque

328 5362 393 5400 cx
425 5361 511 5411 eo,
564 5349 711 5417 quod
743 5347 912 5406 Filius
967 5363 1196 5408 consors
1255 5354 1326 5408 sit
1379 5364 1720 5423 paternorum
1777 5375 1887 5418 om.

436 5466 478 5496 "
506 5465 663 5524 Ilebr.
700 5481 774 5534 xt,
808 5467 861 5522 6.
976 5469 1019 5501 "
1049 5470 1225 5526 Galat.
1261 5487 1338 5535 III,
1371 5473 1459 5527 28.

1569 5477 1613 5506 ⁸⁰
1641 5475 1787 5533 Joan.
1820 5497 1887 5548 λν

328 5554 420 5601 xx,
442 5535 526 5589 2|.
1836 5535 1912 5580 qi

2027 4340 2158 4392 ritus
2189 4350 2432 4392 naturam
2452 4342 2644 4408 optime
2689 4341 2931 4411 signans.

2097 4430 2300 4485 Prmter
2331 4431 2435 4485 ista
2467 4447 2614 4498 vero,
2647 4448 2769 4502 qua:
2791 4450 2818 4485 a
2852 4433 3055 4489 sanctis
3083 4433 3213 4490 viris
3250 4435 3395 4490 dicta
3451 4445 3598 4501 sunt,

2025 4521 2220 4591 quibus
2277 4533 2462 4590 aperte
2525 4525 2818 4589 iudicatur,
2879 4526 3142 4595 Spiritum
3207 4539 3456 4583 sanetum
3507 4546 3604 4600 per

2029 4613 2448 4670 insnlllationem
2533 4616 2817 4685 discipulis
2901 4617 3127 4671 datum:
3162 4622 3600 4691 quandoquidem

2027 4707 2116 4764 hic
2141 4722 2369 4776 magnus
2423 4706 2652 4762 Basilius
2710 4707 2972 4776 Spiritum
3026 4707 3212 4766 Verbo
3250 4712 3602 4782 coniunctum

2021 4807 2092 4864 ad
2120 4803 2441 4867 creandum,
2470 4817 2631 4871 quem
2658 4809 2713 4856 et
2749 4800 2922 4854 vivam
2978 4803 3257 4870 virtutem,
3281 4815 3338 4861 et
3364 4808 3604 4864 divinam

2020 4898 2164 4965 dim
2201 4908 2454 4958 naturam
2481 4907 2510 4946 a
2535 4891 2755 4948 Christo
2783 4909 2880 4964 per
2926 4896 3344 4953 insulilatiouem
3397 4902 3604 4956 homini

2017 4995 2201 5073 fuisse
2225 4989 2563 5057 restitutam;
2604 4999 2766 5054 quam
2793 4985 2955 5040 etiam
2990 5001 3309 5055 corpoream
3363 4991 3606 5058 appella-

2016 5107 2113 5183 Vm
2149 5097 2386 5176 {ormam
2441 5076 2506 5132 ab
2578 5076 2696 5146 ipso
2737 5076 3198 5146 demonstratam;
3261 5081 3608 5134 manifestum

2237 5211 2309 5269 δι’
2345 5171 2490 5243 ωιοὸ
2535 5168 2749 5240 quando
2789 5168 3065 5269 iusulilaus
3119 5170 3259 5269 dixit
3305 5187 3320 5222 :
3384 5168 3613 5269 Accipite

2339 5275 2597 5344 sanctum,
2626 5275 2719 5330 per
2745 5262 2850 5314 hoc
2912 5261 3111 5328 ipsum,
3171 5258 3264 5323 qui
3315 5270 3379 5308 ex
3444 5256 3613 5308 Patre

2313 5401 2402 5468 ϐε,
2459 5356 2706 5425 Spiritum
2769 5350 3075 5404 insinuavit.
3161 5344 3273 5398 lloc
3327 5343 3466 5396 enim
3537 5348 3623 5398 est

2283 5427 2309 5476 ι’

2393 5527 2452 5575 ῃ.
2487 5494 2593 5543 “i,
2627 5471 2708 5526 ﬂ.
2802 5468 2846 5499 "
2877 5466 3025 5519 loan.
3053 5479 3177 5525 wn,
3211 5462 3295 5516 il).
3399 5459 3443 5493 ⁸³
3467 5463 3629 5517 Joan.

2802 5468 2846 5499 “
2877 5466 3025 5519 loan.
3053 5479 3177 5525 wn,
3211 5462 3295 5516 il).
