4144 6296
1817 99 1856 140 \

501 269 606 331 119

1755 273 2153 334 MANUELIS
2187 277 2494 338 CALECAZ

3641 278 3772 344 12)

499 385 676 440 Verbo
707 386 1058 456 conjunctam
1085 387 1252 444 luisse
1281 390 1347 443 ad
1400 393 1716 452 creandum,
1750 391 1922 444 vivant
1952 405 2064 444 νη·-
2097 401 2139 446 tt
2170 407 2325 460 quam
2363 401 2636 455 sensertnt,
2671 403 2718 446 et
2754 405 2912 462 usque
2939 391 2992 445 in
3033 391 3187 459 ﬁnem
3241 391 3294 443 in
3353 406 3414 444 ea
3474 391 3782 462 impietate

499 479 669 532 lntcm
700 479 936 532 divinam
971 488 1238 541 naturam,
1303 479 1636 536 Paracletum
1661 481 1892 537 scilicet.

569 593 724 657 Quod
761 600 940 646 autem
999 594 1249 662 formam,
1297 594 1448 647 aiunt
1507 593 1758 660 Basilius,
1807 596 2071 665 Cyrillns-

499 699 624 745 que,
651 683 1107 737 adumbrationem
1155 700 1246 752 per
1289 701 1500 739 carnem
1546 684 1777 750 Spiritus
1835 696 2070 751 natural,

499 776 599 829 hoc
635 776 967 844 Augustinus
998 776 1333 846 corporalem
1368 777 1784 832 insuﬂlationem
1819 780 2070 848 appella-

499 867 595 920 rit.
626 864 690 918 Et
717 867 844 934 quia
870 865 1063 931 forma,
1097 875 1150 921 et
1180 867 1526 922 adumbratio
1576 869 1812 937 Spiritus
1865 883 2071 924 natura:

507 967 614 1020 est,
651 957 1073 1012 insulilationem
1104 958 1248 1011 illam
1278 973 1382 1011 non
1427 973 1548 1012 esse
1603 959 1842 1025 Spiritus
1899 963 2069 1016 sancti

500 1048 859 1103 substantiam
895 1049 1056 1111 dixit,
1093 1049 1186 1104 sed
1215 1049 1602 1104 documentum
1653 1067 1747 1119 per
1800 1053 2071 1122 propriam

497 1151 551 1194 et
605 1155 902 1205 congruam
957 1139 1428 1207 significationem,
1481 1141 1623 1210 quod
1711 1142 1798 1196 hic
1839 1143 2074 1212 Spiritus

499 1242 720 1288 sanctus
742 1233 904 1285 etiam
927 1247 991 1284 ex
1022 1231 1158 1284 Filio
1183 1231 1521 1300 procederet.
1579 1233 1646 1287 Et
1697 1236 1891 1288 merito
1919 1249 2071 1298 sane,

501 1326 759 1392 quoniam
784 1325 932 1378 enim
960 1324 1092 1378 nihil
1137 1340 1324 1380 eorum
1358 1342 1478 1394 quae
1509 1341 1536 1377 a
1581 1325 1807 1381 Domino
1852 1327 2072 1389 ﬁebant,

503 1413 786 1466 fortuitum
818 1421 965 1476 erat;
999 1421 1053 1466 et
1081 1427 1204 1482 quas
1237 1413 1288 1467 in
1313 1413 1482 1483 ﬁgura
1507 1425 1841 1484 peraguntur
1861 1417 2077 1472 relatio-

504 1517 627 1556 nem
644 1501 877 1570 aliquam
897 1501 960 1555 ad
983 1517 1044 1556 ea
1063 1518 1180 1570 qua:
1198 1503 1523 1569 signiticant,
1541 1505 1734 1559 habent
1752 1524 1765 1560 :
1784 1507 1922 1560 sicut
1943 1506 2078 1576 bap-

507 1593 688 1657 tisma,
721 1593 867 1662 quod
897 1608 993 1662 per
1023 1610 1217 1662 aquam
1247 1594 1429 1657 datur,
1466 1597 1813 1652 invisibiliter
1845 1599 2074 1667 aperan-

506 1695 614 1738 tem
645 1683 1086 1738 entundationem
1123 1685 1322 1740 indicat
1351 1725 1366 1748 ,
1399 1687 1659 1740 emundat
1684 1687 1881 1756 quippe
1902 1703 2065 1756 aqua,
2104 1714 2146 1770 Β

505 1784 560 1830 ct
585 1774 742 1829 diluit
765 1789 1049 1843 corporum
1077 1778 1300 1841 sordes,
1340 1778 1767 1847 mysteriumque
1798 1778 2066 1834 Dominici

451 1878 455 1883 ·
508 1867 756 1936 corporis
790 1868 842 1922 itt
865 1868 1045 1937 specie
1077 1869 1231 1938 panis
1282 1877 1335 1924 et
1375 1869 1484 1923 vini
1532 1859 1816 1934 traditum,
1881 1870 2071 1945 mysti-

505 1971 626 2010 cum
653 1957 847 2012 anima:
881 1959 1058 2028 signat
1091 1961 1449 2026 alimentum;
1503 1971 1560 2014 et
1587 1964 1729 2030 quod
1752 1961 1810 2014 in
1869 1960 2070 2032 linguis

506 2047 680 2115 igneis
708 2046 946 2117 Spiritus
977 2059 1196 2106 sanctus
1236 2049 1488 2118 delapsus
1505 2058 1613 2114 est,
1643 2050 1905 2103 rationem
1947 2066 2072 2118 pro-

507 2140 650 2194 fecto
681 2139 842 2193 habet
873 2140 938 2194 ad
968 2155 1030 2194 ea
1064 2155 1183 2210 quae
1232 2148 1360 2194 tunc
1420 2149 1548 2195 sunt
1599 2151 1743 2208 gesta
1812 2141 2068 2196 divinitus

507 2230 679 2296 signa.
721 2229 860 2295 Ignis
895 2230 1095 2298 quippe
1135 2231 1392 2284 Deitatem
1433 2232 1632 2299 signat,
1687 2231 1902 2301 linguae,
1961 2247 2072 2283 ma-

509 2320 716 2386 gisterii
745 2320 1145 2386 proprietatem.
1181 2321 1256 2374 lta
1340 2321 1566 2385 scilicet,
1633 2321 1721 2376 illa
1781 2321 2068 2376 insulilatio

510 2405 716 2476 aliquid
749 2406 1112 2474 signiﬁcabat.
1169 2405 1296 2458 Erat
1329 2408 1474 2461 enim
1519 2417 1893 2476 argumentum
1935 2408 2070 2461 divi-

513 2514 594 2553 nte
620 2498 936 2554 substantia:
976 2496 1257 2566 Spiritus;
1314 2499 1513 2567 quippe
1556 2498 1685 2551 nihil
1747 2513 2069 2568 corporeum

510 2591 583 2646 ita
620 2591 859 2645 divinum
889 2588 1094 2644 indicat
1156 2588 1443 2658 Spiritum,
1491 2588 1834 2658 εἰοιιῑᾸιιιιιις
1878 2591 2069 2644 huma-

513 2684 827 2748 nus;sicut
853 2683 996 2738 enim
1032 2682 1122 2755 illa
1167 2682 1454 2738 insumatio
1495 2698 1591 2752 per
1617 2697 1677 2738 os
1722 2699 1785 2737 ex
1846 2685 2068 2748 intimis,

509 2775 898 2846 corporeisque
923 2767 1222 2829 visceribus
1246 2775 1446 2842 prodit,
1481 2774 1554 2826 ita
1583 2785 1636 2828 et
1667 2775 1782 2843 ipse
1835 2774 2070 2844 Spiritus

509 2875 732 2921 sanctus
763 2865 919 2932 cujus
946 2862 1118 2918 forma
1150 2863 1442 2932 corporalis
1477 2864 1701 2933 spiritus
1741 2874 1844 2929 est,
1884 2875 1937 2919 et
2000 2881 2066 2920 ex

508 2958 668 3013 Patre
689 2972 785 3027 per
815 2957 1010 3011 Filium
1039 2957 1396 3010 substantiam
1427 2957 1612 3013 habet.
1639 2957 1841 3010 Natura
1869 2959 2069 3026 quippe

2172 480 2496 546 duraverint,
2529 484 2811 536 anathema
2839 483 2928 550 sit.

2246 573 2324 626 Ex
2359 572 2466 634 bis,
2497 572 2657 626 simul
2711 571 3038 636 ostenditur,
3105 585 3211 624 non
3275 569 3458 639 plures
3509 570 3784 636 Spiritus

2173 673 2392 720 sanctos
2424 672 2676 732 oportere
2707 661 2950 717 confiteri
2984 662 3036 713 in
3092 659 3221 724 Deo,
3268 669 3325 714 ut
3359 661 3578 728 quidam
3653 663 3781 716 tin-

2172 765 2344 826 gunt;
2375 771 2500 810 cum
2534 753 2822 825 Apostolus
2857 753 3076 822 quidem
3125 753 3346 816 dixerit,
3383 752 3530 807 Unus
3573 752 3783 822 Spiri-

2173 859 2256 903 tus
2291 857 2522 912 sanctus,
2553 849 2604 900 in
2641 863 2741 916 quo
2775 847 2955 900 omnia
2995 845 3077 909 3‘;
3109 859 3462 909 magnusque
3511 845 3784 900 Basilius

2174 943 2240 996 ad
2314 940 2775 1009 Amphilochium,
2855 937 2999 991 Unus
3085 936 3218 990 Deus
3268 946 3316 990 et
3367 937 3546 1002 Pater,
3613 953 3780 992 unus

2174 1034 2469 1102 unigenitus
2501 1030 2700 1092 Filius,
2728 1039 2776 1084 et
2799 1047 2958 1091 unus,
2993 1029 3226 1096 Spiritus
3271 1041 3516 1094 sanctus,
3547 1039 3595 1082 et
3641 1031 3780 1098 ipse

2173 1125 2516 1193 singulariter
2547 1124 2872 1187 enuntiatus,
2912 1131 2960 1174 et
2995 1138 3086 1188 per
3129 1138 3291 1175 unum
3347 1121 3547 1174 Filium
3589 1123 3781 1174 Patri

2174 1216 2504 1284 conjunctus,
2560 1223 2609 1266 et
2693 1229 2783 1281 per
2858 1214 3029 1282 ipsam
3101 1212 3322 1281 implens
3395 1211 3777 1266 venerandam

2175 1322 2236 1359 ac
2263 1305 2617 1358 beatissimam
2668 1302 3004 1357 Trinitatem.
3041 1304 3103 1356 Et
3135 1316 3327 1356 rursus
3357 1320 3370 1357 :
3407 1301 3523 1364 Via,
3555 1302 3776 1356 divina:

2176 1394 2488 1463 cognitionis
2524 1393 2588 1444 ab
2623 1408 2727 1444 uno
2784 1391 3015 1458 Spiritu,
3077 1405 3169 1458 per
3219 1405 3376 1442 unum
3430 1389 3635 1442 Filium
3687 1392 3775 1444 ad

2175 1500 2338 1538 unum
2371 1481 2585 1536 Patrem
2607 1492 2702 1535 est.
2747 1481 3007 1550 Gregorio
3033 1480 3158 1533 item
3188 1478 3461 1546 Theologo
3519 1479 3572 1531 in
3607 1478 3773 1533 libro

2175 1569 2244 1621 ad
2274 1566 2528 1619 Heronem
2572 1565 2936 1632 philosophum
2980 1562 3225 1616 dicente:
3281 1561 3518 1629 Deﬁnias
3568 1571 3769 1614 autem

2176 1667 2225 1711 et
2254 1667 2487 1710 nostram
2521 1657 2843 1726 religionem,
2893 1655 3084 1706 docens
3127 1667 3289 1704 unum
3344 1655 3554 1722 quidem
3594 1669 3772 1706 nosse

2172 1745 2336 1800 Deum
2377 1746 2665 1814 ingenitum
2741 1744 3000 1806 Patrem;
3039 1759 3201 1796 unum
3272 1754 3448 1796 autent
3506 1745 3764 1812 genitum

2171 1836 2398 1902 Filium,
2430 1853 2588 1889 unum
2626 1851 2740 1889 vero
2769 1835 3025 1901 Spiritum
3067 1836 3429 1902 procedentem
3464 1852 3527 1888 ea:
3555 1833 3763 1895 Patre.

2169 1929 2275 1982 sive
2303 1929 2663 1997 prodeuntem.
2726 1925 2962 1980 Praafato
3013 1929 3142 1982 item
3231 1930 3388 1982 beato
3447 1928 3765 1981 Athanasio

2172 2020 2225 2074 in
2257 2018 2480 2087 prznfato
2507 2019 2644 2071 libro
2680 2020 2750 2071 ita
2805 2017 3073 2072 docente:
3137 2018 3395 2086 Spiritum
3441 2035 3560 2073 vero
3623 2037 3764 2074 san-

2169 2121 2308 2162 ctum
2339 2109 2413 2162 sic
2443 2109 2568 2171 dici,
2596 2125 2699 2162 non
2750 2111 2975 2162 alterum
3032 2109 3281 2171 invenies,
3319 2108 3547 2178 Spiritus
3605 2111 3760 2163 enim

2171 2208 2227 2249 ut
2255 2198 2388 2258 dixi,
2427 2197 2568 2250 Deus
2597 2198 2814 2262 dicitur,
2874 2209 2920 2251 et
2963 2208 3178 2252 sanctus
3233 2199 3392 2254 Deus.
3423 2200 3589 2252 Ambo
3626 2218 3759 2253 vero

2171 2291 2385 2341 nomina
2408 2291 2698 2357 composita
2731 2291 2798 2354 ei,
2827 2291 2917 2359 qtti
2938 2293 3146 2360 proprie
3175 2292 3482 2359 appellatur
3514 2292 3758 2358 Spiritus

2171 2387 2720 2452 sartctus,congruttnt
2750 2392 2767 2429 :
2801 2378 2938 2430 sicut
2977 2377 3156 2431 Patris
3211 2377 3492 2446 appellatio
3548 2393 3756 2438 causas,

2171 2467 2404 2540 Filiique
2447 2455 2534 2524 illi
2564 2473 2654 2540 qui
2683 2473 2796 2526 sine
2819 2471 2926 2525 ullo
2953 2471 3122 2524 medio
3168 2487 3232 2525 ea:
3254 2489 3412 2526 causa
3436 2481 3534 2525 est.

2242 2562 2421 2630 Itaque
2453 2563 2576 2616 licet
2631 2563 2849 2632 quidem
2916 2563 3098 2631 plures
3155 2547 3435 2616 nominare
3486 2563 3750 2632 spiritus:

2170 2653 2335 2708 alium
2394 2654 2611 2724 quidem
2677 2655 2930 2724 spiritum
2995 2657 3324 2724 adoptionis,
3377 2655 3540 2708 alium
3619 2670 3753 2708 vero

2170 2744 2416 2814 spiritum
2459 2744 2785 2808 dilectionis,
2821 2745 3098 2812 sapientim
3146 2745 3335 2810 alium,
3397 2747 3560 2800 alium
3598 2745 3747 2809 ﬁdei,

2170 2836 2332 2890 alium
2373 2837 2584 2890 timoris
2621 2836 2733 2899 Dei,
2793 2837 2954 2889 alium
3010 2837 3242 2900 consilii,
3271 2844 3325 2890 et
3386 2837 3748 2898 fortitudinis,

2171 2938 2222 2982 et
2258 2929 2556 2996 patientizn,
2591 2937 2643 2980 et
2703 2929 3086 2994 continentiae;
3147 2919 3344 2996 quippe
3400 2929 3748 2998 operationes

511 3017 706 3102 divina
730 3049 910 3100 dictus
938 3046 1334 3101 cstineﬂabilis
1379 3060 1443 3099 ex
1509 3046 1767 3100 ineffabili
1819 3017 1914 3102 ora
1969 3017 2077 3102 5;...

2179 3019 2430 3086 Spiritus,
2468 3020 2635 3073 Isaias
2691 3017 2923 3087 Spiritus
2979 3033 3171 3072 vocare
3231 3022 3747 3081 consuevit,secun-

514 3153 672 3192 nans.
738 3137 956 3190 Manare
988 3146 1194 3200 autem,
1227 3145 1283 3190 ut
1332 3152 1492 3204 supra
1553 3147 1914 3192 monstratum
1970 3150 2075 3206 est,

513 3225 566 3277 in
599 3224 904 3278 substantia
933 3222 1170 3292 Spiritus
1216 3233 1440 3278 sanctus
1487 3225 1717 3296 accepit.

583 3359 816 3417 Sanctus
851 3375 1068 3431 quoque
1101 3361 1336 3434 Cyrillus
1390 3364 1464 3417 ait
1491 3364 1660 3419 :Sicut
1688 3375 1735 3419 et
1804 3369 2081 3437 unusquis-

511 3469 609 3520 que
642 3462 881 3506 nostrum
911 3454 1178 3520 spiritum,
1235 3455 1323 3507 aui
1375 3453 1429 3507 iit
1481 3457 1648 3519 seipso
1679 3467 1777 3520 est,
1826 3458 2076 3521 continet,

513 3554 668 3624 atque
694 3559 758 3596 ea:
796 3546 995 3597 intimis
1023 3545 1301 3598 visceribus
1332 3546 1401 3598 ad
1442 3549 1705 3601 exteriora
1764 3549 2077 3618 profundit:

511 3637 710 3690 idcirco
773 3637 992 3708 denique
1051 3648 1099 3690 et
1169 3640 1512 3706 corporaliter
1560 3641 1707 3694 illum
1755 3642 2078 3712 insuﬂlavit:

511 3732 808 3790 ostendens,
834 3729 958 3798 quia
985 3731 1121 3784 sicut
1154 3731 1414 3785 humanus
1467 3734 1680 3800 spiritus
1744 3750 1809 3786 ea:
1848 3735 2077 3787 humano

509 3834 600 3873 ore
626 3821 876 3884 procedit,
909 3823 986 3875 ita
1019 3831 1069 3875 et
1127 3838 1192 3876 ea:
1239 3823 1416 3875 divina
1447 3825 1836 3892 essentia,quod
1865 3839 1930 3876 ea:
1963 3827 2077 3892 ipsa

514 3921 614 3972 est,
644 3914 814 3966 divine
838 3916 1193 3980 profunditur.
1226 3913 1467 3965 Divinam
1491 3917 1808 3980 essentiam,
1838 3911 2095 3979 Patremf

511 4012 568 4055 et
623 4000 813 4053 Filium
842 4005 1099 4065 nominat,
1137 4017 1364 4069 quorum
1394 4003 1554 4071 paulo
1591 4004 1841 4071 superius
1877 4021 2079 4060 memo-

517 4093 652 4144 riam
681 4092 980 4146 districtius
1015 4091 1164 4149 fecit.
1202 4093 1277 4146 Ex
1316 4095 1517 4161 quibus
1547 4097 1712 4149 etiam
1744 4105 1962 4150 constat
2008 4113 2073 4150 ex

513 4182 674 4235 Patre
705 4190 760 4235 et
780 4181 918 4235 Filio
945 4182 1109 4236 veluti
1140 4197 1205 4236 ex
1240 4198 1370 4250 uno,
1410 4186 1705 4250 procedere
1730 4201 1792 4241 ac
1837 4189 2075 4255 prodire.

584 4289 736 4344 Patet
768 4293 969 4360 itaque,
1006 4293 1146 4360 quod
1201 4295 1292 4362 qui
1355 4309 1448 4364 per
1504 4297 1919 4352 insulllationem
1993 4298 2070 4351 fa-

2177 3109 2304 3162 dum
2338 3110 2648 3179 theologum
2700 3108 3045 3179 Gregorium.
3096 3108 3286 3164 Omnia
3321 3113 3460 3163 enim
3529 3108 3740 3176 aperari

2178 3215 2364 3266 unum,
2411 3201 2765 3268 eumdetnque
2821 3199 3080 3270 Spiritum
3133 3201 3420 3270 Apostolus
3473 3201 3570 3263 ait,
3623 3214 3744 3268 qua:

2176 3293 2338 3347 etiam
2367 3294 2712 3361 operatiOnes
2745 3304 2918 3357 vocat,
2963 3294 3186 3350 dicens:
3218 3293 3284 3346 Et
3305 3293 3582 3346 divisiones
3616 3309 3744 3361 ope-

2178 3386 2445 3438 rationum
2484 3395 2623 3446 sunt,
2656 3385 2792 3438 idem
2826 3393 2996 3438 autem
3031 3384 3194 3452 Deus,
3242 3385 3328 3455 qui
3362 3393 3608 3450 operatur
3636 3401 3749 3438 ont-

2179 3481 2266 3531 nia
2302 3480 2352 3531 in
2400 3477 2546 3529 nobis
2593 3477 2662 3532 ⁸⁸.

2247 3568 2411 3622 Divus
2441 3584 2656 3638 quoque
2682 3569 3100 3642 Cltrysostomus
3138 3572 3188 3624 in
3219 3585 3472 3626 sermone
3507 3582 3573 3624 de
3623 3586 3750 3624 san-

2179 3671 2265 3716 cto
2293 3661 2520 3729 Spiritu,
2557 3661 2711 3730 cujus
2745 3663 2955 3716 initiutn
2981 3674 3096 3716 est:
3125 3663 3254 3716 Heri
3287 3665 3520 3732 quidem,
3545 3680 3574 3714 ο
3600 3679 3749 3714 ama-

2181 3764 2316 3807 tores
2347 3753 2566 3817 Christi,
2595 3754 2849 3807 adcentus
2881 3755 3051 3806 sancti
3102 3771 3163 3806 ac
3184 3755 3465 3808 venerandi
3519 3748 3746 3819 Spiritus

2179 3863 2210 3897 α
2254 3846 2399 3898 nobis
2433 3845 2752 3897 laudabatur
2799 3845 3009 3909 :Quia,
3067 3846 3262 3913 inquit,
3303 3845 3441 3913 quod
3489 3846 3746 3906 donatur,

2181 3937 2412 4002 Spiritus
2465 3947 2678 3989 sanctus
2729 3949 2825 3989 est.
2903 3934 3130 3990 Vocatur
3175 3946 3223 3988 et
3283 3938 3476 3988 donum
3523 3934 3750 4001 Spiritus

2179 4038 2393 4082 sanctus
2440 4045 2469 4080 a
2521 4029 2775 4082 donatore
2828 4044 3011 4081 nomen
3077 4028 3312 4090 habens;
3366 4028 3574 4096 quando
3635 4041 3752 4078 vero

2181 4119 2409 4188 Spiritus
2441 4119 2657 4182 dicitur,
2690 4137 2790 4172 non
2823 4121 2988 4173 alium
3019 4120 3308 4188 intelligere
3356 4119 3440 4186 fas
3467 4127 3564 4177 est,
3591 4132 3751 4185 quam
3787 4143 3798 4148 -

2178 4227 2297 4264 eum
2327 4212 2416 4279 qui
2437 4225 2499 4262 ex
2531 4209 2692 4262 Patre
2736 4210 2966 4278 proprie,
3019 4209 3441 4262 substantialiter
3496 4209 3750 4274 procedit.

2182 4297 2333 4352 Sicut
2365 4298 2498 4350 enim
2523 4295 2662 4360 Filii,
2695 4306 2742 4350 et
2792 4295 2968 4350 Patris
3013 4313 3198 4349 nomen
3240 4295 3553 4348 substantiis
3627 4311 3752 4346 cono

515 4393 676 4444 ctam,
709 4397 814 4436 non
849 4397 970 4437 esst:
999 4385 1178 4436 datum
1213 4387 1471 4453 apostolis
1507 4385 1767 4456 Spiritum
1829 4398 2073 4444 sanctum
2109 4364 2153 4418 θ
2182 4389 2342 4456 gruit,
2373 4390 2446 4440 ila
2480 4398 2526 4441 et
2557 4385 2790 4454 Spiritus
2833 4387 3007 4440 sancti
3051 4386 3334 4455 appellatio
3383 4387 3475 4438 uni
3516 4403 3755 4454 persona:

513 4485 577 4522 cx
611 4469 768 4524 Patre
801 4471 1200 4541 procedentem.
1263 4476 1357 4528 sed
1419 4476 1616 4529 donum
1687 4476 1903 4544 aliquod
1961 4477 2076 4531 sine

515 4555 820 4615 substantia
851 4561 1055 4626 dicunt,
1083 4578 1111 4615 a
1146 4573 1452 4618 sanctorum
1507 4565 1726 4620 Patrum
1777 4567 2079 4636 intelligen-

517 4654 586 4705 tia
658 4653 982 4722 discrepant,
1063 4665 1224 4724 atque
1312 4659 1638 4712 anathemati
1697 4658 2076 4729 subjiciuntur.

517 4747 718 4800 Sancta
755 4749 897 4802 enim
935 4748 1258 4808 universalis
1289 4751 1475 4819 quinta
1529 4753 1766 4823 synodus
1822 4753 1874 4806 in
1941 4768 2078 4820 qtto—
2145 4759 2148 4762 ί

515 4839 637 4893 dant
664 4841 901 4910 capitulo
932 4845 1001 4896 ita
1036 4844 1217 4910 posuit
1249 4860 1262 4897 :
1305 4843 1364 4897 Si
1432 4846 1550 4914 quis
1587 4843 1856 4901 Theodoro
1927 4845 2078 4916 Mop-

513 4935 724 4987 suestia:
768 4937 1008 5003 episcopo
1060 4936 1196 5004 favet
1251 4937 1467 5003 dicenti,
1522 4938 1688 4991 alium
1749 4954 1860 4992 esse
1917 4938 2077 4991 Deum

521 5023 755 5084 Verbum,
782 5035 831 5075 et
856 5025 1021 5076 alium
1052 5025 1344 5088 Christum,
1395 5039 1547 5097 atque
1578 5045 1692 5081 cum
1733 5030 1933 5081 ca’teris
2000 5031 2082 5081 in-

516 5117 743 5168 numeris
774 5116 1106 5176 blaspltemiis
1135 5118 1242 5170 suis
1270 5119 1437 5172 dicere
1469 5121 1764 5184 audentem,
1791 5122 1915 5189 quia
1961 5132 2076 5188 post

513 5205 946 5261 resurrectionem
1012 5207 1280 5276 insuﬂ‘lans
1322 5209 1374 5260 in
1432 5212 1737 5278 discipulos,
1797 5212 2074 5276 Dominus,

509 5299 614 5354 (νεά
638 5309 790 5351 cens:
825 5314 844 5347 ι
879 5297 1111 5362 Accipite
1141 5297 1397 5366 Spiritum
1425 5310 1686 5362 sanctum,
1729 5319 1745 5351 I
1782 5320 1884 5355 non
1936 5303 2079 5355 dedit

513 5393 590 5445 eis
635 5389 894 5458 Spiritum
934 5397 1196 5449 sanctum,
1254 5390 1343 5439 sed
1390 5390 1682 5458 ﬁguraliter
1736 5400 1942 5445 tantum
1996 5394 2078 5446 in-

517 5484 770 5552 snﬂlavit;
808 5483 885 5535 his
918 5481 1102 5552 igitur,
1135 5482 1224 5550 qui
1265 5487 1466 5543 eadem,
1492 5492 1539 5534 et
1601 5483 1681 5536 his
1732 5483 1927 5538 similia
1984 5500 2084 5538 un-

604 5661 643 5689 "
672 5661 864 5725 lipln's.
908 5678 977 5715 tv.
1023 5659 1074 5714 6.
1153 5659 1243 5712 ".l
1279 5660 1405 5711 (lor.
1441 5673 1536 5720 sit,
1562 5659 1612 5712 6.

2185 4480 2466 4532 Trinitatis
2500 4479 2766 4547 competit.
2809 4477 2878 4531 Ut
2913 4477 3056 4530 enim
3105 4478 3306 4531 dictum
3329 4484 3432 4541 est,
3490 4475 3749 4545 Spititus,

2181 4581 2233 4624 et
2267 4580 2487 4624 sanctus
2514 4571 2831 4638 composita,
2859 4571 2932 4634 ei,
2960 4570 3052 4638 qui
3104 4571 3323 4640 proprie
3377 4579 3599 4624 vocatur
3625 4567 3753 4638 Spi-

2182 4662 2322 4717 ritus
2354 4671 2594 4726 sanctus,
2642 4661 2994 4716 conveniunt.

2255 4751 2556 4804 Attestatur
2612 4756 2666 4802 et
2715 4748 2797 4802 his
2838 4762 3068 4816 magnus
3122 4746 3449 4801 Athanasius
3513 4747 3566 4799 in
3597 4745 3756 4816 Epis-

2180 4843 2284 4898 tola
2343 4843 2410 4896 ad
2469 4841 2814 4910 Serapionem
2847 4880 2862 4904 ,
2899 4840 3052 4909 cujus
3100 4840 3311 4893 initium
3368 4848 3486 4893 est:
3521 4837 3750 4892 Litteras

2183 4935 2354 4988 sancti
2403 4934 2597 4986 amoris
2647 4933 2766 4994 tui;
2812 4932 2944 4983 dicit
3008 4931 3192 4984 enim:
3247 4929 3449 4995 Dicite,
3485 4929 3651 4983 sicubi
3694 4929 3752 4981 in

2182 5029 2470 5098 Scripturis
2509 5028 2723 5096 legistis,
2763 5025 3018 5092 Spiritum
3046 5037 3285 5080 sanetum
3319 5023 3625 5088 simpliciter
3646 5020 3752 5072 dici

2182 5122 2436 5189 Spiritum
2487 5121 2596 5172 sine
2649 5118 2946 5186 adjectione
2990 5119 3068 5172 vel
3113 5118 3228 5180 Dei,
3292 5115 3372 5170 vel
3427 5113 3629 5174 Patris,
3674 5111 3751 5164 vel

2181 5227 2378 5275 meum,
2411 5213 2488 5264 vel
2542 5209 2705 5278 ipsius
2736 5209 2932 5264 Christi
2961 5218 3011 5262 et
3057 5208 3177 5261 Filii
3220 5208 3296 5261 vel
3348 5221 3377 5258 a
3435 5219 3519 5258 me
3554 5242 3569 5267 ,
3611 5203 3752 5272 quod

2179 5313 2252 5356 est
2288 5317 2317 5354 a
2372 5302 2500 5365 Deo,
2529 5301 2605 5353 vel
2637 5299 2746 5351 sine
2778 5299 3004 5351 articulo
3033 5296 3225 5350 Graece
3271 5294 3550 5348 locutionis
3587 5306 3750 5343 more:

2181 5409 2244 5446 ne
2270 5392 2576 5458 simpliciter
2627 5391 2959 5460 intelligatur
2989 5389 3239 5455 Spiritus.
3293 5387 3432 5440 Nam
3464 5387 3511 5438 si
3543 5386 3752 5438 dicatur

2181 5482 2419 5551 πνεῦμα,
2461 5483 2572 5536 sine
2602 5483 2920 5540 praecedente.
2949 5479 3191 5543 articulo,
3219 5478 3282 5533 de
3308 5477 3530 5549 quolibet
3559 5475 3752 5546 spiritu
