4144 6296
347 85 442 148 121

1426 83 1830 144 ADVERSUS
1875 80 2192 140 GRAECOS
2237 85 2377 144 LIB.
2413 83 2490 143 ll.

3477 82 3580 148 122

337 193 563 262 intelligi
591 203 776 261 potest.
798 193 896 248 Sin
929 208 1045 246 vero
1063 205 1355 262 apponatur
1382 194 1662 257 articulus,
1697 207 1748 244 ut
1775 194 1917 245 dica-
1944 189 1995 246 Δ
2025 194 2298 248 relaxandi
2357 207 2482 248 tunc
2517 205 2841 263 acceperunt
2877 211 2969 264 per
3003 194 3266 264 Spiritum
3310 207 3582 258 sanctum,

338 297 424 340 tur
449 286 510 339 τὺ
532 285 756 355 Πνεῦμα
786 287 846 338 τδ
871 285 1046 354 ἄτιον,
1074 286 1333 355 signiﬁcat
1362 285 1618 350 Spiritum
1640 297 1903 345 sanctum,

337 379 414 432 uel
460 376 822 441 Paracletum,
865 381 938 430 vel
967 378 1206 430 veritatis
1239 376 1516 443 Spiritum.
1555 379 1607 428 id
1637 387 1731 434 est.
1759 374 1908 437 Filii,

337 471 446 535 ipso
463 469 727 521 dicentem
757 467 866 536 Ego
886 485 999 522 sum
1024 468 1228 522 Veritas
1246 471 1292 500 ⁸⁸
1306 509 1321 533 ,
1338 487 1356 519 ι
1377 485 1437 521 ne
1459 470 1722 522 audientes
1745 466 1914 530 Spiri-

343 569 448 611 tum
504 560 814 626 simpliciter
864 560 991 620 dici,
1024 562 1104 613 vel
1153 562 1264 614 sine
1301 561 1620 623 pra-cedente
1664 557 1912 618 articulo,

341 651 414 704 uel
443 653 557 706 sine
578 653 874 716 adfectione
895 653 1250 718 subsequente.
1274 652 1530 718 Spiritum
1549 662 1782 705 sanctum
1809 651 1913 703 dici

343 744 693 796 arbitremini.
727 742 912 812 Itaque
941 760 1060 796 cum
1102 744 1427 797 audierimus
1467 742 1728 807 Spiritum
1754 756 1912 793 sanc-

343 845 471 893 tum,
505 834 582 884 vel
609 847 728 884 cum
761 833 983 884 articulo
1015 833 1293 896 Spiritum,
1326 847 1426 883 non
1453 830 1516 882 de
1539 831 1764 897 quolibet
1795 828 1917 894 Spi-

342 928 441 978 ritu
469 926 857 992 intelligeudum
880 926 1002 978 :sed
1033 924 1094 976 de
1117 925 1229 986 illo,
1247 925 1340 991 qui
1364 923 1598 991 procedit
1634 939 1698 974 ea:
1727 921 1911 982 Patre,

343 1016 546 1084 Spiritu
604 1016 863 1076 veritatis.
900 1016 976 1070 vel
1015 1016 1404 1084 quomodolibet
1450 1031 1565 1067 cum
1619 1015 1802 1082 aliqua
1851 1029 1916 1067 ea:

339 1109 606 1173 pradictis
651 1105 1035 1173 adjectionibus
1065 1108 1391 1174 proferatur.
1419 1104 1618 1174 Nempe
1673 1106 1838 1169 enim,
1867 1107 1912 1158 si

346 1198 602 1267 quoniam
643 1212 672 1249 a
722 1197 923 1265 Spiritu
974 1197 1132 1250 datur
1180 1197 1423 1266 spiritale
1480 1197 1700 1260 donum,
1743 1193 1915 1262 Spiri-

351 1299 458 1342 tum
496 1299 747 1343 sanctum
795 1290 1063 1362 quispiam
1099 1289 1259 1342 dicat:
1304 1287 1424 1342 Filii
1457 1291 1644 1352 etiam,
1704 1301 1771 1342 ac
1809 1285 1910 1339 Pa-

347 1382 443 1434 tris
491 1380 656 1442 dona,
694 1377 814 1433 Filii
846 1393 912 1434 ac
975 1380 1162 1434 Patres
1223 1392 1401 1443 erunt,
1455 1389 1617 1447 atque
1669 1379 1737 1430 ita
1783 1376 1914 1430 nihil

344 1470 654 1538 prohibebit
700 1469 1020 1526 Trinitatem
1057 1471 1430 1538 multiplicare.
1482 1467 1618 1533 lmo,
1680 1482 1800 1521 cum
1845 1472 1914 1520 sit

344 1575 635 1615 commune
692 1560 915 1621 donum.
969 1566 1024 1614 et
1058 1561 1364 1615 communia
1409 1572 1655 1619 munera,
1716 1558 1906 1610 norum
1948 1540 1988 1593 Β

344 1665 562 1718 quoque
615 1649 744 1704 nihil
807 1650 1136 1720 prohibebit,
1190 1659 1243 1704 et
1309 1649 1525 1704 Patrem
1580 1658 1633 1700 et
1684 1645 1904 1709 Filium,

343 1753 401 1796 et
429 1741 689 1810 Spiritum
741 1750 990 1797 sanctum
1042 1741 1334 1812 appellare.
1369 1739 1476 1794 Sed
1531 1741 1634 1794 ista
1691 1739 1914 1792 nimium

345 1835 585 1890 absurda
619 1844 771 1889 sunt.

418 1925 682 1992 QuOniam
714 1927 872 1995 igitur
889 1966 904 1986 .
924 1926 1154 1994 Accipite
1173 1924 1423 1994 Spiritum
1453 1935 1693 1981 sanctum
1713 1923 1921 1980 ".ditit

355 2017 632 2084 Salvator,
663 2019 804 2086 quod
831 2017 1002 2072 solum
1038 2018 1373 2072 Paracletum
1408 2016 1701 2086 signiﬁcat,
1722 2027 1922 2081 nequa-

345 2123 512 2177 quam
561 2106 977 2178 Chrysostomus
1009 2108 1079 2161 illi
1121 2108 1463 2170 contradicit,
1514 2122 1618 2160 non
1658 2107 1919 2172 Spiritum

347 2206 756 2262 sanctum,tunc
802 2199 985 2252 datum
1022 2199 1241 2255 dicens:
1273 2214 1344 2252 ex
1384 2213 1472 2262 eo,
1512 2202 1656 2267 quod
1713 2201 1918 2254 «calcati

345 2291 631 2361 magistro,
678 2293 994 2358 sanctisque
1050 2293 1365 2356 concordat,
1396 2292 1790 2362 Chrysostomo
1824 2296 1920 2346 ha-

345 2384 507 2436 betur
544 2382 737 2436 honor.
784 2380 942 2435 Hunc
1002 2383 1144 2453 enim
1186 2384 1519 2459 arbitrantur
1563 2385 1782 2451 quidam
1839 2383 1922 2436 di-

343 2473 524 2539 xisse,
559 2475 758 2528 donum
809 2472 1078 2542 quoddam
1121 2475 1240 2528 sine
1301 2476 1603 2530 substantia
1660 2477 1923 2542 apostolis

340 2566 556 2629 datum,
589 2565 712 2632 quia
754 2564 882 2620 illud
907 2563 1112 2617 dictum
1140 2579 1433 2631 exponens,
1459 2568 1587 2620 ait:s
1661 2565 1925 2619 Nonnulli

339 2654 559 2722 quidem
601 2654 784 2706 dicunt
788 2691 820 2722 δ
877 2652 1026 2704 illum
1085 2670 1189 2706 non
1242 2652 1496 2721 Spiritum
1556 2657 1795 2719 dedisse,
1832 2658 1922 2710 sed

337 2745 562 2798 idoneos
603 2742 672 2794 ad
731 2741 1120 2810 percipiendum
1159 2743 1420 2809 Spiritum
1450 2745 1544 2797 illa
1575 2747 1926 2816 insuﬂiatioue

2013 286 2151 353 quod
2182 285 2271 338 Dei
2305 285 2471 340 solius
2520 298 2625 347 eat,
2663 295 2718 337 ut
2767 296 2818 337 et
2883 301 3107 353 magnus
3159 283 3386 338 Basilius
3431 285 3483 337 in
3533 301 3582 337 tv

2012 389 2194 430 contra
2255 375 2460 429 Eunom
2483 415 2497 430 .
2533 377 2787 438 ostendit,
2821 377 3022 430 dicens:
3054 374 3112 431 Si
3163 377 3325 444 igitur
3371 385 3586 444 peccata

2013 469 2273 522 dimittere
2305 468 2496 521 nullius
2525 479 2623 532 est,
2652 468 2751 519 nisi
2789 467 2952 520 solius
2997 467 3126 532 Dei;
3158 468 3372 520 dimittit
3404 477 3578 519 autem

2013 571 2225 630 peccata
2263 578 2353 626 per
2411 562 2683 626 Apostolos
2739 558 2971 627 Spiritus
3017 569 3253 619 sanctus,
3294 559 3430 612 Deus
3459 576 3582 627 ergo

2014 662 2091 702 est
2133 649 2363 717 Spiritus
2397 661 2632 702 sanctus.
2684 648 2854 702 Simul
2885 661 2937 701 et
2974 649 3101 702 illud
3137 659 3370 711 constat,
3416 650 3582 716 quod,

2017 742 2118 795 nisi
2175 741 2333 793 datus
2380 750 2522 794 esst-t
2561 749 2688 793 tunc
2743 740 2979 808 Spiritus
3026 750 3288 802 sanctus,
3338 740 3582 807 APOaluli

2017 842 2238 900 peccata
2274 832 2548 906 dimittere
2607 847 2710 884 non
2763 840 3009 901 possent:
3068 831 3194 898 quia
3252 846 3379 883 vero
3428 831 3587 883 dimi-
3637 827 3642 833 ’

2017 931 2226 986 serunt,
2279 923 2469 990 liquet,
2499 923 2623 990 quia
2666 921 2963 976 dimittendi
3006 932 3225 990 peccata
3267 928 3584 988 potestatem

2019 1031 2122 1070 una
2184 1030 2308 1070 eum
2371 1016 2571 1084 Spiritu
2621 1027 2808 1071 sancto
2859 1028 3201 1085 acceperunt.
3260 1015 3373 1070 Non
3425 1018 3571 1070 enim

2018 1107 2158 1186 hanc
2194 1106 2496 1170 baberent,,
2527 1105 2570 1159 si
2611 1106 2698 1159 ille
2748 1121 2852 1160 non
2900 1107 3134 1160 adesset.
3172 1105 3295 1158 Ideo
3327 1116 3377 1159 et
3408 1106 3585 1174 Chry-

2015 1209 2290 1257 sostomus
2336 1199 2530 1253 aiebat.
2559 1197 2744 1268 Neque
2780 1199 3045 1268 peccabit,
3070 1199 3156 1266 qui
3188 1197 3382 1251 dixerit
3413 1213 3506 1251 eos
3536 1207 3590 1249 et

2020 1302 2146 1345 tunc
2187 1291 2416 1360 gratiam
2468 1291 2742 1358 accepisse
2777 1291 3098 1360 spiritalem,
3129 1299 3186 1342 ut
3217 1304 3312 1352 per
3355 1289 3490 1342 hanc
3534 1291 3585 1340 in

2017 1385 2098 1439 eis
2127 1383 2364 1453 Spiritus
2396 1393 2618 1437 sanctus
2646 1383 2934 1445 habitaret,
2966 1397 3126 1449 quem
3163 1381 3430 1447 negabant
3458 1383 3591 1448 qui-

2019 1475 2140 1527 dam
2167 1474 2246 1528 eis
2278 1484 2384 1526 tum
2416 1488 2446 1526 a
2469 1473 2687 1529 Christo
2713 1475 2891 1527 datum
2930 1474 3115 1526 fuisse.

2089 1553 2250 1621 ldem'
2278 1565 2511 1621 Sanctus
2551 1581 2714 1635 super
2739 1564 2894 1619 Joan.
2945 1565 3234 1627 Evangelia
3269 1587 3283 1622 :
3325 1565 3436 1619 Cur
3488 1581 3586 1616 au-
3617 1549 3622 1552 ’

2015 1667 2116 1714 tem
2143 1697 2160 1722 ,
2191 1659 2396 1726 inquit:
2433 1657 2672 1726 «Rogabo
2707 1657 2916 1711 Patrem
2932 1657 3004 1710 “’l
3031 1677 3047 1708 ι
3078 1657 3238 1722 Quia,
3264 1661 3306 1710 si
3342 1659 3587 1714 dixisset.

2020 1770 2038 1800 ι
2058 1749 2164 1817 Ego
2212 1750 2446 1810 mittam,
2479 1767 2497 1800 ι
2533 1763 2634 1801 non
2662 1747 2909 1800 similiter
2939 1748 3174 1814 profecto
3216 1748 3584 1800 credidissent.

2019 1840 2176 1894 Nunc
2215 1839 2352 1892 enim
2399 1839 2454 1891 id
2501 1840 2725 1892 maxime
2771 1837 2978 1907 agebat,
3019 1847 3077 1891 ut
3126 1838 3226 1890 sibi
3269 1837 3588 1894 crederetur.

2021 1931 2182 1986 Illum
2211 1931 2372 1998 igitur
2426 1939 2549 1983 tunc
2597 1939 2909 1996 acceperunt
2961 1929 3226 1997 Apostoli,
3285 1945 3439 1996 quem
3501 1931 3592 1980 dat

2021 2021 2302 2083 Christus;
2330 2023 2419 2073 dat
2445 2031 2809 2089 autem,quem
2841 2021 3038 2083 mittit;
3069 2036 3219 2085 quem
3253 2035 3375 2088 ergo
3404 2018 3592 2071 Claris-

2020 2121 2104 2166 tns
2133 2113 2313 2174 mittit,
2338 2113 2475 2164 hunc
2493 2120 2804 2178 acceperunt
2832 2109 3086 2174 Apostoli.
3126 2105 3292 2162 Hittit
3330 2125 3448 2161 vero
3483 2125 3585 2160 non

2019 2206 2213 2257 donum
2237 2204 2348 2255 sine
2376 2202 2689 2262 substantia,
2717 2200 2805 2253 sed
2829 2199 2996 2264 ipsum
3024 2195 3596 2265 SpirizunmParacle-

2021 2308 2103 2350 tus
2139 2296 2294 2355 enim,
2329 2295 2523 2359 inquit,
2554 2308 2704 2361 quem
2749 2307 2841 2360 ego
2877 2292 3082 2342 mittam
3127 2289 3270 2342 vobis
3303 2305 3333 2340 a
3397 2288 3580 2351 Patre,

2024 2387 2286 2451 Spiritum
2315 2383 2576 2444 veritatis,
2607 2381 2696 2449 qui
2729 2397 2760 2434 a
2805 2377 2968 2433 Patre
2999 2378 3233 2446 Procedit
3260 2380 3328 2432 ".
3360 2397 3378 2428 ι

2097 2480 2203 2532 Sed
2241 2476 2308 2531 ad
2347 2477 2399 2530 id
2426 2491 2640 2545 quoque
2685 2473 3174 2527 commendandum
3228 2473 3367 2534 quod
3414 2471 3590 2524 Clitis-

2027 2583 2110 2626 tus
2136 2570 2395 2638 Spiritum
2428 2567 2632 2628 mittat,
2667 2565 2862 2632 adjecit
2888 2564 3198 2632 Chrysosta
3238 2561 3426 2615 Postea
3458 2563 3596 2612 enim

2025 2666 2133 2729 ipse
2160 2679 2214 2716 se
2239 2661 2440 2714 mittere
2474 2659 2570 2720 ait,
2608 2659 2795 2709 dicens
2829 2672 2841 2707 :
2878 2655 3110 2721 Accipite
3139 2653 3402 2719 Spiritum
3443 2668 3600 2704 sanc-

2027 2762 2158 2807 tum.
2211 2752 2399 2822 Igitur,
2456 2750 2545 2818 qui
2605 2761 2733 2802 tunc
2781 2744 3056 2800 aChristn
3089 2746 3248 2798 datus
3300 2753 3406 2804 est,
3471 2757 3596 2796 cum

340 2835 558 2903 fecisse.
593 2831 717 2885 Non
765 2842 942 2884 autem
987 2833 1250 2901 quispiam
1302 2839 1611 2904 peccat-erit,
1660 2842 1704 2891 si
1752 2839 1916 2904 dicat,
1947 2857 1990 2914 ς,
2024 2844 2356 2914 ΕΙιτγδῑοει..
2394 2853 2446 2896 et
2477 2842 2546 2894 ab
2580 2841 2718 2907 ipso,
2750 2846 2800 2891 et
2831 2853 2858 2890 a
2892 2836 3052 2890 Patre
3095 2837 3316 2890 missum
3352 2833 3447 2888 ait.
3479 2833 3600 2886 Non

340 2941 459 2985 eos.
483 2934 532 2977 et
565 2933 691 2978 tunc
719 2933 1029 2992 potestatem
1055 2928 1340 2994 quamdam
1376 2931 1638 2998 accepisse
1669 2932 1927 3000 spiritua-

345 3020 475 3078 lem,
530 3026 580 3070 et
613 3018 882 3084 gratiam,
926 3027 983 3070 ut
1040 3031 1255 3086 peccata
1311 3021 1656 3076 dimitterent.
1709 3025 1833 3078 Ideo
1876 3033 1928 3080 et

350 3108 606 3162 addidit:
641 3108 879 3172 Quorum
933 3111 1235 3164 remiseritis
1288 3130 1533 3183 peccata,
1580 3117 1928 3170 remittuntur

349 3199 450 3264 eis,
499 3200 776 3253 ostendens
826 3216 984 3265 quam
1016 3203 1240 3267 speciem
1269 3208 1591 3274 operationis
1621 3209 1742 3258 det.
1777 3226 1794 3258 ι
1833 3210 1928 3259 Λι-

349 3289 444 3356 qui
470 3297 692 3343 sanctus
721 3303 818 3358 per
842 3292 942 3346 hoc
967 3306 1071 3346 non
1095 3295 1436 3349 contradicit.
1464 3295 1650 3363 Neque
1682 3299 1844 3360 enim,
1873 3305 1931 3348 ut

351 3394 502 3431 suam
553 3379 882 3447 opinionem,
931 3384 1046 3444 sed,
1077 3396 1133 3436 ut
1166 3387 1232 3437 ab
1265 3386 1383 3440 aliis
1412 3388 1679 3440 invectam
1711 3389 1926 3455 objicit.

353 3469 625 3532 Quosdam
655 3473 813 3538 enim,
853 3473 949 3537 ait,
980 3475 1170 3537 dicere,
1201 3479 1329 3542 quia
1366 3491 1466 3527 non
1489 3476 1749 3543 Spiritum
1786 3477 1930 3528 dedit

351 3562 616 3616 Christus.
663 3564 742 3616 Ac
785 3564 980 3618 deinde
1016 3564 1226 3618 illorum
1252 3567 1530 3634 corrigens
1571 3567 1925 3636 opinionem:

355 3653 479 3708 Non
521 3669 695 3709 autem
738 3658 972 3719 peccabit
1023 3659 1308 3724 quispiam,
1341 3659 1563 3728 inquiet,
1595 3672 1644 3714 et
1689 3673 1809 3716 tunc
1841 3679 1927 3716 eos

352 3755 663 3811 potestatem
705 3746 940 3814 aliquam
983 3740 1342 3826 spt'ritualem,
1364 3761 1410 3801 et
1435 3752 1665 3819 gratiam
1693 3755 1925 3821 accepis-

351 3853 426 3899 se,
479 3838 665 3892 dicens
697 3839 890 3906 ;quasi
932 3839 1097 3892 dicat:
1138 3840 1244 3894 Illis
1295 3843 1509 3909 quidem
1563 3861 1665 3897 non
1719 3845 1928 3899 videtur

355 3929 626 3997 apostolos
669 3938 797 3983 tunc
837 3928 1098 3998 Spiritum
1134 3942 1383 3986 sanctum
1418 3937 1713 4005 accepisse,
1763 3948 1926 4005 atque

356 4021 473 4075 ideo
513 4036 690 4090 neque
741 4021 886 4075 illius
945 4023 1220 4092 accepisse
1263 4027 1515 4092 gratiam,
1584 4029 1916 4097 idoneoSqne

354 4107 689 4163 solummodo
719 4107 938 4183 allectos
966 4124 1084 4163 esse
1120 4125 1216 4179 per
1245 4125 1363 4165 eam
1409 4113 1824 4169 insumationem
1855 4117 1920 4169 ad

2029 2951 2156 3003 ergo
2192 2933 2274 2987 vel
2305 2933 2429 2996 sibi,
2467 2931 2548 2984 vel
2597 2931 2716 2984 aliis
2760 2928 3035 2999 magistris
3077 2925 3356 2989 Ecclesiae,
3402 2924 3456 2978 in
3493 2924 3596 2988 bis,

2029 3042 2149 3094 quae
2175 3026 2332 3085 dixit.
2369 3022 2680 3077 contrarius
2711 3031 2818 3075 est.

2101 3120 2378 3174 Caeterum
2418 3116 2484 3169 ad
2519 3131 2633 3177 eos,
2670 3116 2760 3181 qui
2799 3111 2992 3167 dicunt
3029 3126 3045 3165 :
3077 3111 3138 3165 Si
3173 3121 3297 3164 tunc
3344 3109 3599 3176 Spiritum

2028 3219 2272 3263 sanctum
2307 3216 2614 3271 acceperunt
2652 3201 2907 3269 Apostoli,
2968 3203 3093 3270 quid
3143 3216 3346 3254 necesse
3394 3201 3494 3265 [uit
3543 3201 3604 3250 il-

2029 3301 2137 3354 lum
2186 3299 2271 3351 die
2312 3297 2635 3350 Pentecoates
2676 3295 2812 3345 mitti
2837 3295 2858 3347 2
2885 3293 3170 3345 dicendum
3215 3300 3319 3352 est,
3345 3289 3600 3356 quoniam

2029 3391 2190 3442 datus
2218 3399 2302 3441 est
2327 3388 2569 3454 quidem,
2604 3400 2708 3436 non
2729 3394 2909 3436 autent
2951 3391 3066 3434 tota
3095 3383 3180 3434 illa
3213 3397 3312 3435 sua
3363 3382 3600 3448 plenitu—

2031 3478 2185 3543 dine,
2218 3491 2392 3544 neque
2422 3474 2714 3527 secundum
2761 3487 2976 3525 omnem
3013 3488 3166 3525 suam
3195 3473 3602 3536 operationem;

2031 3585 2134 3622 non
2163 3568 2301 3636 quod
2344 3564 2459 3632 ipse
2505 3563 2800 3624 discretus,
2850 3576 2910 3613 ac
2936 3561 3140 3613 divisus
3185 3562 3278 3619 sit,
3305 3561 3399 3613 sed
3444 3575 3606 3626 pr0p-

2033 3677 2116 3720 ter
2169 3659 2570 3729 suscipientinm
2618 3652 3181 3721 imbecillitatem,qni
3239 3664 3456 3702 omnem
3486 3649 3606 3714 ejus

2028 3755 2434 3826 operationem,
2463 3761 2516 3804 et
2555 3745 2903 3804 efﬁcientiam
2953 3754 3078 3798 tunc
3117 3741 3361 3812 profecto
3408 3753 3605 3807 capere

2029 3846 2347 3915 nequibant.
2383 3843 2572 3895 Postea
2599 3855 2723 3894 vero
2754 3853 2915 3907 quam
2954 3837 3018 3890 ad
3076 3834 3397 3903 perfectiora
3429 3832 3607 3901 profe-

2026 3946 2236 4000 cerant,
2284 3946 2435 3998 tunc,
2480 3934 2591 4003 jam
2633 3933 2878 3985 omnium
2936 3929 3260 3998 gratiarum,
3305 3928 3606 3981 donorum-

2026 4048 2130 4102 que
2159 4029 2464 4085 ccelestium
2495 4040 2721 4093 capaces
2756 4025 2882 4078 facti
2912 4033 3057 4077 sunt.

2095 4122 2358 4187 Quocirca
2388 4130 2439 4172 et
2460 4120 2879 4186 Cbrysostomus
2915 4133 2927 4168 :
2960 4114 3068 4168 Nec
3101 4112 3359 4180 peccabit,
3395 4111 3600 4181 inquit,

356 4201 729 4269 accipiendum
785 4179 1046 4270 Spiritum
1085 4211 1351 4260 sanctum.
1388 4206 1736 4275 Consequens
1775 4207 1918 4263 enim
1953 4179 1996 4236 υ
2033 4179 2140 4282 qui
2149 4225 2196 4267 et
2231 4223 2353 4265 tunc
2391 4227 2474 4263 eos
2503 4179 2764 4276 accepisse
2799 4206 2990 4259 dixerit
3023 4179 3314 4273 spiritalem
3374 4179 3606 4270 aliquam

360 4303 500 4359 erat,
529 4303 588 4346 ut
637 4293 729 4361 qui
763 4307 857 4347 eos
882 4292 1141 4362 Spiritum
1194 4306 1438 4350 sanctum
1489 4299 1760 4367 accepisse
1793 4297 1932 4354 tunc'

356 4388 625 4453 negabant
661 4404 674 4438 :
706 4385 869 4439 etiam
917 4388 1105 4454 gratia:
1167 4390 1564 4456 perceptionem
1633 4391 1920 4454 tollerent,

355 4491 513 4542 quam
563 4477 684 4529 sine
731 4475 935 4544 Spiritu
1013 4479 1263 4547 cuiquam
1322 4481 1573 4547 possibile
1645 4496 1747 4535 non
1810 4491 1926 4534 erat

356 4568 630 4622 advenire.

428 4657 636 4713 Deinde
682 4668 736 4712 et
768 4675 920 4712 suam
975 4663 1302 4714 sententiam
1347 4660 1529 4716 infert:
1571 4661 1692 4715 Non
1747 4674 1923 4716 autem

359 4750 589 4817 peccabit
625 4751 907 4818 quispiam,
948 4767 1034 4805 eos
1073 4763 1120 4805 et
1177 4763 1299 4806 tunc
1359 4755 1586 4822 gratiam
1620 4756 1880 4823 accepisse
1907 4795 1922 4818 ,

363 4842 583 4906 dicens;
625 4843 777 4909 quasi
831 4843 1044 4896 illorum
1099 4847 1426 4899 sententiam
1485 4848 1786 4916 corrigens,
1819 4847 1913 4917 qui

361 4933 624 4999 negabant
657 4932 914 4997 Spiritum
942 4945 1188 4988 sanctum
1221 4945 1346 4989 tunc
1372 4937 1553 4991 datum
1601 4939 1791 5003 fuisse,
1827 4954 1922 4992 os-

361 5023 527 5074 tendit
578 5023 819 5089 apertius
862 5023 1174 5091 opinionem
1231 5038 1382 5077 suam
1432 5041 1574 5090 esse,
1621 5028 1764 5094 quod
1795 5037 1918 5081 tunc

361 5113 666 5180 acceperint
719 5111 980 5183 Spiritum
1043 5124 1328 5168 sanctum.
1379 5115 1513 5169 Nam
1569 5133 1690 5170 cum
1743 5119 1916 5186 gratia

362 5202 592 5270 Spiritus
632 5215 685 5259 et
713 5206 828 5274 ipse
867 5222 973 5260 una
997 5207 1186 5261 adesse
1231 5206 1547 5276 intelligitur
1575 5226 1588 5261 :
1623 5219 1783 5278 atque
1813 5210 1916 5264 hoc

363 5293 482 5347 inde
527 5293 579 5349 in
631 5297 823 5367 primis
864 5307 1094 5361 constat,
1138 5298 1278 5366 quod
1327 5307 1648 5369 potestatem
1697 5311 1916 5370 peccata

431 5476 652 5537 "Joan.
682 5496 792 5545 xw,
831 5484 886 5535 b.
965 5480 1009 5511 ⁸⁷
1044 5478 1201 5536 Joan.
1238 5498 1327 5547 xx,
1366 5482 1456 5534 2|.

1537 5483 1580 5514 ⁸⁸
1604 5482 1758 5537 Junii.
1796 5498 1900 5544 xiv,
1941 5481 2018 5537 l6.

2034 4307 2280 4374 gratiam,
2301 4319 2416 4354 cum
2434 4301 2660 4370 Spiritus
2690 4312 2812 4353 tunc
2838 4316 2896 4353 ea
2921 4299 3033 4352 sola
3056 4299 3241 4366 dignos
3271 4296 3603 4374 iudicaverit.

2033 4373 2166 4449 Nam
2203 4394 2486 4449 sacerdotii
2517 4394 2747 4461 gratiam
2796 4402 2919 4445 tunc
2951 4393 3122 4444 solam
3172 4390 3317 4459 dedit
3350 4373 3610 4456 apostolis

2034 4487 2448 4548 inhabitantem,
2475 4484 2636 4549 cujus
2671 4482 2950 4552 proprium
2995 4489 3214 4548 peccata
3264 4478 3495 4540 solvere,
3526 4487 3608 4530 at-

2035 4591 2141 4643 que
2175 4575 2346 4642 ligare
2384 4587 2398 4624 :
2430 4587 2534 4625 non
2569 4582 2749 4625 tamen
2793 4570 3053 4623 doctrinae
3102 4567 3292 4629 etiam,
3346 4576 3399 4618 et
3452 4565 3603 4618 verbi

2032 4665 2283 4733 gratiam,
2314 4664 2454 4716 hanc
2485 4662 2626 4714 enim
2667 4661 2722 4714 in
2749 4659 2836 4711 die
2865 4658 3239 4719 Pentecostes,
3273 4670 3368 4722 per
3395 4655 3606 4724 linguas

2035 4759 2228 4825 igneas
2259 4752 2425 4810 dedit.
2473 4752 2604 4814 Sed,
2640 4767 2707 4805 ne
2756 4760 2885 4803 tunc
2913 4750 3129 4817 quidem
3167 4757 3276 4802 tota
3319 4747 3424 4802 illis
3453 4749 3604 4817 copia

2032 4858 2116 4900 est
2144 4845 2290 4901 data.
2323 4845 2509 4912 Neque
2550 4842 2692 4894 enim
2721 4839 2964 4908 quotidie
2989 4839 3054 4892 ad
3103 4838 3352 4905 majores,
3399 4841 3609 4906 perfer-

2032 4940 2307 5016 tinresque
2356 4941 2590 4998 virtutes
2665 4943 3067 5002 potestatesque
3120 4933 3443 4986 evasissent.
3503 4929 3609 4982 Sed

2029 5042 2082 5083 ct
2127 5049 2250 5102 post
2282 5035 2674 5110 pentecostcn,
2715 5027 3067 5079 narrantibus
3093 5023 3274 5086 Petro,
3301 5032 3354 5075 et
3397 5021 3606 5073 Joanne

2033 5123 2263 5213 reliquis
2298 5121 2588 5234 Ἆνοειοὶῑε,
2612 5126 2809 5188 quanta
2850 5133 2876 5167 a
2902 5115 3099 5170 indicis
3133 5115 3273 5182 passi
3315 5117 3520 5168 essent,
3546 5120 3612 5156 eo

2038 5227 2099 5234 ..-μ
2168 5229 2179 5234 ,
2522 5230 2572 5234 __
2595 5213 2643 5234 -.--
2677 5207 2870 5234 nt.-:...:
2899 5205 3114 5234 “mutua
3142 5202 3376 5234 nnicenhl
3401 5211 3412 5234 τ
3442 5191 3608 5234 Mum-

2151 5191 2165 5202 .
2196 5191 2263 5213 η.)
2299 5191 2431 5234 ww
2595 5213 2605 5223 ,
2786 5208 2827 5232 .,
2857 5207 2868 5218 υ
3030 5205 3040 5216 -
3210 5202 3219 5212 ·
3401 5211 3412 5222 ·
3438 5191 3583 5243 Motu

2033 5227 2185 5311 quod
2226 5209 2873 5311 ﬁducia“leill-Christi
2899 5207 3506 5311 “omni:_?Elf?c':::ﬂm

2027 5272 2188 5387 ing};
2226 5272 2670 5383 ¹¹ίὶι¹⁰¹³νξεριειὶ
2699 5309 2814 5354 sunt
2865 5311 3036 5371 omnes
3074 5291 3276 5358 Spiritu
3328 5290 3528 5346 sancto,
3558 5287 3618 5332 ut.

2176 5354 2257 5452 lt‘
2299 5364 2446 5498 Win

2240 5405 2353 5462 δια

2101 5506 2168 5562 λλ
2306 5493 2314 5498 ⁷
2461 5493 2653 5597 ’Ϋἰὶῦο

2225 5592 2408 5760 «mil.
2444 5584 2478 5632 >
