4144 6296
572 298 672 364 123

1814 323 2207 384 MANUELIS
2246 324 2553 385 CALECtR

3735 330 3855 400 tat
3920 296 3927 309 ’

564 414 901 481 loquerentur
921 418 1131 472 verbum
1157 421 1249 475 Dei
1267 440 1381 478 cum
1413 426 1608 494 fiducia
1634 429 1703 483 ’°.
1734 428 1937 501 Nempe
1960 434 2126 499 enim,
2161 440 2203 491 Α
2236 442 2423 485 sancto
2454 434 2601 488 canit
2637 451 2651 487 :
2700 434 2777 489 Tu
2817 435 2948 501 vita,
2994 453 3165 505 amor,
3200 437 3396 495 lumen.
3428 438 3707 500 Charitas
3741 463 3853 501 au-

565 507 609 558 si
634 516 803 559 totum
830 508 881 559 in
900 505 1223 565 Pentecoste
1257 514 1572 583 habuerant,
1591 535 1828 589 quonam
1858 535 1984 579 tunc
2012 528 2124 594 spi-

565 595 671 648 ritu
703 596 903 665 impleti
938 602 1345 659 sunt?Constat
1376 622 1503 663 vero
1527 611 1649 680 quia
1679 612 1946 670 habebant
1970 617 2120 671 illum

564 688 802 756 quidem,
823 695 938 756 sed,
961 695 1085 761 quia
1102 698 1338 763 perfecte
1362 716 1463 755 non
1489 703 1779 770 habebam,
1801 709 1917 776 ipso
1934 725 2121 766 rursus

564 777 767 843 impleti
789 791 932 837 sunt.
954 782 1336 857 Semperenim
1359 805 1421 843 ac
1450 790 1647 862 iugiter
1678 794 1913 865 Spiritus
1941 800 2119 868 datur,

566 877 621 919 et
658 884 752 936 per
788 872 994 943 singula
1019 876 1185 944 ipsius
1227 896 1469 949 munera,
1515 884 1631 954 ipse
1664 890 2112 959 uuaiugreditur.

632 957 696 1012 Et
728 959 781 1014 iu
808 966 1033 1020 Actibus
1066 972 1433 1038 apostolorum
1477 977 1736 1043 scriptum
1778 957 1862 1035 est
1897 999 1909 1035 :
1942 982 2123 1053 Impo-

560 1050 749 1103 nebant
778 1058 1002 1121 apostoli
1035 1075 1219 1113 manus
1267 1079 1422 1130 super
1449 1082 1585 1131 eum,
1615 1070 1703 1137 qui
1728 1050 2119 1141 baptizabatur,

556 1139 827 1207 populum,
844 1153 890 1196 et
910 1146 1252 1202 descendebat
1269 1150 1503 1220 Spiritus
1534 1172 1749 1214 sanctus
1772 1139 1926 1229 super
1948 1182 2033 1221 eos
2051 1139 2118 1224 ".

564 1229 731 1284 Datur
765 1232 909 1287 enim
940 1237 993 1290 in
1021 1239 1642 1315 adeptionebaptizatis,
1675 1264 1727 1306 et
1759 1257 2119 1324 principatum

558 1320 859 1388 spiritalem
889 1325 942 1377 in
973 1329 1154 1396 populi
1199 1333 1461 1402 regimine
1488 1320 2122 1418 suscipientibus,‘atque

563 1413 616 1463 in
675 1412 777 1467 hac
821 1416 1157 1487 diﬂ‘erenter,
1194 1429 1488 1482 secundum
1532 1434 1737 1489 scilicet
1788 1452 2011 1495 munera
2054 1445 2120 1496 ad

559 1502 812 1561 Ecclesia:
833 1510 1213 1576 perfectionem
1249 1520 1600 1577 conferenda.

632 1596 705 1651 Ea
736 1614 865 1670 ergo
890 1605 1189 1665 insuiﬂatio
1218 1596 1492 1669 indicium
1520 1627 1604 1671 est
1630 1633 1770 1673 verte
1797 1622 1974 1677 sancti
1996 1622 2121 1693 Spi-

564 1692 698 1747 ritus
732 1693 1038 1766 eiiusionis;
1091 1710 1251 1771 atque
1282 1720 1348 1760 eo
1399 1710 1589 1781 magis,
1626 1711 1768 1778 quod
1810 1724 1867 1768 et.
1916 1692 2112 1784 gratia,

556 1783 737 1852 inqua
765 1786 923 1844 datus
957 1800 1063 1857 est,
1134 1795 1305 1850 solius
1342 1796 1436 1852 Dei
1475 1812 1579 1855 est.
1627 1804 1767 1858 Deus
1797 1783 1974 1860 autem
2031 1818 2115 1863 est

559 1872 793 1940 Spiritus
833 1889 1074 1945 sanctus,
1114 1884 1206 1937 sed
1246 1895 1300 1939 et
1331 1886 1713 1947 documentum
1741 1902 1823 1947 est
1850 1909 1912 1949 ea
1940 1896 2117 1951 insuf-

552 1962 718 2030 ﬂatio,
744 1982 840 2036 per
867 1985 1182 2045 expressam
1215 1978 1691 2049 signiﬁcationem,
1722 1999 1784 2039 ex
1820 1983 1955 2041 Filio
1986 2003 2115 2058 pro-

551 2058 744 2114 cedere
778 2060 1037 2127 Spiritum
1079 2078 1323 2123 sanetum
1355 2080 1521 2141 atque
1551 2089 1616 2127 ex
1641 2089 1706 2130 eo
1732 2092 1876 2133 esse.

621 2146 699 2201 Ex
738 2151 935 2217 quibus
974 2156 1132 2210 etiam
1169 2160 1217 2211 id
1247 2171 1479 2225 censuit,
1513 2168 1677 2233 quod,
1700 2170 1794 2236 qui
1830 2171 1959 2225 nihil
2014 2176 2113 2229 mi-

552 2253 669 2291 rum
706 2255 827 2296 esse
850 2245 1056 2311 dicunt,
1078 2249 1120 2301 si
1157 2249 1316 2302 datur
1343 2266 1373 2304 a
1409 2251 1546 2307 Filio
1573 2257 1834 2326 Spiritus,
1861 2268 2109 2329 quando-

553 2333 769 2398 quidem
798 2347 855 2390 et
881 2351 910 2389 a
942 2352 1266 2409 quocunque
1299 2343 1539 2409 homine.
1562 2336 1719 2404 modo
1744 2357 1994 2412 sacerdos
2018 2363 2110 2427 sit,

551 2423 711 2476 datur
745 2433 840 2479 :et
893 2427 1037 2481 sicut
1090 2429 1159 2482 ab
1220 2432 1533 2491 hominibus
1584 2452 1706 2491 cum
1779 2442 1963 2509 datur,
2005 2423 2109 2502 non

550 2512 714 2565 etiam
750 2514 817 2567 ab
840 2516 919 2571 eis
947 2519 1197 2585 procedit
1227 2538 1240 2574 :
1268 2522 1337 2576 ita
1359 2539 1581 2593 nequea
1610 2530 1701 2583 Dei
1742 2529 1881 2587 Filio
1921 2548 2111 2603 pros-eo

550 2605 647 2669 dit,
689 2608 935 2674 quamvis
969 2611 1036 2663 ab
1068 2610 1183 2679 ipso
1211 2615 1385 2680 detur,
1420 2618 1880 2689 irrationabiliter,
1919 2642 1981 2681 ac
2011 2632 2108 2683 de-

546 2697 889 2754 mentissime
934 2700 1333 2771 blaspltenuaut.
1385 2707 1626 2766 Primum
1679 2716 1923 2783 quidem,
1970 2735 2108 2790 quo-

545 2787 690 2840 niam
731 2792 957 2844 eandem
995 2798 1397 2863 proportionem
1447 2802 1708 2870 Spiritum
1755 2787 2002 2865 sanctum
2040 2813 2107 2868 ad

543 2877 735 2935 Filium
781 2884 1001 2952 habere,
1042 2901 1201 2956 quam
1243 2893 1405 2947 habet
1457 2896 1524 2949 ad
1564 2896 1828 2967 homines,
1866 2913 2102 2971 putant;

543 2973 737 3028 deinde
760 3014 774 3037 ,
803 2980 1054 3043 quoniam
1081 2996 1109 3033 a
1146 2983 1478 3050 quibuslibet
1510 2990 1817 3047 hominibus
1851 2996 1964 3049 dari
1999 3014 2102 3052 non

2231 530 2365 587 tem,
2393 533 2446 576 et
2480 539 2633 580 amor
2667 527 2807 582 idem
2835 528 3002 586 Valet.

2299 614 2402 670 Sed
2435 618 2581 671 enim
2613 618 2953 689 Augusunus
2975 621 3193 690 quidem
3225 639 3417 680 rursus
3442 630 3691 696 gratiam
3734 648 3849 687 vo—

2226 706 2372 760 cavit
2408 707 2670 774 Spiritum
2731 720 3003 765 sanctum.
3036 712 3341 769 Concordat
3369 728 3547 773 autem
3577 732 3638 774 et
3689 723 3847 777 huic

2222 806 2441 852 sanctus
2458 798 2689 854 Basilius
2721 800 2774 852 in
2798 801 3038 869 mysticis
3055 804 3229 858 sancti
3248 808 3501 863 sacriﬁcii
3523 814 3679 877 preci
3694 815 3840 875 bus,

2223 887 2538 955 adfati-em
2578 890 2691 944 illic
2739 892 2803 944 de
2826 890 2963 946 Filio
2988 893 3213 962 loquens
3237 913 3251 950 :
3276 897 3472 961 Quiest
3500 902 3691 967 imago
3722 917 3846 957 tua

2223 978 2489 1046 bonitatis,
2510 981 2743 1050 sigillum
2773 983 2958 1051 forum
2986 987 3155 1053 parile
3196 989 3250 1041 in
3273 1006 3326 1043 se
3369 991 3481 1059 ipso
3506 1002 3553 1046 te
3585 993 3838 1049 Patrem

2219 1071 2516 1136 ostendens,
2550 1089 2719 1125 sermo
2760 1075 2928 1137 vivus,
2978 1076 3113 1131 Deus
3149 1096 3319 1143 verus,
3349 1098 3380 1134 a
3414 1098 3517 1150 quo
3566 1082 3838 1152 Spiritus

2219 1169 2437 1213 sanctus
2490 1161 2710 1229 eﬂ‘ulsit,
2762 1166 3064 1232 adoptionis
3117 1167 3340 1232 donum,
3398 1171 3560 1224 arrha
3601 1173 3836 1240 future:

2221 1248 2569 1303 hereditatis.
2597 1252 2741 1306 Idem
2771 1268 2982 1319 rursus,
3028 1257 3082 1310 in
3110 1259 3343 1326 epistola
3372 1262 3437 1314 ad
3473 1260 3832 1329 Gregorium

2219 1337 2443 1392 fratrem
2481 1340 2547 1393 de
2581 1340 2881 1398 dili'erentia
2946 1349 3214 1411 essentne.
3251 1360 3413 1420 atque
3458 1354 3830 1418 substantiae,

2221 1424 2295 1476 ait
2323 1441 2337 1476 :
2368 1425 2534 1479 Omne
2565 1432 2702 1497 quod
2736 1433 2793 1484 in
2841 1450 2935 1488 nos
2972 1451 3036 1488 ex
3079 1438 3262 1491 divina
3306 1442 3497 1494 virtute
3544 1445 3829 1513 pertingit

2220 1512 2443 1576 bonum:
2474 1520 2647 1572 omnia
2698 1521 2753 1574 in
2784 1525 3026 1580 omnibus
3057 1530 3322 1595 aperantis
3378 1535 3570 1600 gratia:
3608 1551 3826 1603 opera-

2220 1605 2408 1659 tionem
2434 1608 2679 1674 dicimus,
2704 1613 2845 1667 sicut
2865 1616 2944 1669 ait
2968 1618 3254 1685 Apostolus
3282 1638 3296 1674 :
3336 1621 3465 1676 Haec
3490 1635 3665 1678 autem
3684 1644 3827 1680 om-

2222 1696 2307 1747 nia
2335 1708 2584 1765 operatur
2601 1718 2736 1757 unus
2769 1713 2926 1761 atoue
2962 1707 3098 1763 idem
3123 1710 3356 1781 Spiritus
3406 1714 3649 1770 dividens
3680 1719 3821 1772 sin-

2218 1786 2354 1855 gulis
2377 1800 2530 1857 prout
2565 1792 2670 1845 vult
2689 1793 2755 1847 ”.

2285 1878 2476 1944 Porro,
2527 1882 2571 1936 si
2603 1898 2849 1952 quaerere
2905 1889 3183 1960 pergimus
3239 1907 3306 1947 an
3354 1909 3419 1950 ex
3455 1896 3572 1952 solo
3600 1909 3814 1954 sancto

2219 1967 2426 2037 Spiritu
2460 1974 2727 2031 bonorum
2756 1978 2973 2048 largitio
3007 1983 3219 2038 initium
3252 2000 3495 2051 sumens,
3519 1990 3592 2044 ita
3612 1993 3809 2060 dignis

2213 2062 2466 2118 adveniat
2497 2081 2512 2119 :
2549 2082 2740 2123 rursus
2784 2084 2812 2122 a
2849 2070 3132 2142 Scriptura
3166 2078 3539 2147 admonemur,
3570 2090 3632 2136 ut
3657 2098 3802 2137 cre-

2213 2151 2405 2207 damus
2438 2152 2742 2221 largitionis
2790 2159 3053 2215 bonorum
3084 2168 3350 2233 omnium,
3376 2183 3494 2237 quae
3541 2170 3594 2226 in
3626 2174 3801 2230 nobis

2210 2253 2308 2307 per
2359 2241 2618 2309 Spiritum
2688 2246 2824 2302 linat
2890 2260 3204 2331 auctorem,
3256 2265 3310 2310 et
3373 2273 3593 2315 causam
3658 2279 3797 2318 esse

2213 2332 2542 2401 unigenitum
2590 2336 2797 2394 Jesum.
2846 2339 3036 2395 Omnia
3087 2346 3229 2399 enim
3266 2362 3361 2417 per
3408 2352 3580 2418 ipsum
3624 2355 3781 2409 facta

2210 2436 2351 2481 esse.
2393 2432 2447 2477 et
2477 2425 2531 2477 in
2565 2427 2683 2495 ipso
2717 2430 3040 2499 consistere,
3070 2449 3097 2487 a
3131 2438 3332 2493 sanctis
3367 2439 3565 2497 litteris
3592 2444 3793 2500 didici-

2212 2528 2353 2569 mus.
2389 2513 2446 2571 ln
2497 2517 2579 2571 his
2614 2529 2820 2587 autem,
2852 2538 3013 2590 quam
3054 2529 3234 2581 omnia
3271 2530 3321 2583 in
3368 2535 3625 2590 omnibus
3652 2551 3789 2605 ope-

2212 2604 2321 2656 rari
2368 2607 2599 2674 gratiam
2647 2609 2805 2675 dixit,
2859 2612 3120 2678 Spiritum
3169 2629 3427 2674 ssnctum'
3465 2638 3588 2679 esse
3646 2604 3782 2683 vult.

2211 2694 2403 2749 Omnia
2440 2699 2577 2751 enim
2629 2711 2879 2767 operatur
2928 2721 3084 2772 unus,
3136 2717 3293 2778 atque
3339 2712 3477 2767 idem
3522 2713 3773 2784 Spiritus.

2211 2786 2272 2841 Et
2303 2789 2450 2841 addit
2481 2807 2495 2843 :
2529 2788 2723 2846 Omnia
2754 2796 2911 2849 nobis
2946 2799 3236 2867 peripsum
3271 2801 3538 2865 Spiritum
3572 2809 3707 2875 geri.

2277 2876 2578 2934 Notandum
2613 2897 2763 2945 vero,
2796 2894 2849 2938 et
2879 2889 3022 2954 quod
3074 2903 3169 2957 per
3199 2894 3433 2961 medium
3459 2897 3586 2950 dicti
3612 2899 3776 2964 illius,

2205 2968 2348 3037 quod
2385 2973 2567 3025 omnia
2602 2973 2814 3030 scilicet
2853 2991 2948 3044 per
2980 2976 3173 3033 Filium
3212 2983 3322 3036 sint
3371 2984 3546 3052 facta,
3585 2988 3774 3044 Filium

544 3072 745 3129 potest,
772 3066 863 3130 qui
897 3067 962 3119 ab
985 3071 1244 3133 apostolis
1269 3073 1429 3128 datus
1454 3090 1557 3128 non
1585 3087 1668 3131 est
1702 3098 1716 3133 :
1752 3082 2098 3148 lmponebant
2126 3081 2171 3139 (Ξ
2207 3069 2501 3124 ³¹¹⁰¹⁰¹Ὃ¹¹¹’
2535 3072 2589 3115 et
2626 3078 2850 3120 causam
2900 3067 3161 3126 bonorum
3211 3087 3332 3141 qum
3382 3092 3477 3146 per
3516 3079 3771 3148 spiritum

540 3153 679 3202 enim
714 3168 927 3219 manus,
964 3157 1058 3221 ait,
1093 3175 1247 3227 super
1283 3163 1607 3232 baptizatum
1633 3174 1883 3241 populum
1917 3186 1966 3232 et
2009 3180 2100 3233 de-

543 3243 815 3296 scendebat
841 3246 1074 3315 Spiritus
1106 3264 1315 3308 sanctus
1330 3273 1487 3325 super
1506 3276 1610 3316 eos.

612 3357 667 3411 ln
701 3359 785 3413 his
815 3373 1018 3428 autem,
1070 3380 1189 3433 qua:
1242 3386 1269 3422 a
1333 3375 1609 3443 magistris
1653 3375 1912 3435 Ecclesiae
1958 3381 2102 3439 dicta

541 3462 689 3517 sunt,
711 3453 900 3508 horum
922 3457 1081 3511 etiam
1108 3464 1392 3517 concordia
1419 3471 1649 3523 notanda
1669 3484 1767 3526 est.
1790 3473 1939 3531 Sicut
1958 3478 2101 3533 enim

543 3558 767 3611 magnus
788 3546 1115 3605 Athanasius
1143 3550 1197 3605 in
1228 3551 1399 3624 Epist.
1433 3557 1498 3610 ad
1531 3558 1905 3633 Serapionem,
1930 3570 2103 3639 Spiri-

544 3646 653 3688 tum
692 3651 937 3709 sanctum
972 3643 1107 3697 dixit
1144 3644 1343 3702 donum
1384 3648 1505 3705 Filii
1534 3671 1547 3707 :
1577 3655 1649 3709 ita
1680 3667 1732 3711 et
1769 3659 2101 3729 Augustinus

539 3727 591 3780 in
617 3728 712 3783 lib.
740 3730 816 3784 De
849 3730 1127 3801 Trinitate,
1160 3738 1331 3808 ipsum
1359 3743 1493 3797 dixit
1533 3744 1655 3802 Filii
1683 3727 1899 3806 donum.
1939 3754 2097 3824 Tum,

535 3822 659 3888 quia
697 3838 727 3875 a
755 3823 911 3881 Patre
937 3838 990 3882 et
1022 3826 1161 3884 Filio
1195 3828 1375 3899 datur,
1407 3842 1517 3889 tum
1550 3841 1674 3906 quia
1708 3857 1774 3896 ex
1819 3843 1981 3901 Patre
2007 3822 2100 3916 per

533 3908 727 3967 Filium
780 3920 1039 3985 procedit,
1068 3922 1454 3994 atnborumque
1495 3931 1689 3985 donum
1709 3949 1846 4001 esse,
1872 3908 2098 3997 addidit.

532 4006 611 4061 Ac
638 4008 779 4061 sicut
816 4009 904 4063 ille
953 4010 1212 4079 Spiritum
1241 4027 1511 4086 sanctum,
1540 4037 1703 4078 unam
1741 4032 1907 4085 vitam
1942 4037 2100 4092 unius

532 4100 638 4149 vivi
668 4097 825 4151 Verbi
863 4099 998 4153 dixit
1028 4117 1043 4153 :
1070 4103 1142 4156 ita
1182 4115 1237 4158 et
1276 4108 1609 4177 Augustinus
1637 4115 1688 4168 iu
1720 4117 1814 4173 lib.
1857 4120 1935 4176 De
1990 4128 2099 4196 ﬁde

531 4186 706 4238 vivam
755 4188 940 4253 vitam,
975 4200 1028 4243 et
1058 4194 1223 4247 vitam
1246 4212 1311 4250 ex
1348 4200 1559 4255 vivente
1583 4204 1740 4259 dixit.
1786 4206 1854 4263 Et
1904 4186 2100 4281 quem-

528 4277 817 4334 admodum
860 4281 1090 4352 Cyrillus
1131 4287 1195 4339 ad
1245 4289 1543 4347 Palladium
1589 4277 1955 4359 essentialite—r
2017 4309 2087 4361 ειη

527 4371 635 4423 lum
668 4388 733 4426 ex
759 4383 1005 4444 utroque,
1028 4379 1077 4433 id
1103 4391 1204 4447 est,
1229 4397 1291 4437 ex
1329 4382 1488 4443 Patre
1511 4406 1605 4457 per
1619 4391 1814 4451 Filium

525 4475 580 4517 et
604 4465 703 4517 iste
731 4482 796 4520 ex
827 4472 1068 4539 utrisque
1109 4475 1424 4542 procedere,
1459 4489 1512 4533 et
1543 4484 1593 4536 in
1618 4487 1863 4558 utrisque
1892 4497 2096 4563 perdu-

527 4569 649 4607 rare
677 4571 690 4619 ;
724 4566 886 4626 atque
923 4575 988 4614 ex
1017 4566 1301 4631 ambobus,
1349 4573 1401 4626 id
1441 4584 1544 4635 est,
1577 4590 1641 4629 ex
1671 4575 1853 4646 Patre,
1874 4594 1927 4638 et
1957 4585 2092 4645 Filio

522 4664 666 4704 esse.
696 4651 763 4706 Et
797 4666 857 4708 ut
894 4656 1212 4714 charitatem
1245 4661 1506 4731 Spiritum
1550 4683 1814 4750 sanctum
1836 4680 2089 4750 Augusti-

522 4749 1093 4817 nus-appellavit:ita
1141 4766 1194 4809 et
1225 4749 1559 4818 Athanasius
1606 4764 1674 4818 ad
1732 4749 2081 4843 Serapionem
2126 4773 2130 4776 ’

520 4837 788 4909 scribens,
829 4844 1199 4918 ait:Denique
1221 4850 1545 4923 Corinthiis,
1578 4876 1737 4917 orans
1785 4864 1841 4918 in
1901 4865 2080 4922 Trinir

522 4940 628 4983 tute
679 4935 888 5002 orabat,
952 4940 1168 4996 dicens:
1198 4942 1419 5000 «Gratia
1454 4948 1667 5006 Domini
1724 4960 1892 5012 nostri
1953 4959 2084 5015 Jesu

519 5020 741 5086 Ultristi,
766 5039 816 5077 et
860 5027 1069 5083 dilectio
1105 5032 1222 5101 Dei,
1270 5048 1319 5091 et
1345 5038 1547 5106 Patris,
1578 5055 1627 5099 et
1676 5053 2083 5106 communicatio

520 5110 752 5178 Spiritus
784 5120 951 5170 sancti
975 5137 1091 5174 cum
1120 5127 1359 5183 omnibus
1385 5134 1524 5187 vobis
1553 5136 1653 5188 ".t
1681 5136 1915 5205 Spiritus
1942 5146 2082 5198 enim

517 5204 819 5273 participes,
851 5209 1099 5267 habemus
1126 5219 1262 5271 verbi
1284 5224 1535 5288 gratiam.
1560 5204 1803 5295 atquein
1829 5234 1941 5299 ipso
1971 5233 2082 5289 Pa-

518 5297 936 5356 trecltaritatem.
950 5302 1173 5358 Constat
1188 5306 1370 5376 igitur,
1389 5314 1513 5381 quia
1550 5314 1809 5383 Spiritum
1828 5297 2073 5378 sanctum

517 5387 569 5440 iu
596 5388 697 5442 hoc
734 5390 852 5443 loco
887 5392 1211 5458 appellavit:
1237 5399 1307 5453 ita
1330 5403 1471 5474 enim
1504 5404 1743 5460 Trinitas
1769 5411 2075 5468 iusinuabi-

518 5489 605 5532 tur
638 5482 688 5535 in
725 5496 829 5547 qua
878 5484 1198 5553 Apostolum
1240 5491 1304 5543 ad
1364 5491 1673 5550 Corinthios
1737 5515 1943 5564 orasse,
1977 5513 2072 5556 art.

516 5569 677 5625 Certe
723 5581 780 5626 et
828 5574 1018 5629 beatus
1071 5576 1387 5633 Theodorus
1443 5582 1684 5640 Studitcs
1732 5591 1796 5642 de
1868 5593 2075 5661 Spiritu

590 5753 638 5782 9°
667 5752 784 5809 Act.
821 5771 876 5823 tt,
911 5759 960 5811 4.
1038 5763 1083 5794 ⁸³
1119 5766 1238 5819 Act.
1274 5766 1468 5831 “11,5.

2206 3151 2363 3204 nobis
2401 3162 2686 3220 geruntur,
2718 3161 2973 3213 ostendit
3006 3162 3205 3228 ;simul
3253 3168 3436 3231 etiam,
3481 3184 3600 3238 quas
3649 3184 3772 3227 ante

2204 3242 2556 3309 prmdiximus
2616 3247 2682 3300 de
2724 3262 3077 3316 personarum
3130 3257 3356 3325 ordine,
3402 3274 3467 3315 ex
3520 3265 3771 3331 praesenti

2202 3346 2419 3401 quoque
2447 3334 2592 3389 dicto
2635 3338 2979 3407 roborantur,
3048 3349 3345 3415 procedens
3373 3354 3593 3422 quippe,
3641 3356 3719 3409 ait
3752 3376 3766 3413 :

2205 3421 2350 3489 quod
2400 3436 2497 3491 per
2536 3424 2727 3482 Filium
2755 3430 2972 3498 quidem
3021 3437 3223 3503 omnia,
3274 3421 3400 3493 cum
3433 3458 3539 3498 non
3572 3456 3770 3513 essent,

2206 3511 2274 3563 ad
2313 3525 2432 3567 esse
2463 3515 2726 3582 producta
2756 3520 2885 3575 sint.
2923 3521 3043 3578 Non
3067 3526 3211 3581 enim
3246 3544 3419 3599 neque
3445 3548 3510 3588 ex
3541 3537 3643 3591 hac
3668 3539 3771 3591 vir-

2205 3608 2318 3656 tute
2365 3605 2488 3659 sine
2535 3609 2828 3677 principio,
2880 3615 2974 3668 sed
3018 3618 3264 3684 quaedam
3304 3624 3475 3680 virtus
3508 3636 3620 3694 est,
3654 3631 3771 3683 sine

2205 3694 2510 3762 nativitate,
2558 3700 2678 3754 sine
2733 3703 2998 3772 principio
3052 3709 3387 3779 subsistens;
3441 3732 3559 3783 qua:
3611 3735 3766 3775 causa

2200 3792 2283 3836 est
2323 3799 2507 3840 eorum
2550 3804 2669 3856 quae
2710 3801 2838 3846 sunt
2879 3795 3119 3850 omnium
3169 3814 3364 3865 causae,
3418 3813 3473 3859 et
3508 3823 3627 3875 qua:
3673 3825 3770 3878 per

2204 3869 2469 3939 Spiritum
2510 3876 2672 3933 nobis
2715 3892 3001 3948 geruntur.
3054 3884 3128 3940 De
3179 3889 3279 3944 hoc
3308 3894 3453 3945 enim
3487 3869 3561 3949 illi
3594 3869 3769 3951 ser-nm

2202 3960 2489 4018 institutus
2520 3975 2639 4021 erat
2680 3984 2695 4020 :
2735 3972 2829 4024 sed
2860 3979 2915 4025 et
2960 3976 3287 4032 voluntatem
3331 3981 3438 4036 alio
3463 3999 3680 4055 quoque
3713 3988 3766 4042 in

2216 4052 2337 4109 loco
2384 4057 2645 4125 Spiritum
2686 4073 2934 4117 sanctum
2976 4069 3308 4137 Augustinus
3354 4052 3663 4142 appellavit.
3697 4080 3769 4132 At

2201 4156 2331 4199 vero
2361 4145 2623 4212 charitas,
2650 4160 2704 4206 et
2734 4166 2905 4219 amor,
2931 4165 2985 4209 et
3019 4164 3272 4213 voluntas
3303 4164 3643 4219 tandemdem
3675 4182 3766 4218 va-

2212 4234 2346 4289 lent.
2382 4235 2534 4301 Quod
2561 4241 2702 4293 enim
2734 4246 2857 4311 quis
2893 4256 3062 4311 amat,
3102 4248 3202 4303 hoc
3236 4252 3289 4305 et
3317 4252 3511 4323 diligit,
3541 4267 3597 4311 et
3629 4259 3764 4313 vult.

2279 4327 2629 4385 Concordsnt
2668 4335 2794 4389 huic
2831 4345 2885 4390 et
2916 4348 3123 4393 veteres
3170 4341 3246 4395 illi
3276 4346 3415 4412 apud
3448 4361 3545 4400 nos
3574 4348 3763 4403 Eccle-

1838 4400 2003 4470 dixit;
2026 4408 2097 4462 ita
2131 4423 2175 4476 ι)
2202 4417 2296 4471 site
2340 4420 2611 4488 magistri.
2643 4423 2707 4478 Hi
2734 4428 2902 4492 enim,
2941 4436 2997 4483 et
3022 4445 3256 4500 magnus
3286 4400 3339 4488 in
3373 4436 3563 4503 primis
3591 4439 3757 4493 Atha-

2202 4510 2389 4564 nasius
2434 4511 2492 4565 in
2520 4514 2630 4578 his,
2663 4530 2785 4583 quae
2824 4529 3009 4573 contra
3042 4524 3227 4577 Arium
3269 4527 3512 4595 scripsit,
3542 4544 3638 4585 eos
3668 4532 3761 4599 qui

2198 4599 2439 4654 dicerent
2471 4606 2801 4670 posteriores
2832 4608 2991 4665 Patre
3020 4610 3213 4667 Filium
3246 4625 3301 4669 et
3333 4617 3590 4683 Spiritum
3634 4635 3762 4674 san-

2193 4698 2338 4743 ctum
2372 4693 2745 4751 ratiocinando
2776 4698 2920 4753 illam
2960 4702 3349 4760 absurditatem
3376 4707 3704 4764 induxerunt
3739 4727 3755 4765 :

2191 4776 2356 4830 veluti
2389 4779 2433 4832 si
2465 4780 2732 4850 dicerent,
2771 4786 2891 4841 sine
2922 4791 3150 4856 ratione,
3188 4804 3242 4847 et
3277 4795 3556 4853 voluntate
3591 4798 3759 4853 Deum

2186 4882 2323 4923 esse.
2346 4869 2410 4923 Et
2432 4874 2626 4929 merito
2650 4893 2667 4943 ;
2700 4876 2824 4946 quia
2847 4881 2987 4934 enim
3012 4881 3153 4937 Deus
3186 4884 3556 4956 intelligibilis,
3581 4904 3645 4944 ac
3666 4905 3761 4944 vo-

2185 4958 2301 5014 lens
2338 4971 2440 5027 est,
2472 4969 2773 5022 secundum
2820 4986 3140 5029 communes
3192 4975 3261 5031 de
3308 4978 3410 5031 hoc
3446 4980 3761 5050 intelligen-

2192 5054 2317 5119 tias,
2352 5053 2754 5127 Seripturaeque
2800 5065 3118 5129 sententias,
3161 5066 3563 5123 rationabilium
3627 5086 3756 5127 vero

2189 5145 2469 5215 perfectio,
2516 5155 2796 5216 rationem,
2828 5164 2990 5221 atque
3036 5155 3367 5211 voluntatem
3402 5160 3600 5215 habere
3636 5172 3744 5225 est.

2188 5240 2370 5293 omnis
2401 5249 2583 5293 autem
2611 5242 2876 5311 perfectio
2934 5246 3306 5315 principalius,
3358 5262 3521 5317 atque
3550 5253 3755 5318 perlec-

2190 5330 2298 5385 tius
2360 5332 2411 5385 in
2466 5331 2575 5387 Deo
2627 5335 2727 5389 sita
2782 5348 2866 5391 est
2898 5356 2911 5391 :
2945 5340 3394 5405 quemadmodum
3437 5341 3578 5397 Deus
3635 5346 3751 5412 ipse

2185 5426 2416 5492 seipsum
2466 5426 2787 5498 intelligens,
2830 5430 2943 5497 ipse
2961 5432 3060 5486 sibi
3100 5433 3195 5498 ipsi
3236 5433 3593 5504 intelligibilis
3620 5448 3745 5501 est;

2190 5514 2289 5566 huc
2314 5516 2455 5567 enim
2483 5526 2566 5570 est
2598 5527 2651 5572 et
2683 5533 2901 5574 movere
2943 5523 3115 5590 ipsum
3142 5524 3511 5593 speculatione
3539 5526 3658 5593 sui;
3689 5545 3748 5583 se

2188 5601 2357 5654 insutu
2409 5620 2538 5658 vero
2585 5607 2929 5677 intelligens,
2985 5623 3037 5666 et
3084 5614 3189 5669 alia
3240 5613 3510 5682 intelligit,
3564 5625 3620 5669 ut
3673 5619 3749 5670 ait

1552 5769 1593 5798 “
1636 5767 1653 5822 l
1694 5770 1818 5825 Cor.
1853 5789 1967 5839 xm,
2009 5776 2084 5830 l5.
2164 5782 2206 5811 ³³
2241 5780 2255 5832 l
2286 5780 2413 5835 Cor.
2460 5798 2551 5845 xu.
2590 5785 2669 5837 ll.
