4144 6296
399 204 505 274 125

1450 213 1848 277 ADVERSUS
1877 217 2189 279 GRAECOS
2219 221 2342 281 LIB
2414 221 2492 280 ll.

3534 221 3635 285 126

398 323 692 393 Dionysius
726 325 985 391 eximius;
1012 335 1176 398 atque
1206 328 1327 383 hinc
1385 327 1648 395 Verbi,et
1676 328 1794 385 Filii
1833 346 1953 397 ρει-ο
1984 348 2028 393 Α
2058 344 2148 387 cto
2193 332 2546 398 contumelia,
2576 334 2708 387 nihil
2755 333 2839 387 vel
2875 332 3025 406 ipsis,
3065 331 3146 386 vel
3182 333 3289 385 Deo
3336 333 3630 399 indignius,

395 429 529 467 sona
562 417 819 472 cooritur.
855 420 1008 485 Quod
1051 422 1193 474 enim
1239 420 1511 476 delinibile
1534 432 1619 477 est
1665 424 1732 477 ad
1765 426 1959 479 «latini-

398 506 601 559 tiouem
641 510 868 565 relative
897 512 1133 566 dicitur:
1166 525 1329 584 alque
1358 516 1477 583 ipse
1516 525 1602 571 est
1630 518 1802 571 Patris
1822 517 1957 571 deﬁ-

397 598 551 665 nitio,
582 608 632 652 et
662 598 916 665 Verbum,
944 612 996 655 et
1016 603 1157 657 sicut
1176 607 1415 662 definitio
1437 610 1504 662 ad
1534 609 1831 671 deﬁnitum,
1857 609 1958 670 sic,

396 688 561 743 liabet
593 687 763 744 Filius
797 692 863 745 ad
890 691 1103 748 Patrem
1136 698 1430 752 secundum
1457 700 1789 768 Theologum
1823 699 1959 753 Gre-

391 780 624 845 goriunt.
680 781 786 835 Sed
828 794 887 836 et
934 787 1411 843 consubstantialis
1480 791 1528 843 ei
1580 799 1685 844 est.
1746 788 1958 842 Nullum

391 870 536 925 enim
562 873 811 927 accidens
840 876 893 929 in
919 874 1044 942 Deo,
1086 879 1163 932 sic
1197 891 1252 933 et
1290 882 1404 949 ipse
1436 896 1495 935 se
1526 882 1698 949 ipsum
1730 892 1810 934 est
1837 880 1960 933 dili-

391 975 547 1027 gens,
576 971 630 1014 et
655 964 837 1017 volens
862 974 914 1017 et
944 981 1153 1023 amans.
1179 971 1299 1039 Ipse
1362 973 1559 1041 quippe
1589 973 1690 1026 sibi
1713 973 1958 1025 estdesi-

391 1052 655 1116 derabile,
685 1064 737 1108 et
772 1071 1067 1123 summum,
1113 1070 1168 1114 et
1195 1062 1419 1127 bonum,
1462 1079 1528 1117 ex
1560 1078 1619 1117 se
1657 1064 1771 1132 ipso
1805 1076 1957 1116 suam

393 1144 639 1207 producit
670 1144 1016 1211 voluntatem,
1040 1150 1153 1205 sive
1182 1150 1524 1217 charitatem,
1560 1153 1671 1208 sive
1695 1168 1958 1217 amorem,

392 1248 512 1300 quae
566 1232 787 1302 Spiritui
822 1248 1015 1293 sancto
1094 1242 1319 1297 relative
1365 1245 1645 1310 assignant
1704 1245 1959 1298 Ecclesia:

393 1324 658 1391 magistri.
691 1326 877 1396 Neque
910 1330 1052 1383 enim
1079 1331 1213 1385 alias
1242 1334 1325 1387 bis
1352 1336 1441 1401 qui
1471 1344 1727 1405 negarent
1750 1332 1955 1387 Filium

392 1425 445 1466 et
474 1414 732 1483 Spiritum
759 1428 1027 1487 sanctum,
1060 1422 1352 1490 objicerent
1384 1428 1525 1494 quod
1572 1428 1690 1480 sine
1751 1428 1959 1480 ratione

392 1513 447 1557 et
494 1504 768 1561 voluntate
818 1508 981 1563 Deum
1018 1512 1171 1567 fateri
1221 1527 1574 1584 cogerentur;
1612 1517 1715 1570 nisi
1746 1516 1957 1569 Patrem

394 1595 629 1659 quidem,
661 1609 920 1664 mentem,
956 1601 1175 1666 Filium,
1203 1605 1434 1658 Verbum
1471 1623 1487 1658 :
1523 1604 1783 1673 Spiritum
1830 1619 1957 1661 vero

392 1696 662 1751 sanctum,
694 1691 1044 1757 voluntatem,
1072 1693 1292 1749 relative
1323 1696 1613 1750 voluissent
1641 1696 1842 1750 dicere.

462 1776 527 1829 Et
574 1779 828 1846 quoniam
866 1793 1125 1850 quantum
1163 1795 1267 1847 est,
1304 1785 1445 1853 quod
1476 1786 1739 1855 diligitur,
1803 1795 1950 1839 tanta

392 1876 445 1919 et
492 1867 731 1935 dilectio,
761 1873 882 1926 sive
918 1876 1165 1929 voluntas
1216 1884 1335 1939 est;
1385 1877 1572 1945 parilis
1601 1886 1655 1931 et
1690 1880 1801 1947 ipsa
1847 1879 1953 1931 Deo

394 1967 495 2024 est,
529 1968 583 2013 et
614 1976 918 2029 exequans.
948 1966 1043 2020 Est
1073 1977 1126 2020 et
1156 1968 1664 2031 consubstantialis.
1694 1969 1950 2037 quoniam

401 2049 453 2101 in
502 2048 611 2103 Deo
662 2052 865 2107 nullum
908 2056 1180 2110 accidens.
1230 2056 1319 2110 Sic
1368 2056 1534 2125 igitur
1559 2067 1612 2110 et
1659 2058 1800 2111 Deus
1856 2072 1954 2126 pro

392 2138 642 2195 confesso
694 2142 926 2197 habetur
976 2143 1209 2215 Spiritus
1253 2157 1471 2202 sanctus
1522 2148 1957 2202 consubstantia-

395 2230 457 2283 lis
509 2228 654 2286 Patri
695 2243 748 2287 et
805 2234 961 2301 Filio,
1011 2246 1065 2290 et
1114 2247 1436 2292 coaeternus.
1483 2237 1767 2308 Nunquam
1811 2239 1955 2292 enim

396 2320 500 2375 fuit
548 2324 663 2378 sine
698 2326 887 2393 verbo,
935 2335 991 2382 et
1043 2330 1161 2384 sine
1205 2332 1486 2386 voluntate
1524 2330 1687 2386 Deus.
1722 2331 1793 2383 Ex
1827 2345 1956 2399 quo.

391 2422 440 2467 et
474 2430 595 2481 qua:
624 2418 877 2482 praedicta
913 2428 1061 2481 sunt,
1116 2437 1221 2474 una
1282 2433 1563 2490 apparent,
1598 2423 1738 2491 quod
1792 2421 1959 2476 Filius

396 2506 604 2560 scilicet
654 2509 724 2562 sit
757 2524 819 2562 es
859 2508 1019 2564 Patre
1058 2512 1177 2566 sine
1228 2514 1426 2577 medio,
1461 2514 1622 2567 veluti
1661 2529 1727 2567 ex
1778 2523 1959 2566 mente

399 2597 619 2650 verbum
655 2636 669 2649 .
704 2598 941 2664 Spiritus
983 2614 1159 2655 autem
1203 2614 1426 2659 sanctus
1451 2618 1515 2657 ex
1560 2602 1716 2659 Patre
1752 2620 1847 2671 per
1875 2601 1961 2656 Fi-

395 2683 543 2749 lium,
604 2688 763 2742 sicuti
813 2691 1103 2755 voluntas,
1158 2701 1210 2746 et
1264 2694 1526 2755 cbaritaa,
1573 2704 1627 2748 et
1667 2710 1840 2761 amor,
1891 2711 1959 2750 ea

396 2782 573 2829 mente
618 2790 715 2841 per
781 2780 1025 2841 verbum,
1056 2789 1109 2833 et
1139 2796 1203 2835 ex
1252 2782 1428 2837 Verbo
1460 2787 1659 2852 prodit.
1702 2785 1960 2851 lmpossi-

397 2864 502 2918 bile
530 2879 762 2933 namque
791 2877 892 2930 est,
922 2869 1077 2932 velle,
1104 2871 1182 2923 vel
1208 2872 1449 2938 diligere,
1475 2873 1576 2928 nisi
1599 2890 1693 2942 per
1718 2878 1960 2941 verbum.

394 2962 448 3005 et
504 2955 839 3021 przecedente
888 2957 1069 3011 verbo.
1115 2958 1380 3023 Quocirca
1436 2960 1598 3016 etiam
1650 2966 1843 3021 merito
1896 2980 1961 3021 ex

401 3044 572 3100 Verbo
626 3046 918 3114 procedere
958 3048 1176 3104 dicitur.

466 3139 602 3206 Quia
660 3141 823 3209 igitur
882 3144 1176 3198 secundum
1243 3160 1553 3215 processum
1623 3150 1955 3213 voluntatis.

398 3232 509 3287 sive
554 3233 873 3300 eltaritatis,
907 3250 973 3289 ex
1032 3234 1189 3291 Patre
1234 3252 1328 3306 per
1380 3239 1613 3295 Verbum
1672 3242 1964 3307 procedere

399 3322 658 3391 Spiritum
709 3326 1042 3393 Augustinus
1101 3327 1392 3399 intelligit;
1445 3330 1650 3385 idcirco
1693 3348 1813 3385 cum
1876 3334 1961 3385 di-

410 3418 598 3480 xisset,
633 3418 832 3484 ipsum,
889 3418 1125 3474 dictante
1162 3420 1460 3489 Scriptura,
1512 3423 1833 3477 citaritatem
1861 3422 1962 3476 Pa-

404 3506 496 3559 tris
536 3522 597 3559 ac
650 3506 806 3572 Filii,
839 3509 1002 3562 etiam
1051 3526 1115 3563 ex
1167 3511 1344 3571 Patre.
1375 3522 1430 3564 et
1482 3512 1619 3565 Filio
1666 3515 1962 3579 procedere

402 3599 687 3654 concludit.
743 3598 857 3665 Qua
918 3602 1265 3655 conclusione
1312 3603 1517 3655 Grtecis
1567 3618 1783 3671 quoque
1836 3605 1963 3658 doc-

403 3689 644 3755 toribus,
698 3701 756 3745 ut
809 3707 969 3759 supra
1033 3694 1351 3753 docuimus,
1410 3693 1643 3746 inaxime
1695 3708 1963 3748 consonus

399 3790 524 3834 cst.
584 3782 646 3834 lli
700 3783 842 3835 enim
894 3798 958 3836 ex
1006 3781 1165 3836 Patre
1226 3798 1321 3849 per
1371 3782 1566 3836 Filium
1628 3785 1962 3852 procedere.

400 3881 449 3924 et
485 3888 548 3925 ex
610 3872 768 3925 Patre
830 3883 883 3926 et
928 3872 1064 3926 Filio
1120 3888 1243 3927 esse
1310 3886 1561 3928 asserunt
1601 3878 1813 3945 :quod,
1869 3882 1960 3947 qui

400 3971 577 4033 negat,
616 3964 845 4017 alterum
893 3981 957 4018 ex
1002 3964 1228 4027 duubus,
1262 3966 1340 4018 vel
1374 3965 1584 4021 Patrem
1617 3970 1733 4023 sine
1768 3971 1959 4038 Verbo,

399 4065 449 4109 et
502 4059 798 4123 voluntate,
853 4058 932 4110 vel
986 4060 1121 4112 duos
1147 4056 1311 4114 Filios
1358 4060 1410 4112 in
1460 4072 1648 4115 sancta
1697 4062 1963 4119 Triuitate

399 4147 762 4213 conﬁtebitur,
804 4158 854 4202 et
915 4150 1101 4204 ambos
1167 4152 1283 4206 sine
1349 4151 1456 4205 ullo
1519 4153 1697 4209 medio
1736 4170 1800 4210 es
1858 4155 1960 4210 Pa-

402 4246 478 4293 tre
522 4254 645 4293 esse
697 4254 876 4308 posse.

2062 424 2143 477 vel
2172 426 2415 493 'gravius
2469 424 2698 493 irrogari
2742 434 2940 495 potest,
2989 423 3241 491 quodque
3281 428 3459 488 majus
3497 432 3579 475 est
3607 464 3621 485 ,

2060 524 2247 569 contra
2295 516 2416 568 illos
2466 514 2814 575 mentiendo,
2868 527 2925 567 se
2970 513 3116 579 ipsos
3165 512 3252 564 isti
3307 526 3336 564 a
3397 512 3630 565 veritate

2060 604 2273 658 illormn
2307 604 2511 660 faciunt
2534 612 2801 659 extorres:
2833 617 2896 657 ac
2934 601 3128 655 deinde
3159 610 3349 666 putant
3384 601 3626 654 debitum

2060 709 2121 750 se
2170 695 2276 747 illis
2311 697 2571 747 honorem
2631 693 2875 747 reddere.
2916 689 3104 759 Neque
3158 705 3292 744 sane
3346 692 3628 752 convenit,

2056 800 2128 839 ne
2170 786 2332 838 etiam
2364 800 2392 838 a
2420 784 2561 838 Filio
2589 798 2710 838 esse
2736 782 2996 850 Spiritum
3041 793 3285 835 sanetum
3318 784 3628 837 necessario

2058 874 2435 935 conﬁteantur,
2480 873 2630 940 juxta
2681 872 2904 926 Patrum
2953 874 3356 926 veracissimam
3410 872 3621 925 theoloo

2056 968 2198 1036 giam
2226 980 2239 1018 :
2270 966 2394 1018 dum
2429 980 2624 1031 negare
2674 965 2857 1018 volunt
2886 980 3010 1018 eum
3052 979 3081 1017 a
3110 964 3247 1016 Filio
3275 964 3414 1026 dari,
3453 979 3627 1029 neque

2059 1054 2220 1116 mitti,
2249 1053 2507 1118 Spiritum
2554 1064 2827 1114 sanctum,
2893 1059 3119 1122 gratiam
3164 1054 3281 1108 sine
3327 1056 3627 1107 substantia

2057 1143 2242 1197 dicere
2297 1157 2670 1209 praesumere,
2724 1142 2866 1196 sicut
2921 1144 3066 1195 enim
3123 1144 3329 1197 dictum
3376 1155 3479 1196 est:
3538 1141 3629 1195 Sic

2061 1234 2201 1288 Deus
2236 1234 2423 1287 dilexit
2465 1236 2739 1300 mundum,
2790 1245 2847 1287 ut
2881 1234 3078 1287 Filium
3117 1252 3267 1288 suum
3309 1237 3628 1303 unigenitum

2058 1329 2204 1379 darei
2248 1341 2339 1390 pro
2365 1342 2427 1380 eo
2452 1326 2536 1381 ’δε
2570 1328 2639 1379 ita
2669 1336 2724 1380 et
2754 1326 3013 1395 Spiritum
3052 1336 3318 1388 sanctum,
3352 1327 3631 1394 Scriptura

2056 1433 2177 1472 cum
2227 1418 2539 1472 doctoribus
2588 1419 2858 1471 clamante
2889 1419 3027 1481 dari,
3064 1432 3128 1472 ac
3160 1420 3318 1479 mitti.
3352 1419 3626 1471 latendum

2056 1517 2161 1569 est,
2222 1508 2477 1576 quoniam
2535 1508 2723 1563 dilexit
2779 1524 2876 1561 nos
2909 1526 2924 1565 :
2962 1508 3090 1561 illud
3142 1518 3400 1575 praterea
3453 1518 3631 1561 mente

2060 1601 2370 1666 repetendo,
2426 1601 2570 1668 quod
2619 1600 2857 1666 quotidie
2900 1610 3143 1661 orantes,
3180 1601 3431 1653 dicimus:
3476 1600 3626 1665 Veni,

1980 1686 2027 1744 Β
2060 1686 2329 1742 Pot-aelate
2358 1690 2591 1757 benigne,
2620 1700 2667 1744 et
2707 1692 2885 1743 habits
2935 1693 2986 1743 in
3016 1692 3162 1744 nobis
3194 1702 3287 1753 :et
3315 1709 3327 1743 :
3381 1690 3627 1755 Domine.

2056 1780 2145 1847 qui
2192 1767 2431 1831 sanciunt
2478 1780 2734 1844 Spiritum
2766 1788 2911 1833 luunt
2964 1785 3097 1833 liora
3144 1784 3296 1834 tertia
3350 1784 3452 1835 tuis
3499 1798 3631 1848 apo-

2058 1870 2206 1923 stolis
2272 1871 2713 1933 misisti,hunca
2772 1874 2917 1925 nobis
2981 1873 3221 1931 clemens.
3282 1890 3343 1925 us
3393 1875 3627 1941 auferas.

2061 1958 2288 2013 Prorsus
2328 1975 2456 2014 vero
2489 1976 2764 2028 nunquam
2796 1962 2864 2015 ab
2912 1962 3033 2030 ipso
3063 1962 3223 2015 datus
3266 1963 3485 2023 fuisset.
3522 1964 3629 2017 nisi

2060 2058 2115 2105 et
2140 2050 2205 2101 ab
2236 2049 2351 2117 ipso
2374 2061 2535 2105 esset.
2568 2051 2733 2105 Aliter
2762 2052 2963 2119 quippe
2990 2051 3240 2106 minister
3263 2062 3403 2106 esset
3438 2052 3628 2108 Filius.

2063 2140 2185 2193 Ideo
2218 2149 2270 2194 et
2308 2141 2509 2195 dictum
2560 2152 2686 2196 est:
2723 2144 2768 2194 Δ
2796 2158 2905 2206 quo
2953 2150 3131 2196 autem
3158 2142 3273 2195 dari
3320 2146 3635 2209 oportebat,

2060 2232 2163 2285 nisi
2200 2233 2267 2285 ab
2299 2246 2389 2293 eo,
2428 2231 2582 2298 cuius
2621 2235 2747 2287 est?
2783 2233 2850 2287 Et
2883 2233 3018 2288 illud
3071 2234 3198 2287 item
3227 2243 3464 2298 constat,
3502 2236 3627 2303 quia

2064 2336 2240 2389 neque
2276 2322 2506 2374 Verbum
2546 2321 2791 2385 daretur,
2827 2323 2931 2377 nisi
2968 2325 3306 2390 pracedente
3342 2324 3627 2387 citaritate,

2063 2411 2363 2466 secundum
2399 2428 2560 2480 quam
2588 2412 2781 2467 dilexit
2807 2427 2926 2468 nos.
2962 2412 3026 2468 Et
3050 2415 3177 2481 quia
3200 2411 3440 2480 Spiritus
3470 2428 3629 2466 sanc-

2077 2515 2161 2559 tus
2223 2504 2465 2558 eltaritas
2532 2506 2773 2571 dicitur,
2831 2506 3202 2573 principaliter
3258 2507 3433 2575 ipsum
3482 2505 3631 2559 dedit

2067 2599 2226 2653 nobis
2257 2610 2377 2650 cum
2412 2598 2693 2652 dilexisset
2743 2612 2863 2661 nos,
2893 2614 3127 2652 maxime
3162 2598 3283 2665 quia
3344 2608 3397 2651 et
3432 2597 3620 2649 volun.

2064 2698 2170 2752 tas,
2230 2693 2356 2760 quia
2415 2704 2475 2744 se
2534 2690 2706 2756 ipsum
2762 2700 2815 2741 et
2853 2689 3051 2755 diligit,
3098 2696 3153 2742 et
3201 2689 3317 2740 vult
3392 2687 3631 2757 Spiritus

2068 2790 2309 2849 sanctus,
2349 2782 2647 2849 appellatus
2706 2789 2808 2835 est.
2855 2779 2957 2845 Qui
3006 2779 3146 2833 enim
3205 2778 3413 2831 amicus
3470 2778 3629 2832 alicui

2068 2874 2323 2939 efﬁcitur,
2378 2875 2571 2929 bonam
2615 2874 2767 2943 prius
2818 2871 3151 2925 voluntatem
3180 2885 3331 2925 suam
3387 2868 3486 2937 ipsi
3521 2868 3631 2921 lar-

2069 2975 2232 3034 gitur.

1990 3026 2032 3089 C
2137 3058 2287 3113 Scire
2311 3067 2488 3112 tamen
2524 3057 2928 3125 conveuil,qute
2952 3053 3309 3112 communiter
3339 3059 3500 3119 atque
3536 3048 3627 3101 in-

2064 3151 2299 3205 discrete
2324 3166 2463 3218 smpe
2492 3151 2541 3203 in
2573 3151 2680 3203 Deo
2703 3150 2958 3203 dicuntur
2984 3188 2998 3212 ,
3049 3148 3277 3199 relative
3302 3158 3364 3196 ac
3413 3140 3627 3210 proprie

2064 3242 2118 3295 in
2140 3257 2211 3296 eo
2234 3241 2359 3295 dici.
2397 3242 2461 3295 Et
2500 3242 2697 3295 dicitur
2722 3242 2903 3307 itaque
2948 3238 3186 3293 rharitas
3214 3236 3377 3296 Deus.
3403 3237 3542 3287 sicut
3572 3242 3630 3286 et

2066 3346 2238 3395 mens,
2270 3340 2327 3384 et
2360 3331 2579 3384 verbum
2618 3332 2976 3382 communiter
3030 3339 3082 3381 et
3110 3327 3377 3383 absolute.
3407 3324 3500 3375 sed
3529 3324 3629 3375 hoe

2066 3423 2119 3475 in
2161 3424 2279 3475 loco
2309 3422 2535 3475 relative
2566 3421 2791 3488 Spiritui
2829 3419 3090 3473 redditur.
3126 3415 3257 3468 Nam
3282 3426 3335 3467 et
3367 3413 3629 3481 sapit-utin

2062 3512 2261 3564 dicitur
2288 3512 2506 3577 quidem
2534 3511 2893 3564 communiter
2928 3508 3066 3563 Deus
3092 3526 3105 3571 ;
3137 3506 3430 3561 secundum
3470 3518 3629 3571 quem

2064 3608 2368 3665 respectum
2403 3607 2530 3651 tunc
2558 3613 2754 3651 nomen
2790 3599 2889 3651 llOC
2944 3597 3107 3657 Patri.
3144 3606 3197 3648 et
3230 3596 3385 3657 Filio,
3416 3604 3472 3648 et
3500 3594 3627 3661 Spi-

2064 3691 2187 3745 ritui
2218 3698 2404 3745 sancto
2436 3698 2696 3758 tanquam
2748 3690 2839 3742 uni
2880 3688 2954 3740 rei
3007 3686 3298 3739 indiscrete
3341 3698 3632 3736 commune

2064 3799 2184 3840 esse
2213 3783 2436 3853 intelligi
2470 3796 2692 3837 necesse
2732 3790 2833 3835 est.
2891 3778 3003 3834 Una
3044 3778 3185 3830 enim
3218 3784 3301 3831 est
3350 3775 3511 3826 trium
3548 3788 3635 3826 es-

2062 3877 2233 3932 sentia
2288 3878 2432 3929 sicut
2470 3885 2523 3928 et
2560 3888 2663 3927 una
2698 3871 2984 3941 sapientia,
3034 3879 3088 3922 et
3124 3882 3226 3920 una
3265 3866 3479 3921 bonitas
3506 3901 3521 3927 ,
3553 3872 3631 3926 et,

2062 3969 2109 4023 si
2153 3966 2280 4035 quid
2322 3966 2465 4020 aliud
2516 3966 2879 4020 eonimuniter
2932 3970 2987 4015 et
3036 3959 3303 4022 absolute,
3332 3966 3384 4010 et
3420 3965 3522 4020 est,
3576 3964 3632 4008 et

2063 4060 2402 4129 intelligitur.
2436 4058 2538 4111 Sed
2584 4067 2762 4109 tamen
2795 4054 3010 4124 preprie
3043 4051 3175 4106 Filio
3207 4048 3470 4118 sapientia
3507 4046 3629 4099 red-

2061 4152 2228 4217 ditur,
2260 4152 2507 4219 quamvis
2560 4164 2671 4202 una
2729 4164 2794 4202 ex
2844 4160 3069 4200 numero
3131 4143 3404 4198 cxsistens
3444 4140 3628 4202 trium,
3726 4208 3731 4215 η

2061 4243 2365 4311 eademque
2396 4243 2466 4296 sit
2502 4241 2763 4310 sapientia
2799 4248 2854 4293 et
2906 4253 3024 4307 qua:
3060 4235 3239 4305 genita
3273 4242 3379 4295 est,
3427 4240 3481 4285 et
3510 4243 3633 4296 qum

469 4330 621 4397 Quod
684 4330 731 4386 si
779 4332 900 4400 quis
970 4332 1322 4402 Augustinum
1384 4345 1753 4404 percontetur,
1822 4341 1961 4395 unde
1998 4364 2038 4421 ο
2064 4336 2271 4402 genuit.
2308 4333 2415 4387 alio
2445 4344 2621 4387 tamen
2651 4338 2898 4401 respectu
2939 4330 3124 4382 eadem
3160 4341 3265 4379 non
3298 4334 3402 4386 est,
3438 4338 3635 4421 secun-

399 4432 610 4474 causa‘m
660 4420 972 4487 sumpserit,
1021 4429 1078 4475 ut
1123 4420 1384 4490 Spiritum
1436 4433 1691 4481 sanctum
1738 4429 1958 4493 donum,

398 4519 447 4563 et
473 4510 813 4589 dilectionem
849 4514 1044 4584 Patris,
1064 4534 1131 4574 ac
1165 4518 1282 4573 Filii
1321 4520 1541 4585 diceret,
1581 4524 1779 4591 scripta
1812 4525 1961 4579 illius

403 4605 719 4660 testimoniis
760 4608 1061 4663 divinarum
1116 4611 1440 4666 Litterarum
1510 4615 1759 4669 roborata
1810 4616 1958 4687 (nam

399 4692 511 4746 sine
563 4694 667 4755 his,
726 4695 858 4749 nihil
903 4696 1111 4751 locutus
1160 4697 1267 4767 est)
1303 4699 1352 4752 in
1386 4699 1537 4752 libris
1584 4703 1651 4755 de
1699 4701 1964 4756 Triuitate

403 4798 495 4850 pro
522 4800 589 4839 eo
628 4788 1045 4854 respondebunt,
1097 4791 1363 4859 simulque
1409 4808 1505 4861 pro
1547 4809 1743 4862 magno
1790 4796 1962 4847 Atha-

404 4877 569 4938 nasio,
615 4875 707 4943 qui
753 4878 939 4931 eadem
978 4879 1187 4933 locutus
1213 4888 1315 4935 est.
1358 4881 1475 4935 Non
1508 4882 1671 4952 igitur
1718 4886 1959 4953 expedit,

404 4964 521 5017 Jum
576 4965 954 5022 conclusiones
1005 4970 1451 5026 irrationabiliter
1489 4989 1684 5043 negare
1734 4976 1963 5040 volunt,

403 5055 585 5121 etiam,
619 5073 738 5125 qua:
769 5074 796 5112 a
833 5057 933 5113 SS.
962 5059 1211 5117 Patribus
1255 5062 1399 5116 dicta
1431 5074 1584 5129 sunt,
1616 5066 1961 5131 cbaritatem,

406 5164 494 5201 seu
535 5150 886 5216 voluntatem,
936 5164 1028 5205 seu
1085 5152 1288 5221 aliquid
1335 5153 1641 5221 bujusmodi
1697 5159 1956 5227 Spiritum

406 5252 645 5293 sanetum
692 5242 1072 5305 communiter,
1129 5257 1193 5296 ac
1238 5244 1514 5312 sigillatim
1566 5248 1954 5307 confitentibus

408 5343 505 5381 una
539 5346 753 5400 negare,
787 5332 1049 5387 adversus
1084 5342 1306 5387 sanctos
1349 5333 1689 5401 impudenter
1723 5352 1780 5392 se
1823 5338 1951 5395 elle-

412 5420 591 5487 rendo,
616 5437 820 5493 eosque
868 5423 968 5478 sibi
1000 5424 1225 5479 invicem
1273 5424 1600 5494 obiiciendo.
1630 5426 1743 5493 Qua
1774 5431 1955 5499 prole—

476 5591 521 5621 "
555 5590 709 5648 Joan.
743 5609 824 5647 ιιι.
866 5594 947 5647 lii.

2066 4426 2196 4478 dum
2236 4424 2450 4479 scilicet
2502 4424 2891 4493 oppositiouem
2924 4418 3202 4488 gignendi,
3245 4430 3308 4469 ac
3354 4411 3633 4475 nascendi,

2064 4517 2193 4584 quia
2240 4529 2415 4583 neque
2450 4514 2612 4567 Pater
2674 4512 2841 4566 Filius
2875 4520 2983 4574 est,
3018 4521 3195 4575 neque
3250 4505 3416 4560 Filius
3444 4501 3631 4555 Pater.

2068 4605 2145 4659 lta
2185 4606 2385 4660 dicitur
2414 4607 2631 4673 quidem
2682 4612 2735 4657 et
2774 4602 3008 4670 Spiritus
3036 4598 3338 4664 Sapientia,
3373 4604 3430 4649 et
3461 4593 3631 4659 Meas,

2062 4715 2251 4753 verum
2290 4700 2512 4753 relative
2539 4714 2604 4754 sc
2648 4698 2944 4752 secundum
3008 4692 3281 4763 propriam
3340 4703 3629 4757 processus

2065 4788 2437 4842 definitionem
2472 4791 2577 4844 hoc
2618 4802 2891 4855 nunquam
2934 4782 3151 4855 penitus
3178 4782 3423 4844 dicetur;
3482 4779 3633 4832 sinti-

2064 4878 2195 4933 iiter
2221 4887 2275 4931 et
2304 4870 2557 4932 voluntas
2578 4876 2936 4931 communiter
2979 4872 3179 4927 dicitur
3216 4870 3379 4931 Deus,
3421 4868 3545 4937 quia
3576 4877 3633 4922 et

2064 4971 2247 5025 volens
2296 4980 2379 5024 est
2428 4971 2601 5036 ipsum
2654 4976 3006 5037 praeceptum,
3044 4980 3105 5017 ac
3139 4972 3385 5031 potestas
3425 4961 3537 5015 Dei.
3568 4960 3634 5013 Et

2070 5061 2185 5131 ipse
2223 5074 2441 5131 quoque
2471 5059 2560 5113 Dei
2590 5058 2759 5113 Filius
2798 5058 3046 5113 voluntas
3082 5056 3285 5119 Patris,
3309 5052 3632 5108 consilium-

2064 5168 2173 5223 que
2199 5155 2315 5227 cjus
2350 5153 2568 5216 dicitur,
2601 5150 2899 5206 secundum
2936 5157 3242 5221 respectum
3266 5146 3633 5202 differentem,

2060 5250 2223 5306 sicuti
2283 5259 2337 5307 et
2391 5245 2691 5314 Sapientia;
2742 5243 3004 5311 sapientia
3067 5255 3133 5295 ue
3184 5237 3390 5292 invitus
3445 5231 3629 5290 Pater,

2064 5341 2225 5403 Pater
2256 5360 2380 5405 esse
2420 5339 2687 5397 videatur,
2712 5334 2852 5401 quod
2884 5336 3103 5402 quidam
3141 5328 3404 5384 fidelibus,
3440 5335 3502 5371 ac
3527 5320 3629 5383 βίω

2064 5442 2405 5519 Objcceruut.
2459 5432 2693 5493 Verum,
2760 5425 2995 5493 Spiritus
3062 5426 3280 5478 sanctus
3332 5408 3633 5466 secundum
