4144 6296
451 219 549 284 127

1712 230 2118 293 MANUELIS
2161 234 2471 297 CALECE

3641 247 3768 310 128

444 339 608 390 alium
667 336 885 389 modum
931 337 1180 390 voluntas
1211 340 1434 395 relative
1483 344 1660 396 dictus
1714 353 1820 405 est,
1856 344 2020 412 juxta
2055 347 2095 402 A
2129 345 2318 412 Filius,
2352 364 2525 418 neque
2553 365 2724 413 mens,
2761 367 2940 420 neque
2970 353 3233 425 Verbum,
3261 357 3568 414 secundum
3603 376 3768 428 per-

446 427 657 478 scilicet
688 425 1057 479 deﬁnitionem
1109 441 1172 482 ac
1216 431 1602 499 proprietatem
1645 435 2025 490 substantialis

449 530 739 585 proccsms
773 517 881 570 sui.

519 605 807 670 Caeterum,
837 609 880 661 si
913 610 1034 676 quis
1068 612 1192 665 velit
1219 613 1376 681 juxla
1411 617 1724 685 praadictam
1753 617 2024 671 rationem

450 709 505 752 et
535 700 750 754 Patrem
790 702 1113 758 charitatem
1145 705 1350 770 dicere,
1396 719 1450 760 et
1501 708 1695 762 Filium
1725 709 1979 762 sin'tiliter
2007 725 2024 766 :

450 802 505 844 ct
537 791 662 845 hinc
692 793 922 848 absurde
973 811 1328 864 personarum
1387 798 1696 853 iutroducet
1732 801 2033 854 multitudi-

454 898 597 946 nem,
638 885 970 953 easdemque
1001 898 1214 942 asscret
1256 891 1630 957 multipliciter
1667 893 1984 960 procedere.

523 974 628 1030 Sed
655 980 988 1046 Augustinus
1013 983 1226 1048 quidem
1253 1023 1266 1044 ,
1300 984 1392 1050 qui
1438 985 1502 1036 de
1550 985 1651 1038 hoc
1679 986 2033 1042 subtilissime

453 1066 674 1120 disserit
698 1078 752 1121 et
781 1071 1080 1124 maximeiu
1109 1071 1256 1125 libris
1295 1072 1368 1126 De
1403 1072 1687 1140 Triuitate,
1730 1087 1782 1130 ut
1819 1077 1902 1130 his
1939 1079 2032 1147 qui

457 1157 639 1210 volunt
679 1157 877 1226 legere,
914 1163 1261 1229 perspicuum
1317 1174 1400 1218 est
1431 1205 1446 1232 ,
1482 1182 1646 1220 unam
1681 1167 2037 1238 eamdemque

455 1249 779 1303 charitatem
815 1252 945 1303 dicit
1001 1251 1260 1321 Spiritum
1301 1267 1570 1323 sanctum,
1606 1259 1783 1313 Patris
1809 1267 1863 1311 et
1889 1258 2032 1326 Filii,

457 1353 559 1404 qua
590 1338 729 1391 Deus
763 1341 1034 1409 se-ipsum
1081 1343 1274 1410 diligit,
1305 1355 1358 1398 et
1400 1361 1460 1400 se
1501 1348 1731 1401 invicem
1769 1349 1952 1415 Pater,
1983 1358 2038 1404 et

459 1427 630 1481 Filius
671 1429 925 1499 diligunt,
970 1448 1130 1501 quam
1178 1438 1340 1488 etiam
1373 1441 1773 1494 conuersionem
1799 1441 2043 1494 nominat

461 1519 639 1574 Patris
701 1532 753 1574 et
785 1523 904 1577 Filii
956 1534 1012 1578 et
1075 1529 1350 1591 unionem,
1382 1539 1435 1583 et
1465 1547 1584 1596 qua:
1619 1531 1729 1585 illic
1754 1533 1867 1587 ait:
1901 1533 2043 1587 sicut

412 1611 418 1615 ’
458 1623 509 1664 et
535 1628 699 1666 unum
724 1612 963 1669 Verbum
995 1619 1415 1682 cst,secuudum
1445 1623 1589 1690 quod
1614 1623 1751 1676 Deus
1782 1637 1841 1679 se
1866 1624 2038 1690 ipsum

2130 441 2372 493 soualem
2399 441 2646 497 ordinem
2677 447 2780 499 erit
2804 447 3114 516 aliquando.
3132 448 3214 512 Et,
3235 450 3280 503 si
3315 465 3418 501 una
3443 451 3760 517 essentia,

2129 541 2182 584 et
2213 548 2315 584 una
2365 534 2625 599 charitas,
2679 545 2734 590 et
2763 552 2901 592 unus
2935 537 3237 603 Deus,cum
3271 539 3430 595 Patre
3464 552 3514 594 et
3547 540 3758 607 Filio,

2130 626 2425 678 secundum
2455 627 2661 682 scilicet
2684 631 2992 683 communia
3023 629 3116 694 ,et
3164 631 3412 685 absoluta
3440 635 3697 686 nomina
3739 651 3758 688 :

2129 718 2583 785 quemadmodum
2615 728 2670 773 et
2697 719 3012 778 Paracletus
3039 724 3213 791 dictus
3264 737 3349 779 est
3379 727 3640 795 quidem,
3690 735 3761 780 et

2133 807 2321 872 Filius,
2356 810 2448 861 sed
2482 811 2898 876 propriesancto
2928 810 3156 882 Spiritui
3179 814 3757 884 redditur,qnamvis

2134 915 2237 954 non
2273 901 2425 954 video
2453 918 2549 955 cur
2580 904 2755 972 magis
2799 921 2865 959 ex
2903 921 2966 959 eo
2995 905 3136 975 quod
3168 904 3426 976 Spiritus,
3464 909 3546 961 vel
3573 909 3751 961 cha-

2134 991 2290 1054 ritas,
2321 993 2402 1046 vel
2439 994 2707 1059 voluntas,
2739 996 2820 1048 vel
2874 997 3076 1066 aliquid
3117 995 3425 1065 hujusmotli
3480 998 3753 1054 dicitur.

2136 1081 2294 1135 Talia
2335 1082 2570 1137 absurda
2607 1085 2760 1152 sequi
2818 1087 3061 1141 nonnulli
3111 1088 3466 1142 arbitrantur.
3515 1089 3594 1142 Ex
3665 1106 3750 1144 eo

2137 1185 2340 1239 autem,
2375 1177 2519 1244 quod
2552 1177 2787 1245 Spiritus
2819 1179 2960 1232 idem
3000 1181 3230 1245 dicatur,
3258 1197 3360 1234 non
3393 1181 3589 1236 itidem.

2209 1267 2407 1321 Eadem
2441 1270 2642 1338 quippe
2694 1273 2906 1326 ratione
2949 1273 3129 1327 dicere
3173 1273 3444 1343 quispiam
3499 1286 3740 1341 posset,

2137 1368 2190 1414 et
2225 1360 2484 1428 Spiritum
2518 1363 2728 1429 spirare
2751 1363 2914 1417 alium
2939 1363 3221 1432 Spiritum,
3241 1365 3500 1432 illumque
3521 1381 3746 1420 rursus

2140 1451 2330 1515 alium,
2363 1460 2525 1518 atque
2569 1455 2670 1506 hoc
2717 1455 2768 1508 iu
2803 1454 3072 1508 inﬁnitum
3101 1456 3286 1522 tendi;
3328 1457 3578 1510 similiter
3601 1497 3617 1520 ,
3674 1467 3746 1510 et

2141 1539 2339 1596 Filium
2373 1543 2588 1608 quidem
2619 1547 2862 1614 gignere,
2903 1553 2956 1598 et
3006 1545 3098 1614 qui
3124 1559 3187 1597 ex
3243 1545 3362 1611 ipso
3399 1557 3740 1600 nasceretur

2143 1631 2301 1705 aliam
2337 1631 2524 1687 itidem
2559 1649 2844 1700 personam
2872 1635 3093 1703 gignere
3119 1675 3133 1696 ,
3177 1644 3230 1689 ct
3262 1635 3361 1688 hoc
3392 1636 3518 1689 item
3550 1637 3600 1689 iu
3629 1636 3735 1688 in~

458 1702 736 1771 intelligit.
770 1705 878 1760 Nos
909 1717 1088 1763 autem
1113 1724 1234 1764 cum
1267 1712 1473 1766 sanctis
1498 1713 1752 1768 Patribus
1775 1752 1791 1777 ,
1819 1731 1918 1785 pro
1951 1715 2037 1771 his
2067 1700 2110 1756 Β
2142 1703 2346 1778 ﬁnitum
2377 1723 2520 1776 tendi
2551 1739 2565 1776 ;
2593 1738 2782 1777 verum
2835 1700 2980 1779 enirn
3034 1725 3280 1780 ordinem
3322 1741 3542 1780 servare
3582 1741 3738 1795 opus

459 1795 853 1863 respondentes
908 1799 1138 1855 dicimus
1197 1813 1398 1857 sancta:
1432 1802 1725 1861 Trinitatis
1787 1807 2035 1861 ordinem

462 1885 790 1941 immobilem
832 1904 1051 1946 manere
1079 1902 1355 1962 oportere,
1387 1900 1684 1950 secundum
1722 1913 1912 1967 quem,
1938 1914 2040 1953 nec

461 1978 698 2045 nomina,
717 1995 839 2049 qua:
860 1997 888 2033 a
913 1986 1254 2050 processibus
1279 1988 1841 2058 substantialibusque
1863 1991 2040 2046 modis

460 2079 740 2139 apparent,
765 2082 1197 2130 commutantur:
1224 2093 1395 2146 neque
1423 2094 1673 2147 personas
1711 2079 1790 2134 vel
1829 2095 2042 2149 pracpm

462 2169 684 2224 nuntur,
703 2163 784 2215 vel
808 2174 1231 2234 postponuntur,
1248 2170 1330 2222 vel
1353 2171 1576 2223 omnino
1608 2181 2040 2238 commutantur;

463 2252 601 2304 sicut
638 2253 783 2306 enim
807 2269 944 2307 unus
979 2256 1159 2321 Pater,
1194 2268 1353 2327 atque
1375 2277 1513 2315 unus
1559 2261 1747 2323 Filius,
1779 2273 1832 2315 et
1869 2277 2043 2329 neque

468 2341 635 2396 Filius
669 2341 848 2409 Pater,
893 2361 1062 2416 neque
1081 2347 1242 2403 Pater
1257 2350 1423 2405 Filius
1443 2352 1546 2404 :ita
1570 2365 1622 2406 et
1646 2367 1749 2406 una
1772 2352 2038 2419 voluntas,

465 2451 559 2489 seu
610 2436 854 2491 charitas
887 2436 1128 2506 Spiritus
1183 2451 1408 2515 sanctus
1462 2459 1762 2515 congruere
1817 2445 2046 2500 relative

467 2526 676 2583 scilicet
709 2528 939 2585 dicetur.
982 2531 1161 2601 Atque
1197 2533 1364 2601 idem,
1399 2550 1577 2604 neque
1631 2535 1828 2600 Pater,
1870 2551 2048 2609 neque

2139 1823 2244 1878 est,
2279 1829 2456 1883 neque
2511 1815 2684 1884 ipsius
2735 1817 2995 1871 terminos
3051 1819 3374 1888 transgredi,
3431 1819 3525 1872 sed
3577 1819 3733 1872 intra

2141 1904 2465 1960 Trinitatem
2497 1915 2664 1971 stare,
2716 1906 2869 1975 juxta
2920 1907 3172 1962 traditam
3209 1908 3366 1961 nobis
3405 1909 3527 1962 tidei
3561 1924 3736 1979 regn-

2128 1994 2273 2063 lam,
2307 2015 2374 2054 ue
2410 1999 2634 2054 deorum
2664 1999 3074 2054 introducamus
3103 2000 3331 2069 plebem.
3373 1998 3562 2068 Itaque
3593 1999 3728 2054 talia

2147 2105 2475 2158 praesumere
2520 2091 2740 2144 illorum
2792 2099 2894 2156 est,
2925 2093 3015 2160 qui
3053 2107 3408 2159 personarum
3439 2091 3719 2154 ordinem,

2147 2192 2201 2235 et
2234 2195 2354 2249 quae
2384 2179 2453 2234 do
2499 2191 2691 2236 sancta
2729 2181 2996 2233 Trinitate
3052 2182 3356 2245 traduntur,
3395 2191 3446 2234 et
3466 2179 3724 2235 confessa

2151 2279 2424 2335 tenentur,
2457 2271 2671 2334 tollunt,
2722 2270 3206 2340 confunduntquc,
3269 2287 3331 2326 ac
3390 2272 3724 2340 permiscent

2147 2363 2354 2417 omnia.
2395 2362 2499 2418 Sed
2541 2365 2761 2420 secundi
2795 2365 2956 2436 hujus
3015 2365 3304 2420 voluminis
3355 2363 3569 2419 tandem
3601 2363 3722 2417 linis

2148 2455 2238 2508 sit.

1186 2732 2938 2756 W

1599 2906 1951 2994 LIBER
2047 2905 2611 2998 TERTIUS.

541 3250 606 3306 Et
642 3253 756 3306 haec
785 3251 1003 3321 quidem
1038 3251 1110 3305 ita
1136 3267 1194 3306 se
1215 3251 1436 3307 habent.
1468 3252 1539 3309 Ut
1560 3261 1741 3306 autem
1790 3265 1911 3322 quae
1955 3265 2050 3306 suo
2074 3254 2119 3317 C
2154 3253 2455 3311 Undecimo
2485 3254 2678 3309 deinde
2717 3254 2839 3311 loco
2870 3254 3133 3319 sumcere,
3172 3259 3238 3310 ad
3269 3255 3636 3321 indicandum,
3663 3272 3728 3312 ex

471 3346 780 3416 perioribus
833 3346 987 3400 libris
1037 3354 1164 3400 sunt
1217 3345 1393 3412 dicta,
1426 3354 1759 3414 repetentes,
1789 3345 1947 3415 quasi
1985 3346 2040 3400 in

471 3455 637 3493 unum
672 3445 1026 3507 conspectum
1057 3438 1248 3492 demus
1279 3439 1463 3492 omnia
1490 3437 1812 3494 :docuimns
1844 3440 2041 3508 primo,

473 3532 692 3584 tertium
727 3546 756 3584 a
803 3528 968 3584 Patre
1007 3545 1127 3584 esse
1164 3528 1424 3600 Spiritum
1457 3539 1708 3587 sanctum
1745 3533 1892 3600 juxta
1923 3548 2047 3601 per-

473 3622 715 3677 sonalem
749 3623 1017 3677 ordinem.
1048 3622 1267 3685 Deinde,
1297 3633 1518 3692 propter
1539 3625 1928 3680 substantiales
1960 3627 2046 3680 di-

475 3715 718 3770 vinarum
750 3716 1180 3770 substantiarum
1202 3732 1512 3786 processus,
1531 3720 1786 3772 nascendi
1815 3719 2044 3785 scilicet,

474 3823 536 3862 ac
567 3809 922 3879 procedendi,
960 3808 1159 3863 Filium
1196 3811 1412 3876 quidem
1437 3825 1501 3863 ex
1553 3809 1712 3864 Patre
1749 3825 1870 3865 esse
1928 3811 2047 3867 sine

474 3900 582 3952 ullo
618 3900 837 3961 medio;
883 3900 1147 3967 Spiritum
1196 3911 1448 3952 sanctum
1487 3914 1617 3952 vero
1646 3913 1710 3951 ex
1751 3897 1915 3954 Patre
1953 3915 2051 3970 per

425 3991 670 4075 /Fi|ium
711 3995 1024 4058 procedere.
1060 3991 1212 4051 Dein,
1234 3993 1387 4057 juxta
1423 3987 1740 4059 praedictum
1775 3992 2047 4059 ordinem,

479 4082 597 4136 Filii
641 4082 1024 4136 mediatiouem
1068 4081 1317 4150 plurimis
1386 4082 1436 4134 iu
1468 4080 1653 4135 loclsa
1699 4084 1907 4136 sanctis
1942 4082 2052 4137 Ec-
2105 4091 2108 4093 λ

476 4172 656 4225 clesiaz
721 4171 1036 4226 doctoribus
1088 4186 1184 4238 pro
1243 4169 1500 4225 confesso
1542 4173 1734 4226 tradi:
1794 4172 2053 4242 deinceps

476 4263 660 4318 oumia
691 4262 963 4330 exempla,
993 4261 1190 4330 quibus
1223 4263 1274 4315 in
1328 4272 1518 4316 sancta
1564 4261 1830 4317 Trinitate
1877 4265 2054 4318 sancti

479 4354 671 4410 Patres
703 4354 782 4408 usi
829 4364 976 4421 sunt,
1009 4354 1265 4408 traditum
1305 4355 1356 4408 in
1393 4355 1592 4410 divinis
1621 4356 1880 4425 personis
1905 4359 2057 4410 ordi-

481 4463 626 4512 nem,
657 4449 956 4514 secnndum
985 4447 1370 4503 substantiales
1393 4463 1580 4503 earum
1615 4463 1902 4514 processus
1932 4465 2054 4505 cum

2148 3347 2289 3402 Filio
2339 3363 2463 3402 esse
2494 3345 2757 3417 Spiritum
2795 3357 3047 3402 sanctum
3079 3390 3094 3412 ,
3132 3349 3257 3418 quia
3302 3350 3394 3413 sit,
3434 3358 3489 3404 et
3519 3349 3731 3402 dicatur

2150 3437 2270 3492 Filii
2328 3435 2590 3507 Spiritus.
2647 3437 2907 3507 Spiritum
2954 3447 3201 3494 sanctum
3264 3440 3480 3502 deinde,
3528 3440 3730 3495 Christi

2151 3528 2413 3598 Spiritum
2446 3529 2788 3595 dici,eadem
2816 3532 3050 3597 ratione,
3087 3547 3191 3601 qua
3238 3541 3291 3587 et
3338 3531 3456 3584 Filii
3499 3531 3736 3598 Spiritus

2150 3638 2271 3678 esse
2302 3633 2650 3677 asseveralur
2686 3639 2700 3676 :
2731 3622 2992 3695 Spiritum
3028 3631 3296 3686 sanctum,
3332 3623 3577 3692 spiritum
3616 3623 3724 3675 oris

2149 3714 2268 3768 Filii
2299 3730 2326 3767 a
2362 3715 2630 3784 theologis
2663 3715 2843 3779 tradi,
2878 3723 2928 3769 ct
2968 3724 3219 3782 utraque,
3254 3715 3407 3768 illum
3453 3729 3516 3768 ex
3551 3711 3730 3776 Patre,

2151 3815 2205 3861 et
2233 3804 2370 3859 Filio
2401 3821 2544 3870 esse,
2577 3806 2817 3875 signare,
2860 3807 2913 3858 id
2952 3814 3071 3870 est,
3115 3820 3178 3859 ex
3216 3804 3374 3859 Patre
3405 3819 3500 3874 per
3528 3802 3727 3857 Filium

2155 3898 2465 3967 procedere.
2501 3896 2700 3952 Filium
2726 3897 2943 3967 quidem
2972 3897 3208 3952 Verbum
3236 3896 3418 3951 Patris
3437 3896 3568 3957 dici,
3609 3893 3731 3961 Spi-

2157 3990 2319 4042 ritum
2377 4004 2506 4044 vero
2553 3999 2798 4044 sanctum
2857 3988 2980 4043 Filii
3037 3989 3224 4043 itidem
3269 3989 3732 4053 Verbum,causat

2157 4079 2368 4133 ratione
2400 4079 2576 4144 tradi;
2611 4079 2873 4148 Spiritum
2896 4089 3144 4134 sanctum
3187 4087 3446 4148 prteterea
3478 4080 3638 4132 etiam
3666 4094 3728 4131 ex

2161 4171 2297 4225 Filio
2322 4184 2443 4225 esse
2473 4185 2502 4224 a
2541 4171 2767 4224 summis
2798 4170 3061 4240 theologis
3091 4170 3358 4223 insinuari
3387 4186 3401 4236 ;
3430 4167 3645 4231 Filium,
3669 4181 3733 4220 eo

2158 4262 2305 4330 quod
2341 4262 2411 4316 sit
2445 4261 2908 4317 incommutabilis
2945 4263 3124 4329 imago
3181 4259 3384 4326 Patris,
3440 4259 3732 4328 omniaque

2159 4353 2336 4407 Patris
2360 4353 2500 4408 bona
2533 4354 2900 4409 essentialiter
2930 4353 3144 4418 habeat,
3182 4355 3370 4407 eadem
3408 4351 3640 4415 ratione,
3675 4357 3747 4402 ut:

2162 4459 2346 4498 verum
2389 4444 2566 4500 Patris
2601 4445 2802 4499 Filium
2831 4483 2846 4508 ,
2882 4443 3146 4514 Spiritum
3196 4453 3444 4500 sanctum
3501 4443 3729 4504 habere;

483 4537 1052 4593 cousubstantialitate
1107 4538 1404 4605 insinuare,
1452 4541 1749 4594 secundum
1789 4542 2054 4595 utentium
2092 4581 2136 4640 D
2162 4549 2264 4604 qua
2291 4534 2440 4588 illum
2497 4535 2662 4589 habet
2693 4534 2852 4590 Pater
2888 4536 3086 4589 :aliler
3117 4535 3316 4604 quippe
3357 4534 3486 4589 illud
3522 4534 3732 4584 incom-

485 4631 881 4695 intentionem;
939 4630 1207 4700 Spiritum
1269 4632 1465 4686 deinde
1498 4642 1750 4687 sanctum
1811 4649 1932 4687 cum
1987 4649 2055 4689 ex

487 4721 647 4775 Patre
677 4735 773 4790 per
799 4721 994 4777 Filium
1028 4723 1306 4793 procedat,
1345 4738 1442 4791 per
1471 4724 1650 4793 ipsum
1690 4725 2054 4781 substantiam

483 4815 702 4869 habere.
737 4816 857 4880 Per,
891 4827 948 4872 et
988 4833 1087 4884 ex,
1124 4819 1174 4872 in
1209 4816 1410 4872 divinis
1450 4817 1588 4884 apud
1619 4827 1836 4871 sanctos
1861 4856 1874 4880 ,
1913 4817 2053 4871 idem

482 4909 808 4976 signiﬁcare.
846 4909 982 4962 Tum
1016 4911 1208 4964 Filium
1252 4913 1316 4964 ad
1353 4909 1651 4979 Spiritum,
1687 4908 2058 4977 Spiritumque

483 5001 666 5054 itidem
699 5002 764 5053 ad
791 5001 1008 5064 Filium,
1042 5005 1335 5056 secundum
1367 5002 1634 5064 habitum,
1654 5011 1707 5057 et
1737 5000 2057 5056 relationem

486 5091 685 5146 habere
731 5093 798 5144 ad
859 5092 1203 5156 alterutrum,
1263 5109 1290 5145 a
1354 5094 1558 5146 sanctis
1613 5092 1774 5145 tradi.
1833 5089 2055 5152 Deinde,

482 5187 936 5259 quemadmodum
991 5187 1153 5241 Pater
1212 5204 1389 5242 causa:
1420 5189 1632 5242 ratione
1679 5195 1806 5240 ante
1863 5183 2055 5238 Filium

484 5279 859 5351 intellegitur;
917 5279 987 5332 ita
1033 5288 1088 5334 et
1134 5279 1330 5333 Filium
1381 5279 1569 5332 eadem
1623 5291 1800 5332 causa:
1856 5275 2068 5329 ratione

486 5385 612 5429 ante
635 5373 897 5443 Spiritum
941 5371 1216 5440 intelligi:
1272 5372 1530 5439 majorem
1582 5371 1790 5438 Spiritu
1836 5367 2070 5435 Filium,

489 5466 791 5519 secundum
825 5464 1040 5520 scilicet
1075 5463 1415 5532 personalcm
1459 5463 1701 5516 ordinem
1733 5477 1761 5514 a
1802 5461 2069 5525 tlteoltigis

492 5557 651 5610 tradi.
713 5559 909 5613 Deinde
945 5574 972 5610 a
1017 5556 1152 5611 Filio
1204 5571 1323 5610 esse
1375 5556 1573 5609 habere
1646 5554 1908 5624 Spiritum
1945 5568 2070 5607 san-

497 5656 677 5708 ctum,
712 5659 892 5717 utpote
921 5649 988 5702 ab
1031 5649 1144 5718 ipso
1195 5647 1498 5700 audientem
1528 5686 1540 5708 ,
1575 5653 1626 5697 et
1689 5642 2068 5711 accipientem.

2123 4625 2133 4690 Ῐ
2164 4628 2420 4684 mutabile
2447 4628 2578 4682 tolli.
2615 4627 2844 4692 Mittere,
2875 4638 2932 4681 et
2968 4628 3129 4691 mitti,
3160 4641 3378 4681 causam
3409 4638 3461 4679 et
3495 4625 3716 4679 causale

2164 4723 2217 4776 in
2255 4723 2448 4775 divinis
2481 4721 2724 4789 personis
2755 4720 3088 4787 significare.
3131 4719 3356 4772 Fontem
3392 4733 3512 4771 esse
3557 4715 3732 4770 sancti

2166 4809 2399 4877 Spiritus
2437 4809 2659 4875 Filium;
2711 4809 2971 4876 Spiritum
3011 4817 3256 4862 sanctum
3302 4805 3588 4873 imaginem
3615 4816 3735 4855 esse

2171 4904 2316 4968 Filii,
2351 4913 2406 4958 et
2461 4902 2716 4955 virtutem
2784 4901 2900 4967 ejus
2941 4899 3282 4960 naturalem,
3317 4913 3379 4951 ac
3437 4897 3730 4954 viventem,

2165 5003 2219 5049 et
2276 4993 2616 5049 essentialem
2661 4993 3031 5059 operationem
3099 5007 3112 5044 :
3167 4987 3623 5056 quemadmodum
3682 4993 3779 5041 et.

2168 5086 2337 5140 Filius
2373 5085 2486 5138 haec
2543 5084 2723 5136 omnia
2773 5081 2952 5137 Patris
2981 5093 3082 5136 est.
3135 5081 3211 5134 Ac
3267 5079 3457 5133 facient
3519 5077 3734 5146 quidem

2170 5179 2346 5233 Patris
2379 5192 2500 5231 esse
2529 5176 2722 5230 Filium
2751 5190 2930 5230 causa:
2967 5176 3208 5238 ratione;
3237 5169 3572 5242 primitivam
3605 5169 3734 5221 item

2166 5271 2397 5325 formam
2428 5268 2662 5336 Spiritus
2690 5266 2884 5322 Filium
2913 5283 2928 5331 ;
2971 5281 3036 5320 ac
3076 5265 3350 5334 proprium
3379 5261 3598 5330 quidem
3628 5257 3738 5312 Pa-

2169 5364 2268 5418 tris
2293 5377 2413 5418 esse
2457 5361 2677 5424 Filium,
2711 5360 2854 5428 quod
2902 5373 2969 5412 ex
3003 5358 3094 5412 illo
3131 5358 3242 5422 sit;
3283 5354 3562 5424 proprium
3609 5363 3739 5404 vero

2169 5456 2290 5511 Filii
2329 5453 2613 5522 Spiritum,
2642 5451 2796 5521 quasi
2835 5465 2929 5520 per
2964 5449 3140 5518 ipsum
3185 5444 3528 5509 naturaliter,
3550 5456 3742 5497 essen-

2173 5548 2479 5614 tialiterque
2510 5544 2891 5614 prodeuntem,
2928 5550 2983 5592 ct
3015 5554 3080 5604 ex
3121 5539 3238 5605 ipso
3299 5553 3410 5590 esse
3462 5533 3737 5600 accipien-

2173 5651 2299 5703 tem,
2331 5649 2490 5707 atque
2522 5653 2583 5690 cx
2619 5652 2684 5690 co
2710 5634 3079 5689 exsisteutcu‘t.
3127 5630 3371 5693 Latinos,
3405 5627 3739 5692 Graecosque
