4144 6296
380 309 474 371 1‘29
1459 321 1850 384 ADVERSUS
1881 321 2192 382 GRECOS
2237 325 2372 383 LiB.
2422 325 2528 386 Ili.

3517 341 3617 404 130

378 425 624 480 doctores
657 429 1041 491 communiter,
1071 440 1124 484 et
1156 433 1497 502 apertissime
1525 448 1588 487 ex
1635 434 1769 487 Filio
1801 449 1942 498 esse,
1975 443 2018 492 Α
2051 447 2113 484 ex
2159 434 2329 486 tribus
2365 434 2671 504 itctijamin,
2713 440 3142 515 discipulumque
3170 445 3482 508 Gamalielis
3524 466 3620 510 aut

382 527 432 570 ct
463 531 753 581 exsistere,
785 534 847 574 ac
877 521 1171 589 procedere
1193 523 1452 593 Spiritum
1475 535 1719 579 sanctum
1748 526 1943 579 divinis

380 613 678 668 rationibus
725 617 958 670 tradere.

446 705 572 760 llaec
622 716 804 762 autem
855 711 1031 763 omnia
1083 711 1325 779 pluribus
1380 712 1678 766 rationibus
1727 721 1946 768 ostensa

379 811 497 853 sunt
531 817 546 864 ;
583 791 725 867 quae,
755 816 877 856 cum
911 818 1035 856 vera
1079 805 1207 865 sint,
1257 815 1308 858 et
1344 805 1674 860 ﬁrmissimis
1711 807 1948 874 undique

380 892 674 945 rationibus
711 895 939 958 munita,
959 903 1169 948 constat
1193 895 1454 962 profecto,
1491 898 1616 966 quia
1645 899 1947 966 producere

378 984 516 1049 quod
557 983 782 1047 dicitur,
814 987 1071 1052 possibile
1100 1002 1207 1039 non
1242 998 1347 1049 est,
1391 1000 1446 1040 ut
1483 987 1658 1042 Patris
1686 991 1944 1044 substan-

381 1077 502 1129 tiale
541 1077 634 1130 sit.
663 1075 846 1146 Neque
865 1081 1008 1132 extim
1053 1080 1192 1133 idem
1226 1081 1464 1148 Spiritus
1489 1121 1503 1143 ,
1536 1082 1731 1136 tertius
1761 1083 1941 1147 simul,

377 1177 426 1219 et
459 1169 732 1222 secundus
759 1169 966 1224 aPatre
997 1187 1117 1225 esse
1155 1181 1354 1240 potest,
1399 1189 1571 1243 neque
1603 1177 1946 1230 continenter

379 1267 430 1311 et
468 1261 582 1312 sine
610 1260 788 1313 medio
821 1275 884 1314 ex
919 1263 1114 1330 primo,
1147 1273 1201 1316 et
1232 1279 1328 1332 per
1365 1281 1512 1323 eum,
1543 1267 1633 1334 qui
1676 1267 1745 1318 sit
1771 1266 1944 1320 contio

380 1361 569 1404 uenter
597 1366 660 1404 ex
699 1352 916 1420 primo:
956 1369 1130 1422 neque
1181 1355 1248 1408 de
1279 1356 1396 1409 solo
1421 1354 1581 1409 Patre
1629 1359 1941 1423 procedere,

378 1451 430 1494 ct
489 1457 584 1509 per
631 1442 826 1496 Filium
872 1448 1166 1509 procedere
1208 1464 1222 1502 :
1280 1463 1453 1516 neque
1501 1448 1794 1517 productor
1851 1464 1946 1517 per

383 1532 644 1601 Verbum,
682 1546 736 1588 et
760 1537 909 1593 solus
937 1541 1230 1607 productor
1263 1555 1418 1604 esse,
1455 1549 1508 1593 et
1537 1552 1728 1594 caetera
1762 1539 1948 1607 hujus-

383 1629 549 1691 modi,
584 1643 706 1691 qua:
746 1630 1004 1698 prazdicta
1034 1642 1176 1684 sunt.
1203 1631 1327 1685 lirec
1359 1632 1503 1685 enim
1535 1632 1947 1686 evidentissime

378 1722 477 1775 sib}
517 1723 788 1775 contraria
824 1730 985 1786 sunt;
1035 1732 1088 1774 et
1131 1722 1268 1775 idem
1307 1734 1410 1784 est,
1441 1739 1502 1776 ac
1536 1723 1580 1776 si
1642 1738 1814 1792 neque
1875 1736 1940 1775 ex

379 1811 536 1866 Patre
573 1813 798 1867 omnino
826 1815 1122 1882 procedere
1150 1814 1300 1868 illum
1330 1815 1723 1880 c0nﬁteamur;
1766 1819 1944 1870 maxi-

383 1921 464 1957 me
499 1920 621 1957 cum
664 1919 693 1957 a
746 1905 952 1961 sanctis
999 1907 1332 1961 declaratum
1374 1906 1468 1970 sit,
1497 1906 1639 1974 quod
1674 1922 1944 1975 nunquam

378 1999 674 2065 procedere
705 1999 977 2054 diceretur
1013 2014 1077 2053 ex
1109 1997 1290 2066 Patre,
1325 1999 1427 2052 nisi
1463 2011 1517 2053 et
1539 2015 1567 2052 a
1601 1997 1738 2052 Filio
1759 2015 1947 2068 proce-

379 2090 548 2143 deret.
606 2089 853 2158 Namque
916 2091 1208 2158 procedere
1282 2106 1349 2144 ex
1413 2089 1574 2146 Patre
1633 2091 1795 2144 etiam
1851 2107 1947 2159 per

380 2181 573 2236 Filium
610 2198 711 2235 una
755 2183 1157 2251 complectitur,
1203 2183 1400 2252 quippe
1431 2184 1758 2252 procedendi
1809 2183 1943 2236 deﬁo

379 2276 511 2328 nitio
549 2283 664 2338 est,
707 2289 770 2327 ex
814 2271 974 2327 Patre
1022 2287 1119 2342 per
1140 2271 1336 2326 Filium
1382 2277 1712 2340 procedere.
1751 2287 1942 2328 secun-

378 2367 502 2420 dum
528 2367 671 2433 quod
712 2366 874 2420 etiam
923 2381 953 2418 a
998 2365 1132 2420 Filio
1162 2367 1512 2432 discernitur,
1542 2381 1637 2437 per
1665 2367 1939 2437 proprium

379 2459 484 2524 sui,
514 2459 962 2526 dillerentemque
989 2472 1322 2528 processuum.

447 2550 640 2617 Porro,
672 2550 884 2605 sublato
910 2549 1054 2618 quod
1085 2565 1178 2620 per
1201 2550 1393 2605 Filium
1417 2552 1707 2620 procedere
1735 2547 1960 2604 asseri-'

378 2652 495 2707 tur,
521 2643 686 2696 etiam
741 2655 808 2694 ex
843 2640 1005 2693 Patre
1057 2639 1349 2708 procedere
1379 2639 1521 2709 quod
1575 2640 1794 2700 dicitur,
1833 2652 1941 2691 una

377 2732 598 2796 tollitur,
635 2732 846 2786 sublata
885 2733 1086 2800 quippe
1125 2729 1414 2798 cujuslibet
1455 2733 1772 2784 substantia:
1813 2730 1942 2783 deﬁ-

375 2822 602 2885 nitione,
622 2820 846 2889 ejusque
870 2821 1211 2874 substantiali
1233 2822 1583 2887 pr0prietate,
1608 2819 1944 2874 deﬁnitionis

374 2929 596 2984 quoque
625 2927 823 2966 nomen
873 2911 1140 2975 aufertur,
1172 2912 1588 2982 substantiaque
1618 2927 1778 2982 quam
1814 2911 1945 2966 deﬁ-

376 3005 602 3062 uitionis
635 3019 830 3060 nomen
869 3004 1068 3072 signat,
1108 3019 1209 3057 una
1243 3004 1469 3058 tollitur.
1511 3005 1779 3080 Quoniam
1816 3019 1944 3060 vero

2050 523 2255 590 aliquid
2293 525 2639 593 lmjusmodi;
2683 531 2960 598 proprium
3007 536 3260 602 quidem,
3297 556 3402 594 non
3440 553 3616 598 tamen

2047 605 2198 684 quasi
2231 615 2590 671 substantiale
2619 633 2716 672 ens
2741 639 2754 684 ;
2782 623 2902 685 sed,
2938 634 2995 676 ut
3019 627 3165 682 notio
3198 629 3544 701 simpliciter.

2119 707 2550 764 Prmterea‘niitil
2591 714 2885 765 secundum
2932 720 3270 786 negationem
3320 723 3480 778 habet
3518 727 3619 782 hoc

2047 813 2170 854 esse
2192 800 2415 868 aliquid.
2458 800 2687 871 Negatio
2717 807 2914 873 quippe
2944 809 3042 872 rei,
3067 825 3182 877 qua:
3212 813 3278 866 sit
3311 815 3531 879 ablatio,
3564 829 3619 872 et

2063 892 2202 960 ejus,
2236 909 2353 962 qua:
2380 910 2487 949 non
2521 897 2626 961 sit,
2657 897 2849 966 positio
2879 909 2983 952 est.
3033 899 3258 970 Negatio
3307 914 3485 961 autem
3538 923 3620 966 est

2048 985 2189 1054 quod
2229 986 2426 1040 dicitur
2466 987 2785 1056 ingenitum,
2837 999 2890 1043 et
2938 992 3048 1060 jam
3089 994 3475 1053 subsistentem
3531 1019 3621 1056 se-

2046 1077 2255 1145 quitur,
2280 1077 2456 1147 ipsum
2503 1080 2650 1132 enim
2687 1081 2979 1148 signiﬁcat,
3023 1086 3267 1153 genitum
3308 1104 3414 1143 non
3470 1107 3614 1156 esse,

2047 1182 2142 1236 per
2172 1171 2314 1237 quod
2337 1170 2455 1223 sine
2485 1185 2651 1226 causa
2691 1187 2815 1228 esse
2857 1174 3127 1244 signatur.
3153 1183 3258 1232 Aut
3301 1180 3463 1250 igitur
3492 1188 3619 1238 sub-

2046 1258 2301 1312 stantiale
2325 1257 2506 1317 Patris
2537 1266 2836 1328 paternitas
2863 1275 2972 1331 est,
3002 1282 3064 1322 ac
3097 1269 3320 1340 gignere
3347 1285 3466 1342 est;
3504 1278 3620 1332 sive

2046 1351 2331 1420 productio
2361 1364 2414 1406 et
2444 1353 2724 1422 inspiratio
2751 1373 2765 1420 ;
2791 1365 2843 1410 et
2875 1358 3199 1427 producere,
3227 1373 3281 1419 et
3315 1367 3615 1437 inspirare;

2047 1444 2164 1499 sive
2204 1456 2494 1513 utrumque
2528 1448 2750 1510 simul.
2801 1453 2915 1506 sive
2953 1465 3150 1522 prater
3201 1457 3348 1522 haec,
3402 1465 3616 1517 tertium

2046 1541 2326 1609 quiddam.
2364 1541 2428 1593 Et
2461 1543 2675 1595 tertium
2713 1541 2842 1597 illud
2887 1545 3141 1615 quidem,
3176 1564 3334 1607 nemo
3353 1552 3615 1611 hactenus

2048 1633 2181 1686 dixit
2218 1633 2302 1696 ;si
2326 1633 2446 1699 quis
2474 1633 2616 1685 enim
2652 1649 2870 1688 causam
2925 1636 3092 1705 dicat,
3133 1641 3360 1707 primum
3400 1645 3616 1714 quidem

2050 1737 2245 1776 nomen
2297 1722 2414 1791 ejus
2468 1737 2632 1782 causa
2694 1725 3013 1794 simpliciter
3053 1731 3160 1783 erit
3210 1749 3224 1786 :
3282 1733 3439 1788 sicuti
3493 1737 3615 1792 Filii

2047 1815 2282 1882 quidem,
2311 1813 2479 1868 Filius
2519 1828 2746 1879 nomen;
2783 1827 2836 1869 et
2863 1820 3040 1873 sancti
3080 1820 3319 1890 Spiritus
3339 1865 3354 1889 ,
3379 1827 3617 1894 Spiritus

2047 1916 2266 1962 sanctus
2301 1923 2313 1958 :
2357 1908 2746 1976 oportebatque
2803 1924 2904 1976 pro
2955 1909 3125 1966 Patre
3163 1928 3381 1970 causam
3412 1922 3617 1988 dicere.

2046 1999 2226 2068 quod,
2267 2012 2295 2050 a
2350 1997 2641 2066 Scriptura
2687 2006 2889 2054 sanctae
2928 2005 3326 2061 consuetudine
3373 2009 3615 2077 aborret,

2046 2105 2168 2160 quae
2212 2104 2426 2159 semper
2473 2105 2592 2144 cum
2637 2089 2703 2146 de
2742 2090 2850 2146 Deo
2904 2092 3179 2162 loquitur,
3214 2099 3433 2155 Patrem
3491 2118 3616 2158 eum

2046 2190 2222 2234 V0021.

2116 2273 2404 2337 Prteterea,
2432 2285 2593 2328 causa
2625 2275 2925 2332 universale
2957 2293 3078 2334 cum
3111 2282 3216 2350 sit,
3251 2296 3302 2340 et
3331 2285 3532 2351 Patris,
3559 2302 3615 2344 et

2043 2364 2416 2434 productoris,
2454 2374 2620 2434 atque
2667 2371 2932 2424 creatoris
2980 2373 3331 2440 praedicatum
3365 2387 3449 2433 est
3483 2396 3497 2434 :
3545 2381 3620 2437 si-

2043 2455 2281 2526 quidem,
2303 2465 2361 2509 ut
2393 2457 2742 2524 praedicatum
2777 2461 3117 2518 solummodo
3141 2470 3440 2538 accipiatur
3455 2471 3615 2527 sicuti

2044 2562 2240 2616 genera
2277 2586 2292 2610 ,
2334 2558 2386 2601 ct
2439 2549 2670 2614 species.
2723 2560 2775 2605 et
2822 2555 3003 2608 omnia
3061 2571 3180 2625 quae
3239 2561 3618 2618 universaliter

2045 2648 2230 2691 contra
2273 2638 2615 2705 particularia
2641 2642 3007 2709 prmdicautur
3031 2687 3044 2711 ,
3077 2648 3216 2700 nulla
3260 2662 3412 2705 extra
3443 2653 3608 2710 intel-

2046 2725 2300 2794 ligentem
2325 2728 2558 2779 animam
2601 2743 2687 2782 res
2722 2739 2824 2792 est,
2871 2732 2963 2785 sed
3008 2734 3118 2801 ipsa
3152 2737 3490 2795 solummodo
3529 2745 3616 2797 in-

2046 2817 2345 2886 telligentia
2370 2827 2450 2873 est
2482 2835 2496 2871 :
2527 2819 2597 2872 ita
2631 2819 2776 2872 nulla
2809 2821 2910 2874 erit
2959 2837 3045 2876 rcs
3076 2822 3255 2878 Patris
3288 2828 3616 2894 substantia,

2045 2907 2139 2962 sed
2163 2907 2499 2964 solummodo
2551 2908 2944 2980 intelligentia;
2978 2913 3192 2983 eritque
3251 2929 3315 2970 ex
3351 2932 3455 2972 non
3489 2922 3617 2975 sub-

2047 2999 2278 3054 sistente
2335 2998 2678 3064 subsistens,
2742 3001 2884 3070 quod
2941 3001 3234 3058 absurdum
3290 3015 3391 3060 est.
3443 3006 3618 3064 Patris

375 3099 646 3154 veraciter
677 3096 921 3165 procedit
964 3111 1028 3150 ex
1070 3094 1225 3150 Patre
1270 3094 1504 3165 Spiritus
1558 3105 1800 3161 sanctus,
1844 3112 1938 3166 per
1971 3109 2013 3169 ο
2048 3089 2191 3142 enim
2251 3087 2776 3156 supersubstantiale
2825 3104 3021 3146 nomen
3054 3099 3109 3148 et
3165 3107 3277 3149 rem
3327 3095 3616 3166 signiﬁcat,

377 3192 573 3246 Filium
613 3191 776 3247 etiam
813 3191 1106 3258 procedere
1130 3187 1274 3258 quod
1305 3187 1504 3242 dicitur
1533 3197 1829 3242 asseretur.
1864 3187 1942 3241 ita

374 3285 517 3340 enim
555 3283 724 3338 sancti
771 3282 964 3337 Patres
1009 3283 1328 3351 procedendi
1371 3283 1712 3352 complexam
1753 3282 1943 3336 deﬁni-

377 3377 574 3430 tionem
608 3374 925 3430 substantiae
972 3372 1207 3442 Spiritus
1263 3372 1676 3441 cxplicuerunt,
1715 3383 1770 3427 et
1823 3387 1944 3440 quae

375 3469 518 3522 dicta
555 3476 704 3530 sunt,
747 3481 872 3520 vera
923 3480 1046 3520 esse
1085 3475 1479 3518 monstrarunt.
1505 3466 1697 3533 Atque
1727 3481 1856 3524 una,
1885 3474 1945 3517 ut

376 3560 578 3613 dictum
602 3566 719 3622 est,
750 3557 1048 3624 producere
1087 3553 1444 3607 substantiola
1480 3551 1658 3607 Patris
1693 3567 1813 3605 esse
1839 3567 1944 3605 non

375 3658 553 3720 potest
578 3686 595 3709 ,
629 3646 812 3713 idque,
855 3659 978 3698 cum
1029 3658 1094 3696 ex
1145 3640 1521 3711 superioribus
1559 3647 1793 3701 constat,
1834 3649 1944 3692 tum

371 3742 536 3797 etiam
561 3752 625 3790 ex
663 3736 768 3798 his,
809 3749 930 3804 quae
959 3732 1277 3795 subiicimus
1311 3747 1326 3796 ;
1359 3731 1482 3799 quia
1509 3732 1653 3784 cnim
1683 3731 1943 3784 unitatem

372 3848 436 3887 se
498 3829 820 3883 Trinitatem
883 3823 1092 3879 Domini
1134 3823 1268 3878 lides
1319 3838 1446 3878 vera
1499 3823 1863 3886 commendat,
1891 3821 1942 3874 id

371 3925 594 3996 quidem
619 3920 874 3984 essentia,
898 3918 950 3973 id
979 3926 1160 3972 autem
1193 3917 1464 3985 personis,
1495 3931 1557 3970 ac
1591 3925 1787 3983 praeter
1817 3929 1942 3984 pro-

372 4017 652 4085 prietates,
721 4011 919 4079 quibus
977 4023 1220 4078 persona;
1296 4007 1590 4063 secundum
1653 4019 1942 4074 processus

373 4103 638 4157 rationem
675 4100 1125 4168 distinguuntur:
1179 4096 1321 4150 nulla
1361 4095 1464 4149 alia
1507 4106 1589 4150 est
1629 4095 1940 4148 divinarum

375 4207 728 4264 personarum
752 4190 1080 4253 differentia,
1130 4190 1351 4257 solaque
1402 4187 1581 4241 divina
1637 4187 1940 4241 substantia

375 4285 703 4355 relinquitur
746 4300 760 4336 :
798 4280 1217 4349 inspiciendum,
1277 4278 1431 4344 juxta
1496 4277 1620 4331 lidei
1681 4290 1941 4329 concessa

377 4375 663 4446 principia,
693 4389 940 4442 quaenam
975 4373 1042 4427 sit
1071 4372 1377 4440 proprietas
1412 4369 1610 4431 Patris,
1654 4369 1942 4438 ipsumque

2045 3182 2119 3235 ait
2157 3181 2310 3234 divus
2352 3180 2667 3251 Dionysius.

2119 3271 2270 3336 Quod
2303 3273 2345 3324 si
2381 3286 2492 3325 rem
2543 3270 2779 3338 aliquam
2832 3272 3107 3343 signiﬁcat
3147 3290 3310 3330 causa
3369 3277 3422 3330 in
3451 3275 3614 3333 Patre

2046 3361 2454 3418 substantialem
2477 3399 2494 3425 ,
2528 3363 2574 3416 si
2621 3362 2842 3430 quidem
2879 3363 3024 3416 aliud
3058 3364 3359 3434 quidpiam,
3389 3378 3614 3434 praeter-

2045 3468 2208 3521 quam
2244 3453 2649 3522 paternitatem.
2700 3469 2763 3506 ac
2809 3456 3217 3521 productionem
3249 3458 3614 3526 signiﬁcabit;

2047 3555 2103 3598 et
2135 3545 2476 3610 perspicuum
2498 3549 2601 3604 est,
2629 3543 2770 3608 quod
2799 3544 2916 3597 alia:
2940 3545 3057 3600 ista:
3087 3562 3172 3602 res
3210 3551 3504 3617 paternitas
3533 3552 3615 3606 vi-

2049 3633 2260 3695 delicet,
2312 3640 2368 3686 et
2413 3647 2600 3694 causa,
2634 3630 2687 3683 in
2739 3632 2902 3686 Patre
2961 3633 3091 3688 sint.
3129 3636 3314 3704 Itaque
3357 3648 3412 3693 et
3468 3641 3613 3695 aliud

2047 3723 2250 3794 aliquid
2302 3740 2483 3784 causa,
2537 3732 2728 3791 prater
2807 3722 3022 3776 Patrem
3053 3764 3067 3788 ,
3131 3729 3615 3796 productorcmque

2047 3817 2324 3887 signabit:
2381 3826 2540 3882 atque
2573 3816 2643 3868 ita
2667 3854 2681 3878 ,
2731 3814 3055 3883 compositio
3102 3817 3152 3870 in
3193 3816 3300 3870 Deo
3324 3817 3422 3871 erit
3455 3819 3612 3872 diﬁ'e-

2047 3909 2280 3964 rentium
2340 3906 2756 3976 iutelligibiliuut
2813 3922 2992 3960 rerum
3034 3925 3048 3964 :
3108 3910 3376 3977 simulque
3421 3912 3471 3966 itt
3505 3913 3614 3968 Deo

2045 3998 2356 4069 perfectius,
2387 4009 2548 4066 atque
2581 3998 2954 4068 itnperl’ectius
2989 4001 3112 4068 erit,
3147 4016 3321 4069 neque
3353 4002 3457 4058 erit
3480 4003 3613 4058 alte-

2044 4106 2184 4151 rum,
2214 4091 2355 4159 quod
2379 4090 2630 4146 alterum.

2113 4183 2266 4248 Quod
2315 4184 2358 4236 si
2399 4182 2538 4237 idem
2591 4194 2675 4238 est
2727 4199 2886 4240 causa
2935 4184 3078 4253 quod
3134 4184 3427 4254 paternitas
3453 4194 3614 4255 atque

2047 4274 2351 4343 productio.
2385 4275 2555 4327 satius
2595 4287 2672 4327 est
2707 4291 2802 4345 pro
2829 4291 2994 4330 causa
3025 4275 3162 4344 quod
3197 4289 3481 4328 commune
3503 4288 3609 4339 est,

2045 4379 2165 4430 qum
2203 4365 2372 4433 magis
2405 4367 2618 4434 propria
2661 4379 2784 4420 sunt
2835 4366 3205 4422 substantialia
3241 4379 3380 4424 esse.
3407 4367 3608 4426 dcere,

375 4435 606 4540 speciale
634 4435 935 4536 proprium,
979 4435 1118 4532 quod
1143 4435 1412 4534 przecipue
1446 4462 1623 4516 Patris
1655 4435 1937 4515 c'ontmen-
1973 4435 2018 4495 θ
2048 4457 2428 4525 paternitatetu
2467 4458 2690 4520 scilicet,
2713 4474 2806 4512 seu
2844 4461 3268 4527 productionem,
3313 4459 3436 4524 quia
3468 4468 3518 4512 et
3545 4461 3608 4511 de

377 4563 466 4616 dat
495 4573 804 4630 personam,
828 4567 881 4612 et
911 4555 1127 4610 Patrem
1186 4555 1338 4615 facit,
1375 4571 1437 4607 ac
1470 4553 1762 4608 secundum
1798 4551 1942 4621 quod

377 4653 440 4704 ad
465 4651 769 4720 coarquales
798 4647 902 4704 sibi
933 4661 1194 4716 personas
1220 4643 1345 4700 Filii
1382 4644 1722 4712 Spiritusque
1752 4642 1943 4696 distin-

377 4743 574 4811 guitur.

446 4835 580 4889 Cum
615 4832 776 4900 igitur
813 4831 914 4885 tria
949 4829 1309 4884 communiter
1348 4827 1413 4882 de
1458 4826 1616 4880 Patre
1648 4827 1938 4882 dicantur:

378 4925 518 4992 quod
571 4923 836 4992 ingenitus
887 4924 991 4988 sit;
1031 4923 1174 4990 quod
1226 4921 1422 4986 Pater,
1456 4920 1600 4990 quod
1632 4920 1813 4985 spirat,
1848 4932 1942 4970 seu

377 5016 632 5085 producat
657 5032 676 5081 ;
705 5015 998 5084 ingenitum
1025 5016 1270 5082 quidem,
1301 5013 1441 5082 quod
1475 5026 1694 5066 causam
1722 5011 1901 5080 signat
1927 5025 1940 5072 ;

379 5119 434 5161 et
466 5109 510 5162 si
537 5108 833 5162 secundum
860 5108 963 5159 hoc
987 5104 1149 5158 Pater
1187 5119 1214 5156 a
1241 5104 1378 5158 Filio
1420 5103 1731 5173 Spirituque
1760 5115 1943 5156 secer-

381 5197 544 5261 nitur,
577 5194 756 5250 Patris
780 5207 956 5250 tamen
989 5206 1274 5262 personam
1309 5207 1414 5245 non
1450 5191 1827 5253 commendat,
1860 5204 1946 5244 so-
1993 5260 1996 5262 γ

379 5287 598 5356 iumque
631 5286 952 5356 designatio,
979 5293 1034 5337 et
1065 5281 1214 5336 notio
1255 5281 1421 5350 ipsius
1471 5293 1589 5344 est,
1615 5280 1727 5348 jam
1769 5280 1946 5334 subsi-

379 5391 607 5436 stentem
643 5393 896 5446 sequens,
924 5386 983 5430 ut
1040 5373 1364 5442 simplictter
1407 5373 1708 5440 proprium.
1741 5372 1942 5441 Duplex

376 5472 516 5526 enim
559 5470 833 5540 proprium
866 5478 970 5523 est.
1005 5467 1164 5520 Aliud
1191 5465 1336 5518 enim
1383 5475 1466 5518 est
1502 5465 1776 5532 pr0prium
1801 5464 1941 5532 quod

378 5561 784 5617 substantialetn
808 5561 1044 5628 speciem
1077 5559 1342 5626 cujusque
1367 5557 1714 5611 commendat
1738 5594 1753 5620 ,
1784 5565 1943 5620 atque

382 5651 446 5704 ab
488 5652 608 5705 aliis
667 5661 932 5718 separat:
991 5657 1048 5699 ut
1090 5646 1236 5700 verbi
1298 5645 1496 5714 gratia,
1549 5643 1774 5696 Paulum
1823 5657 1944 5695 esse

379 5743 575 5796 animal
611 5761 624 5808 ;
665 5743 808 5796 aliud
839 5756 985 5803 vero,
1026 5739 1336 5809 magistrum
1363 5737 1528 5792 fuisse
1561 5739 1821 5808 gentium,
1853 5746 1938 5787 attt

2048 4547 2219 4616 magis
2259 4548 2490 4615 propriis
2545 4549 2990 4602 substantialibus
3038 4562 3216 4598 sermo
3253 4557 3370 4610 est,
3424 4550 3611 4603 «icero.

2046 4653 2241 4706 resque
2259 4640 2626 4706 paternitatem
2658 4655 2751 4708 pro
2779 4640 3091 4708 proprietate
3119 4638 3323 4701 dicunt,
3344 4642 3600 4706 quoniam

2044 4742 2099 4786 et
2131 4731 2344 4784 Patrem
2381 4733 2608 4797 primum
2652 4733 2997 4784 conlitentur.

2123 4823 2277 4888 Quod
2336 4823 2497 4890 igitur
2549 4824 2764 4876 tertium
2803 4821 2929 4875 illud
2976 4819 3224 4886 quiddam
3251 4833 3414 4874 causa
3469 4823 3605 4877 sub-

2047 4913 2319 4967 stantialis
2371 4915 2465 4977 sit,
2515 4922 2727 4967 etmstat
2784 4929 2846 4965 cx
2885 4913 2988 4974 bis,
3051 4912 3141 4964 sed
3201 4921 3375 4966 tamen
3432 4930 3607 4984 neque

2047 5015 2337 5076 utrumque
2381 5007 2539 5060 simul
2602 5009 2979 5076 paternitatem
3030 5005 3207 5059 dicere
3258 5005 3338 5058 fas
3366 5016 3470 5062 est.
3498 5009 3605 5061 Aut

2046 5099 2190 5150 enim
2223 5098 2295 5152 ita
2331 5099 2493 5151 ambo
2543 5109 2695 5152 erttul
2744 5097 3111 5152 substantialia
3135 5139 3147 5162 ,
3179 5100 3331 5167 quasi
3377 5101 3600 5154 seorsim

2046 5200 2336 5263 utrumque
2359 5189 2464 5243 erit
2505 5189 2662 5242 Pater
2693 5189 2978 5242 secundum
3019 5189 3155 5241 hanc
3204 5190 3606 5242 rationcmdute

2043 5281 2383 5346 substantiae.
2432 5281 2700 5336 Possibile
2736 5281 2877 5335 enim
2919 5295 3022 5334 non
3055 5291 3178 5346 est,
3225 5282 3328 5332 duo
3353 5281 3603 5332 substan-

2047 5374 2194 5433 tialia
2232 5381 2467 5454 cuipiam
2489 5376 2669 5430 inesse
2685 5374 2880 5427 dicere.

2127 5469 2304 5552 Porro
2367 5478 2473 5537 ltoc
2529 5468 2722 5535 ipsum,
2756 5479 2858 5519 non
2916 5469 3046 5518 duas
3083 5472 3202 5513 esse
3253 5456 3602 5552 substantiae.

2045 5561 2188 5637 idem
2242 5544 2361 5658 Ere
2408 5574 2516 5628 est,
2569 5572 2631 5611 ac
2661 5556 2704 5608 si
2737 5557 2894 5608 homo
2938 5549 3200 5658 quispiam
3223 5545 3358 5658 duas
3411 5544 3605 5646 habeat

2121 5636 2445 5727 ihrh'f'én“
2489 5651 2632 5714 enim
2688 5647 2980 5697 dicerentur
3023 5640 3126 5689 duo
3175 5651 3292 5688 esse
3340 5636 3601 5686 homines.

2995 5729 3210 5781 insitum
3236 5765 3250 5784 ,
3285 5727 3422 5794 quoii
3451 5740 3604 5778 Suum
