  <div class='ocr_page' id='page_1' title='image "/cluster/home/n/w/nwhite01/storage/ocr_20150623/152/mdp.39015078384735/073.png"; bbox 0 0 4064 6262; ppageno 0'>
   <div class='ocr_carea' id='block_1_1' title="bbox 525 425 3787 525">
    <p class='ocr_par' dir='ltr' id='par_1_1' title="bbox 525 425 3787 525">
     <span class='ocr_line' id='line_1_1' title="bbox 525 425 3787 525; baseline -0.012 0"><span class='ocrx_word' id='word_1_1' title='bbox 525 456 619 525; x_wconf 71' lang='lat'><strong>1&#39;21</strong></span> <span class='ocrx_word' id='word_1_2' title='bbox 1772 447 2170 509; x_wconf 68' lang='lat' dir='ltr'><strong>MANUELIS</strong></span> <span class='ocrx_word' id='word_1_3' title='bbox 2211 445 2516 506; x_wconf 77' lang='lat' dir='ltr'><strong>C.\LEC.E</strong></span> <span class='ocrx_word' id='word_1_4' title='bbox 3680 425 3787 490; x_wconf 72' lang='lat'><strong>133</strong></span> 
     </span>
    </p>
   </div>
   <div class='ocr_carea' id='block_1_2' title="bbox 515 543 3786 632">
    <p class='ocr_par' dir='ltr' id='par_1_2' title="bbox 515 543 3786 632">
     <span class='ocr_line' id='line_1_2' title="bbox 515 543 3786 632; baseline -0.01 -6"><span class='ocrx_word' id='word_1_5' title='bbox 515 582 620 632; x_wconf 88' lang='lat' dir='ltr'><strong>est,</strong></span> <span class='ocrx_word' id='word_1_6' title='bbox 659 566 838 628; x_wconf 86' lang='lat' dir='ltr'><strong>faciet,</strong></span> <span class='ocrx_word' id='word_1_7' title='bbox 900 574 954 618; x_wconf 88' lang='lat' dir='ltr'><strong>et</strong></span> <span class='ocrx_word' id='word_1_8' title='bbox 1008 562 1440 627; x_wconf 87' lang='lat' dir='ltr'><strong>commendabit;</strong></span> <span class='ocrx_word' id='word_1_9' title='bbox 1484 561 1567 616; x_wconf 90' lang='lat' dir='ltr'><strong>sin</strong></span> <span class='ocrx_word' id='word_1_10' title='bbox 1615 575 1744 613; x_wconf 88' lang='lat' dir='ltr'><strong>vero</strong></span> <span class='ocrx_word' id='word_1_11' title='bbox 1792 561 1861 614; x_wconf 86' lang='lat' dir='ltr'><strong>ita</strong></span> <span class='ocrx_word' id='word_1_12' title='bbox 1917 561 2074 613; x_wconf 90' lang='lat' dir='ltr'><strong>ambo</strong></span> <span class='ocrx_word' id='word_1_13' title='bbox 2107 565 2145 620; x_wconf 77' lang='grc' dir='ltr'><strong>Α</strong></span> <span class='ocrx_word' id='word_1_14' title='bbox 2181 560 2538 628; x_wconf 79' lang='lat' dir='ltr'><strong>proprietates</strong></span> <span class='ocrx_word' id='word_1_15' title='bbox 2594 555 2922 625; x_wconf 77' lang='lat' dir='ltr'><strong>personales,</strong></span> <span class='ocrx_word' id='word_1_16' title='bbox 2984 552 3145 606; x_wconf 84' lang='lat' dir='ltr'><strong>etiam</strong></span> <span class='ocrx_word' id='word_1_17' title='bbox 3199 562 3303 601; x_wconf 89' lang='lat' dir='ltr'><strong>una</strong></span> <span class='ocrx_word' id='word_1_18' title='bbox 3359 543 3786 599; x_wconf 71' lang='lat' dir='ltr'><strong>substantiales</strong></span> 
     </span>
    </p>
   </div>
   <div class='ocr_carea' id='block_1_3' title="bbox 516 633 3787 719">
    <p class='ocr_par' dir='ltr' id='par_1_3' title="bbox 516 633 3787 719">
     <span class='ocr_line' id='line_1_3' title="bbox 516 633 3787 719; baseline -0.01 -4"><span class='ocrx_word' id='word_1_19' title='bbox 516 656 891 715; x_wconf 89' lang='lat' dir='ltr'><strong>substantialia</strong></span> <span class='ocrx_word' id='word_1_20' title='bbox 947 664 1091 719; x_wconf 90' lang='lat' dir='ltr'><strong>sunt,</strong></span> <span class='ocrx_word' id='word_1_21' title='bbox 1149 662 1205 705; x_wconf 90' lang='lat' dir='ltr'><strong>ttt</strong></span> <span class='ocrx_word' id='word_1_22' title='bbox 1261 653 1524 714; x_wconf 87' lang='lat' dir='ltr'><strong>alterum,</strong></span> <span class='ocrx_word' id='word_1_23' title='bbox 1575 650 1747 704; x_wconf 88' lang='lat' dir='ltr'><strong>solum</strong></span> <span class='ocrx_word' id='word_1_24' title='bbox 1810 664 1928 703; x_wconf 89' lang='lat' dir='ltr'><strong>esse</strong></span> <span class='ocrx_word' id='word_1_25' title='bbox 1975 663 2078 700; x_wconf 90' lang='lat' dir='ltr'><strong>non</strong></span> <span class='ocrx_word' id='word_1_26' title='bbox 2184 650 2491 703; x_wconf 89' lang='lat' dir='ltr'><strong>divinarum</strong></span> <span class='ocrx_word' id='word_1_27' title='bbox 2546 660 2897 715; x_wconf 89' lang='lat' dir='ltr'><strong>personarum</strong></span> <span class='ocrx_word' id='word_1_28' title='bbox 2956 656 3075 695; x_wconf 82' lang='lat' dir='ltr'><strong>esse</strong></span> <span class='ocrx_word' id='word_1_29' title='bbox 3133 636 3403 693; x_wconf 88' lang='lat' dir='ltr'><strong>confiteri.</strong></span> <span class='ocrx_word' id='word_1_30' title='bbox 3468 633 3787 700; x_wconf 81' lang='lat' dir='ltr'><strong>Propterea</strong></span> 
     </span>
    </p>
   </div>
   <div class='ocr_carea' id='block_1_4' title="bbox 517 722 3788 821">
    <p class='ocr_par' dir='ltr' id='par_1_4' title="bbox 517 722 3788 821">
     <span class='ocr_line' id='line_1_4' title="bbox 517 722 3788 821; baseline -0.009 -18"><span class='ocrx_word' id='word_1_31' title='bbox 517 752 731 821; x_wconf 89' lang='lat' dir='ltr'><strong>possit;</strong></span> <span class='ocrx_word' id='word_1_32' title='bbox 794 760 1082 815; x_wconf 90' lang='lat' dir='ltr'><strong>utrumque</strong></span> <span class='ocrx_word' id='word_1_33' title='bbox 1141 745 1513 812; x_wconf 87' lang='lat' dir='ltr'><strong>imperfectum</strong></span> <span class='ocrx_word' id='word_1_34' title='bbox 1580 742 1722 806; x_wconf 88' lang='lat' dir='ltr'><strong>erit;</strong></span> <span class='ocrx_word' id='word_1_35' title='bbox 1780 749 1855 803; x_wconf 87' lang='lat' dir='ltr'><strong>et,</strong></span> <span class='ocrx_word' id='word_1_36' title='bbox 1908 754 2082 808; x_wconf 80' lang='lat' dir='ltr'><strong>neque</strong></span> <span class='ocrx_word' id='word_1_37' title='bbox 2188 741 2449 795; x_wconf 90' lang='lat' dir='ltr'><strong>Dominus</strong></span> <span class='ocrx_word' id='word_1_38' title='bbox 2503 747 2687 793; x_wconf 89' lang='lat' dir='ltr'><strong>noster</strong></span> <span class='ocrx_word' id='word_1_39' title='bbox 2719 752 2839 789; x_wconf 90' lang='lat' dir='ltr'><strong>cmn</strong></span> <span class='ocrx_word' id='word_1_40' title='bbox 2885 731 3169 787; x_wconf 79' lang='lat' dir='ltr'><strong>Trinitatis</strong></span> <span class='ocrx_word' id='word_1_41' title='bbox 3221 726 3541 797; x_wconf 74' lang='lat' dir='ltr'><strong>mysterium</strong></span> <span class='ocrx_word' id='word_1_42' title='bbox 3596 722 3788 776; x_wconf 85' lang='lat' dir='ltr'><strong>trade-</strong></span> 
     </span>
    </p>
   </div>
   <div class='ocr_carea' id='block_1_5' title="bbox 518 816 3784 905">
    <p class='ocr_par' dir='ltr' id='par_1_5' title="bbox 518 816 3784 905">
     <span class='ocr_line' id='line_1_5' title="bbox 518 816 3784 905; baseline -0.01 -8"><span class='ocrx_word' id='word_1_43' title='bbox 518 816 730 897; x_wconf 83' lang='lat' dir='ltr'><strong>Patrem</strong></span> <span class='ocrx_word' id='word_1_44' title='bbox 762 841 930 895; x_wconf 89' lang='lat' dir='ltr'><strong>solum</strong></span> <span class='ocrx_word' id='word_1_45' title='bbox 956 840 1143 893; x_wconf 76' lang='lat' dir='ltr'><strong>dicens</strong></span> <span class='ocrx_word' id='word_1_46' title='bbox 1178 836 1661 905; x_wconf 85' lang='lat' dir='ltr'><strong>quispiam,neque</strong></span> <span class='ocrx_word' id='word_1_47' title='bbox 1684 834 2079 901; x_wconf 69' lang='lat' dir='ltr'><strong>ptoilnctorem,</strong></span> <span class='ocrx_word' id='word_1_48' title='bbox 2188 842 2287 895; x_wconf 78' lang='lat' dir='ltr'><strong>ret,</strong></span> <span class='ocrx_word' id='word_1_49' title='bbox 2320 831 2374 884; x_wconf 90' lang='lat' dir='ltr'><strong>in</strong></span> <span class='ocrx_word' id='word_1_50' title='bbox 2413 830 2633 883; x_wconf 83' lang='lat' dir='ltr'><strong>nomine</strong></span> <span class='ocrx_word' id='word_1_51' title='bbox 2685 828 2885 889; x_wconf 83' lang='lat' dir='ltr'><strong>Patris,</strong></span> <span class='ocrx_word' id='word_1_52' title='bbox 2924 836 2975 879; x_wconf 89' lang='lat' dir='ltr'><strong>et</strong></span> <span class='ocrx_word' id='word_1_53' title='bbox 3006 822 3164 886; x_wconf 83' lang='lat' dir='ltr'><strong>Filii,</strong></span> <span class='ocrx_word' id='word_1_54' title='bbox 3202 829 3253 873; x_wconf 85' lang='lat' dir='ltr'><strong>et</strong></span> <span class='ocrx_word' id='word_1_55' title='bbox 3305 818 3537 884; x_wconf 79' lang='lat' dir='ltr'><strong>Spiritus</strong></span> <span class='ocrx_word' id='word_1_56' title='bbox 3573 816 3784 876; x_wconf 75' lang='lat' dir='ltr'><strong>sancti,</strong></span> 
     </span>
    </p>
   </div>
   <div class='ocr_carea' id='block_1_6' title="bbox 518 904 3787 997">
    <p class='ocr_par' dir='ltr' id='par_1_6' title="bbox 518 904 3787 997">
     <span class='ocr_line' id='line_1_6' title="bbox 518 904 3787 997; baseline -0.009 -11"><span class='ocrx_word' id='word_1_57' title='bbox 518 932 876 987; x_wconf 80' lang='lat' dir='ltr'><strong>subslantiam</strong></span> <span class='ocrx_word' id='word_1_58' title='bbox 910 929 1150 997; x_wconf 79' lang='lat' dir='ltr'><strong>perfecte</strong></span> <span class='ocrx_word' id='word_1_59' title='bbox 1175 968 1189 993; x_wconf 95' lang='lat'><strong>,</strong></span> <span class='ocrx_word' id='word_1_60' title='bbox 1223 928 1537 995; x_wconf 84' lang='lat' dir='ltr'><strong>integreque</strong></span> <span class='ocrx_word' id='word_1_61' title='bbox 1577 923 1845 992; x_wconf 80' lang='lat' dir='ltr'><strong>signabit:</strong></span> <span class='ocrx_word' id='word_1_62' title='bbox 1880 923 1951 975; x_wconf 87' lang='lat' dir='ltr'><strong>ita</strong></span> <span class='ocrx_word' id='word_1_63' title='bbox 1988 936 2085 977; x_wconf 90' lang='lat' dir='ltr'><strong>nec</strong></span> <span class='ocrx_word' id='word_1_64' title='bbox 2185 923 2340 988; x_wconf 53' lang='lat' dir='ltr'><strong>disci,</strong></span> <span class='ocrx_word' id='word_1_65' title='bbox 2364 922 2480 974; x_wconf 88' lang='lat' dir='ltr'><strong>nios</strong></span> <span class='ocrx_word' id='word_1_66' title='bbox 2518 920 2794 986; x_wconf 69' lang='lat' dir='ltr'><strong>baptizare</strong></span> <span class='ocrx_word' id='word_1_67' title='bbox 2824 915 2990 984; x_wconf 82' lang='lat' dir='ltr'><strong>jussit</strong></span> <span class='ocrx_word' id='word_1_68' title='bbox 3024 914 3065 966; x_wconf 76' lang='grc' dir='ltr'><strong>ί.</strong></span> <span class='ocrx_word' id='word_1_69' title='bbox 3103 911 3205 965; x_wconf 89' lang='lat' dir='ltr'><strong>Per</strong></span> <span class='ocrx_word' id='word_1_70' title='bbox 3246 911 3297 963; x_wconf 87' lang='lat' dir='ltr'><strong>id</strong></span> <span class='ocrx_word' id='word_1_71' title='bbox 3337 908 3589 977; x_wconf 85' lang='lat' dir='ltr'><strong>quidem,</strong></span> <span class='ocrx_word' id='word_1_72' title='bbox 3631 904 3787 983; x_wconf 80' lang='lat' dir='ltr'><strong>quod</strong></span> 
     </span>
    </p>
   </div>
   <div class='ocr_carea' id='block_1_7' title="bbox 517 995 3785 1090">
    <p class='ocr_par' dir='ltr' id='par_1_7' title="bbox 517 995 3785 1090">
     <span class='ocr_line' id='line_1_7' title="bbox 517 995 3785 1090; baseline -0.009 -13"><span class='ocrx_word' id='word_1_73' title='bbox 517 1021 695 1078; x_wconf 78' lang='lat' dir='ltr'><strong>Patris</strong></span> <span class='ocrx_word' id='word_1_74' title='bbox 735 1038 1016 1090; x_wconf 80' lang='lat' dir='ltr'><strong>personam</strong></span> <span class='ocrx_word' id='word_1_75' title='bbox 1072 1022 1349 1075; x_wconf 81' lang='lat' dir='ltr'><strong>discernet</strong></span> <span class='ocrx_word' id='word_1_76' title='bbox 1382 1034 1407 1071; x_wconf 90' lang='lat' dir='ltr'><strong>a</strong></span> <span class='ocrx_word' id='word_1_77' title='bbox 1457 1017 1719 1084; x_wconf 82' lang='lat' dir='ltr'><strong>reliquis:</strong></span> <span class='ocrx_word' id='word_1_78' title='bbox 1760 1024 1813 1069; x_wconf 88' lang='lat' dir='ltr'><strong>ct</strong></span> <span class='ocrx_word' id='word_1_79' title='bbox 1865 1015 2082 1068; x_wconf 90' lang='lat' dir='ltr'><strong>tertium</strong></span> <span class='ocrx_word' id='word_1_80' title='bbox 2187 1015 2341 1078; x_wconf 79' lang='lat' dir='ltr'><strong>dixit,</strong></span> <span class='ocrx_word' id='word_1_81' title='bbox 2371 1014 2425 1065; x_wconf 85' lang='lat' dir='ltr'><strong>in</strong></span> <span class='ocrx_word' id='word_1_82' title='bbox 2484 1011 2709 1073; x_wconf 81' lang='lat' dir='ltr'><strong>nomine,</strong></span> <span class='ocrx_word' id='word_1_83' title='bbox 2738 1022 2896 1062; x_wconf 87' lang='lat' dir='ltr'><strong>unam</strong></span> <span class='ocrx_word' id='word_1_84' title='bbox 2939 1004 3227 1058; x_wconf 74' lang='lat' dir='ltr'><strong>essentiam</strong></span> <span class='ocrx_word' id='word_1_85' title='bbox 3279 1001 3532 1068; x_wconf 77' lang='lat' dir='ltr'><strong>signans;</strong></span> <span class='ocrx_word' id='word_1_86' title='bbox 3570 1010 3679 1065; x_wconf 77' lang='lat' dir='ltr'><strong>per</strong></span> <span class='ocrx_word' id='word_1_87' title='bbox 3732 995 3785 1047; x_wconf 93' lang='lat' dir='ltr'><strong>id</strong></span> 
     </span>
    </p>
   </div>
   <div class='ocr_carea' id='block_1_8' title="bbox 518 1085 3789 1181">
    <p class='ocr_par' dir='ltr' id='par_1_8' title="bbox 518 1085 3789 1181">
     <span class='ocr_line' id='line_1_8' title="bbox 518 1085 3789 1181; baseline -0.009 -15"><span class='ocrx_word' id='word_1_88' title='bbox 518 1114 663 1167; x_wconf 82' lang='lat' dir='ltr'><strong>aliud</strong></span> <span class='ocrx_word' id='word_1_89' title='bbox 692 1114 964 1181; x_wconf 81' lang='lat' dir='ltr'><strong>quidpiam</strong></span> <span class='ocrx_word' id='word_1_90' title='bbox 1011 1113 1194 1167; x_wconf 88' lang='lat' dir='ltr'><strong>dicere</strong></span> <span class='ocrx_word' id='word_1_91' title='bbox 1244 1109 1628 1171; x_wconf 66' lang='lat' dir='ltr'><strong>necesse-erit,</strong></span> <span class='ocrx_word' id='word_1_92' title='bbox 1655 1107 1798 1176; x_wconf 89' lang='lat' dir='ltr'><strong>quod</strong></span> <span class='ocrx_word' id='word_1_93' title='bbox 1855 1107 1921 1159; x_wconf 89' lang='lat' dir='ltr'><strong>sit</strong></span> <span class='ocrx_word' id='word_1_94' title='bbox 1952 1106 2083 1159; x_wconf 82' lang='lat' dir='ltr'><strong>sub-</strong></span> <span class='ocrx_word' id='word_1_95' title='bbox 2186 1119 2335 1167; x_wconf 90' lang='lat' dir='ltr'><strong>vcro,</strong></span> <span class='ocrx_word' id='word_1_96' title='bbox 2362 1103 2503 1172; x_wconf 90' lang='lat' dir='ltr'><strong>quod</strong></span> <span class='ocrx_word' id='word_1_97' title='bbox 2527 1112 2746 1155; x_wconf 71' lang='lat' dir='ltr'><strong>secutus</strong></span> <span class='ocrx_word' id='word_1_98' title='bbox 2784 1096 3049 1166; x_wconf 61' lang='lat' dir='ltr'><strong>adiunxit,</strong></span> <span class='ocrx_word' id='word_1_99' title='bbox 3092 1092 3273 1145; x_wconf 79' lang='lat' dir='ltr'><strong>Patris</strong></span> <span class='ocrx_word' id='word_1_100' title='bbox 3313 1102 3361 1144; x_wconf 84' lang='lat' dir='ltr'><strong>et</strong></span> <span class='ocrx_word' id='word_1_101' title='bbox 3403 1088 3559 1150; x_wconf 81' lang='lat' dir='ltr'><strong>Filii,</strong></span> <span class='ocrx_word' id='word_1_102' title='bbox 3587 1096 3647 1140; x_wconf 89' lang='lat' dir='ltr'><strong>et</strong></span> <span class='ocrx_word' id='word_1_103' title='bbox 3668 1085 3789 1153; x_wconf 78' lang='lat' dir='ltr'><strong>Spi-</strong></span> 
     </span>
    </p>
   </div>
   <div class='ocr_carea' id='block_1_9' title="bbox 517 1199 2082 1268">
    <p class='ocr_par' dir='ltr' id='par_1_9' title="bbox 517 1199 2082 1268">
     <span class='ocr_line' id='line_1_9' title="bbox 517 1199 2082 1268; baseline -0.004 -9"><span class='ocrx_word' id='word_1_104' title='bbox 517 1207 729 1259; x_wconf 73' lang='lat' dir='ltr'><strong>stantiae</strong></span> <span class='ocrx_word' id='word_1_105' title='bbox 770 1220 987 1259; x_wconf 90' lang='lat' dir='ltr'><strong>nomen.</strong></span> <span class='ocrx_word' id='word_1_106' title='bbox 1038 1204 1100 1257; x_wconf 84' lang='lat' dir='ltr'><strong>Et</strong></span> <span class='ocrx_word' id='word_1_107' title='bbox 1150 1203 1377 1256; x_wconf 81' lang='lat' dir='ltr'><strong>fortasse</strong></span> <span class='ocrx_word' id='word_1_108' title='bbox 1412 1215 1634 1255; x_wconf 81' lang='lat' dir='ltr'><strong>causam</strong></span> <span class='ocrx_word' id='word_1_109' title='bbox 1666 1200 1811 1254; x_wconf 85' lang='lat' dir='ltr'><strong>dicet</strong></span> <span class='ocrx_word' id='word_1_110' title='bbox 1861 1199 2082 1268; x_wconf 88' lang='lat' dir='ltr'><strong>aliquis,</strong></span> 
     </span>
    </p>
   </div>
   <div class='ocr_carea' id='block_1_10' title="bbox 516 1286 2084 1364">
    <p class='ocr_par' dir='ltr' id='par_1_10' title="bbox 516 1286 2084 1364">
     <span class='ocr_line' id='line_1_10' title="bbox 516 1286 2084 1364; baseline -0.001 -15"><span class='ocrx_word' id='word_1_111' title='bbox 516 1297 664 1349; x_wconf 85' lang='lat' dir='ltr'><strong>aliud</strong></span> <span class='ocrx_word' id='word_1_112' title='bbox 692 1297 837 1348; x_wconf 88' lang='lat' dir='ltr'><strong>enim</strong></span> <span class='ocrx_word' id='word_1_113' title='bbox 876 1295 1129 1364; x_wconf 81' lang='lat' dir='ltr'><strong>possibile</strong></span> <span class='ocrx_word' id='word_1_114' title='bbox 1164 1310 1267 1347; x_wconf 86' lang='lat' dir='ltr'><strong>non</strong></span> <span class='ocrx_word' id='word_1_115' title='bbox 1305 1286 1406 1348; x_wconf 80' lang='lat' dir='ltr'><strong>est.</strong></span> <span class='ocrx_word' id='word_1_116' title='bbox 1446 1294 1512 1345; x_wconf 85' lang='lat' dir='ltr'><strong>At</strong></span> <span class='ocrx_word' id='word_1_117' title='bbox 1545 1293 1683 1345; x_wconf 87' lang='lat' dir='ltr'><strong>istud</strong></span> <span class='ocrx_word' id='word_1_118' title='bbox 1720 1306 1841 1346; x_wconf 89' lang='lat' dir='ltr'><strong>esse</strong></span> <span class='ocrx_word' id='word_1_119' title='bbox 1880 1292 2084 1360; x_wconf 86' lang='lat' dir='ltr'><strong>impos-</strong></span> 
     </span>
    </p>
   </div>
   <div class='ocr_carea' id='block_1_11' title="bbox 518 1385 2079 1455">
    <p class='ocr_par' dir='ltr' id='par_1_11' title="bbox 518 1385 2079 1455">
     <span class='ocr_line' id='line_1_11' title="bbox 518 1385 2079 1455; baseline -0.004 -12"><span class='ocrx_word' id='word_1_120' title='bbox 518 1390 699 1453; x_wconf 86' lang='lat' dir='ltr'><strong>sibile,</strong></span> <span class='ocrx_word' id='word_1_121' title='bbox 733 1404 893 1455; x_wconf 86' lang='lat' dir='ltr'><strong>supra</strong></span> <span class='ocrx_word' id='word_1_122' title='bbox 949 1388 1376 1441; x_wconf 85' lang='lat' dir='ltr'><strong>demonstratum</strong></span> <span class='ocrx_word' id='word_1_123' title='bbox 1433 1397 1536 1439; x_wconf 89' lang='lat' dir='ltr'><strong>est.</strong></span> <span class='ocrx_word' id='word_1_124' title='bbox 1589 1385 1695 1439; x_wconf 86' lang='lat' dir='ltr'><strong>Sed</strong></span> <span class='ocrx_word' id='word_1_125' title='bbox 1745 1386 2079 1439; x_wconf 88' lang='lat' dir='ltr'><strong>contrarium</strong></span> 
     </span>
    </p>
   </div>
   <div class='ocr_carea' id='block_1_12' title="bbox 521 1479 2085 1551">
    <p class='ocr_par' dir='ltr' id='par_1_12' title="bbox 521 1479 2085 1551">
     <span class='ocr_line' id='line_1_12' title="bbox 521 1479 2085 1551; baseline -0.003 -16"><span class='ocrx_word' id='word_1_126' title='bbox 521 1498 621 1536; x_wconf 88' lang='lat' dir='ltr'><strong>usu</strong></span> <span class='ocrx_word' id='word_1_127' title='bbox 645 1483 916 1547; x_wconf 84' lang='lat' dir='ltr'><strong>cernitur;</strong></span> <span class='ocrx_word' id='word_1_128' title='bbox 966 1484 1056 1551; x_wconf 91' lang='lat' dir='ltr'><strong>qui</strong></span> <span class='ocrx_word' id='word_1_129' title='bbox 1084 1481 1225 1535; x_wconf 92' lang='lat' dir='ltr'><strong>enim</strong></span> <span class='ocrx_word' id='word_1_130' title='bbox 1260 1481 1477 1535; x_wconf 86' lang='lat' dir='ltr'><strong>Patrem</strong></span> <span class='ocrx_word' id='word_1_131' title='bbox 1511 1480 1642 1533; x_wconf 85' lang='lat' dir='ltr'><strong>dicit</strong></span> <span class='ocrx_word' id='word_1_132' title='bbox 1690 1479 1862 1533; x_wconf 89' lang='lat' dir='ltr'><strong>solum</strong></span> <span class='ocrx_word' id='word_1_133' title='bbox 1897 1492 2085 1545; x_wconf 83' lang='lat' dir='ltr'><strong>perso-</strong></span> 
     </span>
    </p>
   </div>
   <div class='ocr_carea' id='block_1_13' title="bbox 521 1569 2086 1642">
    <p class='ocr_par' dir='ltr' id='par_1_13' title="bbox 521 1569 2086 1642">
     <span class='ocr_line' id='line_1_13' title="bbox 521 1569 2086 1642; baseline -0.005 -14"><span class='ocrx_word' id='word_1_134' title='bbox 521 1591 643 1628; x_wconf 90' lang='lat' dir='ltr'><strong>nam</strong></span> <span class='ocrx_word' id='word_1_135' title='bbox 679 1575 938 1642; x_wconf 79' lang='lat' dir='ltr'><strong>aliquam,</strong></span> <span class='ocrx_word' id='word_1_136' title='bbox 972 1574 1239 1627; x_wconf 82' lang='lat' dir='ltr'><strong>veraciter</strong></span> <span class='ocrx_word' id='word_1_137' title='bbox 1265 1583 1429 1641; x_wconf 87' lang='lat' dir='ltr'><strong>atque</strong></span> <span class='ocrx_word' id='word_1_138' title='bbox 1461 1569 1699 1641; x_wconf 86' lang='lat' dir='ltr'><strong>perfecte</strong></span> <span class='ocrx_word' id='word_1_139' title='bbox 1736 1584 1794 1624; x_wconf 91' lang='lat' dir='ltr'><strong>se</strong></span> <span class='ocrx_word' id='word_1_140' title='bbox 1830 1579 2086 1638; x_wconf 88' lang='lat' dir='ltr'><strong>putat,ac</strong></span> 
     </span>
    </p>
   </div>
   <div class='ocr_carea' id='block_1_14' title="bbox 519 1662 2087 1730">
    <p class='ocr_par' dir='ltr' id='par_1_14' title="bbox 519 1662 2087 1730">
     <span class='ocr_line' id='line_1_14' title="bbox 519 1662 2087 1730; baseline -0.003 -10"><span class='ocrx_word' id='word_1_141' title='bbox 519 1667 878 1720; x_wconf 70' lang='lat' dir='ltr'><strong>substantiam</strong></span> <span class='ocrx_word' id='word_1_142' title='bbox 933 1667 1135 1719; x_wconf 88' lang='lat' dir='ltr'><strong>dicere.</strong></span> <span class='ocrx_word' id='word_1_143' title='bbox 1182 1664 1246 1717; x_wconf 90' lang='lat' dir='ltr'><strong>Et</strong></span> <span class='ocrx_word' id='word_1_144' title='bbox 1291 1665 1342 1717; x_wconf 93' lang='lat' dir='ltr'><strong>hi</strong></span> <span class='ocrx_word' id='word_1_145' title='bbox 1401 1664 1589 1727; x_wconf 89' lang='lat' dir='ltr'><strong>etiam,</strong></span> <span class='ocrx_word' id='word_1_146' title='bbox 1651 1662 1740 1729; x_wconf 90' lang='lat' dir='ltr'><strong>qui</strong></span> <span class='ocrx_word' id='word_1_147' title='bbox 1789 1663 2087 1730; x_wconf 79' lang='lat' dir='ltr'><strong>producere</strong></span> 
     </span>
    </p>
   </div>
   <div class='ocr_carea' id='block_1_15' title="bbox 521 1753 2087 1824">
    <p class='ocr_par' dir='ltr' id='par_1_15' title="bbox 521 1753 2087 1824">
     <span class='ocr_line' id='line_1_15' title="bbox 521 1753 2087 1824; baseline -0.002 -13"><span class='ocrx_word' id='word_1_148' title='bbox 521 1756 707 1811; x_wconf 87' lang='lat' dir='ltr'><strong>Patris</strong></span> <span class='ocrx_word' id='word_1_149' title='bbox 748 1757 1102 1811; x_wconf 84' lang='lat' dir='ltr'><strong>substantiale</strong></span> <span class='ocrx_word' id='word_1_150' title='bbox 1150 1765 1359 1824; x_wconf 87' lang='lat' dir='ltr'><strong>ponunt</strong></span> <span class='ocrx_word' id='word_1_151' title='bbox 1408 1756 1787 1824; x_wconf 80' lang='lat' dir='ltr'><strong>productorem</strong></span> <span class='ocrx_word' id='word_1_152' title='bbox 1823 1753 2087 1819; x_wconf 85' lang='lat' dir='ltr'><strong>dicentes,</strong></span> 
     </span>
    </p>
   </div>
   <div class='ocr_carea' id='block_1_16' title="bbox 521 1847 1384 1917">
    <p class='ocr_par' dir='ltr' id='par_1_16' title="bbox 521 1847 1384 1917">
     <span class='ocr_line' id='line_1_16' title="bbox 521 1847 1384 1917; baseline -0.001 -15"><span class='ocrx_word' id='word_1_153' title='bbox 521 1847 739 1902; x_wconf 83' lang='lat' dir='ltr'><strong>Patrem</strong></span> <span class='ocrx_word' id='word_1_154' title='bbox 765 1864 823 1903; x_wconf 86' lang='lat' dir='ltr'><strong>se.</strong></span> <span class='ocrx_word' id='word_1_155' title='bbox 844 1848 1151 1917; x_wconf 80' lang='lat' dir='ltr'><strong>significare</strong></span> <span class='ocrx_word' id='word_1_156' title='bbox 1174 1856 1384 1917; x_wconf 85' lang='lat' dir='ltr'><strong>putant.</strong></span> 
     </span>
    </p>
   </div>
   <div class='ocr_carea' id='block_1_17' title="bbox 592 1938 2087 2008">
    <p class='ocr_par' dir='ltr' id='par_1_17' title="bbox 592 1938 2087 2008">
     <span class='ocr_line' id='line_1_17' title="bbox 592 1938 2087 2008; baseline -0.004 -14"><span class='ocrx_word' id='word_1_157' title='bbox 592 1939 710 1995; x_wconf 80' lang='lat' dir='ltr'><strong>Non</strong></span> <span class='ocrx_word' id='word_1_158' title='bbox 766 1941 947 2008; x_wconf 89' lang='lat' dir='ltr'><strong>itaque</strong></span> <span class='ocrx_word' id='word_1_159' title='bbox 998 1941 1071 1993; x_wconf 89' lang='lat' dir='ltr'><strong>ita</strong></span> <span class='ocrx_word' id='word_1_160' title='bbox 1120 1940 1445 2008; x_wconf 77' lang='lat' dir='ltr'><strong>productio,</strong></span> <span class='ocrx_word' id='word_1_161' title='bbox 1483 1954 1544 1992; x_wconf 93' lang='lat' dir='ltr'><strong>ac</strong></span> <span class='ocrx_word' id='word_1_162' title='bbox 1582 1938 1880 2007; x_wconf 83' lang='lat' dir='ltr'><strong>paternitas</strong></span> <span class='ocrx_word' id='word_1_163' title='bbox 1932 1938 2087 1990; x_wconf 89' lang='lat' dir='ltr'><strong>ambo</strong></span> 
     </span>
    </p>
   </div>
   <div class='ocr_carea' id='block_1_18' title="bbox 521 2029 2088 2092">
    <p class='ocr_par' dir='ltr' id='par_1_18' title="bbox 521 2029 2088 2092">
     <span class='ocr_line' id='line_1_18' title="bbox 521 2029 2088 2092; baseline -0.004 -5"><span class='ocrx_word' id='word_1_164' title='bbox 521 2031 683 2087; x_wconf 83' lang='lat' dir='ltr'><strong>simul</strong></span> <span class='ocrx_word' id='word_1_165' title='bbox 717 2031 1093 2085; x_wconf 86' lang='lat' dir='ltr'><strong>substantialia</strong></span> <span class='ocrx_word' id='word_1_166' title='bbox 1138 2040 1280 2092; x_wconf 82' lang='lat' dir='ltr'><strong>sunt,</strong></span> <span class='ocrx_word' id='word_1_167' title='bbox 1301 2040 1357 2083; x_wconf 88' lang='lat' dir='ltr'><strong>ut</strong></span> <span class='ocrx_word' id='word_1_168' title='bbox 1384 2030 1610 2083; x_wconf 88' lang='lat' dir='ltr'><strong>altermn</strong></span> <span class='ocrx_word' id='word_1_169' title='bbox 1642 2029 1813 2083; x_wconf 89' lang='lat' dir='ltr'><strong>solum</strong></span> <span class='ocrx_word' id='word_1_170' title='bbox 1846 2042 2088 2083; x_wconf 82' lang='lat' dir='ltr'><strong>essenon</strong></span> 
     </span>
    </p>
   </div>
   <div class='ocr_carea' id='block_1_19' title="bbox 523 2119 2089 2192">
    <p class='ocr_par' dir='ltr' id='par_1_19' title="bbox 523 2119 2089 2192">
     <span class='ocr_line' id='line_1_19' title="bbox 523 2119 2089 2192; baseline -0.001 -17"><span class='ocrx_word' id='word_1_171' title='bbox 523 2123 694 2192; x_wconf 88' lang='lat' dir='ltr'><strong>possit</strong></span> <span class='ocrx_word' id='word_1_172' title='bbox 721 2140 737 2189; x_wconf 89' lang='lat'><strong>;</strong></span> <span class='ocrx_word' id='word_1_173' title='bbox 774 2123 1037 2191; x_wconf 81' lang='lat' dir='ltr'><strong>reliquum</strong></span> <span class='ocrx_word' id='word_1_174' title='bbox 1069 2138 1199 2190; x_wconf 86' lang='lat' dir='ltr'><strong>ergo</strong></span> <span class='ocrx_word' id='word_1_175' title='bbox 1228 2131 1328 2187; x_wconf 91' lang='lat' dir='ltr'><strong>est,</strong></span> <span class='ocrx_word' id='word_1_176' title='bbox 1349 2122 1435 2175; x_wconf 87' lang='lat' dir='ltr'><strong>vel</strong></span> <span class='ocrx_word' id='word_1_177' title='bbox 1459 2120 1837 2190; x_wconf 84' lang='lat' dir='ltr'><strong>productorem</strong></span> <span class='ocrx_word' id='word_1_178' title='bbox 1871 2119 2089 2188; x_wconf 86' lang='lat' dir='ltr'><strong>quidem</strong></span> 
     </span>
    </p>
   </div>
   <div class='ocr_carea' id='block_1_20' title="bbox 523 2208 2085 2283">
    <p class='ocr_par' dir='ltr' id='par_1_20' title="bbox 523 2208 2085 2283">
     <span class='ocr_line' id='line_1_20' title="bbox 523 2208 2085 2283; baseline -0.003 -15"><span class='ocrx_word' id='word_1_179' title='bbox 523 2215 880 2269; x_wconf 83' lang='lat' dir='ltr'><strong>substantiale</strong></span> <span class='ocrx_word' id='word_1_180' title='bbox 920 2230 1064 2280; x_wconf 86' lang='lat' dir='ltr'><strong>esse,</strong></span> <span class='ocrx_word' id='word_1_181' title='bbox 1093 2214 1473 2283; x_wconf 89' lang='lat' dir='ltr'><strong>pateruitatem</strong></span> <span class='ocrx_word' id='word_1_182' title='bbox 1504 2220 1683 2265; x_wconf 89' lang='lat' dir='ltr'><strong>autem</strong></span> <span class='ocrx_word' id='word_1_183' title='bbox 1718 2211 1894 2280; x_wconf 88' lang='lat' dir='ltr'><strong>sequi,</strong></span> <span class='ocrx_word' id='word_1_184' title='bbox 1930 2208 2085 2277; x_wconf 75' lang='lat' dir='ltr'><strong>quasi</strong></span> 
     </span>
    </p>
   </div>
   <div class='ocr_carea' id='block_1_21' title="bbox 527 2303 2092 2375">
    <p class='ocr_par' dir='ltr' id='par_1_21' title="bbox 527 2303 2092 2375">
     <span class='ocr_line' id='line_1_21' title="bbox 527 2303 2092 2375; baseline -0.004 -15"><span class='ocrx_word' id='word_1_185' title='bbox 527 2309 800 2375; x_wconf 88' lang='lat' dir='ltr'><strong>proprium</strong></span> <span class='ocrx_word' id='word_1_186' title='bbox 837 2306 1156 2374; x_wconf 84' lang='lat' dir='ltr'><strong>simpliciter</strong></span> <span class='ocrx_word' id='word_1_187' title='bbox 1190 2313 1350 2371; x_wconf 91' lang='lat' dir='ltr'><strong>atque</strong></span> <span class='ocrx_word' id='word_1_188' title='bbox 1390 2303 1719 2371; x_wconf 83' lang='lat' dir='ltr'><strong>agnitionem</strong></span> <span class='ocrx_word' id='word_1_189' title='bbox 1749 2318 1762 2355; x_wconf 92' lang='lat'><strong>:</strong></span> <span class='ocrx_word' id='word_1_190' title='bbox 1796 2311 1888 2355; x_wconf 90' lang='lat' dir='ltr'><strong>aut</strong></span> <span class='ocrx_word' id='word_1_191' title='bbox 1912 2311 2092 2371; x_wconf 87' lang='lat' dir='ltr'><strong>pater-</strong></span> 
     </span>
    </p>
   </div>
   <div class='ocr_carea' id='block_1_22' title="bbox 528 2390 2090 2463">
    <p class='ocr_par' dir='ltr' id='par_1_22' title="bbox 528 2390 2090 2463">
     <span class='ocr_line' id='line_1_22' title="bbox 528 2390 2090 2463; baseline -0.006 -13"><span class='ocrx_word' id='word_1_192' title='bbox 528 2399 755 2450; x_wconf 84' lang='lat' dir='ltr'><strong>nitatem</strong></span> <span class='ocrx_word' id='word_1_193' title='bbox 801 2395 1017 2463; x_wconf 85' lang='lat' dir='ltr'><strong>quidem</strong></span> <span class='ocrx_word' id='word_1_194' title='bbox 1080 2391 1439 2448; x_wconf 83' lang='lat' dir='ltr'><strong>substantiale</strong></span> <span class='ocrx_word' id='word_1_195' title='bbox 1488 2405 1625 2454; x_wconf 87' lang='lat' dir='ltr'><strong>esse,</strong></span> <span class='ocrx_word' id='word_1_196' title='bbox 1679 2390 2090 2459; x_wconf 88' lang='lat' dir='ltr'><strong>productionem</strong></span> 
     </span>
    </p>
   </div>
   <div class='ocr_carea' id='block_1_23' title="bbox 525 2477 2094 2551">
    <p class='ocr_par' dir='ltr' id='par_1_23' title="bbox 525 2477 2094 2551">
     <span class='ocr_line' id='line_1_23' title="bbox 525 2477 2094 2551; baseline -0.005 -14"><span class='ocrx_word' id='word_1_197' title='bbox 525 2501 676 2547; x_wconf 83' lang='lat' dir='ltr'><strong>vero,</strong></span> <span class='ocrx_word' id='word_1_198' title='bbox 715 2495 769 2538; x_wconf 88' lang='lat' dir='ltr'><strong>ut</strong></span> <span class='ocrx_word' id='word_1_199' title='bbox 799 2484 1128 2551; x_wconf 78' lang='lat' dir='ltr'><strong>agnitionem</strong></span> <span class='ocrx_word' id='word_1_200' title='bbox 1158 2480 1331 2549; x_wconf 89' lang='lat' dir='ltr'><strong>sequi.</strong></span> <span class='ocrx_word' id='word_1_201' title='bbox 1365 2479 1469 2533; x_wconf 87' lang='lat' dir='ltr'><strong>Sed</strong></span> <span class='ocrx_word' id='word_1_202' title='bbox 1512 2479 1554 2533; x_wconf 90' lang='lat' dir='ltr'><strong>si</strong></span> <span class='ocrx_word' id='word_1_203' title='bbox 1591 2479 1806 2547; x_wconf 85' lang='lat' dir='ltr'><strong>quidem</strong></span> <span class='ocrx_word' id='word_1_204' title='bbox 1844 2477 2094 2531; x_wconf 79' lang='lat' dir='ltr'><strong>substan—</strong></span> 
     </span>
    </p>
   </div>
   <div class='ocr_carea' id='block_1_24' title="bbox 522 2572 2095 2645">
    <p class='ocr_par' dir='ltr' id='par_1_24' title="bbox 522 2572 2095 2645">
     <span class='ocr_line' id='line_1_24' title="bbox 522 2572 2095 2645; baseline -0.008 -13"><span class='ocrx_word' id='word_1_205' title='bbox 522 2579 655 2632; x_wconf 79' lang='lat' dir='ltr'><strong>tiale</strong></span> <span class='ocrx_word' id='word_1_206' title='bbox 678 2575 962 2645; x_wconf 86' lang='lat' dir='ltr'><strong>productio</strong></span> <span class='ocrx_word' id='word_1_207' title='bbox 995 2584 1108 2633; x_wconf 87' lang='lat' dir='ltr'><strong>est,</strong></span> <span class='ocrx_word' id='word_1_208' title='bbox 1139 2572 1435 2643; x_wconf 87' lang='lat' dir='ltr'><strong>paternitas</strong></span> <span class='ocrx_word' id='word_1_209' title='bbox 1478 2579 1655 2623; x_wconf 89' lang='lat' dir='ltr'><strong>autem</strong></span> <span class='ocrx_word' id='word_1_210' title='bbox 1708 2583 1939 2637; x_wconf 79' lang='lat' dir='ltr'><strong>sequens</strong></span> <span class='ocrx_word' id='word_1_211' title='bbox 1966 2583 2095 2639; x_wconf 85' lang='lat' dir='ltr'><strong>pro-</strong></span> 
     </span>
    </p>
   </div>
   <div class='ocr_carea' id='block_1_25' title="bbox 531 2662 2090 2741">
    <p class='ocr_par' dir='ltr' id='par_1_25' title="bbox 531 2662 2090 2741">
     <span class='ocr_line' id='line_1_25' title="bbox 531 2662 2090 2741; baseline -0.005 -18"><span class='ocrx_word' id='word_1_212' title='bbox 531 2672 727 2741; x_wconf 88' lang='lat' dir='ltr'><strong>prium.</strong></span> <span class='ocrx_word' id='word_1_213' title='bbox 759 2678 812 2722; x_wconf 88' lang='lat' dir='ltr'><strong>et</strong></span> <span class='ocrx_word' id='word_1_214' title='bbox 839 2666 1198 2721; x_wconf 82' lang='lat' dir='ltr'><strong>substantiam</strong></span> <span class='ocrx_word' id='word_1_215' title='bbox 1240 2662 1587 2733; x_wconf 77' lang='lat' dir='ltr'><strong>significans;</strong></span> <span class='ocrx_word' id='word_1_216' title='bbox 1617 2662 1821 2729; x_wconf 89' lang='lat' dir='ltr'><strong>primus</strong></span> <span class='ocrx_word' id='word_1_217' title='bbox 1854 2675 2004 2729; x_wconf 85' lang='lat' dir='ltr'><strong>ergo,</strong></span> <span class='ocrx_word' id='word_1_218' title='bbox 2034 2670 2090 2715; x_wconf 83' lang='lat' dir='ltr'><strong>et</strong></span> 
     </span>
    </p>
   </div>
   <div class='ocr_carea' id='block_1_26' title="bbox 529 2755 2095 2828">
    <p class='ocr_par' dir='ltr' id='par_1_26' title="bbox 529 2755 2095 2828">
     <span class='ocr_line' id='line_1_26' title="bbox 529 2755 2095 2828; baseline -0.006 -11"><span class='ocrx_word' id='word_1_219' title='bbox 529 2763 647 2817; x_wconf 85' lang='lat' dir='ltr'><strong>sine</strong></span> <span class='ocrx_word' id='word_1_220' title='bbox 679 2760 855 2815; x_wconf 88' lang='lat' dir='ltr'><strong>medio</strong></span> <span class='ocrx_word' id='word_1_221' title='bbox 887 2759 1214 2828; x_wconf 83' lang='lat' dir='ltr'><strong>productivae</strong></span> <span class='ocrx_word' id='word_1_222' title='bbox 1253 2755 1568 2811; x_wconf 65' lang='lat' dir='ltr'><strong>substantia:</strong></span> <span class='ocrx_word' id='word_1_223' title='bbox 1609 2768 1925 2821; x_wconf 88' lang='lat' dir='ltr'><strong>processus,</strong></span> <span class='ocrx_word' id='word_1_224' title='bbox 1968 2769 2095 2823; x_wconf 42' lang='lat' dir='ltr'><strong>pro;</strong></span> 
     </span>
    </p>
   </div>
   <div class='ocr_carea' id='block_1_27' title="bbox 532 2844 2094 2922">
    <p class='ocr_par' dir='ltr' id='par_1_27' title="bbox 532 2844 2094 2922">
     <span class='ocr_line' id='line_1_27' title="bbox 532 2844 2094 2922; baseline -0.007 -12"><span class='ocrx_word' id='word_1_225' title='bbox 532 2857 750 2918; x_wconf 88' lang='lat' dir='ltr'><strong>ducere,</strong></span> <span class='ocrx_word' id='word_1_226' title='bbox 785 2852 1100 2922; x_wconf 87' lang='lat' dir='ltr'><strong>velspirare</strong></span> <span class='ocrx_word' id='word_1_227' title='bbox 1125 2851 1248 2911; x_wconf 91' lang='lat' dir='ltr'><strong>erit,</strong></span> <span class='ocrx_word' id='word_1_228' title='bbox 1286 2848 1441 2916; x_wconf 82' lang='lat' dir='ltr'><strong>quasi</strong></span> <span class='ocrx_word' id='word_1_229' title='bbox 1474 2848 1592 2901; x_wconf 90' lang='lat' dir='ltr'><strong>sine</strong></span> <span class='ocrx_word' id='word_1_230' title='bbox 1626 2845 1802 2900; x_wconf 90' lang='lat' dir='ltr'><strong>medio</strong></span> <span class='ocrx_word' id='word_1_231' title='bbox 1836 2844 2094 2900; x_wconf 66' lang='lat' dir='ltr'><strong>substano</strong></span> 
     </span>
    </p>
   </div>
   <div class='ocr_carea' id='block_1_28' title="bbox 533 2922 2095 3011">
    <p class='ocr_par' dir='ltr' id='par_1_28' title="bbox 533 2922 2095 3011">
     <span class='ocr_line' id='line_1_28' title="bbox 533 2922 2095 3011; baseline -0.006 -13"><span class='ocrx_word' id='word_1_232' title='bbox 533 2944 712 2998; x_wconf 77' lang='lat' dir='ltr'><strong>tialem</strong></span> <span class='ocrx_word' id='word_1_233' title='bbox 768 2922 1001 3011; x_wconf 74' lang='lat' dir='ltr'><strong>speciem</strong></span> <span class='ocrx_word' id='word_1_234' title='bbox 1055 2954 1307 3007; x_wconf 84' lang='lat' dir='ltr'><strong>sequens.</strong></span> <span class='ocrx_word' id='word_1_235' title='bbox 1347 2936 1782 3005; x_wconf 87' lang='lat' dir='ltr'><strong>Unumquodque</strong></span> <span class='ocrx_word' id='word_1_236' title='bbox 1808 2935 1954 2988; x_wconf 84' lang='lat' dir='ltr'><strong>enim</strong></span> <span class='ocrx_word' id='word_1_237' title='bbox 2007 2950 2095 2990; x_wconf 87' lang='lat' dir='ltr'><strong>se-</strong></span> 
     </span>
    </p>
   </div>
   <div class='ocr_carea' id='block_1_29' title="bbox 532 3025 2095 3095">
    <p class='ocr_par' dir='ltr' id='par_1_29' title="bbox 532 3025 2095 3095">
     <span class='ocr_line' id='line_1_29' title="bbox 532 3025 2095 3095; baseline -0.006 -6"><span class='ocrx_word' id='word_1_238' title='bbox 532 3037 765 3089; x_wconf 82' lang='lat' dir='ltr'><strong>cundum</strong></span> <span class='ocrx_word' id='word_1_239' title='bbox 822 3048 975 3087; x_wconf 87' lang='lat' dir='ltr'><strong>suam</strong></span> <span class='ocrx_word' id='word_1_240' title='bbox 1055 3030 1492 3091; x_wconf 86' lang='lat' dir='ltr'><strong>subsistentem,</strong></span> <span class='ocrx_word' id='word_1_241' title='bbox 1576 3025 2095 3095; x_wconf 75' lang='lat' dir='ltr'><strong>sultstantialemque</strong></span> 
     </span>
    </p>
   </div>
   <div class='ocr_carea' id='block_1_30' title="bbox 533 3117 2093 3196">
    <p class='ocr_par' dir='ltr' id='par_1_30' title="bbox 533 3117 2093 3196">
     <span class='ocr_line' id='line_1_30' title="bbox 533 3117 2093 3196; baseline -0.005 -18"><span class='ocrx_word' id='word_1_242' title='bbox 533 3125 942 3196; x_wconf 89' lang='lat' dir='ltr'><strong>proprietatem,</strong></span> <span class='ocrx_word' id='word_1_243' title='bbox 977 3120 1128 3190; x_wconf 88' lang='lat' dir='ltr'><strong>prius</strong></span> <span class='ocrx_word' id='word_1_244' title='bbox 1162 3128 1419 3186; x_wconf 86' lang='lat' dir='ltr'><strong>operatur</strong></span> <span class='ocrx_word' id='word_1_245' title='bbox 1452 3134 1467 3170; x_wconf 90' lang='lat'><strong>:</strong></span> <span class='ocrx_word' id='word_1_246' title='bbox 1497 3131 1590 3185; x_wconf 89' lang='lat' dir='ltr'><strong>per</strong></span> <span class='ocrx_word' id='word_1_247' title='bbox 1622 3117 1851 3185; x_wconf 90' lang='lat' dir='ltr'><strong>primmn</strong></span> <span class='ocrx_word' id='word_1_248' title='bbox 1894 3127 2093 3181; x_wconf 88' lang='lat' dir='ltr'><strong>autem,</strong></span> 
     </span>
    </p>
   </div>
   <div class='ocr_carea' id='block_1_31' title="bbox 2188 1182 3785 1261">
    <p class='ocr_par' dir='ltr' id='par_1_31' title="bbox 2188 1182 3785 1261">
     <span class='ocr_line' id='line_1_31' title="bbox 2188 1182 3785 1261; baseline -0.015 -10"><span class='ocrx_word' id='word_1_249' title='bbox 2188 1200 2326 1251; x_wconf 88' lang='lat' dir='ltr'><strong>ritus</strong></span> <span class='ocrx_word' id='word_1_250' title='bbox 2357 1196 2527 1249; x_wconf 74' lang='lat' dir='ltr'><strong>sant-ti</strong></span> <span class='ocrx_word' id='word_1_251' title='bbox 2556 1233 2570 1257; x_wconf 90' lang='lat'><strong>,</strong></span> <span class='ocrx_word' id='word_1_252' title='bbox 2603 1191 2960 1261; x_wconf 81' lang='lat' dir='ltr'><strong>proprietates</strong></span> <span class='ocrx_word' id='word_1_253' title='bbox 3000 1186 3267 1247; x_wconf 81' lang='lat' dir='ltr'><strong>iudicans,</strong></span> <span class='ocrx_word' id='word_1_254' title='bbox 3303 1182 3604 1236; x_wconf 85' lang='lat' dir='ltr'><strong>secundum</strong></span> <span class='ocrx_word' id='word_1_255' title='bbox 3640 1192 3785 1246; x_wconf 84' lang='lat' dir='ltr'><strong>quas</strong></span> 
     </span>
    </p>
   </div>
   <div class='ocr_carea' id='block_1_32' title="bbox 2188 1269 3784 1349">
    <p class='ocr_par' dir='ltr' id='par_1_32' title="bbox 2188 1269 3784 1349">
     <span class='ocr_line' id='line_1_32' title="bbox 2188 1269 3784 1349; baseline -0.014 -8"><span class='ocrx_word' id='word_1_256' title='bbox 2188 1287 2381 1341; x_wconf 67' lang='lat' dir='ltr'><strong>divina!</strong></span> <span class='ocrx_word' id='word_1_257' title='bbox 2413 1284 2720 1337; x_wconf 88' lang='lat' dir='ltr'><strong>subsistunt</strong></span> <span class='ocrx_word' id='word_1_258' title='bbox 2770 1293 3015 1349; x_wconf 74' lang='lat' dir='ltr'><strong>persona:</strong></span> <span class='ocrx_word' id='word_1_259' title='bbox 3042 1318 3056 1342; x_wconf 93' lang='lat'><strong>,</strong></span> <span class='ocrx_word' id='word_1_260' title='bbox 3092 1275 3387 1329; x_wconf 87' lang='lat' dir='ltr'><strong>secundum</strong></span> <span class='ocrx_word' id='word_1_261' title='bbox 3425 1269 3784 1325; x_wconf 81' lang='lat' dir='ltr'><strong>substantias</strong></span> 
     </span>
    </p>
   </div>
   <div class='ocr_carea' id='block_1_33' title="bbox 2188 1360 3780 1442">
    <p class='ocr_par' dir='ltr' id='par_1_33' title="bbox 2188 1360 3780 1442">
     <span class='ocr_line' id='line_1_33' title="bbox 2188 1360 3780 1442; baseline -0.014 -8"><span class='ocrx_word' id='word_1_262' title='bbox 2188 1392 2337 1442; x_wconf 83' lang='lat' dir='ltr'><strong>suas,</strong></span> <span class='ocrx_word' id='word_1_263' title='bbox 2382 1376 2434 1428; x_wconf 90' lang='lat' dir='ltr'><strong>in</strong></span> <span class='ocrx_word' id='word_1_264' title='bbox 2468 1373 2579 1429; x_wconf 88' lang='lat' dir='ltr'><strong>suis</strong></span> <span class='ocrx_word' id='word_1_265' title='bbox 2610 1371 2843 1442; x_wconf 87' lang='lat' dir='ltr'><strong>propriis</strong></span> <span class='ocrx_word' id='word_1_266' title='bbox 2886 1383 3059 1437; x_wconf 84' lang='lat' dir='ltr'><strong>neque</strong></span> <span class='ocrx_word' id='word_1_267' title='bbox 3108 1366 3544 1420; x_wconf 83' lang='lat' dir='ltr'><strong>communionem</strong></span> <span class='ocrx_word' id='word_1_268' title='bbox 3600 1360 3780 1416; x_wconf 86' lang='lat' dir='ltr'><strong>ullam</strong></span> 
     </span>
    </p>
   </div>
   <div class='ocr_carea' id='block_1_34' title="bbox 2186 1456 3783 1531">
    <p class='ocr_par' dir='ltr' id='par_1_34' title="bbox 2186 1456 3783 1531">
     <span class='ocr_line' id='line_1_34' title="bbox 2186 1456 3783 1531; baseline -0.013 -6"><span class='ocrx_word' id='word_1_269' title='bbox 2186 1467 2619 1531; x_wconf 88' lang='lat' dir='ltr'><strong>admittentibus,</strong></span> <span class='ocrx_word' id='word_1_270' title='bbox 2675 1465 2888 1519; x_wconf 85' lang='lat' dir='ltr'><strong>essendi</strong></span> <span class='ocrx_word' id='word_1_271' title='bbox 2947 1462 3143 1516; x_wconf 91' lang='lat' dir='ltr'><strong>modis.</strong></span> <span class='ocrx_word' id='word_1_272' title='bbox 3194 1459 3258 1513; x_wconf 80' lang='lat' dir='ltr'><strong>Et</strong></span> <span class='ocrx_word' id='word_1_273' title='bbox 3314 1456 3571 1525; x_wconf 85' lang='lat' dir='ltr'><strong>quoniam</strong></span> <span class='ocrx_word' id='word_1_274' title='bbox 3636 1456 3783 1507; x_wconf 79' lang='lat' dir='ltr'><strong>ratio</strong></span> 
     </span>
    </p>
   </div>
   <div class='ocr_carea' id='block_1_35' title="bbox 2187 1550 3785 1631">
    <p class='ocr_par' dir='ltr' id='par_1_35' title="bbox 2187 1550 3785 1631">
     <span class='ocr_line' id='line_1_35' title="bbox 2187 1550 3785 1631; baseline -0.011 -16"><span class='ocrx_word' id='word_1_275' title='bbox 2187 1561 2404 1631; x_wconf 89' lang='lat' dir='ltr'><strong>quidem</strong></span> <span class='ocrx_word' id='word_1_276' title='bbox 2433 1558 2775 1629; x_wconf 85' lang='lat' dir='ltr'><strong>pateruitatis</strong></span> <span class='ocrx_word' id='word_1_277' title='bbox 2810 1564 2893 1610; x_wconf 86' lang='lat' dir='ltr'><strong>est</strong></span> <span class='ocrx_word' id='word_1_278' title='bbox 2938 1551 3216 1621; x_wconf 79' lang='lat' dir='ltr'><strong>generatio</strong></span> <span class='ocrx_word' id='word_1_279' title='bbox 3253 1550 3547 1604; x_wconf 86' lang='lat' dir='ltr'><strong>secundum</strong></span> <span class='ocrx_word' id='word_1_280' title='bbox 3582 1550 3785 1601; x_wconf 84' lang='lat' dir='ltr'><strong>essen-</strong></span> 
     </span>
    </p>
   </div>
   <div class='ocr_carea' id='block_1_36' title="bbox 2188 1635 3782 1717">
    <p class='ocr_par' dir='ltr' id='par_1_36' title="bbox 2188 1635 3782 1717">
     <span class='ocr_line' id='line_1_36' title="bbox 2188 1635 3782 1717; baseline -0.014 -10"><span class='ocrx_word' id='word_1_281' title='bbox 2188 1655 2343 1716; x_wconf 85' lang='lat' dir='ltr'><strong>tiam,</strong></span> <span class='ocrx_word' id='word_1_282' title='bbox 2386 1649 2714 1717; x_wconf 83' lang='lat' dir='ltr'><strong>Filiumque,</strong></span> <span class='ocrx_word' id='word_1_283' title='bbox 2757 1647 2931 1715; x_wconf 89' lang='lat' dir='ltr'><strong>primo</strong></span> <span class='ocrx_word' id='word_1_284' title='bbox 2963 1657 3027 1695; x_wconf 90' lang='lat' dir='ltr'><strong>ac</strong></span> <span class='ocrx_word' id='word_1_285' title='bbox 3059 1642 3178 1697; x_wconf 86' lang='lat' dir='ltr'><strong>sine</strong></span> <span class='ocrx_word' id='word_1_286' title='bbox 3207 1639 3316 1693; x_wconf 82' lang='lat' dir='ltr'><strong>ullo</strong></span> <span class='ocrx_word' id='word_1_287' title='bbox 3348 1638 3526 1692; x_wconf 90' lang='lat' dir='ltr'><strong>medio</strong></span> <span class='ocrx_word' id='word_1_288' title='bbox 3563 1635 3782 1707; x_wconf 81' lang='lat' dir='ltr'><strong>produ-</strong></span> 
     </span>
    </p>
   </div>
   <div class='ocr_carea' id='block_1_37' title="bbox 2189 1727 3779 1813">
    <p class='ocr_par' dir='ltr' id='par_1_37' title="bbox 2189 1727 3779 1813">
     <span class='ocr_line' id='line_1_37' title="bbox 2189 1727 3779 1813; baseline -0.013 -14"><span class='ocrx_word' id='word_1_289' title='bbox 2189 1759 2346 1809; x_wconf 87' lang='lat' dir='ltr'><strong>cere;</strong></span> <span class='ocrx_word' id='word_1_290' title='bbox 2378 1752 2633 1813; x_wconf 87' lang='lat' dir='ltr'><strong>operatur</strong></span> <span class='ocrx_word' id='word_1_291' title='bbox 2667 1742 2866 1810; x_wconf 85' lang='lat' dir='ltr'><strong>quippe</strong></span> <span class='ocrx_word' id='word_1_292' title='bbox 2899 1748 3094 1791; x_wconf 87' lang='lat' dir='ltr'><strong>natura</strong></span> <span class='ocrx_word' id='word_1_293' title='bbox 3130 1736 3180 1788; x_wconf 94' lang='lat' dir='ltr'><strong>in</strong></span> <span class='ocrx_word' id='word_1_294' title='bbox 3231 1735 3392 1788; x_wconf 83' lang='lat' dir='ltr'><strong>Patre</strong></span> <span class='ocrx_word' id='word_1_295' title='bbox 3414 1770 3428 1792; x_wconf 87' lang='lat'><strong>,</strong></span> <span class='ocrx_word' id='word_1_296' title='bbox 3461 1727 3779 1784; x_wconf 78' lang='lat' dir='ltr'><strong>secundum</strong></span> 
     </span>
    </p>
   </div>
   <div class='ocr_carea' id='block_1_38' title="bbox 2188 1818 3775 1907">
    <p class='ocr_par' dir='ltr' id='par_1_38' title="bbox 2188 1818 3775 1907">
     <span class='ocr_line' id='line_1_38' title="bbox 2188 1818 3775 1907; baseline -0.014 -16"><span class='ocrx_word' id='word_1_297' title='bbox 2188 1837 2573 1907; x_wconf 85' lang='lat' dir='ltr'><strong>proprietatem</strong></span> <span class='ocrx_word' id='word_1_298' title='bbox 2607 1844 2868 1903; x_wconf 62' lang='lat' dir='ltr'><strong>personat,</strong></span> <span class='ocrx_word' id='word_1_299' title='bbox 2903 1830 2957 1881; x_wconf 91' lang='lat' dir='ltr'><strong>in</strong></span> <span class='ocrx_word' id='word_1_300' title='bbox 2989 1844 3091 1895; x_wconf 87' lang='lat' dir='ltr'><strong>qua</strong></span> <span class='ocrx_word' id='word_1_301' title='bbox 3123 1835 3234 1891; x_wconf 88' lang='lat' dir='ltr'><strong>est;</strong></span> <span class='ocrx_word' id='word_1_302' title='bbox 3265 1824 3428 1891; x_wconf 85' lang='lat' dir='ltr'><strong>geniti</strong></span> <span class='ocrx_word' id='word_1_303' title='bbox 3464 1836 3597 1874; x_wconf 91' lang='lat' dir='ltr'><strong>vero</strong></span> <span class='ocrx_word' id='word_1_304' title='bbox 3624 1818 3775 1873; x_wconf 84' lang='lat' dir='ltr'><strong>ratio</strong></span> 
     </span>
    </p>
   </div>
   <div class='ocr_carea' id='block_1_39' title="bbox 2189 1913 3855 1993">
    <p class='ocr_par' dir='ltr' id='par_1_39' title="bbox 2189 1913 3855 1993">
     <span class='ocr_line' id='line_1_39' title="bbox 2189 1913 3855 1993; baseline -0.015 -9"><span class='ocrx_word' id='word_1_305' title='bbox 2189 1938 2293 1993; x_wconf 89' lang='lat' dir='ltr'><strong>est,</strong></span> <span class='ocrx_word' id='word_1_306' title='bbox 2326 1928 2443 1981; x_wconf 85' lang='lat' dir='ltr'><strong>sine</strong></span> <span class='ocrx_word' id='word_1_307' title='bbox 2475 1924 2593 1978; x_wconf 88' lang='lat' dir='ltr'><strong>ullo</strong></span> <span class='ocrx_word' id='word_1_308' title='bbox 2615 1923 2791 1976; x_wconf 89' lang='lat' dir='ltr'><strong>medio</strong></span> <span class='ocrx_word' id='word_1_309' title='bbox 2812 1934 2877 1973; x_wconf 77' lang='lat' dir='ltr'><strong>ex</strong></span> <span class='ocrx_word' id='word_1_310' title='bbox 2911 1919 3075 1970; x_wconf 87' lang='lat' dir='ltr'><strong>Patre</strong></span> <span class='ocrx_word' id='word_1_311' title='bbox 3098 1932 3258 1980; x_wconf 85' lang='lat' dir='ltr'><strong>esse;</strong></span> <span class='ocrx_word' id='word_1_312' title='bbox 3287 1913 3524 1981; x_wconf 76' lang='lat' dir='ltr'><strong>Spiritus</strong></span> <span class='ocrx_word' id='word_1_313' title='bbox 3562 1921 3777 1970; x_wconf 90' lang='lat' dir='ltr'><strong>autem,</strong></span> <span class='ocrx_word' id='word_1_314' title='bbox 3846 1936 3855 1939; x_wconf 96' lang='lat'><em>-</em></span> 
     </span>
    </p>
   </div>
   <div class='ocr_carea' id='block_1_40' title="bbox 2190 2003 3779 2087">
    <p class='ocr_par' dir='ltr' id='par_1_40' title="bbox 2190 2003 3779 2087">
     <span class='ocr_line' id='line_1_40' title="bbox 2190 2003 3779 2087; baseline -0.013 -13"><span class='ocrx_word' id='word_1_315' title='bbox 2190 2020 2304 2074; x_wconf 88' lang='lat' dir='ltr'><strong>sive</strong></span> <span class='ocrx_word' id='word_1_316' title='bbox 2327 2015 2673 2087; x_wconf 86' lang='lat' dir='ltr'><strong>procedentis</strong></span> <span class='ocrx_word' id='word_1_317' title='bbox 2698 2028 2726 2066; x_wconf 90' lang='lat' dir='ltr'><strong>a</strong></span> <span class='ocrx_word' id='word_1_318' title='bbox 2768 2011 2928 2065; x_wconf 86' lang='lat' dir='ltr'><strong>Patre</strong></span> <span class='ocrx_word' id='word_1_319' title='bbox 2959 2024 3051 2077; x_wconf 88' lang='lat' dir='ltr'><strong>per</strong></span> <span class='ocrx_word' id='word_1_320' title='bbox 3081 2009 3315 2077; x_wconf 71' lang='lat' dir='ltr'><strong>genitum</strong></span> <span class='ocrx_word' id='word_1_321' title='bbox 3374 2018 3530 2067; x_wconf 85' lang='lat' dir='ltr'><strong>esse;</strong></span> <span class='ocrx_word' id='word_1_322' title='bbox 3567 2003 3779 2055; x_wconf 72' lang='lat' dir='ltr'><strong>idcirco</strong></span> 
     </span>
    </p>
   </div>
   <div class='ocr_carea' id='block_1_41' title="bbox 2191 2094 3781 2174">
    <p class='ocr_par' dir='ltr' id='par_1_41' title="bbox 2191 2094 3781 2174">
     <span class='ocr_line' id='line_1_41' title="bbox 2191 2094 3781 2174; baseline -0.013 -11"><span class='ocrx_word' id='word_1_323' title='bbox 2191 2108 2405 2164; x_wconf 87' lang='lat' dir='ltr'><strong>Patrem</strong></span> <span class='ocrx_word' id='word_1_324' title='bbox 2463 2106 2652 2160; x_wconf 85' lang='lat' dir='ltr'><strong>ordine</strong></span> <span class='ocrx_word' id='word_1_325' title='bbox 2707 2116 3049 2174; x_wconf 70' lang='lat' dir='ltr'><strong>praeponens,</strong></span> <span class='ocrx_word' id='word_1_326' title='bbox 3108 2097 3304 2151; x_wconf 88' lang='lat' dir='ltr'><strong>Filium</strong></span> <span class='ocrx_word' id='word_1_327' title='bbox 3367 2094 3675 2162; x_wconf 76' lang='lat' dir='ltr'><strong>subjtmxit,</strong></span> <span class='ocrx_word' id='word_1_328' title='bbox 3722 2100 3781 2143; x_wconf 93' lang='lat' dir='ltr'><strong>ut</strong></span> 
     </span>
    </p>
   </div>
   <div class='ocr_carea' id='block_1_42' title="bbox 2192 2184 3777 2271">
    <p class='ocr_par' dir='ltr' id='par_1_42' title="bbox 2192 2184 3777 2271">
     <span class='ocr_line' id='line_1_42' title="bbox 2192 2184 3777 2271; baseline -0.014 -15"><span class='ocrx_word' id='word_1_329' title='bbox 2192 2203 2282 2271; x_wconf 88' lang='lat' dir='ltr'><strong>qui</strong></span> <span class='ocrx_word' id='word_1_330' title='bbox 2315 2202 2384 2254; x_wconf 91' lang='lat' dir='ltr'><strong>sit</strong></span> <span class='ocrx_word' id='word_1_331' title='bbox 2414 2214 2479 2255; x_wconf 77' lang='lat' dir='ltr'><strong>ex</strong></span> <span class='ocrx_word' id='word_1_332' title='bbox 2516 2197 2677 2252; x_wconf 85' lang='lat' dir='ltr'><strong>Patre</strong></span> <span class='ocrx_word' id='word_1_333' title='bbox 2699 2196 2813 2250; x_wconf 83' lang='lat' dir='ltr'><strong>sine</strong></span> <span class='ocrx_word' id='word_1_334' title='bbox 2847 2194 2956 2248; x_wconf 83' lang='lat' dir='ltr'><strong>ullo</strong></span> <span class='ocrx_word' id='word_1_335' title='bbox 2989 2191 3162 2245; x_wconf 69' lang='lat' dir='ltr'><strong>medio</strong></span> <span class='ocrx_word' id='word_1_336' title='bbox 3188 2206 3205 2253; x_wconf 87' lang='lat'><strong>;</strong></span> <span class='ocrx_word' id='word_1_337' title='bbox 3228 2188 3445 2243; x_wconf 88' lang='lat' dir='ltr'><strong>tertium</strong></span> <span class='ocrx_word' id='word_1_338' title='bbox 3489 2201 3625 2239; x_wconf 80' lang='lat' dir='ltr'><strong>vero</strong></span> <span class='ocrx_word' id='word_1_339' title='bbox 3651 2184 3777 2251; x_wconf 85' lang='lat' dir='ltr'><strong>Spi-</strong></span> 
     </span>
    </p>
   </div>
   <div class='ocr_carea' id='block_1_43' title="bbox 2193 2279 3773 2349">
    <p class='ocr_par' dir='ltr' id='par_1_43' title="bbox 2193 2279 3773 2349">
     <span class='ocr_line' id='line_1_43' title="bbox 2193 2279 3773 2349; baseline -0.014 -2"><span class='ocrx_word' id='word_1_340' title='bbox 2193 2295 2357 2348; x_wconf 91' lang='lat' dir='ltr'><strong>ritum</strong></span> <span class='ocrx_word' id='word_1_341' title='bbox 2418 2299 2665 2345; x_wconf 90' lang='lat' dir='ltr'><strong>sanctum</strong></span> <span class='ocrx_word' id='word_1_342' title='bbox 2717 2286 2944 2349; x_wconf 87' lang='lat' dir='ltr'><strong>addidit,</strong></span> <span class='ocrx_word' id='word_1_343' title='bbox 2994 2293 3053 2336; x_wconf 91' lang='lat' dir='ltr'><strong>ut</strong></span> <span class='ocrx_word' id='word_1_344' title='bbox 3087 2298 3151 2337; x_wconf 80' lang='lat' dir='ltr'><strong>ex</strong></span> <span class='ocrx_word' id='word_1_345' title='bbox 3183 2282 3342 2335; x_wconf 84' lang='lat' dir='ltr'><strong>Patre</strong></span> <span class='ocrx_word' id='word_1_346' title='bbox 3380 2279 3773 2347; x_wconf 85' lang='lat' dir='ltr'><strong>procedentem</strong></span> 
     </span>
    </p>
   </div>
   <div class='ocr_carea' id='block_1_44' title="bbox 2193 2354 3573 2453">
    <p class='ocr_par' dir='ltr' id='par_1_44' title="bbox 2193 2354 3573 2453">
     <span class='ocr_line' id='line_1_44' title="bbox 2193 2354 3573 2453; baseline -0.005 -18"><span class='ocrx_word' id='word_1_347' title='bbox 2193 2398 2287 2453; x_wconf 88' lang='lat' dir='ltr'><strong>per</strong></span> <span class='ocrx_word' id='word_1_348' title='bbox 2318 2381 2536 2434; x_wconf 82' lang='lat' dir='ltr'><strong>Filium.</strong></span> <span class='ocrx_word' id='word_1_349' title='bbox 3556 2354 3573 2369; x_wconf 67' lang='grc'><strong>’</strong></span> 
     </span>
    </p>
   </div>
   <div class='ocr_carea' id='block_1_45' title="bbox 2264 2458 3773 2535">
    <p class='ocr_par' dir='ltr' id='par_1_45' title="bbox 2264 2458 3773 2535">
     <span class='ocr_line' id='line_1_45' title="bbox 2264 2458 3773 2535; baseline -0.013 -8"><span class='ocrx_word' id='word_1_350' title='bbox 2264 2474 2319 2527; x_wconf 87' lang='lat' dir='ltr'><strong>in</strong></span> <span class='ocrx_word' id='word_1_351' title='bbox 2354 2471 2580 2532; x_wconf 56' lang='lat' dir='ltr'><strong>singulis</strong></span> <span class='ocrx_word' id='word_1_352' title='bbox 2608 2469 2750 2523; x_wconf 79' lang='lat' dir='ltr'><strong>enim</strong></span> <span class='ocrx_word' id='word_1_353' title='bbox 2792 2465 3011 2535; x_wconf 83' lang='lat' dir='ltr'><strong>propria</strong></span> <span class='ocrx_word' id='word_1_354' title='bbox 3065 2463 3147 2516; x_wconf 89' lang='lat' dir='ltr'><strong>sui</strong></span> <span class='ocrx_word' id='word_1_355' title='bbox 3194 2461 3385 2530; x_wconf 86' lang='lat' dir='ltr'><strong>ipsius,</strong></span> <span class='ocrx_word' id='word_1_356' title='bbox 3418 2468 3472 2512; x_wconf 90' lang='lat' dir='ltr'><strong>et</strong></span> <span class='ocrx_word' id='word_1_357' title='bbox 3508 2458 3773 2511; x_wconf 75' lang='lat' dir='ltr'><strong>substan-</strong></span> 
     </span>
    </p>
   </div>
   <div class='ocr_carea' id='block_1_46' title="bbox 2196 2552 3770 2632">
    <p class='ocr_par' dir='ltr' id='par_1_46' title="bbox 2196 2552 3770 2632">
     <span class='ocr_line' id='line_1_46' title="bbox 2196 2552 3770 2632; baseline -0.015 -10"><span class='ocrx_word' id='word_1_358' title='bbox 2196 2567 2357 2632; x_wconf 89' lang='lat' dir='ltr'><strong>tialis,</strong></span> <span class='ocrx_word' id='word_1_359' title='bbox 2385 2574 2438 2618; x_wconf 88' lang='lat' dir='ltr'><strong>ct</strong></span> <span class='ocrx_word' id='word_1_360' title='bbox 2466 2572 2724 2620; x_wconf 83' lang='lat' dir='ltr'><strong>constans</strong></span> <span class='ocrx_word' id='word_1_361' title='bbox 2748 2568 2803 2615; x_wconf 83' lang='lat' dir='ltr'><strong>ct</strong></span> <span class='ocrx_word' id='word_1_362' title='bbox 2826 2558 3164 2614; x_wconf 71' lang='lat' dir='ltr'><strong>substantive</strong></span> <span class='ocrx_word' id='word_1_363' title='bbox 3199 2555 3431 2621; x_wconf 79' lang='lat' dir='ltr'><strong>species,</strong></span> <span class='ocrx_word' id='word_1_364' title='bbox 3460 2552 3770 2605; x_wconf 87' lang='lat' dir='ltr'><strong>secundum</strong></span> 
     </span>
    </p>
   </div>
   <div class='ocr_carea' id='block_1_47' title="bbox 2194 2641 3774 2729">
    <p class='ocr_par' dir='ltr' id='par_1_47' title="bbox 2194 2641 3774 2729">
     <span class='ocr_line' id='line_1_47' title="bbox 2194 2641 3774 2729; baseline -0.013 -16"><span class='ocrx_word' id='word_1_365' title='bbox 2194 2674 2357 2729; x_wconf 89' lang='lat' dir='ltr'><strong>quam</strong></span> <span class='ocrx_word' id='word_1_366' title='bbox 2392 2654 2647 2710; x_wconf 86' lang='lat' dir='ltr'><strong>subsistit</strong></span> <span class='ocrx_word' id='word_1_367' title='bbox 2697 2653 2895 2721; x_wconf 83' lang='lat' dir='ltr'><strong>prima,</strong></span> <span class='ocrx_word' id='word_1_368' title='bbox 2917 2660 2971 2703; x_wconf 89' lang='lat' dir='ltr'><strong>et</strong></span> <span class='ocrx_word' id='word_1_369' title='bbox 3002 2648 3119 2702; x_wconf 82' lang='lat' dir='ltr'><strong>sine</strong></span> <span class='ocrx_word' id='word_1_370' title='bbox 3141 2646 3340 2709; x_wconf 90' lang='lat' dir='ltr'><strong>medio,</strong></span> <span class='ocrx_word' id='word_1_371' title='bbox 3375 2645 3492 2714; x_wconf 77' lang='lat' dir='ltr'><strong>ejus</strong></span> <span class='ocrx_word' id='word_1_372' title='bbox 3524 2641 3774 2709; x_wconf 86' lang='lat' dir='ltr'><strong>operatio</strong></span> 
     </span>
    </p>
   </div>
   <div class='ocr_carea' id='block_1_48' title="bbox 2192 2739 3769 2819">
    <p class='ocr_par' dir='ltr' id='par_1_48' title="bbox 2192 2739 3769 2819">
     <span class='ocr_line' id='line_1_48' title="bbox 2192 2739 3769 2819; baseline -0.015 -13"><span class='ocrx_word' id='word_1_373' title='bbox 2192 2760 2301 2815; x_wconf 87' lang='lat' dir='ltr'><strong>est,</strong></span> <span class='ocrx_word' id='word_1_374' title='bbox 2330 2761 2426 2819; x_wconf 84' lang='lat' dir='ltr'><strong>per</strong></span> <span class='ocrx_word' id='word_1_375' title='bbox 2446 2760 2605 2816; x_wconf 90' lang='lat' dir='ltr'><strong>quam</strong></span> <span class='ocrx_word' id='word_1_376' title='bbox 2640 2744 3040 2812; x_wconf 68' lang='lat' dir='ltr'><strong>praecogitatam</strong></span> <span class='ocrx_word' id='word_1_377' title='bbox 3071 2739 3173 2791; x_wconf 88' lang='lat' dir='ltr'><strong>alia</strong></span> <span class='ocrx_word' id='word_1_378' title='bbox 3201 2751 3417 2807; x_wconf 87' lang='lat' dir='ltr'><strong>quoque</strong></span> <span class='ocrx_word' id='word_1_379' title='bbox 3446 2745 3711 2804; x_wconf 88' lang='lat' dir='ltr'><strong>operatur</strong></span> <span class='ocrx_word' id='word_1_380' title='bbox 3754 2746 3769 2783; x_wconf 91' lang='lat'><strong>:</strong></span> 
     </span>
    </p>
   </div>
   <div class='ocr_carea' id='block_1_49' title="bbox 2194 2825 3772 2905">
    <p class='ocr_par' dir='ltr' id='par_1_49' title="bbox 2194 2825 3772 2905">
     <span class='ocr_line' id='line_1_49' title="bbox 2194 2825 3772 2905; baseline -0.016 -9"><span class='ocrx_word' id='word_1_381' title='bbox 2194 2841 2340 2896; x_wconf 88' lang='lat' dir='ltr'><strong>sicut</strong></span> <span class='ocrx_word' id='word_1_382' title='bbox 2405 2836 2553 2891; x_wconf 86' lang='lat' dir='ltr'><strong>verbi</strong></span> <span class='ocrx_word' id='word_1_383' title='bbox 2606 2836 2797 2905; x_wconf 86' lang='lat' dir='ltr'><strong>gratia,</strong></span> <span class='ocrx_word' id='word_1_384' title='bbox 2832 2833 2883 2885; x_wconf 94' lang='lat' dir='ltr'><strong>in</strong></span> <span class='ocrx_word' id='word_1_385' title='bbox 2938 2832 3173 2894; x_wconf 84' lang='lat' dir='ltr'><strong>homine,</strong></span> <span class='ocrx_word' id='word_1_386' title='bbox 3212 2826 3470 2881; x_wconf 85' lang='lat' dir='ltr'><strong>rationale</strong></span> <span class='ocrx_word' id='word_1_387' title='bbox 3511 2825 3772 2880; x_wconf 81' lang='lat' dir='ltr'><strong>substan-</strong></span> 
     </span>
    </p>
   </div>
   <div class='ocr_carea' id='block_1_50' title="bbox 2196 2922 3770 2997">
    <p class='ocr_par' dir='ltr' id='par_1_50' title="bbox 2196 2922 3770 2997">
     <span class='ocr_line' id='line_1_50' title="bbox 2196 2922 3770 2997; baseline -0.013 -10"><span class='ocrx_word' id='word_1_388' title='bbox 2196 2932 2324 2987; x_wconf 90' lang='lat' dir='ltr'><strong>tiale</strong></span> <span class='ocrx_word' id='word_1_389' title='bbox 2377 2946 2505 2985; x_wconf 88' lang='lat' dir='ltr'><strong>cum</strong></span> <span class='ocrx_word' id='word_1_390' title='bbox 2556 2928 2625 2983; x_wconf 89' lang='lat' dir='ltr'><strong>sit</strong></span> <span class='ocrx_word' id='word_1_391' title='bbox 2661 2926 2866 2997; x_wconf 86' lang='lat' dir='ltr'><strong>speciei</strong></span> <span class='ocrx_word' id='word_1_392' title='bbox 2918 2922 3056 2993; x_wconf 81' lang='lat' dir='ltr'><strong>ejus,</strong></span> <span class='ocrx_word' id='word_1_393' title='bbox 3093 2922 3389 2977; x_wconf 84' lang='lat' dir='ltr'><strong>secundum</strong></span> <span class='ocrx_word' id='word_1_394' title='bbox 3441 2932 3607 2989; x_wconf 87' lang='lat' dir='ltr'><strong>quam</strong></span> <span class='ocrx_word' id='word_1_395' title='bbox 3646 2930 3770 2969; x_wconf 88' lang='lat' dir='ltr'><strong>esse</strong></span> 
     </span>
    </p>
   </div>
   <div class='ocr_carea' id='block_1_51' title="bbox 2198 3010 3766 3092">
    <p class='ocr_par' dir='ltr' id='par_1_51' title="bbox 2198 3010 3766 3092">
     <span class='ocr_line' id='line_1_51' title="bbox 2198 3010 3766 3092; baseline -0.013 -12"><span class='ocrx_word' id='word_1_396' title='bbox 2198 3025 2304 3080; x_wconf 88' lang='lat' dir='ltr'><strong>hoc</strong></span> <span class='ocrx_word' id='word_1_397' title='bbox 2338 3021 2594 3092; x_wconf 78' lang='lat' dir='ltr'><strong>quiddam</strong></span> <span class='ocrx_word' id='word_1_398' title='bbox 2630 3020 2768 3073; x_wconf 88' lang='lat' dir='ltr'><strong>idem</strong></span> <span class='ocrx_word' id='word_1_399' title='bbox 2805 3016 3077 3071; x_wconf 88' lang='lat' dir='ltr'><strong>hominem</strong></span> <span class='ocrx_word' id='word_1_400' title='bbox 3116 3013 3301 3077; x_wconf 81' lang='lat' dir='ltr'><strong>habet,</strong></span> <span class='ocrx_word' id='word_1_401' title='bbox 3335 3013 3450 3080; x_wconf 69' lang='lat' dir='ltr'><strong>ipSa</strong></span> <span class='ocrx_word' id='word_1_402' title='bbox 3476 3018 3562 3063; x_wconf 88' lang='lat' dir='ltr'><strong>est</strong></span> <span class='ocrx_word' id='word_1_403' title='bbox 3593 3010 3766 3078; x_wconf 87' lang='lat' dir='ltr'><strong>prima</strong></span> 
     </span>
    </p>
   </div>
   <div class='ocr_carea' id='block_1_52' title="bbox 2197 3103 3771 3183">
    <p class='ocr_par' dir='ltr' id='par_1_52' title="bbox 2197 3103 3771 3183">
     <span class='ocr_line' id='line_1_52' title="bbox 2197 3103 3771 3183; baseline -0.011 -16"><span class='ocrx_word' id='word_1_404' title='bbox 2197 3115 2312 3183; x_wconf 78' lang='lat' dir='ltr'><strong>ejus</strong></span> <span class='ocrx_word' id='word_1_405' title='bbox 2340 3112 2644 3168; x_wconf 74' lang='lat' dir='ltr'><strong>immediate</strong></span> <span class='ocrx_word' id='word_1_406' title='bbox 2676 3108 2941 3177; x_wconf 84' lang='lat' dir='ltr'><strong>Operatio,</strong></span> <span class='ocrx_word' id='word_1_407' title='bbox 2967 3120 3059 3175; x_wconf 89' lang='lat' dir='ltr'><strong>per</strong></span> <span class='ocrx_word' id='word_1_408' title='bbox 3104 3120 3266 3173; x_wconf 85' lang='lat' dir='ltr'><strong>quam</strong></span> <span class='ocrx_word' id='word_1_409' title='bbox 3296 3112 3348 3157; x_wconf 89' lang='lat' dir='ltr'><strong>et</strong></span> <span class='ocrx_word' id='word_1_410' title='bbox 3378 3103 3481 3155; x_wconf 89' lang='lat' dir='ltr'><strong>alia</strong></span> <span class='ocrx_word' id='word_1_411' title='bbox 3516 3110 3771 3169; x_wconf 86' lang='lat' dir='ltr'><strong>operatur</strong></span> 
     </span>
    </p>
   </div>
   <div class='ocr_carea' id='block_1_53' title="bbox 532 3191 3771 3279">
    <p class='ocr_par' dir='ltr' id='par_1_53' title="bbox 532 3191 3771 3279">
     <span class='ocr_line' id='line_1_53' title="bbox 532 3191 3771 3279; baseline -0.009 -6"><span class='ocrx_word' id='word_1_412' title='bbox 532 3227 588 3273; x_wconf 78' lang='lat' dir='ltr'><strong>et</strong></span> <span class='ocrx_word' id='word_1_413' title='bbox 618 3191 735 3271; x_wconf 83' lang='lat' dir='ltr'><strong>sine</strong></span> <span class='ocrx_word' id='word_1_414' title='bbox 758 3214 955 3279; x_wconf 89' lang='lat' dir='ltr'><strong>medio,</strong></span> <span class='ocrx_word' id='word_1_415' title='bbox 980 3212 1143 3266; x_wconf 80' lang='lat' dir='ltr'><strong>etiam</strong></span> <span class='ocrx_word' id='word_1_416' title='bbox 1177 3211 1279 3265; x_wconf 83' lang='lat' dir='ltr'><strong>alia</strong></span> <span class='ocrx_word' id='word_1_417' title='bbox 1312 3210 1580 3278; x_wconf 88' lang='lat' dir='ltr'><strong>producit.</strong></span> <span class='ocrx_word' id='word_1_418' title='bbox 1630 3209 1767 3262; x_wconf 87' lang='lat' dir='ltr'><strong>liinc</strong></span> <span class='ocrx_word' id='word_1_419' title='bbox 1797 3209 1961 3275; x_wconf 85' lang='lat' dir='ltr'><strong>igitur</strong></span> <span class='ocrx_word' id='word_1_420' title='bbox 2000 3223 2095 3278; x_wconf 89' lang='lat' dir='ltr'><strong>per</strong></span> <span class='ocrx_word' id='word_1_421' title='bbox 2122 3219 2165 3276; x_wconf 73' lang='grc' dir='ltr'>ο</span> <span class='ocrx_word' id='word_1_422' title='bbox 2197 3224 2316 3277; x_wconf 72' lang='lat' dir='ltr'><strong>quae</strong></span> <span class='ocrx_word' id='word_1_423' title='bbox 2332 3216 2664 3261; x_wconf 80' lang='lat' dir='ltr'><strong>constantem</strong></span> <span class='ocrx_word' id='word_1_424' title='bbox 2683 3202 2797 3269; x_wconf 84' lang='lat' dir='ltr'><strong>ejus</strong></span> <span class='ocrx_word' id='word_1_425' title='bbox 2826 3200 3061 3270; x_wconf 82' lang='lat' dir='ltr'><strong>speciem</strong></span> <span class='ocrx_word' id='word_1_426' title='bbox 3092 3202 3629 3265; x_wconf 82' lang='lat' dir='ltr'><strong>sequuntur;utputa</strong></span> <span class='ocrx_word' id='word_1_427' title='bbox 3649 3191 3771 3245; x_wconf 88' lang='lat' dir='ltr'><strong>visi-</strong></span> 
     </span>
    </p>
   </div>
   <div class='ocr_carea' id='block_1_54' title="bbox 534 3299 2095 3377">
    <p class='ocr_par' dir='ltr' id='par_1_54' title="bbox 534 3299 2095 3377">
     <span class='ocr_line' id='line_1_54' title="bbox 534 3299 2095 3377; baseline -0.004 -17"><span class='ocrx_word' id='word_1_428' title='bbox 534 3309 837 3377; x_wconf 86' lang='lat' dir='ltr'><strong>producere</strong></span> <span class='ocrx_word' id='word_1_429' title='bbox 888 3303 1030 3373; x_wconf 88' lang='lat' dir='ltr'><strong>quod</strong></span> <span class='ocrx_word' id='word_1_430' title='bbox 1076 3301 1296 3365; x_wconf 85' lang='lat' dir='ltr'><strong>dicitur,</strong></span> <span class='ocrx_word' id='word_1_431' title='bbox 1323 3301 1427 3354; x_wconf 90' lang='lat' dir='ltr'><strong>erit</strong></span> <span class='ocrx_word' id='word_1_432' title='bbox 1456 3299 1702 3368; x_wconf 83' lang='lat' dir='ltr'><strong>gignere,</strong></span> <span class='ocrx_word' id='word_1_433' title='bbox 1747 3301 2095 3369; x_wconf 80' lang='lat' dir='ltr'><strong>genitumque</strong></span> 
     </span>
    </p>
   </div>
   <div class='ocr_carea' id='block_1_55' title="bbox 533 3386 2097 3462">
    <p class='ocr_par' dir='ltr' id='par_1_55' title="bbox 533 3386 2097 3462">
     <span class='ocr_line' id='line_1_55' title="bbox 533 3386 2097 3462; baseline -0.004 -15"><span class='ocrx_word' id='word_1_434' title='bbox 533 3409 633 3462; x_wconf 70' lang='lat' dir='ltr'><strong>per</strong></span> <span class='ocrx_word' id='word_1_435' title='bbox 684 3393 985 3461; x_wconf 86' lang='lat' dir='ltr'><strong>produceus</strong></span> <span class='ocrx_word' id='word_1_436' title='bbox 1033 3397 1339 3443; x_wconf 86' lang='lat' dir='ltr'><strong>nascetur:</strong></span> <span class='ocrx_word' id='word_1_437' title='bbox 1387 3400 1440 3441; x_wconf 88' lang='lat' dir='ltr'><strong>et</strong></span> <span class='ocrx_word' id='word_1_438' title='bbox 1473 3386 1640 3443; x_wconf 80' lang='lat' dir='ltr'><strong>Filius</strong></span> <span class='ocrx_word' id='word_1_439' title='bbox 1687 3403 1754 3443; x_wconf 81' lang='lat' dir='ltr'><strong>ex</strong></span> <span class='ocrx_word' id='word_1_440' title='bbox 1799 3387 1959 3443; x_wconf 86' lang='lat' dir='ltr'><strong>Patre</strong></span> <span class='ocrx_word' id='word_1_441' title='bbox 2001 3403 2097 3456; x_wconf 89' lang='lat' dir='ltr'><strong>per</strong></span> 
     </span>
    </p>
   </div>
   <div class='ocr_carea' id='block_1_56' title="bbox 529 3476 2097 3549">
    <p class='ocr_par' dir='ltr' id='par_1_56' title="bbox 529 3476 2097 3549">
     <span class='ocr_line' id='line_1_56' title="bbox 529 3476 2097 3549; baseline -0.002 -15"><span class='ocrx_word' id='word_1_442' title='bbox 529 3481 793 3549; x_wconf 83' lang='lat' dir='ltr'><strong>Spiritum</strong></span> <span class='ocrx_word' id='word_1_443' title='bbox 824 3478 947 3542; x_wconf 90' lang='lat' dir='ltr'><strong>erit,</strong></span> <span class='ocrx_word' id='word_1_444' title='bbox 996 3492 1168 3546; x_wconf 87' lang='lat' dir='ltr'><strong>neque</strong></span> <span class='ocrx_word' id='word_1_445' title='bbox 1197 3478 1301 3531; x_wconf 90' lang='lat' dir='ltr'><strong>erit</strong></span> <span class='ocrx_word' id='word_1_446' title='bbox 1346 3476 1515 3531; x_wconf 83' lang='lat' dir='ltr'><strong>Filius</strong></span> <span class='ocrx_word' id='word_1_447' title='bbox 1546 3492 1611 3531; x_wconf 82' lang='lat' dir='ltr'><strong>ex</strong></span> <span class='ocrx_word' id='word_1_448' title='bbox 1645 3476 1804 3532; x_wconf 87' lang='lat' dir='ltr'><strong>Patre</strong></span> <span class='ocrx_word' id='word_1_449' title='bbox 1832 3479 1948 3532; x_wconf 89' lang='lat' dir='ltr'><strong>sine</strong></span> <span class='ocrx_word' id='word_1_450' title='bbox 1983 3492 2097 3531; x_wconf 86' lang='lat' dir='ltr'><strong>me-</strong></span> 
     </span>
    </p>
   </div>
   <div class='ocr_carea' id='block_1_57' title="bbox 528 3565 2096 3639">
    <p class='ocr_par' dir='ltr' id='par_1_57' title="bbox 528 3565 2096 3639">
     <span class='ocr_line' id='line_1_57' title="bbox 528 3565 2096 3639; baseline -0.001 -15"><span class='ocrx_word' id='word_1_451' title='bbox 528 3573 643 3635; x_wconf 88' lang='lat' dir='ltr'><strong>dio,</strong></span> <span class='ocrx_word' id='word_1_452' title='bbox 678 3584 849 3639; x_wconf 87' lang='lat' dir='ltr'><strong>neque</strong></span> <span class='ocrx_word' id='word_1_453' title='bbox 880 3568 1071 3622; x_wconf 86' lang='lat' dir='ltr'><strong>tertius</strong></span> <span class='ocrx_word' id='word_1_454' title='bbox 1100 3582 1129 3621; x_wconf 90' lang='lat' dir='ltr'><strong>a</strong></span> <span class='ocrx_word' id='word_1_455' title='bbox 1159 3565 1320 3622; x_wconf 85' lang='lat' dir='ltr'><strong>Patre</strong></span> <span class='ocrx_word' id='word_1_456' title='bbox 1370 3567 1605 3637; x_wconf 83' lang='lat' dir='ltr'><strong>Spiritus</strong></span> <span class='ocrx_word' id='word_1_457' title='bbox 1635 3569 1937 3623; x_wconf 83' lang='lat' dir='ltr'><strong>secundum</strong></span> <span class='ocrx_word' id='word_1_458' title='bbox 1972 3582 2096 3635; x_wconf 88' lang='lat' dir='ltr'><strong>per-</strong></span> 
     </span>
    </p>
   </div>
   <div class='ocr_carea' id='block_1_58' title="bbox 525 3651 2099 3723">
    <p class='ocr_par' dir='ltr' id='par_1_58' title="bbox 525 3651 2099 3723">
     <span class='ocr_line' id='line_1_58' title="bbox 525 3651 2099 3723; baseline -0.001 -16"><span class='ocrx_word' id='word_1_459' title='bbox 525 3657 780 3713; x_wconf 82' lang='lat' dir='ltr'><strong>.sonalem</strong></span> <span class='ocrx_word' id='word_1_460' title='bbox 838 3657 1116 3719; x_wconf 87' lang='lat' dir='ltr'><strong>ordinem;</strong></span> <span class='ocrx_word' id='word_1_461' title='bbox 1191 3653 1533 3723; x_wconf 90' lang='lat' dir='ltr'><strong>Spiritusque</strong></span> <span class='ocrx_word' id='word_1_462' title='bbox 1602 3657 1891 3722; x_wconf 89' lang='lat' dir='ltr'><strong>conjunget</strong></span> <span class='ocrx_word' id='word_1_463' title='bbox 1951 3651 2099 3706; x_wconf 91' lang='lat' dir='ltr'><strong>Patri</strong></span> 
     </span>
    </p>
   </div>
   <div class='ocr_carea' id='block_1_59' title="bbox 534 3746 2098 3816">
    <p class='ocr_par' dir='ltr' id='par_1_59' title="bbox 534 3746 2098 3816">
     <span class='ocr_line' id='line_1_59' title="bbox 534 3746 2098 3816; baseline -0.003 -11"><span class='ocrx_word' id='word_1_464' title='bbox 534 3750 814 3814; x_wconf 70' lang='lat' dir='ltr'><strong>Verbum,</strong></span> <span class='ocrx_word' id='word_1_465' title='bbox 874 3747 1213 3816; x_wconf 85' lang='lat' dir='ltr'><strong>plurimaque</strong></span> <span class='ocrx_word' id='word_1_466' title='bbox 1268 3747 1579 3801; x_wconf 86' lang='lat' dir='ltr'><strong>necessario</strong></span> <span class='ocrx_word' id='word_1_467' title='bbox 1645 3755 1945 3815; x_wconf 88' lang='lat' dir='ltr'><strong>sequentur</strong></span> <span class='ocrx_word' id='word_1_468' title='bbox 2005 3746 2098 3800; x_wconf 84' lang='lat' dir='ltr'><strong>ab-</strong></span> 
     </span>
    </p>
   </div>
   <div class='ocr_carea' id='block_1_60' title="bbox 524 3841 721 3894">
    <p class='ocr_par' dir='ltr' id='par_1_60' title="bbox 524 3841 721 3894">
     <span class='ocr_line' id='line_1_60' title="bbox 524 3841 721 3894; baseline 0.02 -5"><span class='ocrx_word' id='word_1_469' title='bbox 524 3841 721 3894; x_wconf 73' lang='lat' dir='ltr'><strong>surda.</strong></span> 
     </span>
    </p>
   </div>
   <div class='ocr_carea' id='block_1_61' title="bbox 609 3925 2103 3998">
    <p class='ocr_par' dir='ltr' id='par_1_61' title="bbox 609 3925 2103 3998">
     <span class='ocr_line' id='line_1_61' title="bbox 609 3925 2103 3998; baseline -0.002 -15"><span class='ocrx_word' id='word_1_470' title='bbox 609 3930 839 3997; x_wconf 83' lang='lat' dir='ltr'><strong>Quibus,</strong></span> <span class='ocrx_word' id='word_1_471' title='bbox 890 3937 947 3983; x_wconf 89' lang='lat' dir='ltr'><strong>ut</strong></span> <span class='ocrx_word' id='word_1_472' title='bbox 994 3928 1306 3998; x_wconf 66' lang='lat' dir='ltr'><strong>praedictum</strong></span> <span class='ocrx_word' id='word_1_473' title='bbox 1338 3932 1441 3988; x_wconf 87' lang='lat' dir='ltr'><strong>est,</strong></span> <span class='ocrx_word' id='word_1_474' title='bbox 1474 3934 1527 3979; x_wconf 92' lang='lat' dir='ltr'><strong>et</strong></span> <span class='ocrx_word' id='word_1_475' title='bbox 1554 3925 1823 3979; x_wconf 89' lang='lat' dir='ltr'><strong>catholica</strong></span> <span class='ocrx_word' id='word_1_476' title='bbox 1861 3925 1993 3980; x_wconf 85' lang='lat' dir='ltr'><strong>fides</strong></span> <span class='ocrx_word' id='word_1_477' title='bbox 2047 3938 2103 3980; x_wconf 82' lang='lat' dir='ltr'><strong>et</strong></span> 
     </span>
    </p>
   </div>
   <div class='ocr_carea' id='block_1_62' title="bbox 526 4016 2101 4075">
    <p class='ocr_par' dir='ltr' id='par_1_62' title="bbox 526 4016 2101 4075">
     <span class='ocr_line' id='line_1_62' title="bbox 526 4016 2101 4075; baseline 0.001 -6"><span class='ocrx_word' id='word_1_478' title='bbox 526 4031 847 4075; x_wconf 61' lang='lat' dir='ltr'><strong>sanctorum</strong></span> <span class='ocrx_word' id='word_1_479' title='bbox 877 4020 1099 4074; x_wconf 87' lang='lat' dir='ltr'><strong>Patrum</strong></span> <span class='ocrx_word' id='word_1_480' title='bbox 1136 4017 1512 4071; x_wconf 83' lang='lat' dir='ltr'><strong>Ecclesiastica</strong></span> <span class='ocrx_word' id='word_1_481' title='bbox 1551 4016 1799 4070; x_wconf 87' lang='lat' dir='ltr'><strong>doctrina</strong></span> <span class='ocrx_word' id='word_1_482' title='bbox 1827 4017 2101 4070; x_wconf 83' lang='lat' dir='ltr'><strong>contraria</strong></span> 
     </span>
    </p>
   </div>
   <div class='ocr_carea' id='block_1_63' title="bbox 542 4106 2097 4178">
    <p class='ocr_par' dir='ltr' id='par_1_63' title="bbox 542 4106 2097 4178">
     <span class='ocr_line' id='line_1_63' title="bbox 542 4106 2097 4178; baseline -0.001 -13"><span class='ocrx_word' id='word_1_483' title='bbox 542 4113 726 4175; x_wconf 85' lang='lat' dir='ltr'><strong>sentit,</strong></span> <span class='ocrx_word' id='word_1_484' title='bbox 759 4126 822 4164; x_wconf 89' lang='lat' dir='ltr'><strong>ac</strong></span> <span class='ocrx_word' id='word_1_485' title='bbox 861 4110 1138 4178; x_wconf 61' lang='lat' dir='ltr'><strong>praedicat.</strong></span> <span class='ocrx_word' id='word_1_486' title='bbox 1184 4106 1386 4176; x_wconf 87' lang='lat' dir='ltr'><strong>Nempe</strong></span> <span class='ocrx_word' id='word_1_487' title='bbox 1417 4108 1559 4160; x_wconf 89' lang='lat' dir='ltr'><strong>enim</strong></span> <span class='ocrx_word' id='word_1_488' title='bbox 1581 4106 1734 4174; x_wconf 74' lang='lat' dir='ltr'><strong>juxta</strong></span> <span class='ocrx_word' id='word_1_489' title='bbox 1769 4109 1907 4161; x_wconf 88' lang='lat' dir='ltr'><strong>hanc</strong></span> <span class='ocrx_word' id='word_1_490' title='bbox 1936 4108 2097 4163; x_wconf 88' lang='lat' dir='ltr'><strong>ratio-</strong></span> 
     </span>
    </p>
   </div>
   <div class='ocr_carea' id='block_1_64' title="bbox 524 4199 2102 4269">
    <p class='ocr_par' dir='ltr' id='par_1_64' title="bbox 524 4199 2102 4269">
     <span class='ocr_line' id='line_1_64' title="bbox 524 4199 2102 4269; baseline -0.002 -13"><span class='ocrx_word' id='word_1_491' title='bbox 524 4220 665 4256; x_wconf 63' lang='lat' dir='ltr'><strong>«nent</strong></span> <span class='ocrx_word' id='word_1_492' title='bbox 712 4202 1087 4269; x_wconf 88' lang='lat' dir='ltr'><strong>productorem</strong></span> <span class='ocrx_word' id='word_1_493' title='bbox 1135 4216 1198 4253; x_wconf 79' lang='lat' dir='ltr'><strong>ex</strong></span> <span class='ocrx_word' id='word_1_494' title='bbox 1238 4199 1619 4261; x_wconf 87' lang='lat' dir='ltr'><strong>substantiali,</strong></span> <span class='ocrx_word' id='word_1_495' title='bbox 1675 4200 1853 4267; x_wconf 88' lang='lat' dir='ltr'><strong>potius</strong></span> <span class='ocrx_word' id='word_1_496' title='bbox 1908 4213 2102 4253; x_wconf 88' lang='lat' dir='ltr'><strong>vocare</strong></span> 
     </span>
    </p>
   </div>
   <div class='ocr_carea' id='block_1_65' title="bbox 526 4287 2101 4357">
    <p class='ocr_par' dir='ltr' id='par_1_65' title="bbox 526 4287 2101 4357">
     <span class='ocr_line' id='line_1_65' title="bbox 526 4287 2101 4357; baseline 0.001 -17"><span class='ocrx_word' id='word_1_497' title='bbox 526 4288 847 4349; x_wconf 72' lang='lat' dir='ltr'><strong>conveniet,</strong></span> <span class='ocrx_word' id='word_1_498' title='bbox 881 4303 1039 4355; x_wconf 90' lang='lat' dir='ltr'><strong>quam</strong></span> <span class='ocrx_word' id='word_1_499' title='bbox 1081 4303 1148 4341; x_wconf 80' lang='lat' dir='ltr'><strong>ex</strong></span> <span class='ocrx_word' id='word_1_500' title='bbox 1179 4304 1243 4340; x_wconf 91' lang='lat' dir='ltr'><strong>eo</strong></span> <span class='ocrx_word' id='word_1_501' title='bbox 1271 4287 1409 4355; x_wconf 87' lang='lat' dir='ltr'><strong>quod</strong></span> <span class='ocrx_word' id='word_1_502' title='bbox 1442 4289 1799 4342; x_wconf 89' lang='lat' dir='ltr'><strong>substantiam</strong></span> <span class='ocrx_word' id='word_1_503' title='bbox 1821 4291 2101 4357; x_wconf 87' lang='lat' dir='ltr'><strong>sequitur;</strong></span> 
     </span>
    </p>
   </div>
   <div class='ocr_carea' id='block_1_66' title="bbox 528 4375 2103 4447">
    <p class='ocr_par' dir='ltr' id='par_1_66' title="bbox 528 4375 2103 4447">
     <span class='ocr_line' id='line_1_66' title="bbox 528 4375 2103 4447; baseline 0.003 -19"><span class='ocrx_word' id='word_1_504' title='bbox 528 4377 685 4443; x_wconf 84' lang='lat' dir='ltr'><strong>quod</strong></span> <span class='ocrx_word' id='word_1_505' title='bbox 715 4391 743 4427; x_wconf 89' lang='lat' dir='ltr'><strong>a</strong></span> <span class='ocrx_word' id='word_1_506' title='bbox 775 4375 1068 4443; x_wconf 63' lang='lat' dir='ltr'><strong>Scriptura;</strong></span> <span class='ocrx_word' id='word_1_507' title='bbox 1114 4378 1236 4441; x_wconf 87' lang='lat' dir='ltr'><strong>fide,</strong></span> <span class='ocrx_word' id='word_1_508' title='bbox 1297 4386 1458 4447; x_wconf 81' lang='lat' dir='ltr'><strong>atque</strong></span> <span class='ocrx_word' id='word_1_509' title='bbox 1501 4393 1530 4431; x_wconf 85' lang='lat' dir='ltr'><strong>a</strong></span> <span class='ocrx_word' id='word_1_510' title='bbox 1560 4380 1956 4434; x_wconf 85' lang='lat' dir='ltr'><strong>consuetudine</strong></span> <span class='ocrx_word' id='word_1_511' title='bbox 1984 4394 2103 4433; x_wconf 85' lang='lat' dir='ltr'><strong>om-</strong></span> 
     </span>
    </p>
   </div>
   <div class='ocr_carea' id='block_1_67' title="bbox 547 4466 1069 4520">
    <p class='ocr_par' dir='ltr' id='par_1_67' title="bbox 547 4466 1069 4520">
     <span class='ocr_line' id='line_1_67' title="bbox 547 4466 1069 4520; baseline -0.004 0"><span class='ocrx_word' id='word_1_512' title='bbox 547 4469 677 4520; x_wconf 88' lang='lat' dir='ltr'><strong>nino</strong></span> <span class='ocrx_word' id='word_1_513' title='bbox 708 4466 938 4519; x_wconf 86' lang='lat' dir='ltr'><strong>alienum</strong></span> <span class='ocrx_word' id='word_1_514' title='bbox 968 4477 1069 4519; x_wconf 87' lang='lat' dir='ltr'><strong>est.</strong></span> 
     </span>
    </p>
   </div>
   <div class='ocr_carea' id='block_1_68' title="bbox 2199 3286 3771 3365">
    <p class='ocr_par' dir='ltr' id='par_1_68' title="bbox 2199 3286 3771 3365">
     <span class='ocr_line' id='line_1_68' title="bbox 2199 3286 3771 3365; baseline -0.013 -9"><span class='ocrx_word' id='word_1_515' title='bbox 2199 3300 2345 3362; x_wconf 81' lang='lat' dir='ltr'><strong>bile;</strong></span> <span class='ocrx_word' id='word_1_516' title='bbox 2376 3297 2505 3352; x_wconf 87' lang='lat' dir='ltr'><strong>solis</strong></span> <span class='ocrx_word' id='word_1_517' title='bbox 2537 3310 2753 3365; x_wconf 84' lang='lat' dir='ltr'><strong>quoque</strong></span> <span class='ocrx_word' id='word_1_518' title='bbox 2802 3292 3014 3365; x_wconf 86' lang='lat' dir='ltr'><strong>species</strong></span> <span class='ocrx_word' id='word_1_519' title='bbox 3060 3303 3302 3354; x_wconf 85' lang='lat' dir='ltr'><strong>una_cum</strong></span> <span class='ocrx_word' id='word_1_520' title='bbox 3342 3287 3435 3350; x_wconf 89' lang='lat' dir='ltr'><strong>sit,</strong></span> <span class='ocrx_word' id='word_1_521' title='bbox 3470 3286 3771 3339; x_wconf 84' lang='lat' dir='ltr'><strong>secundum</strong></span> 
     </span>
    </p>
   </div>
   <div class='ocr_carea' id='block_1_69' title="bbox 2198 3377 3774 3461">
    <p class='ocr_par' dir='ltr' id='par_1_69' title="bbox 2198 3377 3774 3461">
     <span class='ocr_line' id='line_1_69' title="bbox 2198 3377 3774 3461; baseline -0.006 -23"><span class='ocrx_word' id='word_1_522' title='bbox 2198 3405 2359 3461; x_wconf 77' lang='lat' dir='ltr'><strong>quam</strong></span> <span class='ocrx_word' id='word_1_523' title='bbox 2392 3390 2471 3444; x_wconf 90' lang='lat' dir='ltr'><strong>sol</strong></span> <span class='ocrx_word' id='word_1_524' title='bbox 2509 3386 2777 3446; x_wconf 84' lang='lat' dir='ltr'><strong>subsistit,</strong></span> <span class='ocrx_word' id='word_1_525' title='bbox 2802 3383 3124 3454; x_wconf 80' lang='lat' dir='ltr'><strong>principium</strong></span> <span class='ocrx_word' id='word_1_526' title='bbox 3162 3387 3248 3434; x_wconf 80' lang='lat' dir='ltr'><strong>est</strong></span> <span class='ocrx_word' id='word_1_527' title='bbox 3265 3378 3455 3444; x_wconf 70' lang='lat' dir='ltr'><strong>primae</strong></span> <span class='ocrx_word' id='word_1_528' title='bbox 3488 3387 3545 3431; x_wconf 85' lang='lat' dir='ltr'><strong>et</strong></span> <span class='ocrx_word' id='word_1_529' title='bbox 3577 3377 3774 3430; x_wconf 85' lang='lat' dir='ltr'><strong>imme-</strong></span> 
     </span>
    </p>
   </div>
   <div class='ocr_carea' id='block_1_70' title="bbox 2200 3467 3771 3546">
    <p class='ocr_par' dir='ltr' id='par_1_70' title="bbox 2200 3467 3771 3546">
     <span class='ocr_line' id='line_1_70' title="bbox 2200 3467 3771 3546; baseline -0.013 -11"><span class='ocrx_word' id='word_1_530' title='bbox 2200 3481 2357 3535; x_wconf 63' lang='lat' dir='ltr'><strong>diatze</strong></span> <span class='ocrx_word' id='word_1_531' title='bbox 2382 3477 2784 3546; x_wconf 85' lang='lat' dir='ltr'><strong>Operationisin</strong></span> <span class='ocrx_word' id='word_1_532' title='bbox 2810 3471 3180 3533; x_wconf 89' lang='lat' dir='ltr'><strong>solelucendi,</strong></span> <span class='ocrx_word' id='word_1_533' title='bbox 3206 3485 3323 3538; x_wconf 72' lang='lat' dir='ltr'><strong>qua:</strong></span> <span class='ocrx_word' id='word_1_534' title='bbox 3365 3468 3569 3521; x_wconf 86' lang='lat' dir='ltr'><strong>nullam</strong></span> <span class='ocrx_word' id='word_1_535' title='bbox 3607 3467 3771 3520; x_wconf 70' lang='lat' dir='ltr'><strong>aliam</strong></span> 
     </span>
    </p>
   </div>
   <div class='ocr_carea' id='block_1_71' title="bbox 2201 3558 3771 3635">
    <p class='ocr_par' dir='ltr' id='par_1_71' title="bbox 2201 3558 3771 3635">
     <span class='ocr_line' id='line_1_71' title="bbox 2201 3558 3771 3635; baseline -0.01 -12"><span class='ocrx_word' id='word_1_536' title='bbox 2201 3579 2324 3623; x_wconf 87' lang='lat' dir='ltr'><strong>ante</strong></span> <span class='ocrx_word' id='word_1_537' title='bbox 2339 3584 2398 3623; x_wconf 87' lang='lat' dir='ltr'><strong>se</strong></span> <span class='ocrx_word' id='word_1_538' title='bbox 2413 3568 2703 3635; x_wconf 81' lang='lat' dir='ltr'><strong>cogitatam</strong></span> <span class='ocrx_word' id='word_1_539' title='bbox 2732 3565 3106 3631; x_wconf 83' lang='lat' dir='ltr'><strong>Operationem</strong></span> <span class='ocrx_word' id='word_1_540' title='bbox 3137 3562 3196 3614; x_wconf 89' lang='lat' dir='ltr'><strong>in</strong></span> <span class='ocrx_word' id='word_1_541' title='bbox 3230 3562 3347 3614; x_wconf 88' lang='lat' dir='ltr'><strong>sole</strong></span> <span class='ocrx_word' id='word_1_542' title='bbox 3371 3558 3554 3613; x_wconf 87' lang='lat' dir='ltr'><strong>habet.</strong></span> <span class='ocrx_word' id='word_1_543' title='bbox 3571 3559 3653 3611; x_wconf 84' lang='lat' dir='ltr'><strong>Ac</strong></span> <span class='ocrx_word' id='word_1_544' title='bbox 3678 3570 3771 3625; x_wconf 89' lang='lat' dir='ltr'><strong>per</strong></span> 
     </span>
    </p>
   </div>
   <div class='ocr_carea' id='block_1_72' title="bbox 2202 3650 3772 3725">
    <p class='ocr_par' dir='ltr' id='par_1_72' title="bbox 2202 3650 3772 3725">
     <span class='ocr_line' id='line_1_72' title="bbox 2202 3650 3772 3725; baseline -0.008 -10"><span class='ocrx_word' id='word_1_545' title='bbox 2202 3662 2340 3715; x_wconf 89' lang='lat' dir='ltr'><strong>hanc</strong></span> <span class='ocrx_word' id='word_1_546' title='bbox 2356 3658 2570 3713; x_wconf 88' lang='lat' dir='ltr'><strong>lucendi</strong></span> <span class='ocrx_word' id='word_1_547' title='bbox 2596 3655 2986 3725; x_wconf 80' lang='lat' dir='ltr'><strong>Operationem,</strong></span> <span class='ocrx_word' id='word_1_548' title='bbox 3003 3656 3159 3721; x_wconf 59' lang='lat' dir='ltr'><strong>quala</strong></span> <span class='ocrx_word' id='word_1_549' title='bbox 3169 3664 3259 3707; x_wconf 87' lang='lat' dir='ltr'><strong>me</strong></span> <span class='ocrx_word' id='word_1_550' title='bbox 3273 3667 3459 3707; x_wconf 87' lang='lat' dir='ltr'><strong>omnes</strong></span> <span class='ocrx_word' id='word_1_551' title='bbox 3475 3652 3609 3705; x_wconf 84' lang='lat' dir='ltr'><strong>alias</strong></span> <span class='ocrx_word' id='word_1_552' title='bbox 3628 3650 3772 3718; x_wconf 83' lang='lat' dir='ltr'><strong>cogi-</strong></span> 
     </span>
    </p>
   </div>
   <div class='ocr_carea' id='block_1_73' title="bbox 2203 3743 3770 3817">
    <p class='ocr_par' dir='ltr' id='par_1_73' title="bbox 2203 3743 3770 3817">
     <span class='ocr_line' id='line_1_73' title="bbox 2203 3743 3770 3817; baseline -0.007 -12"><span class='ocrx_word' id='word_1_553' title='bbox 2203 3761 2369 3817; x_wconf 88' lang='lat' dir='ltr'><strong>tatur,</strong></span> <span class='ocrx_word' id='word_1_554' title='bbox 2403 3759 2563 3817; x_wconf 85' lang='lat' dir='ltr'><strong>atque</strong></span> <span class='ocrx_word' id='word_1_555' title='bbox 2592 3749 2711 3803; x_wconf 91' lang='lat' dir='ltr'><strong>sine</strong></span> <span class='ocrx_word' id='word_1_556' title='bbox 2750 3747 2931 3801; x_wconf 89' lang='lat' dir='ltr'><strong>medio</strong></span> <span class='ocrx_word' id='word_1_557' title='bbox 2963 3746 3015 3798; x_wconf 84' lang='lat' dir='ltr'><strong>in</strong></span> <span class='ocrx_word' id='word_1_558' title='bbox 3050 3744 3167 3798; x_wconf 85' lang='lat' dir='ltr'><strong>sole</strong></span> <span class='ocrx_word' id='word_1_559' title='bbox 3198 3753 3303 3809; x_wconf 89' lang='lat' dir='ltr'><strong>est,</strong></span> <span class='ocrx_word' id='word_1_560' title='bbox 3342 3744 3639 3804; x_wconf 83' lang='lat' dir='ltr'><strong>illustrare,</strong></span> <span class='ocrx_word' id='word_1_561' title='bbox 3662 3743 3770 3797; x_wconf 82' lang='lat' dir='ltr'><strong>sie-</strong></span> 
     </span>
    </p>
   </div>
   <div class='ocr_carea' id='block_1_74' title="bbox 2204 3835 3773 3907">
    <p class='ocr_par' dir='ltr' id='par_1_74' title="bbox 2204 3835 3773 3907">
     <span class='ocr_line' id='line_1_74' title="bbox 2204 3835 3773 3907; baseline -0.008 -8"><span class='ocrx_word' id='word_1_562' title='bbox 2204 3859 2351 3907; x_wconf 89' lang='lat' dir='ltr'><strong>care,</strong></span> <span class='ocrx_word' id='word_1_563' title='bbox 2395 3841 2697 3897; x_wconf 78' lang='lat' dir='ltr'><strong>calefacere</strong></span> <span class='ocrx_word' id='word_1_564' title='bbox 2743 3841 2823 3894; x_wconf 88' lang='lat' dir='ltr'><strong>sol</strong></span> <span class='ocrx_word' id='word_1_565' title='bbox 2856 3850 2915 3893; x_wconf 89' lang='lat' dir='ltr'><strong>ut</strong></span> <span class='ocrx_word' id='word_1_566' title='bbox 2941 3840 3135 3907; x_wconf 84' lang='lat' dir='ltr'><strong>possit,</strong></span> <span class='ocrx_word' id='word_1_567' title='bbox 3179 3837 3362 3891; x_wconf 89' lang='lat' dir='ltr'><strong>habet.</strong></span> <span class='ocrx_word' id='word_1_568' title='bbox 3427 3835 3773 3904; x_wconf 77' lang='lat' dir='ltr'><strong>Rursumque</strong></span> 
     </span>
    </p>
   </div>
   <div class='ocr_carea' id='block_1_75' title="bbox 2204 3924 3769 4001">
    <p class='ocr_par' dir='ltr' id='par_1_75' title="bbox 2204 3924 3769 4001">
     <span class='ocr_line' id='line_1_75' title="bbox 2204 3924 3769 4001; baseline -0.008 -10"><span class='ocrx_word' id='word_1_569' title='bbox 2204 3951 2469 3991; x_wconf 90' lang='lat' dir='ltr'><strong>numanus</strong></span> <span class='ocrx_word' id='word_1_570' title='bbox 2500 3937 2712 3988; x_wconf 85' lang='lat' dir='ltr'><strong>animus</strong></span> <span class='ocrx_word' id='word_1_571' title='bbox 2739 3948 2858 3987; x_wconf 87' lang='lat' dir='ltr'><strong>cmn</strong></span> <span class='ocrx_word' id='word_1_572' title='bbox 2895 3947 2990 4001; x_wconf 92' lang='lat' dir='ltr'><strong>per</strong></span> <span class='ocrx_word' id='word_1_573' title='bbox 3023 3930 3437 3999; x_wconf 85' lang='lat' dir='ltr'><strong>intelligentiam</strong></span> <span class='ocrx_word' id='word_1_574' title='bbox 3469 3929 3642 3996; x_wconf 81' lang='lat' dir='ltr'><strong>prima</strong></span> <span class='ocrx_word' id='word_1_575' title='bbox 3669 3924 3769 3981; x_wconf 77' lang='lat' dir='ltr'><strong>sibi</strong></span> 
     </span>
    </p>
   </div>
   <div class='ocr_carea' id='block_1_76' title="bbox 2203 4017 3769 4088">
    <p class='ocr_par' dir='ltr' id='par_1_76' title="bbox 2203 4017 3769 4088">
     <span class='ocr_line' id='line_1_76' title="bbox 2203 4017 3769 4088; baseline -0.008 -10"><span class='ocrx_word' id='word_1_576' title='bbox 2203 4034 2258 4078; x_wconf 87' lang='lat' dir='ltr'><strong>et</strong></span> <span class='ocrx_word' id='word_1_577' title='bbox 2281 4022 2595 4077; x_wconf 88' lang='lat' dir='ltr'><strong>immediata</strong></span> <span class='ocrx_word' id='word_1_578' title='bbox 2628 4023 2698 4075; x_wconf 91' lang='lat' dir='ltr'><strong>sit</strong></span> <span class='ocrx_word' id='word_1_579' title='bbox 2722 4021 2882 4085; x_wconf 85' lang='lat' dir='ltr'><strong>actio,</strong></span> <span class='ocrx_word' id='word_1_580' title='bbox 2903 4034 2997 4088; x_wconf 90' lang='lat' dir='ltr'><strong>per</strong></span> <span class='ocrx_word' id='word_1_581' title='bbox 3027 4018 3165 4071; x_wconf 87' lang='lat' dir='ltr'><strong>hanc</strong></span> <span class='ocrx_word' id='word_1_582' title='bbox 3187 4018 3589 4087; x_wconf 57' lang='lat' dir='ltr'><strong>praecogitatam</strong></span> <span class='ocrx_word' id='word_1_583' title='bbox 3607 4017 3769 4070; x_wconf 83' lang='lat' dir='ltr'><strong>etiam</strong></span> 
     </span>
    </p>
   </div>
   <div class='ocr_carea' id='block_1_77' title="bbox 2205 4107 3772 4184">
    <p class='ocr_par' dir='ltr' id='par_1_77' title="bbox 2205 4107 3772 4184">
     <span class='ocr_line' id='line_1_77' title="bbox 2205 4107 3772 4184; baseline -0.007 -15"><span class='ocrx_word' id='word_1_584' title='bbox 2205 4123 2518 4183; x_wconf 88' lang='lat' dir='ltr'><strong>sequentem</strong></span> <span class='ocrx_word' id='word_1_585' title='bbox 2542 4114 2936 4184; x_wconf 86' lang='lat' dir='ltr'><strong>operationem,</strong></span> <span class='ocrx_word' id='word_1_586' title='bbox 2969 4111 3108 4164; x_wconf 87' lang='lat' dir='ltr'><strong>velle</strong></span> <span class='ocrx_word' id='word_1_587' title='bbox 3135 4109 3348 4165; x_wconf 85' lang='lat' dir='ltr'><strong>scilicet</strong></span> <span class='ocrx_word' id='word_1_588' title='bbox 3377 4107 3607 4177; x_wconf 83' lang='lat' dir='ltr'><strong>perficit.</strong></span> <span class='ocrx_word' id='word_1_589' title='bbox 3635 4108 3772 4174; x_wconf 60' lang='lat' dir='ltr'><strong>Ope.</strong></span> 
     </span>
    </p>
   </div>
   <div class='ocr_carea' id='block_1_78' title="bbox 2204 4197 3773 4267">
    <p class='ocr_par' dir='ltr' id='par_1_78' title="bbox 2204 4197 3773 4267">
     <span class='ocr_line' id='line_1_78' title="bbox 2204 4197 3773 4267; baseline -0.006 -10"><span class='ocrx_word' id='word_1_590' title='bbox 2204 4206 2445 4257; x_wconf 85' lang='lat' dir='ltr'><strong>rationes</strong></span> <span class='ocrx_word' id='word_1_591' title='bbox 2492 4205 2635 4257; x_wconf 91' lang='lat' dir='ltr'><strong>enim</strong></span> <span class='ocrx_word' id='word_1_592' title='bbox 2684 4203 2784 4255; x_wconf 88' lang='lat' dir='ltr'><strong>ista</strong></span> <span class='ocrx_word' id='word_1_593' title='bbox 2834 4202 3085 4255; x_wconf 91' lang='lat' dir='ltr'><strong>dicuntur</strong></span> <span class='ocrx_word' id='word_1_594' title='bbox 3116 4200 3413 4267; x_wconf 87' lang='lat' dir='ltr'><strong>,quoniam</strong></span> <span class='ocrx_word' id='word_1_595' title='bbox 3466 4208 3523 4253; x_wconf 86' lang='lat' dir='ltr'><strong>et</strong></span> <span class='ocrx_word' id='word_1_596' title='bbox 3580 4197 3773 4251; x_wconf 89' lang='lat' dir='ltr'><strong>intelli-</strong></span> 
     </span>
    </p>
   </div>
   <div class='ocr_carea' id='block_1_79' title="bbox 2205 4290 3771 4363">
    <p class='ocr_par' dir='ltr' id='par_1_79' title="bbox 2205 4290 3771 4363">
     <span class='ocr_line' id='line_1_79' title="bbox 2205 4290 3771 4363; baseline -0.004 -15"><span class='ocrx_word' id='word_1_597' title='bbox 2205 4309 2351 4363; x_wconf 87' lang='lat' dir='ltr'><strong>gere,</strong></span> <span class='ocrx_word' id='word_1_598' title='bbox 2388 4303 2444 4348; x_wconf 90' lang='lat' dir='ltr'><strong>et</strong></span> <span class='ocrx_word' id='word_1_599' title='bbox 2475 4294 2739 4362; x_wconf 88' lang='lat' dir='ltr'><strong>cogitare,</strong></span> <span class='ocrx_word' id='word_1_600' title='bbox 2780 4301 2835 4344; x_wconf 90' lang='lat' dir='ltr'><strong>et</strong></span> <span class='ocrx_word' id='word_1_601' title='bbox 2869 4291 3327 4353; x_wconf 85' lang='lat' dir='ltr'><strong>animadvertere,</strong></span> <span class='ocrx_word' id='word_1_602' title='bbox 3360 4300 3416 4345; x_wconf 90' lang='lat' dir='ltr'><strong>et</strong></span> <span class='ocrx_word' id='word_1_603' title='bbox 3452 4290 3605 4353; x_wconf 87' lang='lat' dir='ltr'><strong>velle,</strong></span> <span class='ocrx_word' id='word_1_604' title='bbox 3634 4290 3771 4345; x_wconf 88' lang='lat' dir='ltr'><strong>sicut</strong></span> 
     </span>
    </p>
   </div>
   <div class='ocr_carea' id='block_1_80' title="bbox 2203 4384 3271 4453">
    <p class='ocr_par' dir='ltr' id='par_1_80' title="bbox 2203 4384 3271 4453">
     <span class='ocr_line' id='line_1_80' title="bbox 2203 4384 3271 4453; baseline -0.003 -15"><span class='ocrx_word' id='word_1_605' title='bbox 2203 4387 2368 4438; x_wconf 90' lang='lat' dir='ltr'><strong>etiam</strong></span> <span class='ocrx_word' id='word_1_606' title='bbox 2410 4386 2654 4453; x_wconf 84' lang='lat' dir='ltr'><strong>gignere,</strong></span> <span class='ocrx_word' id='word_1_607' title='bbox 2683 4385 2893 4452; x_wconf 88' lang='lat' dir='ltr'><strong>operari</strong></span> <span class='ocrx_word' id='word_1_608' title='bbox 2934 4384 3135 4452; x_wconf 88' lang='lat' dir='ltr'><strong>aliquid</strong></span> <span class='ocrx_word' id='word_1_609' title='bbox 3169 4395 3271 4437; x_wconf 84' lang='lat' dir='ltr'><strong>est.</strong></span> 
     </span>
    </p>
   </div>
   <div class='ocr_carea' id='block_1_81' title="bbox 2276 4475 3767 4545">
    <p class='ocr_par' dir='ltr' id='par_1_81' title="bbox 2276 4475 3767 4545">
     <span class='ocr_line' id='line_1_81' title="bbox 2276 4475 3767 4545; baseline -0.001 -16"><span class='ocrx_word' id='word_1_610' title='bbox 2276 4477 2567 4543; x_wconf 86' lang='lat' dir='ltr'><strong>Quocirca,</strong></span> <span class='ocrx_word' id='word_1_611' title='bbox 2600 4475 2854 4544; x_wconf 90' lang='lat' dir='ltr'><strong>quoniam</strong></span> <span class='ocrx_word' id='word_1_612' title='bbox 2898 4476 3197 4529; x_wconf 87' lang='lat' dir='ltr'><strong>secundum</strong></span> <span class='ocrx_word' id='word_1_613' title='bbox 3222 4476 3475 4545; x_wconf 84' lang='lat' dir='ltr'><strong>gignendi</strong></span> <span class='ocrx_word' id='word_1_614' title='bbox 3506 4480 3767 4533; x_wconf 88' lang='lat' dir='ltr'><strong>rationem</strong></span> 
     </span>
    </p>
   </div>
   <div class='ocr_carea' id='block_1_82' title="bbox 618 4539 3769 4640">
    <p class='ocr_par' dir='ltr' id='par_1_82' title="bbox 618 4539 3769 4640">
     <span class='ocr_line' id='line_1_82' title="bbox 618 4539 3769 4640; baseline 0.004 -35"><span class='ocrx_word' id='word_1_615' title='bbox 618 4557 880 4621; x_wconf 77' lang='lat' dir='ltr'><strong>Quoniam</strong></span> <span class='ocrx_word' id='word_1_616' title='bbox 913 4556 1076 4626; x_wconf 88' lang='lat' dir='ltr'><strong>igitur</strong></span> <span class='ocrx_word' id='word_1_617' title='bbox 1105 4560 1233 4613; x_wconf 90' lang='lat' dir='ltr'><strong>nihil</strong></span> <span class='ocrx_word' id='word_1_618' title='bbox 1280 4575 1468 4614; x_wconf 90' lang='lat' dir='ltr'><strong>eorum</strong></span> <span class='ocrx_word' id='word_1_619' title='bbox 1518 4575 1637 4630; x_wconf 66' lang='lat' dir='ltr'><strong>quas</strong></span> <span class='ocrx_word' id='word_1_620' title='bbox 1672 4562 1925 4631; x_wconf 71' lang='lat' dir='ltr'><strong>praedicta</strong></span> <span class='ocrx_word' id='word_1_621' title='bbox 1956 4539 2105 4629; x_wconf 80' lang='lat' dir='ltr'><strong>sunt,</strong></span> <span class='ocrx_word' id='word_1_622' title='bbox 2138 4546 2181 4602; x_wconf 65' lang='grc' dir='ltr'>Ῐδ</span> <span class='ocrx_word' id='word_1_623' title='bbox 2208 4539 2386 4623; x_wconf 64' lang='lat' dir='ltr'><strong>Patris</strong></span> <span class='ocrx_word' id='word_1_624' title='bbox 2431 4539 2659 4637; x_wconf 75' lang='lat' dir='ltr'><strong>persona</strong></span> <span class='ocrx_word' id='word_1_625' title='bbox 2687 4569 2935 4621; x_wconf 84' lang='lat' dir='ltr'><strong>SllbsiSlil</strong></span> <span class='ocrx_word' id='word_1_626' title='bbox 2975 4583 2989 4631; x_wconf 91' lang='lat'>;</span> <span class='ocrx_word' id='word_1_627' title='bbox 3043 4582 3139 4635; x_wconf 91' lang='lat' dir='ltr'><strong>per</strong></span> <span class='ocrx_word' id='word_1_628' title='bbox 3170 4539 3344 4637; x_wconf 72' lang='lat' dir='ltr'><strong>ipsum</strong></span> <span class='ocrx_word' id='word_1_629' title='bbox 3374 4568 3599 4637; x_wconf 84' lang='lat' dir='ltr'><strong>gignere</strong></span> <span class='ocrx_word' id='word_1_630' title='bbox 3632 4570 3769 4640; x_wconf 87' lang='lat' dir='ltr'><strong>quod</strong></span> 
     </span>
    </p>
   </div>
   <div class='ocr_carea' id='block_1_83' title="bbox 538 4648 2106 4721">
    <p class='ocr_par' dir='ltr' id='par_1_83' title="bbox 538 4648 2106 4721">
     <span class='ocr_line' id='line_1_83' title="bbox 538 4648 2106 4721; baseline 0.004 -20"><span class='ocrx_word' id='word_1_631' title='bbox 538 4648 897 4701; x_wconf 79' lang='lat' dir='ltr'><strong>substantiale</strong></span> <span class='ocrx_word' id='word_1_632' title='bbox 933 4661 1220 4715; x_wconf 78' lang='lat' dir='ltr'><strong>cSt,ncque</strong></span> <span class='ocrx_word' id='word_1_633' title='bbox 1249 4653 1565 4721; x_wconf 87' lang='lat' dir='ltr'><strong>ingenitum,</strong></span> <span class='ocrx_word' id='word_1_634' title='bbox 1600 4666 1771 4719; x_wconf 89' lang='lat' dir='ltr'><strong>neque</strong></span> <span class='ocrx_word' id='word_1_635' title='bbox 1804 4668 1988 4717; x_wconf 84' lang='lat' dir='ltr'><strong>causa,</strong></span> <span class='ocrx_word' id='word_1_636' title='bbox 2012 4670 2106 4708; x_wconf 89' lang='lat' dir='ltr'><strong>ne-</strong></span> 
     </span>
    </p>
   </div>
   <div class='ocr_carea' id='block_1_84' title="bbox 543 4738 2106 4810">
    <p class='ocr_par' dir='ltr' id='par_1_84' title="bbox 543 4738 2106 4810">
     <span class='ocr_line' id='line_1_84' title="bbox 543 4738 2106 4810; baseline 0.004 -21"><span class='ocrx_word' id='word_1_637' title='bbox 543 4754 654 4807; x_wconf 83' lang='lat' dir='ltr'><strong>que</strong></span> <span class='ocrx_word' id='word_1_638' title='bbox 688 4738 965 4805; x_wconf 89' lang='lat' dir='ltr'><strong>productio</strong></span> <span class='ocrx_word' id='word_1_639' title='bbox 994 4747 1046 4789; x_wconf 89' lang='lat' dir='ltr'><strong>et</strong></span> <span class='ocrx_word' id='word_1_640' title='bbox 1098 4741 1393 4804; x_wconf 84' lang='lat' dir='ltr'><strong>paternitas</strong></span> <span class='ocrx_word' id='word_1_641' title='bbox 1426 4743 1605 4807; x_wconf 90' lang='lat' dir='ltr'><strong>simul,</strong></span> <span class='ocrx_word' id='word_1_642' title='bbox 1666 4744 1821 4810; x_wconf 87' lang='lat' dir='ltr'><strong>quasi</strong></span> <span class='ocrx_word' id='word_1_643' title='bbox 1878 4743 2106 4796; x_wconf 90' lang='lat' dir='ltr'><strong>alterum</strong></span> 
     </span>
    </p>
   </div>
   <div class='ocr_carea' id='block_1_85' title="bbox 542 4833 2100 4903">
    <p class='ocr_par' dir='ltr' id='par_1_85' title="bbox 542 4833 2100 4903">
     <span class='ocr_line' id='line_1_85' title="bbox 542 4833 2100 4903; baseline 0.006 -21"><span class='ocrx_word' id='word_1_644' title='bbox 542 4845 671 4882; x_wconf 76' lang='lat' dir='ltr'><strong>esse</strong></span> <span class='ocrx_word' id='word_1_645' title='bbox 701 4844 805 4881; x_wconf 93' lang='lat' dir='ltr'><strong>non</strong></span> <span class='ocrx_word' id='word_1_646' title='bbox 842 4833 1045 4897; x_wconf 87' lang='lat' dir='ltr'><strong>possit:</strong></span> <span class='ocrx_word' id='word_1_647' title='bbox 1076 4846 1244 4898; x_wconf 88' lang='lat' dir='ltr'><strong>neque</strong></span> <span class='ocrx_word' id='word_1_648' title='bbox 1274 4834 1574 4900; x_wconf 87' lang='lat' dir='ltr'><strong>producere</strong></span> <span class='ocrx_word' id='word_1_649' title='bbox 1606 4842 1809 4887; x_wconf 81' lang='lat' dir='ltr'><strong>tantum</strong></span> <span class='ocrx_word' id='word_1_650' title='bbox 1836 4840 1980 4903; x_wconf 90' lang='lat' dir='ltr'><strong>quod</strong></span> <span class='ocrx_word' id='word_1_651' title='bbox 2013 4838 2100 4891; x_wconf 83' lang='lat' dir='ltr'><strong>di-</strong></span> 
     </span>
    </p>
   </div>
   <div class='ocr_carea' id='block_1_86' title="bbox 548 4921 2107 4998">
    <p class='ocr_par' dir='ltr' id='par_1_86' title="bbox 548 4921 2107 4998">
     <span class='ocr_line' id='line_1_86' title="bbox 548 4921 2107 4998; baseline 0.008 -25"><span class='ocrx_word' id='word_1_652' title='bbox 548 4921 713 4984; x_wconf 84' lang='lat' dir='ltr'><strong>citur,</strong></span> <span class='ocrx_word' id='word_1_653' title='bbox 749 4923 1098 4976; x_wconf 85' lang='lat' dir='ltr'><strong>substantiale</strong></span> <span class='ocrx_word' id='word_1_654' title='bbox 1146 4924 1323 4979; x_wconf 81' lang='lat' dir='ltr'><strong>Patris</strong></span> <span class='ocrx_word' id='word_1_655' title='bbox 1368 4942 1487 4982; x_wconf 89' lang='lat' dir='ltr'><strong>esse</strong></span> <span class='ocrx_word' id='word_1_656' title='bbox 1542 4942 1761 4998; x_wconf 84' lang='lat' dir='ltr'><strong>potest:</strong></span> <span class='ocrx_word' id='word_1_657' title='bbox 1799 4941 1990 4993; x_wconf 88' lang='lat' dir='ltr'><strong>restat,</strong></span> <span class='ocrx_word' id='word_1_658' title='bbox 2050 4939 2107 4985; x_wconf 91' lang='lat' dir='ltr'><strong>ut</strong></span> 
     </span>
    </p>
   </div>
   <div class='ocr_carea' id='block_1_87' title="bbox 550 5014 2110 5080">
    <p class='ocr_par' dir='ltr' id='par_1_87' title="bbox 550 5014 2110 5080">
     <span class='ocr_line' id='line_1_87' title="bbox 550 5014 2110 5080; baseline 0.009 -19"><span class='ocrx_word' id='word_1_659' title='bbox 550 5014 931 5080; x_wconf 81' lang='lat' dir='ltr'><strong>patet-nitatem</strong></span> <span class='ocrx_word' id='word_1_660' title='bbox 985 5015 1159 5067; x_wconf 82' lang='lat' dir='ltr'><strong>solam</strong></span> <span class='ocrx_word' id='word_1_661' title='bbox 1208 5014 1383 5073; x_wconf 85' lang='lat' dir='ltr'><strong>Patris</strong></span> <span class='ocrx_word' id='word_1_662' title='bbox 1413 5036 1533 5076; x_wconf 86' lang='lat' dir='ltr'><strong>esse</strong></span> <span class='ocrx_word' id='word_1_663' title='bbox 1565 5024 1919 5077; x_wconf 85' lang='lat' dir='ltr'><strong>substantiale</strong></span> <span class='ocrx_word' id='word_1_664' title='bbox 1967 5024 2110 5076; x_wconf 89' lang='lat' dir='ltr'><strong>dica-</strong></span> 
     </span>
    </p>
   </div>
   <div class='ocr_carea' id='block_1_88' title="bbox 553 5105 2107 5184">
    <p class='ocr_par' dir='ltr' id='par_1_88' title="bbox 553 5105 2107 5184">
     <span class='ocr_line' id='line_1_88' title="bbox 553 5105 2107 5184; baseline 0.007 -28"><span class='ocrx_word' id='word_1_665' title='bbox 553 5120 694 5167; x_wconf 80' lang='lat' dir='ltr'><strong>mus,</strong></span> <span class='ocrx_word' id='word_1_666' title='bbox 728 5105 877 5170; x_wconf 88' lang='lat' dir='ltr'><strong>quasi</strong></span> <span class='ocrx_word' id='word_1_667' title='bbox 927 5107 1386 5163; x_wconf 87' lang='lat' dir='ltr'><strong>commendantem</strong></span> <span class='ocrx_word' id='word_1_668' title='bbox 1436 5115 1485 5166; x_wconf 93' lang='lat' dir='ltr'><strong>in</strong></span> <span class='ocrx_word' id='word_1_669' title='bbox 1516 5116 1773 5184; x_wconf 86' lang='lat' dir='ltr'><strong>preprio,</strong></span> <span class='ocrx_word' id='word_1_670' title='bbox 1809 5123 1864 5169; x_wconf 89' lang='lat' dir='ltr'><strong>et</strong></span> <span class='ocrx_word' id='word_1_671' title='bbox 1907 5114 2107 5167; x_wconf 90' lang='lat' dir='ltr'><strong>nemini</strong></span> 
     </span>
    </p>
   </div>
   <div class='ocr_carea' id='block_1_89' title="bbox 554 5196 2108 5274">
    <p class='ocr_par' dir='ltr' id='par_1_89' title="bbox 554 5196 2108 5274">
     <span class='ocr_line' id='line_1_89' title="bbox 554 5196 2108 5274; baseline 0.006 -25"><span class='ocrx_word' id='word_1_672' title='bbox 554 5211 840 5249; x_wconf 84' lang='lat' dir='ltr'><strong>commune</strong></span> <span class='ocrx_word' id='word_1_673' title='bbox 869 5211 989 5250; x_wconf 84' lang='lat' dir='ltr'><strong>esse</strong></span> <span class='ocrx_word' id='word_1_674' title='bbox 1022 5196 1197 5251; x_wconf 87' lang='lat' dir='ltr'><strong>Patris</strong></span> <span class='ocrx_word' id='word_1_675' title='bbox 1221 5217 1525 5269; x_wconf 87' lang='lat' dir='ltr'><strong>personam,</strong></span> <span class='ocrx_word' id='word_1_676' title='bbox 1567 5209 1682 5261; x_wconf 87' lang='lat' dir='ltr'><strong>sive</strong></span> <span class='ocrx_word' id='word_1_677' title='bbox 1722 5208 2108 5274; x_wconf 83' lang='lat' dir='ltr'><strong>sobstantiam,</strong></span> 
     </span>
    </p>
   </div>
   <div class='ocr_carea' id='block_1_90' title="bbox 554 5289 2108 5368">
    <p class='ocr_par' dir='ltr' id='par_1_90' title="bbox 554 5289 2108 5368">
     <span class='ocr_line' id='line_1_90' title="bbox 554 5289 2108 5368; baseline 0.006 -27"><span class='ocrx_word' id='word_1_678' title='bbox 554 5289 963 5358; x_wconf 79' lang='lat' dir='ltr'><strong>productionem</strong></span> <span class='ocrx_word' id='word_1_679' title='bbox 1001 5305 1124 5341; x_wconf 87' lang='lat' dir='ltr'><strong>vero</strong></span> <span class='ocrx_word' id='word_1_680' title='bbox 1156 5291 1436 5358; x_wconf 86' lang='lat' dir='ltr'><strong>personam</strong></span> <span class='ocrx_word' id='word_1_681' title='bbox 1468 5298 1619 5365; x_wconf 85' lang='lat' dir='ltr'><strong>sequi</strong></span> <span class='ocrx_word' id='word_1_682' title='bbox 1642 5338 1657 5363; x_wconf 96' lang='lat'><strong>,</strong></span> <span class='ocrx_word' id='word_1_683' title='bbox 1692 5308 1750 5351; x_wconf 93' lang='lat' dir='ltr'><strong>ut</strong></span> <span class='ocrx_word' id='word_1_684' title='bbox 1782 5302 2108 5368; x_wconf 79' lang='lat' dir='ltr'><strong>agnitionem</strong></span> 
     </span>
    </p>
   </div>
   <div class='ocr_carea' id='block_1_91' title="bbox 552 5378 2107 5458">
    <p class='ocr_par' dir='ltr' id='par_1_91' title="bbox 552 5378 2107 5458">
     <span class='ocr_line' id='line_1_91' title="bbox 552 5378 2107 5458; baseline 0.006 -25"><span class='ocrx_word' id='word_1_685' title='bbox 552 5378 892 5446; x_wconf 81' lang='lat' dir='ltr'><strong>simpliciter,</strong></span> <span class='ocrx_word' id='word_1_686' title='bbox 952 5396 1014 5434; x_wconf 85' lang='lat' dir='ltr'><strong>ac</strong></span> <span class='ocrx_word' id='word_1_687' title='bbox 1064 5384 1505 5450; x_wconf 61' lang='lat' dir='ltr'><strong>significationem</strong></span> <span class='ocrx_word' id='word_1_688' title='bbox 1564 5390 1883 5458; x_wconf 74' lang='lat' dir='ltr'><strong>substantiae</strong></span> <span class='ocrx_word' id='word_1_689' title='bbox 1938 5390 2107 5457; x_wconf 85' lang='lat' dir='ltr'><strong>ipsius</strong></span> 
     </span>
    </p>
   </div>
   <div class='ocr_carea' id='block_1_92' title="bbox 550 5469 2107 5547">
    <p class='ocr_par' dir='ltr' id='par_1_92' title="bbox 550 5469 2107 5547">
     <span class='ocr_line' id='line_1_92' title="bbox 550 5469 2107 5547; baseline 0.005 -25"><span class='ocrx_word' id='word_1_690' title='bbox 550 5470 664 5540; x_wconf 83' lang='lat' dir='ltr'><strong>jam</strong></span> <span class='ocrx_word' id='word_1_691' title='bbox 698 5469 1056 5525; x_wconf 86' lang='lat' dir='ltr'><strong>subsistentis.</strong></span> <span class='ocrx_word' id='word_1_692' title='bbox 1089 5470 1151 5524; x_wconf 88' lang='lat' dir='ltr'><strong>Et</strong></span> <span class='ocrx_word' id='word_1_693' title='bbox 1191 5486 1585 5545; x_wconf 88' lang='lat' dir='ltr'><strong>consequenter</strong></span> <span class='ocrx_word' id='word_1_694' title='bbox 1620 5476 1957 5531; x_wconf 88' lang='lat' dir='ltr'><strong>nativitatem</strong></span> <span class='ocrx_word' id='word_1_695' title='bbox 1988 5481 2107 5547; x_wconf 86' lang='lat' dir='ltr'><strong>qui-</strong></span> 
     </span>
    </p>
   </div>
   <div class='ocr_carea' id='block_1_93' title="bbox 555 5560 2105 5636">
    <p class='ocr_par' dir='ltr' id='par_1_93' title="bbox 555 5560 2105 5636">
     <span class='ocr_line' id='line_1_93' title="bbox 555 5560 2105 5636; baseline 0.005 -22"><span class='ocrx_word' id='word_1_696' title='bbox 555 5562 680 5614; x_wconf 84' lang='lat' dir='ltr'><strong>dem</strong></span> <span class='ocrx_word' id='word_1_697' title='bbox 729 5560 850 5614; x_wconf 86' lang='lat' dir='ltr'><strong>Filii</strong></span> <span class='ocrx_word' id='word_1_698' title='bbox 904 5578 1186 5630; x_wconf 87' lang='lat' dir='ltr'><strong>personam</strong></span> <span class='ocrx_word' id='word_1_699' title='bbox 1246 5568 1623 5620; x_wconf 85' lang='lat' dir='ltr'><strong>conuuendare</strong></span> <span class='ocrx_word' id='word_1_700' title='bbox 1651 5606 1667 5633; x_wconf 92' lang='lat'><strong>,</strong></span> <span class='ocrx_word' id='word_1_701' title='bbox 1701 5568 2105 5636; x_wconf 79' lang='lat' dir='ltr'><strong>processionem</strong></span> 
     </span>
    </p>
   </div>
   <div class='ocr_carea' id='block_1_94' title="bbox 562 5654 2103 5726">
    <p class='ocr_par' dir='ltr' id='par_1_94' title="bbox 562 5654 2103 5726">
     <span class='ocr_line' id='line_1_94' title="bbox 562 5654 2103 5726; baseline 0.009 -24"><span class='ocrx_word' id='word_1_702' title='bbox 562 5666 688 5704; x_wconf 73' lang='lat' dir='ltr'><strong>vero</strong></span> <span class='ocrx_word' id='word_1_703' title='bbox 738 5654 909 5705; x_wconf 82' lang='lat' dir='ltr'><strong>sancti</strong></span> <span class='ocrx_word' id='word_1_704' title='bbox 966 5654 1199 5721; x_wconf 78' lang='lat' dir='ltr'><strong>Spiritus</strong></span> <span class='ocrx_word' id='word_1_705' title='bbox 1247 5672 1573 5726; x_wconf 80' lang='lat' dir='ltr'><strong>personant:</strong></span> <span class='ocrx_word' id='word_1_706' title='bbox 1611 5670 1774 5726; x_wconf 86' lang='lat' dir='ltr'><strong>atque</strong></span> <span class='ocrx_word' id='word_1_707' title='bbox 1819 5660 1951 5715; x_wconf 81' lang='lat' dir='ltr'><strong>istas</strong></span> <span class='ocrx_word' id='word_1_708' title='bbox 1991 5671 2103 5716; x_wconf 88' lang='lat' dir='ltr'><strong>tres</strong></span> 
     </span>
    </p>
   </div>
   <div class='ocr_carea' id='block_1_95' title="bbox 591 5835 1263 5901">
    <p class='ocr_par' dir='ltr' id='par_1_95' title="bbox 591 5835 1263 5901">
     <span class='ocr_line' id='line_1_95' title="bbox 591 5835 1263 5901; baseline 0 -12"><span class='ocrx_word' id='word_1_709' title='bbox 591 5835 604 5864; x_wconf 83' lang='grc'>¹</span> <span class='ocrx_word' id='word_1_710' title='bbox 640 5836 823 5889; x_wconf 80' lang='lat' dir='ltr'><strong>Matth.</strong></span> <span class='ocrx_word' id='word_1_711' title='bbox 858 5852 1040 5901; x_wconf 61' lang='lat' dir='ltr'><strong>xum,</strong></span> <span class='ocrx_word' id='word_1_712' title='bbox 1072 5837 1155 5899; x_wconf 83' lang='lat' dir='ltr'><strong>l9,</strong></span> <span class='ocrx_word' id='word_1_713' title='bbox 1179 5836 1263 5889; x_wconf 73' lang='lat'><strong>‘20.</strong></span> 
     </span>
    </p>
   </div>
   <div class='ocr_carea' id='block_1_96' title="bbox 2208 4659 3770 4729">
    <p class='ocr_par' dir='ltr' id='par_1_96' title="bbox 2208 4659 3770 4729">
     <span class='ocr_line' id='line_1_96' title="bbox 2208 4659 3770 4729; baseline -0.001 -13"><span class='ocrx_word' id='word_1_714' title='bbox 2208 4663 2422 4725; x_wconf 90' lang='lat' dir='ltr'><strong>dicitur,</strong></span> <span class='ocrx_word' id='word_1_715' title='bbox 2457 4661 2622 4716; x_wconf 89' lang='lat' dir='ltr'><strong>etiam</strong></span> <span class='ocrx_word' id='word_1_716' title='bbox 2655 4660 2950 4729; x_wconf 91' lang='lat' dir='ltr'><strong>productor</strong></span> <span class='ocrx_word' id='word_1_717' title='bbox 2988 4659 3151 4713; x_wconf 86' lang='lat' dir='ltr'><strong>Pater</strong></span> <span class='ocrx_word' id='word_1_718' title='bbox 3197 4663 3324 4716; x_wconf 88' lang='lat' dir='ltr'><strong>erit.</strong></span> <span class='ocrx_word' id='word_1_719' title='bbox 3382 4660 3505 4717; x_wconf 86' lang='lat' dir='ltr'><strong>ideo</strong></span> <span class='ocrx_word' id='word_1_720' title='bbox 3552 4673 3607 4717; x_wconf 90' lang='lat' dir='ltr'><strong>et</strong></span> <span class='ocrx_word' id='word_1_721' title='bbox 3640 4677 3770 4716; x_wconf 85' lang='lat' dir='ltr'><strong>con-</strong></span> 
     </span>
    </p>
   </div>
   <div class='ocr_carea' id='block_1_97' title="bbox 2207 4753 3772 4822">
    <p class='ocr_par' dir='ltr' id='par_1_97' title="bbox 2207 4753 3772 4822">
     <span class='ocr_line' id='line_1_97' title="bbox 2207 4753 3772 4822; baseline -0.001 -17"><span class='ocrx_word' id='word_1_722' title='bbox 2207 4768 2333 4822; x_wconf 83' lang='lat' dir='ltr'><strong>grue</strong></span> <span class='ocrx_word' id='word_1_723' title='bbox 2363 4768 2495 4807; x_wconf 79' lang='lat' dir='ltr'><strong>sane</strong></span> <span class='ocrx_word' id='word_1_724' title='bbox 2520 4754 2813 4818; x_wconf 84' lang='lat' dir='ltr'><strong>productor</strong></span> <span class='ocrx_word' id='word_1_725' title='bbox 2873 4765 2967 4820; x_wconf 86' lang='lat' dir='ltr'><strong>per</strong></span> <span class='ocrx_word' id='word_1_726' title='bbox 3008 4753 3247 4807; x_wconf 82' lang='lat' dir='ltr'><strong>Verbum</strong></span> <span class='ocrx_word' id='word_1_727' title='bbox 3276 4753 3458 4806; x_wconf 86' lang='lat' dir='ltr'><strong>dictus</strong></span> <span class='ocrx_word' id='word_1_728' title='bbox 3488 4764 3572 4807; x_wconf 82' lang='lat' dir='ltr'><strong>est</strong></span> <span class='ocrx_word' id='word_1_729' title='bbox 3605 4771 3620 4818; x_wconf 90' lang='lat'><strong>;</strong></span> <span class='ocrx_word' id='word_1_730' title='bbox 3656 4754 3772 4822; x_wconf 84' lang='lat' dir='ltr'><strong>Spi-</strong></span> 
     </span>
    </p>
   </div>
   <div class='ocr_carea' id='block_1_98' title="bbox 2206 4842 3769 4913">
    <p class='ocr_par' dir='ltr' id='par_1_98' title="bbox 2206 4842 3769 4913">
     <span class='ocr_line' id='line_1_98' title="bbox 2206 4842 3769 4913; baseline -0.001 -15"><span class='ocrx_word' id='word_1_731' title='bbox 2206 4845 2449 4913; x_wconf 88' lang='lat' dir='ltr'><strong>ritusque</strong></span> <span class='ocrx_word' id='word_1_732' title='bbox 2471 4859 2534 4896; x_wconf 82' lang='lat' dir='ltr'><strong>ex</strong></span> <span class='ocrx_word' id='word_1_733' title='bbox 2574 4845 2731 4897; x_wconf 87' lang='lat' dir='ltr'><strong>Patre</strong></span> <span class='ocrx_word' id='word_1_734' title='bbox 2756 4847 3071 4913; x_wconf 89' lang='lat' dir='ltr'><strong>procedere.</strong></span> <span class='ocrx_word' id='word_1_735' title='bbox 3102 4842 3285 4911; x_wconf 86' lang='lat' dir='ltr'><strong>Neque</strong></span> <span class='ocrx_word' id='word_1_736' title='bbox 3316 4844 3421 4897; x_wconf 88' lang='lat' dir='ltr'><strong>hoc</strong></span> <span class='ocrx_word' id='word_1_737' title='bbox 3447 4845 3644 4910; x_wconf 89' lang='lat' dir='ltr'><strong>solum,</strong></span> <span class='ocrx_word' id='word_1_738' title='bbox 3679 4845 3769 4898; x_wconf 81' lang='lat' dir='ltr'><strong>sed</strong></span> 
     </span>
    </p>
   </div>
   <div class='ocr_carea' id='block_1_99' title="bbox 2204 4929 3536 5002">
    <p class='ocr_par' dir='ltr' id='par_1_99' title="bbox 2204 4929 3536 5002">
     <span class='ocr_line' id='line_1_99' title="bbox 2204 4929 3536 5002; baseline 0.002 -17"><span class='ocrx_word' id='word_1_739' title='bbox 2204 4940 2258 4985; x_wconf 89' lang='lat' dir='ltr'><strong>et</strong></span> <span class='ocrx_word' id='word_1_740' title='bbox 2291 4946 2386 4998; x_wconf 87' lang='lat' dir='ltr'><strong>per</strong></span> <span class='ocrx_word' id='word_1_741' title='bbox 2421 4929 2616 4984; x_wconf 85' lang='lat' dir='ltr'><strong>Filium</strong></span> <span class='ocrx_word' id='word_1_742' title='bbox 2642 4931 2781 4984; x_wconf 84' lang='lat' dir='ltr'><strong>facta</strong></span> <span class='ocrx_word' id='word_1_743' title='bbox 2812 4947 2933 4985; x_wconf 86' lang='lat' dir='ltr'><strong>esse</strong></span> <span class='ocrx_word' id='word_1_744' title='bbox 2963 4933 3166 4996; x_wconf 90' lang='lat' dir='ltr'><strong>omnia,</strong></span> <span class='ocrx_word' id='word_1_745' title='bbox 3197 4933 3536 5002; x_wconf 86' lang='lat' dir='ltr'><strong>accepimus.</strong></span> 
     </span>
    </p>
   </div>
   <div class='ocr_carea' id='block_1_100' title="bbox 2280 5021 3772 5092">
    <p class='ocr_par' dir='ltr' id='par_1_100' title="bbox 2280 5021 3772 5092">
     <span class='ocr_line' id='line_1_100' title="bbox 2280 5021 3772 5092; baseline 0 -17"><span class='ocrx_word' id='word_1_746' title='bbox 2280 5021 2403 5076; x_wconf 69' lang='lat' dir='ltr'><strong>llaec</strong></span> <span class='ocrx_word' id='word_1_747' title='bbox 2454 5031 2631 5077; x_wconf 84' lang='lat' dir='ltr'><strong>autem</strong></span> <span class='ocrx_word' id='word_1_748' title='bbox 2663 5023 2923 5091; x_wconf 83' lang='lat' dir='ltr'><strong>praedicta</strong></span> <span class='ocrx_word' id='word_1_749' title='bbox 2969 5023 3150 5076; x_wconf 90' lang='lat' dir='ltr'><strong>omnia</strong></span> <span class='ocrx_word' id='word_1_750' title='bbox 3202 5024 3498 5088; x_wconf 86' lang='lat' dir='ltr'><strong>roborant;</strong></span> <span class='ocrx_word' id='word_1_751' title='bbox 3548 5037 3772 5092; x_wconf 83' lang='lat' dir='ltr'><strong>namque</strong></span> 
     </span>
    </p>
   </div>
   <div class='ocr_carea' id='block_1_101' title="bbox 2206 5114 3770 5184">
    <p class='ocr_par' dir='ltr' id='par_1_101' title="bbox 2206 5114 3770 5184">
     <span class='ocr_line' id='line_1_101' title="bbox 2206 5114 3770 5184; baseline 0 -18"><span class='ocrx_word' id='word_1_752' title='bbox 2206 5123 2260 5167; x_wconf 88' lang='lat' dir='ltr'><strong>et</strong></span> <span class='ocrx_word' id='word_1_753' title='bbox 2289 5114 2542 5173; x_wconf 79' lang='lat' dir='ltr'><strong>traditum</strong></span> <span class='ocrx_word' id='word_1_754' title='bbox 2598 5114 2983 5168; x_wconf 84' lang='lat' dir='ltr'><strong>commendant</strong></span> <span class='ocrx_word' id='word_1_755' title='bbox 3037 5115 3306 5179; x_wconf 89' lang='lat' dir='ltr'><strong>ordinem,</strong></span> <span class='ocrx_word' id='word_1_756' title='bbox 3339 5114 3647 5184; x_wconf 86' lang='lat' dir='ltr'><strong>Filinmqtte</strong></span> <span class='ocrx_word' id='word_1_757' title='bbox 3683 5132 3770 5168; x_wconf 84' lang='lat' dir='ltr'><strong>ne—</strong></span> 
     </span>
    </p>
   </div>
   <div class='ocr_carea' id='block_1_102' title="bbox 2208 5205 3771 5275">
    <p class='ocr_par' dir='ltr' id='par_1_102' title="bbox 2208 5205 3771 5275">
     <span class='ocr_line' id='line_1_102' title="bbox 2208 5205 3771 5275; baseline -0.002 -16"><span class='ocrx_word' id='word_1_758' title='bbox 2208 5206 2448 5259; x_wconf 83' lang='lat' dir='ltr'><strong>cessario</strong></span> <span class='ocrx_word' id='word_1_759' title='bbox 2476 5206 2627 5274; x_wconf 87' lang='lat' dir='ltr'><strong>prius</strong></span> <span class='ocrx_word' id='word_1_760' title='bbox 2657 5218 2839 5261; x_wconf 86' lang='lat' dir='ltr'><strong>mente</strong></span> <span class='ocrx_word' id='word_1_761' title='bbox 2873 5206 3110 5275; x_wconf 78' lang='lat' dir='ltr'><strong>concipi,</strong></span> <span class='ocrx_word' id='word_1_762' title='bbox 3143 5220 3302 5272; x_wconf 89' lang='lat' dir='ltr'><strong>quam</strong></span> <span class='ocrx_word' id='word_1_763' title='bbox 3341 5205 3621 5274; x_wconf 82' lang='lat' dir='ltr'><strong>Spiritum,</strong></span> <span class='ocrx_word' id='word_1_764' title='bbox 3654 5216 3706 5259; x_wconf 92' lang='lat' dir='ltr'><strong>et</strong></span> <span class='ocrx_word' id='word_1_765' title='bbox 3746 5222 3771 5256; x_wconf 87' lang='lat' dir='ltr'><strong>a</strong></span> 
     </span>
    </p>
   </div>
   <div class='ocr_carea' id='block_1_103' title="bbox 2210 5296 3774 5368">
    <p class='ocr_par' dir='ltr' id='par_1_103' title="bbox 2210 5296 3774 5368">
     <span class='ocr_line' id='line_1_103' title="bbox 2210 5296 3774 5368; baseline -0.003 -18"><span class='ocrx_word' id='word_1_766' title='bbox 2210 5296 2369 5351; x_wconf 89' lang='lat' dir='ltr'><strong>Patre</strong></span> <span class='ocrx_word' id='word_1_767' title='bbox 2396 5299 2613 5351; x_wconf 87' lang='lat' dir='ltr'><strong>tertium</strong></span> <span class='ocrx_word' id='word_1_768' title='bbox 2672 5299 2966 5353; x_wconf 82' lang='lat' dir='ltr'><strong>secundum</strong></span> <span class='ocrx_word' id='word_1_769' title='bbox 2996 5300 3338 5368; x_wconf 79' lang='lat' dir='ltr'><strong>personalem</strong></span> <span class='ocrx_word' id='word_1_770' title='bbox 3389 5300 3634 5353; x_wconf 87' lang='lat' dir='ltr'><strong>ordinem</strong></span> <span class='ocrx_word' id='word_1_771' title='bbox 3661 5313 3774 5351; x_wconf 60' lang='lat'><strong>€859.</strong></span> 
     </span>
    </p>
   </div>
   <div class='ocr_carea' id='block_1_104' title="bbox 2215 5386 3772 5458">
    <p class='ocr_par' dir='ltr' id='par_1_104' title="bbox 2215 5386 3772 5458">
     <span class='ocr_line' id='line_1_104' title="bbox 2215 5386 3772 5458; baseline 0.001 -19"><span class='ocrx_word' id='word_1_772' title='bbox 2215 5386 2511 5456; x_wconf 85' lang='lat' dir='ltr'><strong>Spiritum:</strong></span> <span class='ocrx_word' id='word_1_773' title='bbox 2544 5398 2703 5456; x_wconf 85' lang='lat' dir='ltr'><strong>atque</strong></span> <span class='ocrx_word' id='word_1_774' title='bbox 2720 5405 2841 5443; x_wconf 91' lang='lat' dir='ltr'><strong>cum</strong></span> <span class='ocrx_word' id='word_1_775' title='bbox 2864 5392 3053 5444; x_wconf 90' lang='lat' dir='ltr'><strong>ordine</strong></span> <span class='ocrx_word' id='word_1_776' title='bbox 3073 5404 3420 5458; x_wconf 80' lang='lat' dir='ltr'><strong>personarum</strong></span> <span class='ocrx_word' id='word_1_777' title='bbox 3444 5392 3510 5443; x_wconf 90' lang='lat' dir='ltr'><strong>ad</strong></span> <span class='ocrx_word' id='word_1_778' title='bbox 3530 5389 3772 5449; x_wconf 83' lang='lat' dir='ltr'><strong>invicem,</strong></span> 
     </span>
    </p>
   </div>
   <div class='ocr_carea' id='block_1_105' title="bbox 2215 5480 3770 5548">
    <p class='ocr_par' dir='ltr' id='par_1_105' title="bbox 2215 5480 3770 5548">
     <span class='ocr_line' id='line_1_105' title="bbox 2215 5480 3770 5548; baseline 0 -16"><span class='ocrx_word' id='word_1_779' title='bbox 2215 5480 2303 5545; x_wconf 91' lang='lat' dir='ltr'><strong>qui</strong></span> <span class='ocrx_word' id='word_1_780' title='bbox 2324 5496 2387 5534; x_wconf 81' lang='lat' dir='ltr'><strong>ex</strong></span> <span class='ocrx_word' id='word_1_781' title='bbox 2419 5484 2765 5548; x_wconf 84' lang='lat' dir='ltr'><strong>processibus</strong></span> <span class='ocrx_word' id='word_1_782' title='bbox 2786 5484 2949 5535; x_wconf 78' lang='lat' dir='ltr'><strong>sitnul</strong></span> <span class='ocrx_word' id='word_1_783' title='bbox 2979 5482 3307 5546; x_wconf 84' lang='lat' dir='ltr'><strong>declaratur,</strong></span> <span class='ocrx_word' id='word_1_784' title='bbox 3342 5481 3594 5535; x_wconf 53' lang='lat' dir='ltr'><strong>essentite</strong></span> <span class='ocrx_word' id='word_1_785' title='bbox 3646 5495 3770 5546; x_wconf 86' lang='lat' dir='ltr'><strong>quo-</strong></span> 
     </span>
    </p>
   </div>
   <div class='ocr_carea' id='block_1_106' title="bbox 2213 5574 3772 5641">
    <p class='ocr_par' dir='ltr' id='par_1_106' title="bbox 2213 5574 3772 5641">
     <span class='ocr_line' id='line_1_106' title="bbox 2213 5574 3772 5641; baseline -0.001 -17"><span class='ocrx_word' id='word_1_786' title='bbox 2213 5588 2320 5640; x_wconf 88' lang='lat' dir='ltr'><strong>que</strong></span> <span class='ocrx_word' id='word_1_787' title='bbox 2348 5574 2636 5628; x_wconf 83' lang='lat' dir='ltr'><strong>roboratur</strong></span> <span class='ocrx_word' id='word_1_788' title='bbox 2665 5574 2939 5636; x_wconf 86' lang='lat' dir='ltr'><strong>identitas,</strong></span> <span class='ocrx_word' id='word_1_789' title='bbox 2970 5587 3093 5627; x_wconf 87' lang='lat' dir='ltr'><strong>cum</strong></span> <span class='ocrx_word' id='word_1_790' title='bbox 3119 5576 3309 5627; x_wconf 88' lang='lat' dir='ltr'><strong>tertius</strong></span> <span class='ocrx_word' id='word_1_791' title='bbox 3350 5574 3521 5641; x_wconf 89' lang='lat' dir='ltr'><strong>primo</strong></span> <span class='ocrx_word' id='word_1_792' title='bbox 3546 5586 3639 5641; x_wconf 85' lang='lat' dir='ltr'><strong>per</strong></span> <span class='ocrx_word' id='word_1_793' title='bbox 3668 5586 3772 5625; x_wconf 85' lang='lat' dir='ltr'><strong>me-</strong></span> 
     </span>
    </p>
   </div>
   <div class='ocr_carea' id='block_1_107' title="bbox 2212 5662 3771 5735">
    <p class='ocr_par' dir='ltr' id='par_1_107' title="bbox 2212 5662 3771 5735">
     <span class='ocr_line' id='line_1_107' title="bbox 2212 5662 3771 5735; baseline -0.003 -18"><span class='ocrx_word' id='word_1_794' title='bbox 2212 5665 2357 5718; x_wconf 90' lang='lat' dir='ltr'><strong>dium</strong></span> <span class='ocrx_word' id='word_1_795' title='bbox 2382 5663 2649 5735; x_wconf 85' lang='lat' dir='ltr'><strong>jungitur,</strong></span> <span class='ocrx_word' id='word_1_796' title='bbox 2682 5664 2835 5734; x_wconf 78' lang='lat' dir='ltr'><strong>juxta</strong></span> <span class='ocrx_word' id='word_1_797' title='bbox 2864 5663 3184 5733; x_wconf 82' lang='lat' dir='ltr'><strong>Gregorium</strong></span> <span class='ocrx_word' id='word_1_798' title='bbox 3212 5662 3531 5733; x_wconf 73' lang='lat' dir='ltr'><strong>Nyssenum,</strong></span> <span class='ocrx_word' id='word_1_799' title='bbox 3563 5668 3771 5715; x_wconf 78' lang='lat' dir='ltr'><strong>natura-</strong></span> 
     </span>
    </p>
   </div>
  </div>
