4064 6262
295 434 402 498 I33

1396 435 1795 497 ADVERSUS
1829 435 2145 499 ΟΒίΕΟΟὸ
2180 441 2318 502 LIB.
2353 443 2462 506 III.

3468 450 3566 513 134

287 550 443 619 lique
497 546 738 602 bonitate
786 561 851 602 ac
911 546 1171 618 dignitate
1239 548 1384 617 regia
1459 566 1523 602 ex
1584 549 1746 604 Patre
1799 564 1894 618 per
1925 553 1970 609 A
2072 551 2146 605 Ex
2177 554 2376 623 quibus
2411 556 2462 608 id
2491 554 2654 609 etiam
2682 555 2935 611 admirari
2986 556 3131 627 licet,
3165 561 3458 631 quomodo,
3480 567 3571 633 qui

290 644 648 712 Unigenitum
678 642 743 693 ad
777 639 1039 711 Spiritum
1070 650 1320 695 sanctum
1357 658 1421 696 ex
1489 641 1650 698 Patre
1689 658 1881 714 proce-

287 737 444 800 dere,
482 750 584 790 uon
609 742 789 789 tamen
815 749 883 787 ex
910 734 1239 804 productore
1265 733 1442 799 .Nam,
1474 737 1771 791 secundum
1794 752 1886 805 pa-

289 836 509 881 lernam
565 825 954 896 proprietatem
995 824 1176 880 Patris
1246 843 1483 895 persona
1556 828 1882 893 subsistens,

285 923 595 974 secundum
619 920 758 973 hanc
788 920 1065 988 primitus,
1086 935 1149 974 ac
1167 920 1284 974 sine
1312 923 1489 975 medio
1513 938 1576 975 ex
1605 938 1663 976 se
1690 922 1881 976 Filium

285 1012 470 1082 gignit
498 1011 807 1082 :gignendo
838 1020 1023 1065 autem
1050 1011 1367 1080 producitet
1397 1011 1658 1081 Spiritum
1688 1030 1700 1065 :
1733 1015 1880 1068 illum

286 1104 518 1174 quidem
544 1103 892 1159 continenter
937 1119 1003 1159 es
1029 1105 1228 1174 primo;
1268 1107 1411 1157 hunc
1435 1116 1609 1159 autem
1638 1121 1734 1175 per
1756 1121 1879 1159 eum

286 1197 386 1265 qui
418 1206 505 1249 est
533 1196 883 1250 continenter
907 1211 972 1251 ex
1003 1196 1201 1265 primo.
1234 1196 1341 1249 Nisi
1363 1211 1492 1265 ergo
1518 1198 1676 1252 Pater
1714 1208 1879 1264 esset,

288 1286 535 1356 profecto
554 1302 729 1356 neque
751 1289 1047 1357 productor
1080 1297 1247 1342 esset.

366 1379 523 1433 Unde
554 1380 719 1433 etiam
751 1380 961 1434 dictum
993 1390 1099 1447 est,
1154 1383 1361 1437 idcirco
1419 1382 1567 1437 illum
1616 1399 1680 1438 ex
1717 1384 1880 1439 Patre

284 1471 613 1537 procedere,
646 1474 907 1553 quoniam
955 1474 1223 1543 eﬂulgeta
1277 1474 1436 1541 F.lio,
1498 1486 1551 1534 et
1581 1491 1677 1545 per
1702 1478 1875 1546 ipsqu

282 1575 393 1618 est.
414 1561 529 1618 Nisi
554 1565 695 1618 enim
737 1581 834 1636 per
856 1566 1054 1621 Filium
1076 1578 1242 1632 esset,
1263 1584 1437 1637 neque
1468 1589 1493 1622 a
1533 1570 1691 1624 Patre
1708 1580 1873 1625 esset.

281 1656 481 1723 Itaque
513 1658 866 1727 praacogitato
905 1658 1119 1729 quidem
1146 1658 1282 1714 Filio
1320 1671 1541 1730 propter
1593 1671 1875 1731 paternam

282 1750 722 1816 generationem,
754 1753 1055 1806 secundum
1081 1769 1240 1822 quam
1266 1753 1445 1808 Patris
1482 1770 1711 1821 persona
1754 1756 1879 1809 sub-

283 1844 434 1896 sistit
467 1861 481 1895 :
520 1859 615 1911 per
645 1843 839 1898 Filium
875 1860 1002 1899 vero
1045 1846 1372 1913 procedente
1405 1846 1611 1916 Spiritu
1649 1857 1873 1910 sancto,

1994 643 2249 713 Spiritum
2290 659 2540 703 sanctum
2598 664 2663 703 ex
2697 650 2813 704 solo
2872 649 3032 706 Patre
3056 666 3175 707 esse
3208 653 3413 721 volunt,
3440 656 3571 709 dum

1993 737 2095 791 sibi
2131 738 2256 807 ipsis
2290 741 2514 794 nimium
2545 741 2839 812 indulgent,
2873 744 3222 800 substantiale
3245 746 3420 801 Patris
3445 762 3575 816 pro-

1992 827 2192 884 ducere
2244 840 2473 898 ponunt,
2507 836 2726 903 etquod
2778 836 3059 905 quaeritur,
3119 836 3172 891 in
3204 854 3312 907 quo
3339 840 3568 894 multum

1990 919 2189 976 laboris
2244 932 2301 976 ut
2332 925 2553 982 ostendi
2600 938 2803 994 posset,
2865 930 3097 996 primum
3149 930 3435 999 oportebat
3479 947 3567 987 as-

1989 1012 2155 1074 sumi,
2189 1013 2343 1081 quasi
2380 1029 2698 1070 concessum
2725 1019 3001 1089 accipiunt
3027 1037 3040 1083 ;
3063 1034 3187 1074 cum
3222 1036 3395 1090 neque
3422 1036 3572 1075 com-

1990 1116 2181 1157 munes
2211 1106 2277 1158 de
2308 1104 2577 1163 Trinitate
2615 1108 2988 1178 intelligentiae
3014 1111 3362 1180 permittant;
3397 1129 3569 1182 neque

1987 1194 2038 1248 id
2064 1209 2232 1250 sacrae
2260 1196 2482 1253 Litterae
2516 1198 2750 1254 habeant
2785 1220 2800 1268 ;
2838 1217 3014 1271 neque
3064 1204 3203 1258 nllus
3254 1216 3566 1260 sanctorum

1987 1284 2208 1339 Patrum
2260 1287 2493 1354 dixerit,
2525 1290 2593 1343 ab
2637 1289 2944 1360 hujusmodi
2980 1293 3336 1362 intelligentia
3376 1294 3571 1347 adver-

1990 1378 2172 1432 terint.
2205 1377 2331 1443 Sed,
2371 1395 2493 1434 cum
2531 1397 2703 1449 neque
2733 1397 2761 1435 a
2792 1383 3196 1453 disputantibus
3220 1384 3271 1437 id
3301 1384 3567 1437 conceda-

1988 1478 2094 1534 ῑυΐο
2131 1470 2236 1538 ἱρεὶ
2268 1480 2446 1525 tamen
2478 1474 2635 1542 Quasi
2675 1490 2771 1541 pro
2798 1490 3076 1541 concesso,
3113 1476 3256 1545 quod
3278 1474 3564 1544 queritur,

1986 1570 2181 1630 praater
2230 1577 2444 1619 onmem
2507 1566 2773 1621 rationem
2836 1581 3228 1639 supponentes,
3284 1575 3476 1637 putant
3506 1582 3566 1622 se

1986 1652 2188 1723 aliquid
2231 1656 2579 1722 concludere,
2632 1660 2972 1730 plurimaque
3022 1661 3200 1731 inepta
3231 1669 3421 1714 contra
3468 1673 3565 1714 eos

1985 1746 2075 1813 qui
2100 1763 2193 1814 per
2213 1745 2409 1811 Filium
2451 1761 2613 1819 atque
2654 1766 2680 1802 a
2706 1750 2844 1805 Filio
2877 1768 3001 1807 esse
3024 1752 3282 1820 Spiritum
3311 1762 3563 1805 sanctum

1984 1842 2337 1906 conﬁtentur,
2366 1843 2646 1911 colligunt.
2667 1843 2820 1909 Quod
2844 1844 2887 1898 si
2920 1846 3019 1899 tria
3041 1845 3379 1899 solummodo
3401 1845 3562 1898 trium

284 1936 515 2003 proprie
544 1936 839 1989 admodum
868 1937 1104 2002 Spiritus
1140 1948 1362 1994 sanctus
1396 1955 1461 1992 ex
1489 1941 1652 1994 Patre
1684 1955 1872 2009 proce-

1985 1946 2334 2000 personarum
2372 1934 2747 1990 substantialia
2784 1951 2906 1990 esse
2942 1951 3166 1991 necesse
3194 1946 3295 2002 est,
3337 1954 3403 1991 ne
3437 1937 3563 2003 plu-

285 2029 418 2079 dere
450 2042 479 2078 a
505 2026 771 2097 thcoIOgis
802 2030 1061 2083 asscritur
1094 2046 1107 2094 ;
1143 2039 1200 2084 ut
1253 2032 1343 2099 qui
1391 2046 1499 2085 non
1528 2031 1686 2084 aliter
1717 2046 1876 2099 quam

285 2133 357 2171 ει
410 2118 572 2172 Patre
598 2135 694 2187 per
725 2121 1131 2187 generationem
1187 2123 1520 2190 producatur
1572 2139 1586 2176 :
1620 2123 1688 2178 ob
1712 2137 1872 2191 quam

284 2209 539 2278 profecto
571 2223 819 2275 oausam,
855 2222 909 2265 ct
943 2212 1117 2266 sancti
1144 2210 1333 2268 Patres
1381 2214 1728 2284 coniunctam
1753 2229 1878 2283 pro-

282 2302 515 2354 cedendi
557 2302 952 2367 delinitioncm,
986 2319 1053 2358 ex
1110 2305 1270 2360 Patre
1307 2306 1449 2375 quod
1511 2307 1732 2371 dicitur,
1779 2322 1876 2377 pro

281 2405 351 2445 eo
383 2392 530 2459 quod
570 2403 653 2446 cst
688 2407 755 2445 ex
788 2392 949 2447 Patre
977 2408 1074 2462 per
1108 2393 1303 2449 Filium
1340 2396 1726 2465 suscipientes,
1762 2412 1873 2449 ma-

281 2482 541 2536 nifestius
579 2485 957 2553 explicuerunt
1013 2488 1161 2541 :hoc
1206 2487 1382 2555 ipsum
1444 2503 1564 2542 esse
1622 2503 1688 2542 ex
1716 2488 1875 2543 Patre

283 2573 608 2640 procedere,
671 2574 872 2629 divinis
947 2576 1254 2631 rationibus
1314 2587 1713 2633 asseverantes.
1754 2578 1869 2635 Nisi

279 2664 432 2717 coitn
468 2667 763 2719 semiudum
819 2669 1164 2733 paternitatis
1219 2670 1621 2738 definitionem,
1662 2687 1861 2728 secun-

279 2755 413 2808 diu"
440 2771 603 2825 quam
632 2756 808 2811 Patris
832 2775 1060 2827 persona
1095 2761 1363 2825 subsistit,
1414 2762 1668 2818 uativitas
1724 2763 1872 2827 Filii,

281 2849 611 2917 priusquam
644 2852 922 2919 processio
978 2852 1216 2921 Spiritus
1252 2856 1604 2922 cogitaretur,
1661 2870 1866 2923 nequa-

280 2957 450 3009 quam
481 2958 543 2995 es
579 2944 737 2997 Patre
764 2946 1081 3012 procedere,
1116 2946 1210 3001 sed
1238 2962 1305 3001 ex
1352 2948 1683 3015 productore
1719 2951 1867 3004 dice.

281 3042 459 3097 retur,
511 3045 672 3101 atque
711 3052 784 3099 leo
813 3040 1004 3106 magis,
1044 3052 1106 3091 ne
1136 3048 1192 3092 et
1244 3038 1481 3108 Spiritus
1522 3038 1692 3096 Filius
1750 3058 1871 3096 esse

281 3127 617 3194 quibusdam
683 3129 915 3184 fortasse
959 3131 1254 3194 videretur,
1295 3146 1416 3186 cum
1462 3133 1758 3200 procedere
1790 3135 1870 3186 di-

281 3235 505 3273 ceretur
526 3235 592 3273 ex
622 3220 799 3275 Patre.
830 3222 1081 3291 Congrue
1118 3224 1281 3289 igitur
1336 3223 1614 3277 innovatio
1663 3224 1870 3279 ordinis
1896 3258 1941 3321 Ο

279 3326 448 3379 quem
493 3309 751 3365 Dominus
782 3314 1024 3375 tradidit,
1066 3315 1231 3381 ipsius
1272 3314 1590 3369 substantia:
1622 3316 1873 3371 abolitio-

283 3419 415 3456 nem
473 3402 696 3468 habere,
750 3405 984 3472 ﬁdeique
1025 3407 1186 3459 totius
1240 3404 1524 3476 abnegatio
1552 3421 1671 3462 esse
1724 3409 1867 3462 dicta

279 3505 390 3548 est.
435 3495 718 3563 Abnegant
752 3495 908 3549 [idem
941 3495 1173 3556 scilicet,
1203 3499 1294 3567 qui
1316 3498 1623 3567 producere
1653 3502 1866 3566 quidem

280 3596 348 3640 ut
382 3586 745 3641 substantiale
777 3597 1038 3654 ponentes
1067 3588 1262 3653 Patris,
1291 3605 1356 3645 ex
1394 3590 1513 3659 ipso
1546 3589 1666 3645 sine
1694 3592 1871 3645 medio

279 3678 589 3744 procedere
619 3674 881 3745 Spiritum
910 3678 1121 3733 dicunt.

361 3767 707 3821 Attestantur
729 3776 907 3822 autem
944 3770 1027 3824 his
1057 3785 1176 3839 qua:
1207 3768 1349 3824 dicta
1381 3783 1530 3837 sunt,
1578 3772 1707 3827 hinc
1742 3774 1868 3843 qui-

280 3860 414 3913 dem
449 3858 731 3929 Scriptura
755 3860 937 3914 divina
976 3860 1200 3929 ubique,
1232 3877 1351 3915 cum
1389 3862 1454 3916 de
1478 3863 1648 3917 tribus
1679 3879 1868 3932 perso-

284 3949 647 4018 nisloquitur,
668 3951 907 4015 Patrem,
934 3964 982 4005 et
999 3950 1216 4015 Filium,
1249 3964 1301 4006 et
1326 3952 1585 4022 Spiritum
1619 3961 1868 4009 sanctum

286 4041 605 4104 enuntians,
636 4041 791 4109 quasi
823 4044 923 4096 ista
980 4041 1270 4106 suliiciaut,
1300 4044 1510 4098 divinas
1564 4045 1683 4100 illas
1742 4048 1872 4100 sub-

282 4133 572 4187 sistentias
619 4134 1061 4203 substantiasque
1111 4135 1666 4191 eouunendareﬁinc
1706 4139 1867 4191 etiam

284 4226 557 4279 Doctores
613 4230 809 4289 sancti,
841 4241 962 4280 cum
1000 4228 1066 4281 de
1096 4227 1869 4297 substantialibusdisserunt,

284 4318 439 4371 solas
461 4316 559 4370 has
580 4316 931 4373 discretionis
954 4320 1173 4371 tradunt
1213 4333 1425 4373 eauSaS.
1454 4320 1541 4372 Ait
1570 4321 1710 4373 enim
1745 4335 1870 4374 sau-

285 4419 415 4461 ctus
445 4406 682 4463 Joannes
711 4412 1102 4463 Damascenus:
1134 4408 1305 4463 Unum
1341 4409 1511 4464 Deum
1535 4414 1866 4480 agnoscimus

284 4504 343 4554 in
368 4502 497 4553 solis
525 4502 933 4570 proprietatibus
956 4503 1313 4566 paternitatis,
1337 4504 1650 4569 nativitatis,
1675 4514 1720 4557 et
1748 4522 1871 4574 pro-

1982 2022 2117 2075 rima
2151 2026 2379 2077 absurda
2427 2041 2490 2079 ac
2525 2027 2739 2095 indigna
2788 2037 3108 2094 sequantur,
3141 2027 3382 2094 solisque
3431 2042 3560 2096 pro-

1980 2115 2307 2182 prietatibus
2359 2118 2726 2184 paternitatis,
2776 2128 2831 2171 et
2876 2118 3195 2177 nativitatis.
3224 2133 3286 2172 ac
3343 2133 3565 2187 proces-

1978 2206 2169 2270 siouis,
2223 2208 2587 2277 subsistentia:
2642 2210 2861 2263 modum
2919 2209 3384 2279 diﬂ‘erentiamque
3432 2212 3560 2266 sub-

1979 2299 2307 2353 stantiarum
2338 2298 2715 2368 intelligimus,
2747 2299 2899 2369 juxta
2961 2308 3269 2354 sanctorum
3335 2300 3555 2355 Patrum

1977 2391 2325 2444 traditionem
2357 2406 2372 2444 :
2404 2391 2594 2460 liquet,
2622 2400 2820 2460 praeter
2853 2391 3141 2462 praedictas
3175 2394 3553 2462 proprietates,

1976 2480 2185 2534 nullum
2219 2480 2364 2534 aliud
2389 2481 2747 2537 substantiale
2797 2496 2939 2548 esse,
2972 2482 3342 2552 cujuscunque
3391 2484 3555 2535 trium

1976 2571 2027 2624 in
2078 2581 2265 2626 sancta
2325 2571 2595 2627 Trinitate
2634 2587 2988 2643 personarum
3019 2590 3034 2639 ;
3071 2572 3373 2643 falsumque
3404 2587 3549 2638 esse.

1973 2665 2114 2734 quod
2152 2664 2225 2717 illi
2247 2679 2343 2733 pro
2368 2678 2628 2720 concesso
2658 2676 2888 2735 ponunt,
2915 2664 3155 2736 falsaque
3179 2668 3384 2731 omnia,
3404 2680 3555 2734 quae-

1977 2770 2105 2824 que.
2141 2756 2246 2812 hoe
2274 2756 2465 2827 {posito
2520 2759 2864 2823 concludere,
2917 2769 3078 2827 atque
3108 2773 3337 2829 arguere
3362 2773 3421 2813 se
3455 2773 3557 2828 pu-

1976 2856 2133 2902 tant:
2185 2858 2519 2918 externaque
2578 2865 2641 2904 ac
2670 2849 2877 2918 putida,
2931 2865 3051 2919 quae
3075 2858 3263 2903 contra
3309 2849 3554 2915 Latinos,

1979 2938 2091 2993 imo
2126 2954 2251 2993 vero
2294 2951 2482 2994 contra
2514 2953 2731 2996 satietas
2763 2943 2954 2995 Patres
2994 2940 3322 3011 longissimis
3354 2950 3556 2995 tracta-

1973 3029 2119 3085 tibus
2149 3032 2524 3087 conscribunt;
2546 3047 2641 3101 per
2675 3049 2793 3102 qua:
2830 3033 3178 3096 concludunt,
3229 3033 3301 3087 illi
3326 3033 3550 3102 quidem

1975 3122 2129 3187 nihil,
2158 3137 2370 3192 semper
2401 3135 2578 3177 autem
2612 3125 2664 3177 in
2699 3124 2976 3194 principiis
3004 3133 3313 3178 versantur.

2043 3215 2342 3269 Conﬁcitur
2372 3224 2548 3269 autem
2582 3225 2635 3270 et
2665 3231 2729 3269 ex
2767 3218 2849 3270 his
2898 3231 3016 3283 qme
3042 3216 3183 3270 dicta
3230 3226 3378 3280 sunt,
3409 3219 3554 3287 quod

1973 3322 2159 3361 eorum
2191 3323 2309 3376 qua:
2334 3305 2588 3363 dicuntur
2616 3308 2666 3361 in
2689 3308 2799 3363 Deo
2823 3309 2925 3362 alia
2950 3308 3163 3377 quidem
3203 3309 3405 3363 nullam
3436 3310 3552 3364 dis-

1973 3401 2266 3454 cretionem
2319 3401 2572 3470 signant;
2607 3401 2698 3456 sed
2734 3403 2783 3455 in
2811 3410 2919 3456 tota
2952 3402 3231 3456 divinitate
3262 3402 3556 3456 indiscrete

1974 3491 2258 3545 dicuntur:
2312 3492 2427 3547 sive
2484 3492 2754 3557 absoluta,
2787 3494 3082 3547 secundum
3141 3507 3201 3547 se
3230 3494 3346 3561 ipsa
3403 3492 3551 3545 dicat

1972 3582 2259 3651 quispiam,
2294 3593 2350 3635 ut
2376 3587 2614 3653 sapiens,
2647 3584 2840 3645 bonus,
2868 3586 2998 3647 vita,
3024 3584 3246 3648 veritas,
3266 3586 3501 3639 essentia
3529 3602 3545 3638 :

1972 3676 2107 3738 sive,
2144 3689 2265 3742 quae
2288 3688 2383 3741 per
2411 3688 2693 3728 excessum
2728 3674 3028 3743 negationis
3055 3675 3336 3742 dicuntur,
3369 3685 3429 3729 ut
3462 3675 3547 3730 in-

1974 3762 2218 3822 visibilis.
2247 3760 2830 3832 incomprehensibilis,
2852 3764 3411 3831 supersubstantialis:
3434 3767 3551 3820 sive

1971 3865 2091 3919 qua:
2127 3851 2377 3918 habitum
2440 3855 2505 3902 ad
2542 3862 2850 3905 creaturam
2903 3853 3165 3919 indicant,
3222 3863 3279 3906 ut
3310 3862 3551 3920 creator,

1973 3958 2090 4008 rex,
2124 3944 2489 4013 omnipotens.
2527 3943 2645 3997 Alia
2711 3959 2837 3999 vero
2893 3947 3109 4016 prOpria
3170 3947 3223 4000 in
3282 3947 3557 4001 Trinitate

1976 4046 2127 4089 SUIII.

2041 4125 2108 4179 Et
2138 4124 2477 4195 propriorum
2514 4125 2617 4178 alia
2649 4125 2865 4194 quidem
2919 4126 3132 4183 duobus
3185 4130 3551 4184 communiter

1970 4228 2115 4285 sunt,
2152 4216 2371 4289 propria
2401 4232 2551 4280 vero,
2591 4217 2656 4270 ad
2689 4218 2974 4287 reliquaut.
2998 4218 3094 4273 Eat
3117 4221 3261 4275 enim
3306 4230 3361 4275 et
3389 4222 3550 4289 quid-

1971 4312 2095 4366 dam
2141 4312 2245 4364 tale
2291 4312 2591 4379 preprium,
2641 4310 2709 4362 ad
2739 4310 2885 4363 aliud
2933 4309 3158 4379 aliquid,
3201 4320 3257 4365 et
3287 4311 3434 4381 quod
3481 4313 3551 4365 ad

1971 4405 2188 4473 aiiquod
2235 4405 2433 4458 dicitur
2468 4402 2766 4471 proprium,
2803 4419 2906 4458 non
2927 4412 3106 4456 tamen
3142 4404 3441 4458 secundum
3465 4418 3551 4457 se-

1972 4497 2143 4565 ipsqu
2196 4494 2495 4564 proprium,
2544 4493 2701 4559 quasi
2752 4493 3136 4547 commendare
3191 4494 3290 4548 hoc
3343 4494 3548 4562 aliquid

284 4590 562 4649 cessionis,
593 4598 640 4642 et
676 4587 961 4641 secundum
995 4604 1234 4653 causam,
1261 4602 1305 4643 et
1330 4592 1562 4654 causale,
1590 4592 1862 4661 perfectio-
1898 4594 1941 4648 Ι)
1970 4588 2176 4658 possit;
2236 4596 2291 4639 ut
2352 4587 2498 4640 verbi
2550 4589 2723 4657 gratia
2780 4588 3025 4657 bipedem
3058 4599 3201 4651 esse,
3239 4586 3441 4639 homini
3482 4588 3548 4639 ad

290 4696 513 4748 imaque
532 4682 841 4733 substantia:
865 4683 970 4734 sive
998 4681 1342 4735 subsistentia:
1378 4682 1585 4734 modum
1611 4682 1865 4750 diﬂeren-

282 4775 417 4825 (iam
461 4773 822 4841 intelligimus.
858 4771 1009 4838 Quod
1061 4775 1104 4827 si
1152 4774 1204 4827 in
1242 4774 1372 4827 solis
1441 4774 1869 4843 proprietatibus

283 4864 651 4918 differentiam
683 4864 1036 4935 intelligimus
1068 4875 1122 4919 et
1146 4868 1274 4934 ipsae
1303 4865 1431 4921 sola:
1478 4866 1687 4921 scilicet
1741 4880 1864 4935 per-

281 4971 454 5008 sonas
488 4957 912 5024 commendant;
939 4956 982 5010 si
1008 4957 1173 5026 igitur
1202 4957 1316 5010 haec
1342 4971 1468 5009 vera
1499 4965 1643 5020 sunt,
1669 4959 1869 5025 produ-

282 5061 413 5099 cere
438 5060 659 5114 prorsus
685 5048 1037 5103 substantiale
1069 5065 1172 5102 non
1196 5057 1299 5102 est.
1330 5046 1632 5103 Conficitur
1658 5059 1862 5113 autem,

284 5136 438 5203 quod
492 5136 581 5204 qui
635 5136 813 5191 Patris
858 5137 1260 5198 substantialia,
1292 5138 1445 5205 plura
1483 5151 1644 5205 quam
1695 5150 1861 5190 unum

284 5238 521 5296 ponunt,
561 5229 1055 5297 paternitatemque
1078 5237 1132 5281 et
1159 5227 1596 5296 productionem,
1653 5228 1868 5296 ingeni-

284 5330 514 5387 tumque
548 5328 603 5371 et
625 5333 870 5381 causam,
922 5318 1148 5372 veritate
1172 5318 1431 5372 excidunt
1462 5334 1477 5381 ;
1511 5316 1865 5387 plurimisque

284 5409 720 5465 absurditatibus
770 5420 1021 5465 tenentur
1058 5410 1266 5464 astricti
1313 5426 1327 5476 ;
1361 5410 1485 5463 dum
1517 5419 1570 5462 et
1617 5409 1870 5463 substan-

287 5504 421 5557 tiam
461 5502 637 5557 Patris
659 5503 1015 5571 compositam
1058 5502 1240 5557 dicere
1284 5514 1568 5570 coguntur,
1607 5500 1866 5556 traditos-

281 5611 397 5663 que
428 5597 738 5651 divinarum
771 5611 1127 5666 personarqu
1185 5609 1468 5664 processus
1516 5595 1753 5659 auferre,
1802 5609 1868 5650 ac

282 5685 490 5753 plures,
508 5701 670 5756 quam
696 5692 805 5743 sint
828 5687 1033 5749 traditi,
1058 5684 1279 5747 inferre,
1303 5695 1354 5739 et
1374 5699 1492 5754 qua:
1511 5684 1744 5759 absurda
1766 5688 1867 5741 hoc

283 5794 398 5831 uno
420 5792 680 5835 concesso
718 5783 841 5837 hinc
888 5797 1165 5851 emergere
1188 5781 1358 5837 cuivis
1372 5780 1724 5848 conspicuum
1745 5794 1866 5836 esse

284 5878 496 5937 potest.

1975 4694 2198 4747 equum,
2229 4689 2278 4732 et
2310 4693 2524 4741 canem,
2557 4678 2834 4747 pr0prium
2872 4678 3126 4745 est.jQua:
3154 4679 3317 4747 igitur
3339 4676 3557 4730 duobus

1973 4773 2335 4826 communiter
2370 4782 2497 4826 sunt
2524 4773 2720 4826 divinis
2777 4773 3021 4840 personis
3049 4772 3287 4840 propria,
3324 4772 3436 4826 haec
3468 4783 3551 4824 ta-

1976 4879 2095 4916 men
2134 4863 2198 4915 ad
2263 4863 2525 4931 reliquam
2575 4864 2791 4933 propria
2830 4872 2932 4917 :ut
2966 4862 3205 4927 causale,
3269 4864 3555 4932 proprium

1970 4965 2053 5011 est
2084 4954 2204 5009 Filii
2239 4963 2293 5009 et
2321 4955 2492 5009 sancti
2532 4956 2765 5024 Spiritus
2786 4955 2850 5007 ad
2886 4954 3104 5007 Patrem
3139 4969 3153 5006 :
3190 4954 3404 5009 mittere
3453 4970 3556 5008 au-

1973 5057 2104 5113 tem,
2125 5050 2206 5100 vel
2233 5048 2386 5112 dare,
2417 5047 2499 5100 vel
2526 5062 2779 5099 emanare
2804 5044 3066 5114 Spiritum
3098 5056 3370 5113 sanctum,
3402 5062 3555 5101 com-

1976 5156 2136 5194 mune
2170 5150 2252 5193 est
2284 5138 2426 5193 Patri
2460 5150 2511 5193 et
2544 5139 2679 5193 Filio
2713 5141 2778 5193 ad
2813 5139 3074 5209 Spiritum
3106 5156 3119 5191 :
3163 5142 3417 5195 similiter
3451 5158 3552 5196 au-

1976 5240 2083 5285 tem
2131 5240 2184 5283 et
2241 5230 2481 5299 ipsorum
2534 5244 2676 5295 esse,
2707 5247 2770 5287 ac
2806 5233 2909 5287 dici
2969 5232 3230 5303 Spiritum
3276 5243 3575 5287 sanctunu

1975 5323 2152 5375 Patris
2178 5323 2320 5375 enim
2359 5332 2411 5377 et
2441 5322 2560 5376 Filii
2597 5324 2684 5377 ille
2723 5323 2956 5394 Spiritus
2982 5327 3223 5391 dicitur;
3264 5326 3335 5379 illi
3369 5335 3553 5379 autem

1974 5411 2133 5479 hujus
2161 5428 2265 5464 non
2298 5412 2576 5477 dicuntur,
2613 5430 2788 5483 neque
2818 5412 2999 5478 Pater,
3029 5430 3202 5483 neque
3229 5413 3419 5473 Filius,
3456 5427 3543 5464 ue-

1973 5519 2078 5572 que
2113 5504 2371 5572 Spiritus,
2402 5505 2493 5559 sed
2526 5520 2699 5574 neque
2723 5508 2805 5560 sui
2840 5507 3015 5575 ipsius
3038 5520 3121 5561 est
3148 5505 3402 5574 Spiritus,
3426 5505 3525 5570 Spir

1977 5596 2114 5649 ritus
2167 5606 2408 5651 sanctus.
2459 5595 2663 5649 Horum
2729 5610 2909 5651 autem
2960 5597 3178 5650 causale
3198 5595 3412 5660 quidem
3448 5609 3551 5648 ηομ
3610 5651 3613 5653 ,

1976 5688 2122 5743 mine
2157 5698 2365 5741 tantum
2391 5727 2406 5752 ,
2459 5690 2552 5743 sed
2583 5706 2688 5743 nou
2742 5705 2823 5749 re.
2858 5704 3143 5743 commune
3177 5686 3360 5741 habet.
3406 5687 3549 5740 Prte-

1974 5778 2209 5830 dicntom
2244 5779 2389 5831 enim
2412 5792 2497 5833 cst
2520 5781 2690 5832 solum
2718 5780 2783 5833 de
2818 5790 3045 5847 utroque
3068 5779 3266 5832 dictum
3300 5794 3314 5844 ;
3343 5780 3549 5833 idcirco

1982 5868 2143 5921 etiam
2174 5883 2279 5921 non
2314 5869 2603 5933 unum,srtl
2623 5868 2727 5920 duo
2755 5868 2992 5921 causnlta
3022 5870 3309 5937 dicuntur;
3338 5871 3381 5925 si
3400 5871 3545 5923 enim
