4144 6296
558 415 660 477 135

1806 407 2208 468 MANUELIS
2243 406 2550 465 (ΖΜ,Εοιῖ

3768 404 3883 469 136

554 534 698 580 esset
733 523 948 576 causale
1004 536 1088 577 res
1122 522 1172 575 in
1204 521 1358 584 Filio,
1389 532 1442 577 et
1476 533 1663 577 sancto
1691 523 1914 594 Spiritu,
1953 511 2194 579 unnmA
2229 535 2348 575 men
2383 521 2432 572 id
2474 529 2710 583 constat,
2750 518 2946 573 nullam
2977 533 3072 588 per
3099 519 3184 573 illa
3209 533 3495 589 personam
3525 535 3882 578 commen—

556 621 741 667 essent
778 612 992 666 causale
1050 615 1230 667 ambo.
1269 614 1477 668 Mittere
1525 609 1726 679 autem,
1763 624 1817 667 et
1850 625 2124 675 emanare,

560 716 721 774 atque
743 705 839 756 alia
858 705 1182 773 huiusmodi.
1209 722 1311 758 una
1331 723 1414 761 res
1434 717 1558 761 sunt
1584 708 1634 759 in
1668 708 1841 765 Patre.
1871 721 1933 759 ac
1965 704 2122 766 Filio,

570 797 814 862 utriSque
847 796 1197 860 mittentibus,
1229 807 1276 848 cl
1305 798 1860 863 emanantibus,unus
1889 797 1978 864 qui
2009 799 2129 848 mit.-

567 886 650 947 tit,
698 896 800 949 est,
834 897 887 939 et
921 901 1058 941 unus
1100 887 1240 940 fons.
1272 887 1555 940 Ostensurn
1584 897 1666 942 est
1689 889 1852 951 enim,
1884 889 2124 949 Patrem,

562 988 614 1031 et
650 976 862 1042 Filium,
890 977 1092 1031 fontem
1130 993 1256 1030 esse
1287 980 1456 1032 sancti
1519 979 1775 1046 Spiritus,
1817 989 1977 1048 atque
2009 995 2129 1034 om-

563 1069 648 1120 nia
686 1068 862 1122 Patris
923 1068 1123 1121 habere
1158 1067 1348 1120 Filium
1385 1070 1677 1123 secundum
1725 1071 1973 1124 eumdem
2013 1086 2129 1123 mo-

559 1157 712 1221 dum,
747 1170 942 1226 prmter
964 1173 1147 1226 quam,
1175 1156 1388 1209 Patrem
1415 1173 1555 1212 esse.
1579 1159 1653 1213 Ac
1686 1159 1844 1214 Patre
1882 1161 2128 1215 mittente

565 1249 852 1316 Spiritum.
883 1247 1047 1300 mittit
1075 1249 1214 1299 hunc
1242 1255 1297 1299 et
1330 1247 1500 1302 Filius
1526 1266 1631 1302 una
1664 1249 1902 1313 datione,
1936 1260 1988 1303 et
2017 1265 2122 1304 una

561 1338 872 1406 largitione,
918 1347 976 1388 ut
1001 1338 1072 1390 ait
1112 1352 1335 1406 magnus
1365 1337 1617 1393 Basilius.
1656 1338 1778 1393 Haec
1811 1340 1972 1407 igitur
1998 1341 2130 1393 dua-

565 1443 683 1480 rum
741 1441 1091 1494 persouarum
1132 1428 1196 1480 ad
1231 1427 1492 1494 reliquam
1549 1437 1675 1482 sunt
1743 1431 1980 1496 propria.
2010 1429 2126 1482 Alia

563 1533 714 1582 vero,
740 1518 898 1570 unius
929 1525 1160 1570 tantum.
1185 1518 1355 1587 Atque
1384 1520 1572 1572 horum
1601 1519 1742 1572 aliud
1765 1519 1976 1585 quidem
2011 1535 2132 1587 per-

566 1623 715 1661 sonae
734 1607 1091 1660 substantiale
1125 1618 1230 1673 est,
1265 1617 1320 1663 ut
1350 1608 1644 1677 paternitas
1671 1620 1725 1662 et
1767 1608 2048 1672 nativitas,
2076 1617 2130 1660 et

564 1697 854 1765 processio.
894 1696 1048 1748 Aliud
1081 1705 1258 1752 autem
1291 1712 1571 1766 personam
1601 1697 1710 1762 jam
1744 1696 2127 1750 subsistentem

564 1791 830 1862 sequitur,
885 1793 976 1848 sed
1010 1809 1116 1847 non
1168 1791 1322 1845 illam
1363 1789 1606 1854 statuit;
1643 1799 1720 1852 ut,
1754 1790 2042 1857 ingenitum
2075 1788 2126 1841 in

562 1885 739 1949 Patre,
769 1889 878 1940 sive
905 1887 1068 1939 etiam
1093 1885 1384 1951 producens
1420 1883 1471 1934 in
1508 1882 1621 1950 ipso
1653 1880 1792 1944 solo,
1824 1881 2121 1934 secundum

561 1992 680 2041 eos,
735 1978 824 2045 qui
851 1993 912 2029 ex
961 1976 1074 2028 solo
1105 1976 1262 2030 Patre
1299 1973 1591 2044 procedere
1627 1971 1888 2041 Spiritum
1918 1971 2123 2024 dicunt.

565 2066 750 2133 Neque
787 2066 970 2131 igitur,
1008 2080 1128 2132 quae
1154 2064 1516 2118 communiter
1543 2062 1922 2129 praedicantur.
1961 2059 2126 2112 totius

559 2159 772 2211 deitatis
796 2155 1166 2210 substantialia
1199 2162 1364 2216 sunt;
1402 2151 1544 2204 nulla
1572 2150 1713 2203 enim
1749 2164 1843 2218 per
1873 2149 1960 2202 illa
1993 2148 2126 2201 sub-

561 2250 760 2303 stantia
819 2249 1146 2310 insinuatur,
1202 2258 1517 2312 neoueqna:
1550 2241 1759 2295 duobus
1809 2240 2024 2308 propria
2061 2240 2126 2292 ad

561 2353 726 2390 unum
763 2345 924 2397 sunt;
961 2335 1100 2388 nulla
1135 2333 1278 2386 enim
1311 2346 1543 2400 persona
1589 2341 1670 2383 est
1706 2330 1918 2398 proprie
1939 2343 2130 2382 eausa-

563 2429 652 2491 lis,
684 2442 854 2495 neque
902 2441 1038 2478 unus
1069 2433 1173 2484 est,
1203 2423 1294 2490 qui
1333 2421 1496 2473 mittit
1549 2419 1815 2487 Spiritum
1854 2430 2122 2472 sanctum.

565 2518 722 2572 Pater
751 2518 917 2580 enim,
941 2526 995 2569 et
1017 2513 1187 2567 Filius
1225 2510 1386 2566 simul
1415 2525 1552 2563 unus
1585 2521 1690 2574 est,
1726 2510 1815 2577 qtti
1864 2510 2125 2578 Spiritum

563 2615 808 2660 sanctum
834 2604 1014 2656 mittit.
1044 2601 1368 2670 Communia
1387 2599 1552 2662 enim,
1585 2613 1703 2666 quae
1732 2613 1840 2651 rem
1869 2599 2129 2661 indicant,

559 2695 906 2765 singulariter
926 2692 1145 2761 quidem
1183 2691 1234 2742 in
1271 2689 1468 2743 divinis
1496 2690 1773 2754 dicuntur,
1805 2703 1906 2741 non
1947 2699 2127 2758 tamen

559 2801 663 2840 una
698 2799 924 2854 persona
951 2783 1243 2837 secundum
1273 2782 1422 2836 illam
1456 2781 1796 2851 intelligitur.

635 2876 738 2930 Sed
769 2891 942 2944 neque
975 2875 1113 2943 quod
1144 2877 1302 2928 unius
1329 2874 1544 2941 quidem
1571 2873 1736 2926 solius
1757 2887 1997 2940 persona:
2026 2881 2132 2931 est,

558 2983 842 3036 personam
869 2974 1055 3020 autem
1087 2967 1349 3033 sequitur,
1373 2964 1820 3028 sicutingenltum
1854 2967 1906 3015 in
1938 2963 2129 3017 Patre:

560 3059 664 3111 hoc
693 3057 833 3109 enim
867 3069 1206 3122 nequaquam
1237 3054 1398 3114 sis‘it,
1421 3053 1632 3121 negatio
1661 3068 1781 3106 cum
1813 3054 1905 3113 sit.
1939 3067 2132 3121 sequa-

2231 613 2344 665 dari
2373 628 2388 677 ;
2422 611 2532 666 sola
2564 611 2704 664 enim
2743 611 3120 664 substantialia
3153 611 3294 666 hanc
3317 612 3518 667 habent
3599 615 3771 678 vim,
3818 626 3884 669 et

2229 717 2346 771 qum
2378 703 2467 754 uni
2501 701 2838 755 substantiali
2870 705 3298 767 communicant,
3328 705 3372 759 si
3403 705 3652 772 quidem
3689 715 3874 760 esset

2229 793 2503 860 possibile,
2538 808 2756 846 necesse
2780 804 2924 846 esset
2943 809 3101 846 unam
3129 796 3290 847 etiam
3321 809 3442 848 esse
3473 810 3825 860 personam
3854 813 3874 857 ;

2229 882 2332 934 alia
2356 882 2826 944 vero,'nullatenus
2848 901 2862 936 :
2884 883 3060 953 itaque
3080 884 3208 938 solis
3234 884 3337 939 illis
3366 884 3542 938 tribus
3561 886 3868 952 prolrrie-

2243 971 2441 1023 tatibus
2490 971 2684 1023 divinat
2713 985 2955 1038 persona:
2982 972 3434 1024 r-tdiscernuntur
3451 982 3505 1023 et
3530 987 3879 1026 commen-

2229 1064 2454 1126 dantur;
2475 1061 2684 1114 czeteris
2702 1076 2830 1114 vero
2864 1073 3162 1115 noscuntur
3190 1061 3384 1115 solmn.
3420 1060 3684 1130 Ideoque
3729 1066 3859 1118 Da-

2231 1165 2522 1205 masccnus
2556 1150 2607 1203 in
2635 1151 2766 1205 solis
2791 1149 2963 1203 tribus
2992 1151 3074 1203 his
3097 1152 3522 1220 proprietatibus
3549 1156 3875 1208 sulrstan-

2231 1243 2424 1294 tiarum
2451 1240 2807 1294 differentiam
2836 1240 3080 1293 definivit
3123 1240 3370 1308 intelligi,
3421 1241 3577 1307 quasi
3627 1258 3873 1308 perso—

2232 1348 2328 1387 nas
2375 1333 2906 1398 commendantibus,
2972 1347 3078 1385 non
3120 1331 3552 1401 significantibus
3610 1335 3866 1397 solum,

2233 1435 2288 1476 ιιι
2317 1426 2406 1478 illa
2438 1433 2520 1478 est
2575 1424 2819 1493 ingeniti,
2854 1438 2973 1492 quia:
3001 1422 3178 1477 Patris
3208 1407 3416 1491 agnitio
3435 1433 3537 1488 est,
3571 1425 3690 1479 sed
3728 1440 3863 1478 non

2232 1516 2377 1567 illum
2415 1516 2756 1568 commendat
2801 1514 3159 1583 personaliter
3209 1531 3223 1580 ;
3259 1527 3453 1582 praeter
3499 1515 3651 1569 enim
3725 1528 3866 1570 tres

2231 1607 2514 1674 praedictas
2538 1606 2870 1662 differentias
2922 1605 3333 1667 substantiales,
3378 1606 3588 1658 caeteris
3625 1615 3701 1660 ut
3741 1620 3862 1659 no-

2233 1698 2468 1751 tionibus
2523 1697 2654 1751 solis
2704 1698 2898 1749 divina:
2965 1710 3207 1764 persona)
3255 1696 3669 1761 discernuntur,
3723 1712 3852 1749 nnn

2235 1800 2410 1842 tamen
2454 1799 2511 1842 ut
2558 1789 2902 1843 discretionis
2957 1787 3162 1852 causis,
3194 1787 3287 1839 sed
3357 1797 3415 1840 ut
3466 1788 3858 1843 discretionis

2237 1891 2444 1934 tantum
2469 1881 2663 1948 signis.

2299 1972 2373 2026 Ex
2405 1973 2602 2038 quibus
2641 1981 2874 2036 constat,
2902 1975 3043 2040 quod
3075 1974 3121 2027 si
3175 1975 3297 2043 quis
3347 1981 3658 2026 sanctorum
3723 1970 3851 2022 Pa-

2230 2071 2372 2113 trum
2425 2059 2570 2113 Palri
2621 2063 2908 2129 ingenitum
2949 2064 3203 2130 reddidit,
3261 2065 3311 2117 id
3341 2079 3443 2116 non
3477 2072 3533 2114 ut
3561 2062 3848 2116 substan—

2231 2153 2377 2214 tiale,
2419 2153 2512 2206 sed
2566 2162 2624 2205 ut
2675 2154 3024 2222 agnitionem,
3072 2164 3125 2207 et
3157 2157 3428 2224 proprium
3494 2153 3845 2223 simpliciter

2229 2246 2500 2306 attribuit.
2544 2244 2598 2297 Si
2629 2245 2750 2312 quis
2784 2255 2963 2299 autem
3000 2245 3216 2300 Patrem
3248 2249 3543 2316 genitorem
3577 2263 3639 2302 ac
3675 2263 3828 2318 pro-

2227 2337 2504 2391 dnctorem
2551 2338 2860 2406 appellavit,
2917 2349 2976 2392 ut
3029 2338 3323 2407 Gregorius
3373 2339 3679 2407 Theologus
3763 2341 3827 2393 in

2229 2430 2402 2497 primo
2431 2444 2678 2482 sermone
2753 2431 2816 2484 de
2861 2427 3018 2495 Filio,
3055 2433 3311 2498 genitoris
3339 2433 3552 2498 quidem
3589 2445 3827 2494 nomen,

2229 2533 2288 2575 ut
2311 2523 2664 2576 substantiale
2700 2522 2850 2575 Patri
2885 2525 3176 2591 separavit.
3238 2523 3471 2592 [Equale
3533 2525 3676 2576 enim
3719 2533 3826 2576 est

2229 2613 2442 2668 Patrem
2478 2629 2540 2668 ac
2572 2614 2880 2682 genitorem
2917 2614 3134 2672 dicere:
3168 2614 3368 2682 quippe
3398 2624 3450 2666 et
3484 2612 3816 2682 paternitas,

2232 2714 2285 2759 et
2343 2705 2595 2758 nativitas
2627 2704 2966 2758 tantumdem
3031 2704 3195 2758 valet.
3273 2702 3624 2758 Produc-toris
3675 2716 3815 2756 vero

2234 2812 2450 2859 nomen,
2490 2807 2548 2850 ut
2596 2811 2829 2864 sequens
2883 2807 3166 2865 paternam
3232 2796 3342 2862 jam
3412 2795 3807 2848 subsistentem

2233 2887 2610 2948 substantiam,
2670 2871 3016 2941 substantiali
3066 2885 3416 2956 paternitatis
3437 2885 3656 2956 proprio
3703 2885 3805 2937 ad-

2227 2977 2380 3047 jecit.

2303 3070 2380 3120 Ac
2415 3083 2624 3132 rursus,
2655 3067 2698 3122 si
2731 3069 2852 3138 quis
2914 3069 3237 3138 principium
3290 3069 3502 3122 Patrem
3561 3066 3798 3136 appella-

559 3158 752 3214 turque
789 3146 1170 3207 substantiam,
1195 3158 1357 3210 quam
1389 3141 1672 3196 ailirmatio
1727 3143 1980 3196 insinuat.
2020 3143 2129 3194 Ali-
2155 3199 2196 3254 C
2234 3160 2330 3224 νίι,
2364 3175 2470 3212 mm
2505 3174 2634 3214 sane
2658 3162 2819 3214 etiam
2845 3161 3200 3215 substantiam
3235 3161 3351 3229 eius
3394 3159 3666 3229 proprium
3715 3159 3793 3211 Si-

560 3248 573 3254 -
634 3253 637 3254 ν
886 3234 1108 3254 “unus
1139 3249 1240 3254 μη
1280 3233 1705 3254 “agnum-”
1739 3233 1932 3254 .1:..:..-..
1980 3247 2090 3254 --_.
2307 3249 2355 3254 _-
2467 3249 2478 3254 -
2680 3252 2686 3254 _
2794 3253 2797 3254 ν
2976 3251 2987 3254 _
3294 3252 3302 3254 _
3371 3251 3398 3254 ,_
3661 3249 3672 3254 _
3718 3248 3729 3254 -

559 3248 769 3306 terque,
804 3237 846 3289 si
879 3234 1111 3305 genitum
1139 3249 1245 3285 non
1275 3247 1393 3286 esse
1417 3233 1708 3300 ingenitum
1734 3233 1952 3294 dicitur,
1977 3247 2123 3286 com-

558 3343 719 3381 mune
773 3327 1005 3392 erit,hoc
1036 3333 1088 3377 et
1127 3321 1352 3391 Spiritui
1384 3333 1589 3376 sancto.
1640 3320 1705 3375 Et
1730 3323 1844 3390 ipse
1877 3321 2017 3374 enim
2049 3331 2130 3376 est

555 3419 1058 3488 iugenitus;ueque
1119 3415 1261 3468 enim
1322 3413 1534 3484 genitus
1568 3423 1691 3477 est;
1749 3413 2128 3468 substantialia

557 3512 702 3564 enim
744 3522 1091 3577 personarum
1126 3507 1348 3559 omnino
1411 3506 1754 3560 consortium
1794 3507 2126 3573 reliquarum

557 3616 661 3654 non
693 3601 1018 3655 admittunt:
1049 3600 1142 3653 sed
1201 3612 1372 3667 neque
1416 3601 1716 3669 producere
1771 3597 2128 3652 substantiale

555 3707 676 3748 esse
710 3702 1066 3747 monstratum
1098 3700 1180 3746 est
1221 3708 1235 3745 :
1274 3692 1654 3760 paternitatem
1698 3699 1877 3745 autem
1949 3690 2124 3760 sequi,

555 3786 1078 3854 signiticativurnque
1107 3783 1446 3838 solummodo
1471 3797 1590 3838 esse
1617 3792 1855 3852 paternas
1881 3780 2127 3835 substan-

559 3876 666 3931 tiae.

625 3990 701 4043 lta
735 3990 899 4058 igitur
933 4000 1043 4044 tres
1073 3987 1193 4041 illas
1215 3985 1598 4054 proprietates,
1625 3981 1786 4045 solas,
1815 3983 2120 4035 divinarum

553 4093 906 4150 personarum
938 4074 1321 4130 sttlerstantialcs
1345 4087 1466 4128 esse
1487 4072 1772 4125 dicendum
1804 4081 1912 4125 est.
1947 4071 2123 4125 Patris

554 4171 771 4240 quidem
795 4169 1200 4238 paternitatem,
1245 4176 1405 4232 atque
1431 4167 1600 4232 ipsum
1635 4163 1872 4230 gignere,
1897 4164 1998 4217 hoc
2021 4175 2120 4224 est,

556 4277 614 4316 se
649 4265 823 4331 ipsum
860 4262 990 4314 dare
1012 4259 1164 4312 alteri
1193 4272 1436 4325 personae
1479 4257 1771 4310 secundum
1825 4255 2121 4309 nativitatis

555 4372 896 4428 processum.
956 4353 1078 4407 Filii
1143 4367 1271 4407 vero
1319 4351 1679 4412 nativitatem,
1713 4350 1992 4417 ipsumque
2022 4365 2120 4402 na-

553 4450 654 4513 sci,
680 4451 782 4502 hoc
835 4454 937 4507 est.
964 4447 1207 4513 accipere
1264 4443 1318 4496 in
1359 4443 1539 4510 seipse
1575 4439 1786 4493 Patrem
1833 4439 1985 4506 juxta
2019 4454 2117 4492 na-

2231 3249 2526 3316 gniﬁcavit,
2556 3303 2560 3306 ,
2597 3252 2688 3304 sed
2719 3251 3078 3305 substantiam
3115 3251 3258 3303 illius
3293 3251 3533 3303 indicare
3589 3248 3778 3302 voluit.

2241 3323 2361 3409 Ipse
2393 3343 2534 3394 enim
2563 3357 2627 3396 ex
2656 3342 2841 3408 nullo;
2877 3341 3049 3396 Filius
3092 3352 3293 3403 autem,
3327 3351 3381 3395 et
3414 3341 3648 3409 Spiritus
3671 3355 3793 3393 san-

2229 3441 2368 3493 ctus,
2398 3440 2452 3486 et
2491 3433 2668 3485 omnia
2695 3431 2839 3498 Filii,
2870 3442 2927 3486 et
2953 3431 3126 3486 sancti
3161 3431 3397 3499 Spiritus
3424 3434 3492 3486 ad
3543 3447 3664 3485 eum
3711 3434 3794 3485 re-

2229 3521 2494 3578 feruntur.
2524 3522 2682 3588 Nam,
2709 3532 2765 3576 et
2811 3523 2902 3592 qui
2937 3522 3194 3593 majorem
3221 3524 3356 3578 Filio
3376 3522 3591 3577 Patrem
3620 3537 3796 3577 causae

2229 3614 2436 3666 ratione
2461 3615 2730 3678 dixerunt,
2765 3630 2869 3668 non
2904 3615 3343 3670 utsubstantiale
3411 3617 3590 3683 majus
3643 3615 3793 3676 illud.

2225 3706 2319 3758 sed
2361 3714 2417 3758 ιιι
2445 3707 2717 3759 notionem
2754 3704 2930 3760 Patris
2984 3708 3048 3759 ad
3094 3705 3289 3759 Filium
3347 3715 3554 3759 tantum
3613 3706 3792 3760 reddi-

2225 3797 2457 3860 derunt;
2490 3796 2738 3849 similiter
2757 3804 2810 3850 et
2838 3797 2901 3849 de
2923 3811 3009 3859 eo,
3043 3797 3184 3866 quod
3239 3797 3356 3850 sine
3377 3797 3641 3866 principio
3665 3797 3797 3850 dici-

2230 3895 2339 3949 tur,
2369 3885 2891 3953 philosophandum.

2300 3975 2453 4041 Quod
2484 3978 2649 4048 igitur
2697 3981 2998 4035 divinarum
3060 3996 3410 4047 personarum
3443 3984 3509 4036 ad
3567 3983 3792 4037 invicem

2224 4066 2442 4121 habitus
2517 4083 2639 4122 cum
2696 4085 2878 4124 eorum
2948 4073 3264 4126 substantiae
3328 4071 3652 4136 ditl‘erentia,
3705 4088 3793 4128 se-

2223 4160 2456 4212 cundum
2510 4159 2722 4214 divinos
2779 4176 3109 4233 arcanosque
3167 4179 3452 4232 processus
3517 4176 3794 4233 appareat,

2222 4251 2489 4319 simulque
2514 4266 2634 4306 cum
2688 4252 2804 4321 ipso
2880 4255 3157 4310 relationis
3223 4255 3434 4318 habitu,
3493 4272 3675 4322 causa,
3742 4267 3797 4309 et

2223 4343 2438 4396 causale
2466 4343 2623 4396 simul
2657 4344 3046 4408 introducatnr,
3092 4357 3247 4398 antea
3319 4347 3567 4414 plurimis
3630 4350 3792 4401 ratio-

2224 4437 2382 4490 nibus
2414 4440 2675 4492 constitit.
2711 4436 2866 4494 Nunc
2913 4449 3088 4493 autem
3129 4441 3440 4504 dicendum,
3522 4443 3793 4510 quomodo

553 4540 734 4595 scendi
797 4537 1220 4606 processionem.
1267 4533 1452 4586 Sancti
1508 4541 1685 4585 autem
1721 4529 1956 4599 Spiritus
1993 4545 2115 4598 pro-
2146 4530 2196 4588 Ι)
2225 4528 2517 4580 secundum
2553 4543 2796 4594 causam,
2825 4541 2879 4582 et
2913 4530 3129 4583 causale
3173 4530 3368 4594 solum,
3413 4540 3468 4584 et
3497 4532 3792 4586 Secundum

550 4633 873 4692 cessionem,
895 4629 1178 4696 ipsumque
1197 4626 1509 4694 procedere,
1541 4624 1590 4675 id
1616 4632 1718 4686 est,
1749 4623 1800 4674 in
1833 4623 2118 4690 semetipso

554 4725 769 4775 Patrem
807 4736 868 4772 ac
932 4718 1122 4772 Filium
1156 4717 1399 4784 accipere
1425 4753 1441 4778 ,
1490 4715 1780 4768 secundum
1824 4714 2119 4767 naturalem

551 4813 998 4882 essentialemque
1049 4825 1360 4879 processum
1410 4822 1476 4861 ex
1542 4807 1708 4860 Patre
1735 4820 1830 4874 per
1894 4805 2114 4860 Filium.

552 4905 795 4973 latasque
830 4920 932 4957 non
958 4903 1129 4958 solum
1152 4898 1558 4964 substantiales,
1583 4899 1675 4952 scd
1719 4907 1772 4950 et
1810 4899 2118 4965 personales

552 4998 712 5049 etiam
751 4999 984 5063 pr0prie,
1019 5007 1072 5048 et
1105 4995 1361 5056 maxime,
1392 5000 1446 5046 ct
1478 4989 1905 5059 peculiarissime
1937 4992 2119 5042 dicen-

553 5090 703 5148 dum,
741 5097 923 5153 utpote
955 5101 1210 5153 personas
1231 5085 1694 5141 commendantes.

621 5176 813 5235 Porro.
849 5192 969 5243 quae
994 5177 1262 5243 proprium
1301 5176 1500 5242 aliquid
1521 5177 1743 5227 duarum
1763 5185 2117 5240 personarum

549 5269 615 5323 ad
648 5267 911 5336 reliquam
973 5265 1272 5326 insinuant,
1301 5264 1677 5330 proprietates,
1723 5277 1818 5316 seu
1849 5262 2114 5322 notiones,

545 5377 638 5415 seu
671 5363 823 5428 signa
851 5358 1080 5410 duarum
1122 5355 1424 5422 aliquarum
1454 5367 1806 5420 personarum
1861 5351 2114 5404 vocanda:

547 5463 695 5505 sunt.
757 5447 909 5512 Quod
935 5447 976 5500 si
1018 5445 1100 5500 cui
1134 5445 1339 5513 placeat
1376 5450 1429 5495 et
1462 5456 1523 5494 ea
1559 5439 1857 5510 personalia
1911 5439 2110 5500 dict‘re,

545 5555 610 5592 eo
633 5541 771 5606 quod
806 5534 1052 5604 personis
1102 5531 1383 5594 attributa,
1449 5531 1556 5581 n'on
1589 5538 1764 5579 tamen
1794 5526 2106 5579 communia

551 5629 788 5681 omnium
815 5634 984 5688 sunt;
1047 5623 1204 5675 liceat.
1255 5621 1435 5672 dicere
1458 5618 1509 5671 id
1555 5615 1796 5685 quidem,
1837 5616 1963 5668 dum
2028 5627 2112 5669 ta-

627 5740 738 5796 (57t
793 5739 865 5793 De
900 5736 1210 5790 notionibus
1255 5731 1562 5785 divinarum
1601 5744 1958 5799 personarum
1994 5729 2113 5786 vide
2153 5727 2216 5779 ll.
2253 5726 2512 5779 Thomam
2545 5745 2559 5780 ι
2611 5745 2663 5796 q.
2697 5729 2728 5783 d
2756 5729 2864 5790 .‘25,

552 5811 818 5864 Valentia.

2222 4613 2336 4681 ipsa
2397 4620 2554 4685 prius.
2614 4618 2809 4670 divina:
2858 4634 3102 4686 persona
3163 4619 3570 4687 discernuntur,
3633 4633 3795 4688 atque

2176 4762 2178 4765 ,
2220 4705 2338 4774 ipsa
2369 4709 2709 4764 discretionis
2749 4725 2910 4763 causa
2943 4719 3106 4774 suut,;
3161 4725 3277 4777 quae
3329 4725 3516 4773 causa,
3552 4718 3607 4764 et
3665 4727 3795 4764 cau-

2219 4804 2353 4864 sale,
2386 4803 2768 4857 substantiales
2799 4802 3154 4870 proprietates
3183 4841 3196 4865 ,
3268 4805 3436 4870 ipsum
3465 4806 3638 4859 Patris
3704 4821 3794 4859 suo

2219 4892 2674 4959 persuhstantiale
2702 4908 2919 4959 nomen,
2967 4902 3020 4946 et
3057 4906 3166 4944 rem
3196 4891 3338 4955 Filii.
3370 4908 3424 4947 et
3446 4895 3621 4950 sancti
3671 4895 3794 4965 Spi-

2221 4981 2353 5036 ritus
2393 4984 2793 5038 commendant.

2290 5073 2685 5142 Praesupposito
2739 5075 2901 5144 igitur
2963 5080 3222 5132 unitatem
3285 5079 3338 5132 in
3402 5077 3687 5142 Triuitate,
3737 5087 3795 5131 et

2217 5161 2532 5215 Trinitatem
2567 5163 2620 5214 in
2673 5165 2880 5220 unitate
2909 5182 3032 5223 esse
3057 5195 3060 5198 ο
3088 5168 3421 5243 ⁹(ξοΙειιιιειιιι,
3486 5171 3785 5223 secundum

2219 5253 2335 5305 ﬁdei
2360 5254 2705 5320 positionem,
2741 5266 2794 5310 ct
2835 5258 2901 5312 ab
2933 5258 3014 5312 his
3037 5275 3155 5328 quat
3181 5275 3208 5312 a
3243 5260 3448 5314 sanctis
3475 5262 3614 5314 dicta
3637 5269 3785 5321 sunt.

2217 5359 2322 5398 non
2385 5346 2744 5414 discedentes,
2798 5346 3136 5405 Damasceno
3184 5349 3426 5417 quidem,
3491 5350 3787 5404 secundum

2220 5449 2435 5488 causam
2487 5444 2540 5488 et
2567 5437 2782 5491 causale
2810 5437 3167 5491 differentiam
3219 5439 3269 5489 in
3297 5438 3495 5490 divinis
3541 5436 3787 5505 personis

2218 5524 2579 5594 intelligente;
2631 5527 2872 5596 Nysseno
2933 5538 3111 5582 autem
3171 5527 3434 5596 Gregorio
3503 5527 3779 5580 dicente:

2225 5615 2661 5669 Incommutobile
2694 5633 2899 5670 natura:
2951 5620 3112 5683 ipsius
3169 5621 3577 5679 considerantes,
3635 5618 3783 5682 (fi/1t"

2962 5740 3015 5782 et
3104 5731 3231 5783 ihil.
3317 5729 3638 5798 Gregorium
3725 5730 3787 5782 dc
