4144 6296
315 199 404 260 m
1368 186 1766 249 aovsnsus
1797 145 2123 242 amcos
2151 181 2294 240 Lm.
2346 180 2462 240 ιιι.
2844 243 2853 253 ,
3422 172 3523 232 133

312 310 520 362 mitium
547 308 824 358 secundum
862 318 1093 366 causam,
1128 317 1170 357 ei
1196 304 1425 367 causata,
1461 318 1561 356 non
1591 311 1860 368 negamus;
1889 291 1940 354 Α
1967 291 2157 364 Filius,
2192 301 2244 344 et
2275 291 2509 358 Spiritus
2540 289 2602 341 ad
2650 289 2861 342 Putrem
2898 287 3181 347 uniuutur,
3229 295 3282 338 et
3325 288 3502 337 disccr

311 398 358 449 in
387 412 487 464 quo
520 395 654 458 solo,
683 394 906 447 alterum
936 396 998 446 ob
1030 393 1196 446 altera
1259 391 1516 460 distingui
1573 386 1860 450 deprehen-

311 490 513 553 dimus;
543 487 682 555 quod
711 485 1106 557 proposuimus,
1172 483 1526 542 habebimus;
1570 481 1692 548 quia
1724 477 1865 531 enim

312 583 403 633 tria
434 580 524 634 illa
553 595 718 633 unum
748 592 867 632 cum
900 577 1005 631 sint
1046 575 1344 632 secundum
1381 571 1695 632 essentiam,
1746 567 1868 623 sine

311 687 466 726 causa
499 671 712 740 quidem
749 685 870 726 esse
891 671 1094 735 omnia,
1123 667 1379 737 possibile
1418 680 1524 718 non
1556 672 1677 728 est»;
1708 662 1868 716 aliam

316 779 435 818 vero
462 778 682 818 causam
706 777 767 819 se
791 763 1147 832 antiquiorem
1192 760 1420 822 habere,
1482 759 1640 828 longe
1670 756 1875 823 impos-

313 854 517 908 sibilius
545 869 558 907 ε
592 860 782 916 restat,
804 860 865 904 ut
889 851 1048 906 trium
1070 851 1298 906 istorum
1320 863 1508 908 unum,
1543 845 1870 914 reliquorum

313 959 469 1000 causa
489 946 592 1000 ‘sit.
627 941 978 998 Procedehtia
1011 940 1318 1013 igiturinde
1354 937 1612 1008 possibile
1657 949 1764 990 non
1788 943 1874 990 est

316 1037 634 1108 producendi
671 1051 913 1105 persona:
944 1035 1177 1098 ratione,
1232 1047 1354 1087 esse
1384 1031 1593 1093 eadem;
1635 1027 1870 1096 seipsnm

314 1131 451 1184 enim
487 1128 689 1198 aliquid
717 1131 1030 1197 producere,
1065 1139 1127 1181 ac
1164 1125 1244 1179 sui
1279 1123 1448 1192 ipsius
1479 1135 1698 1176 causam
1729 1134 1870 1182 esse,

317 1222 564 1292 possibile
601 1235 705 1274 non
754 1226 860 1274 est.
1147 1223 1156 1236 ’

378 1314 560 1382 Itaque
597 1309 950 1381 procedentia
980 1321 1199 1364 necesse
1245 1315 1324 1360 cst
1369 1303 1724 1374 personaliter
1769 1299 1871 1356 dis-

321 1395 522 1477 tiiigui;
555 1406 702 1458 unita
734 1404 950 1472 quidem
1012 1401 1308 1458 secundum
1367 1400 1654 1454 essentiam
1683 1415 1699 1463 ;
1733 1395 1877 1450 nulla

319 1490 458 1551 enim
497 1499 548 1550 in
601 1511 662 1550 ea
751 1494 1010 1549 discretio
1066 1493 1404 1546 conceditur:
1449 1491 1676 1544 discreta
1732 1505 1878 1553 vero,

317 1589 605 1644 secundum
649 1587 1000 1651 substantias,
1078 1601 1173 1641 seu
1243 1598 1536 1654 personas;
1613 1591 1668 1634 et
1705 1593 1880 1649 neque

1973 393 2178 440 nuntur
2239 382 2536 436 secundum
2598 381 2802 434 scilicet
2865 380 3097 448 speciem
3172 379 3532 447 appositionis

1971 491 2168 540 causae,
2202 484 2362 542 atque
2395 474 2652 528 causalis.

2043 567 2275 622 Necesse
2300 577 2381 619 est
2405 565 2586 632 igitur,
2618 565 2661 618 si
2689 563 3027 617 discernendi
3053 573 3199 628 sinit,
3226 563 3307 618 vel
3335 563 3532 618 Filium

1976 658 2215 727 Spiritus
2269 657 2444 710 sancti
2484 670 2605 710 esse
2662 669 2910 716 causam,
2962 653 3041 707 vel
3086 654 3346 720 Spiritum
3390 654 3534 709 Filii.

1977 750 2080 804 Sed
2117 762 2337 803 causam
2386 746 2602 816 quidem
2648 759 2772 800 esse
2808 737 2930 798 Filii
2981 743 3243 812 Spiritum
3283 755 3536 799 constare.

1978 855 2084 893 non
2117 847 2324 908 potest;
2356 838 2482 907 quia
2515 837 2708 890 tertius
2739 851 2765 887 a
2812 834 2968 890 Patre
2999 835 3229 889 traditus
3253 841 3353 899 est,
3379 835 3534 902 juxta

1978 928 2318 998 personalem
2371 927 2640 989 ordinem,
2688 926 2812 992 quia
2851 926 3109 980 naturalis
3144 935 3198 980 et
3229 925 3537 979 essentialis

1979 1018 2221 1086 operatio
2277 1026 2330 1070 ct
2369 1017 2540 1070 virtus
2586 1016 2703 1070 Filii
2740 1013 2974 1086 Spiritus
3015 1026 3133 1082 cst;
3183 1017 3308 1086 quia
3365 1017 3542 1084 imago

1980 1109 2095 1177 eius
2122 1123 2244 1165 esse
2269 1107 2500 1174 dicitur;
2526 1109 2778 1179 quoniam
2805 1109 3038 1179 Spiritus
3065 1109 3181 1164 Filii
3211 1125 3238 1162 a
3272 1110 3536 1179 theologia

1981 1201 2214 1254 traditur
2244 1218 2258 1254 :
2288 1200 2377 1268 qui
2430 1200 2673 1267 proiecto
2723 1200 2894 1254 sancti
2932 1198 3165 1268 Spiritus
3201 1200 3368 1254 Filius
3420 1216 3542 1254 esse

1983 1309 2086 1348 non
2145 1294 2365 1348 dicitur.
2422 1292 2605 1364 Neque
2654 1294 2796 1348 enim
2857 1302 3268 1359 convertuntur,
3326 1305 3542 1363 propter

1984 1388 2319 1455 personalem
2349 1389 2619 1454 ordinem,
2648 1397 2812 1458 atque
2844 1387 2896 1442 ld
2929 1387 3160 1443 maxime
3189 1389 3442 1458 quoniam
3478 1403 3541 1440 ex

1987 1477 2142 1532 Patre
2166 1494 2260 1548 per
2289 1477 2480 1532 Filium
2513 1494 2634 1534 esse
2666 1479 2900 1548 Spiritus
2934 1479 3185 1540 traditur,
3219 1494 3322 1532 non
3367 1488 3544 1531 tamen

1987 1585 2016 1624 e
2056 1579 2265 1623 contra.
2303 1565 2605 1624 'l‘olleretur
2638 1581 2818 1623 autem
2852 1583 2903 1624 et
2936 1571 3010 1637 id,
3041 1572 3184 1640 quod
3222 1585 3542 1625 concessum

318 1691 533 1750 propter
565 1681 816 1734 unionem
848 1694 1104 1748 personas
1137 1677 1398 1732 confundi
1431 1690 1641 1744 ;nequc
1659 1683 1880 1744 propter
1915 1637 1952 1691 Β
1984 1669 2088 1725 θείς
2137 1659 2330 1714 Filium
2369 1675 2489 1715 0330
2523 1675 2588 1714 εκ
2650 1658 2805 1715 Piler
2841 1663 2956 1716 Sino
3005 1664 3182 1715 Illedio
3231 1681 3243 1714 ε
3291 1663 3368 1716 δῖα
3401 1663 3544 1714 enim

320 1772 719 1833 discretionem,
739 1770 1031 1824 essentiam
1054 1767 1244 1822 dividi.
1307 1761 1546 1820 Perfecta
1576 1765 1716 1818 enim
1749 1761 1878 1829 illic,

318 1873 370 1916 et
403 1876 610 1916 summa
643 1860 794 1926 unio,
837 1871 999 1929 atque
1053 1858 1336 1913 discretio.
1394 1857 1564 1924 Atque
1627 1853 1880 1907 unionem

321 1953 529 2020 quidem
555 1952 732 2006 unitas
759 1952 1028 2015 essentize,
1060 1959 1118 2004 ut
1147 1948 1352 2002 dictum
1408 1957 1510 2010 est,
1565 1944 1729 2009 iacit;
1771 1943 1882 1998 dis-

323 2045 612 2096 cretiooem
671 2055 822 2105 vero,
875 2039 1174 2094 secundum
1234 2052 1476 2100 causam,
1537 2046 1589 2090 et
1645 2033 1881 2097 causale.

325 2131 452 2184 ﬁdes
493 2129 804 2185 conﬁtetur.
841 2130 1016 2200 Atque
1045 2144 1107 2184 ea
1136 2137 1220 2186 est
1263 2143 1382 2194 qua:
1453 2127 1746 2182 secundum
1801 2139 1880 2189 se,

325 2237 492 2292 neque
517 2233 727 2291 propter
751 2223 894 2277 aliud
933 2237 1018 2278 res
1044 2222 1275 2276 inasime
1305 2231 1356 2272 el
1390 2221 1529 2284 unil,
1572 2231 1628 2273 et
1675 2217 1882 2273 discer-

329 2313 427 2366 nit.
485 2313 753 2367 l)iscretio
799 2312 1005 2366 scilicet
1068 2309 1366 2366 secundum
1432 2323 1674 2372 causam,
1723 2316 1886 2376 atque

323 2407 556 2460 eausale.
586 2405 767 2474 Neque
793 2408 936 2460 enim
965 2405 1348 2460 discretionem
1396 2399 1566 2470 magis
1643 2399 1885 2453 confusi-
1927 2464 1952 2474 _

319 2509 420 2546 one
458 2495 680 2550 liberum
712 2494 952 2562 cogitare
977 2507 1260 2564 possumus
1288 2508 1304 2556 ;
1348 2505 1519 2558 neque
1553 2487 1884 2542 consartium

321 2584 552 2636 duorum
584 2584 889 2651 aliquorum
921 2581 1117 2649 majus,
1147 2595 1308 2648 quam
1353 2588 1482 2630 cum
1543 2576 1766 2629 alterum
1821 2589 1886 2629 ex

320 2676 493 2728 altero
526 2687 648 2728 esse
704 2673 919 2726 habeat.
979 2669 1224 2740 Namque
1305 2668 1599 2722 secundum
1645 2679 1885 2731 causam,

239 2826 246 2830 _
315 2775 374 2820 et
405 2764 624 2819 causale
664 2763 934 2818 invenitbr
973 2758 1178 2830 aliquid
1205 2759 1501 2815 secundum
1556 2758 1886 2825 aequivocam

317 2870 572 2916 causam,
605 2854 704 2909 sibi
740 2853 916 2908 simile
945 2854 1251 2923 producens
1276 2851 1327 2904 in
1362 2848 1549 2904 eadem
1586 2849 1802 2918 specie:
1836 2857 1890 2902 et

1983 1761 2127 1807 esset
2160 1752 2327 1806 Filius
2355 1768 2419 1805 cx
2449 1751 2608 1808 Patro
2635 1768 2730 1823 per
2755 1754 3037 1822 Spiritum,
3063 1765 3116 1808 et
3149 1763 3546 1822 consequenter

1987 1844 2225 1914 Spiritus
2252 1844 2431 1909 Pater,
2473 1846 2883 1902 communicatis
2915 1847 2987 1912 ei,
3034 1847 3330 1902 secundum
3367 1856 3544 1916 pater—

1987 1935 2172 1990 uitatis
2199 1937 2485 1990 rationem.

2056 2028 2246 2084 Restat
2310 2030 2494 2100 itaque
2533 2031 2770 2100 ,Filinm
2839 2046 3055 2089 causam
3123 2048 3246 2090 esse
3313 2033 3550 2104 Spiritus

1985 2123 2206 2188 sancti,
2249 2122 2618 2194 Spiritumque
2666 2138 2761 2194 per
2809 2127 3008 2194 ipsum,
3041 2138 3096 2183 et
3147 2130 3214 2181 ab
3247 2127 3363 2195 ipso
3406 2144 3548 2182 esse.

1987 2209 2099 2269 lluc
2131 2229 2260 2284 ergo
2285 2214 2512 2280 ratione,
2537 2225 2591 2270 et
2621 2216 2877 2272 unientur
2905 2219 2970 2273 ad
2999 2219 3227 2274 invicem
3263 2230 3316 2274 et
3343 2221 3550 2274 discer-

1989 2313 2205 2369 nentur,
2251 2305 2394 2374 qnod
2447 2306 2610 2362 etiam
2659 2304 2936 2378 Nyssenus
2967 2309 3243 2375 indicavit,
3277 2310 3468 2365 dicens
3498 2311 3549 2363 iu

1988 2397 2102 2453 sola
2164 2399 2463 2454 secundum
2531 2413 2776 2464 causam,
2837 2411 2891 2456 et
2956 2403 3175 2459 causale
3241 2401 3549 2458 dim-rentia

1987 2488 2200 2543 divinas
2231 2503 2494 2556 personas
2523 2491 2589 2544 ad
2620 2491 2850 2554 invicem
2881 2493 3159 2563 distingui.
3197 2495 3381 2563 Neque
3405 2496 3552 2550 enim

1989 2579 2056 2634 de
2081 2579 2196 2633 solo
2232 2578 2389 2633 Patre
2414 2579 2482 2634 ad
2506 2578 2724 2640 Filium,
2755 2591 2809 2636 et
2835 2581 3095 2649 Spiritum
3132 2595 3381 2638 sanctum
3415 2586 3555 2639 dixit

1991 2670 2106 2724 haec
2148 2688 2161 2723 :
2200 2670 2270 2722 ita
2325 2671 2466 2723 enim
2527 2667 2696 2726 solius
2728 2673 2790 2724 ad
2852 2688 2913 2726 ea
2963 2689 3083 2742 qua:
3133 2689 3198 2728 ex
3254 2677 3373 2745 ipso
3407 2687 3552 2734 sunt.

1994 2761 2380 2817 discretionem
2434 2762 2766 2827 tradidisset,
2821 2778 2994 2832 neque
3043 2764 3332 2836 adjecisset
3375 2788 3384 2820 :
3423 2765 3555 2837 Ejus

1992 2867 2212 2922 quoque,
2249 2853 2386 2920 quod
2415 2868 2478 2907 ex
2517 2869 2682 2907 causa
2726 2864 2830 2921 est,
2871 2856 3028 2909 aliam
3062 2873 3271 2910 rursum
3313 2859 3556 2926 digii-cu-

319 2943 624 2995 secundum
655 2941 875 3011 quidem
931 2940 1076 3011 quod
1134 2955 1318 3001 causa.
1379 2948 1433 2994 et
1489 2939 1705 2994 causale
1755 2943 1884 2994 sunt
1915 2963 1960 3022 ο
1993 2942 2122 2996 tiam
2168 2944 2530 3012 intelligimus.
2567 2943 2689 3000 llaec
2723 2954 2904 3000 autem
2935 2959 2988 3000 et
3023 2948 3105 3001 bis
3140 2963 3258 3017 quae
3306 2951 3555 3018 superius

321 3037 592 3101 (titttttsila,
647 3035 713 3088 ad
743 3034 968 3087 invicem
1019 3033 1308 3089 habebunt.
1343 3031 1464 3085 ideo
1498 3033 1660 3087 etiam
1701 3039 1885 3086 neces-

325 3131 473 3181 sario
533 3129 940 3181 discernentur:
1005 3126 1299 3180 secundum
1361 3124 1710 3193 autemquod
1757 3138 1889 3178 cau-

326 3219 453 3280 sale,
487 3233 548 3271 ex
577 3232 738 3272 causa
769 3233 900 3282 esse,
933 3226 1095 3285 atque
1127 3216 1420 3270 essentiam
1473 3215 1692 3284 accipit,
1743 3228 1894 3268 com-

330 3310 676 3363 :unuicaintnt
707 3308 959 3371 invicem,
993 3307 1226 3360 maxime
1253 3316 1376 3362 cuiu
1419 3306 1637 3374 proprie
1666 3305 1730 3357 ad
1756 3303 1892 3356 invi-

329 3416 440 3452 cem
471 3415 567 3467 per
597 3409 847 3453 naturam
882 3400 1135 3453 habeant.
1173 3397 1372 3451 Filium
1415 3398 1576 3462 igitur
1620 3410 1682 3446 ex
1737 3392 1896 3448 Patre

332 3490 654 3554 nasci,lidcs
702 3491 863 3544 nobis
932 3505 996 3542 ac
1052 3488 1242 3556 religio
1297 3487 1480 3540 tradit.
1537 3485 1601 3538 Et
1632 3485 1888 3552 quoniam

331 3582 626 3633 secundum
660 3581 711 3632 id
749 3580 890 3648 quod
918 3578 1136 3646 gignere
1163 3590 1216 3629 et
1249 3577 1398 3630 nasci
1448 3576 1667 3638 dicitur,
1727 3588 1893 3642 oppo-

333 3671 455 3722 sitio
487 3685 687 3732 ranam,
758 3680 812 3723 et
865 3667 1125 3730 causalis,
1189 3667 1488 3720 secundum
1540 3679 1601 3718 ea
1656 3679 1776 3734 qua:
1827 3668 1893 3719 ad

334 3759 531 3828 aliquid
572 3759 846 3823 dicuntur,
905 3755 1196 3825 inspicitur
1227 3755 1524 3809 secundum
1579 3753 1630 3807 id
1657 3753 1896 3822 quidem,

330 3853 473 3920 quod
502 3849 645 3903 aliud
684 3851 798 3913 dat,
875 3848 1018 3902 aliud
1107 3849 1230 3904 inde
1293 3848 1542 3916 prodiens
1603 3847 1894 3902 essentiam

331 3941 547 4008 accipit,
591 3939 709 3992 dum
733 3939 1044 3994 necessm'io
1078 3952 1322 4006 persona:
1353 3937 1730 4006 intelliguntur
1754 3936 1896 4005 ejus-

331 4031 448 4084 dem
497 4039 623 4082 natu
633 4043 723 4082 rae.

403 4121 662 4183 llursnm,
692 4119 906 4172 dicente
951 4118 1231 4187 Scriptura
1265 4116 1428 4171 Deum
1463 4133 1527 4171 ex
1567 4117 1676 4171 Deo
1708 4129 1899 4188 proce-

333 4211 494 4276 dere;
534 4211 832 4264 secundum
857 4213 1098 4263 eaiudem
1126 4210 1386 4263 rationem
1418 4209 1686 4276 Oppositio
1707 4223 1902 4262 secun-

1995 3034 2253 3100 diximus,
2303 3047 2625 3092 consonant.
2659 3037 2799 3092 Ante
2834 3040 2976 3092 enlni
3011 3039 3271 3110 Spiritum
3307 3055 3552 3098 sanctum

1995 3122 2193 3179 Filium
2238 3127 2458 3195 intelligi
2503 3141 2724 3183 necesse
2755 3139 2872 3194 est;
2917 3131 3267 3199 habitumque
3296 3135 3359 3184 ad
3399 3137 3557 3188 alter-

1996 3223 2179 3269 utrum
2237 3216 2438 3271 habere
2492 3216 2688 3272 Filium
2739 3229 2793 3297 et
2855 3219 3142 3288 Spiritum,
3190 3219 3557 3291 maioremque

1998 3305 2201 3378 Spiritu
2244 3309 2436 3363 Filium
2480 3325 2658 3365 causa:
2697 3313 2909 3367 ratione
2953 3313 3096 3375 dici;
3133 3324 3291 3383 atque
3335 3329 3363 3368 a
3397 3316 3554 3376 Filio,

1999 3398 2197 3451 habere
2250 3414 2391 3464 esse,
2446 3410 2502 3454 ut
2538 3401 2629 3468 qui
2685 3401 2750 3453 ab
2781 3402 2898 3468 ipso
2925 3404 3177 3471 accipiat,
3208 3414 3262 3462 et
3295 3422 3415 3477 qua
3454 3410 3557 3464 alia

1999 3491 2249 3558 praedicta
2283 3501 2428 3546 sunt.
2818 3507 2827 3518 ‘

2070 3579 2124 3635 Si
2165 3584 2284 3649 quis
2336 3591 2518 3637 autem
2551 3583 2793 3650 objiriat,
2848 3586 3146 3656 Nyssenum
3191 3589 3350 3644 aliam
3394 3597 3562 3660 preti-

2001 3683 2204 3729 tentem
2239 3673 2598 3729 diil'erentiam
2628 3690 2814 3746 aperte
2845 3679 3015 3732 videri
3069 3681 3204 3733 velle
3256 3697 3367 3735 non
3419 3685 3561 3754 ejus-

2001 3765 2142 3819 modi
2177 3775 2227 3818 et
2264 3766 2350 3820 bic
2377 3766 2427 3818 in
2468 3766 2625 3831 Filio,
2670 3777 2724 3821 et
2755 3769 2980 3838 Spiritu,
3010 3773 3222 3838 qualem
3267 3778 3560 3828 secundum

2000 3870 2243 3917 causam,
2282 3865 2338 3910 et
2367 3857 2584 3911 causzile
2619 3858 2854 3912 reddidit
2891 3878 2904 3914 :
2937 3861 3076 3915 St‘lt‘e
3115 3865 3384 3927 convenit,
3417 3868 3560 3917 illum

2001 3946 2162 4000 aliam
2199 3947 2496 4002 secundum
2531 3965 2839 4013 numerum,
2872 3967 2976 4006 non
3027 3960 3321 4008 secundum
3364 3959 3565 4009 discus.

2004 4025 2164 4088 tionis
2193 4037 2426 4104 speciem
2459 4052 2635 4092 causae
2671 4049 2723 4093 et
2755 4042 2990 4095 causalis
3013 4044 3230 4107 dicere;
3267 4054 3324 4098 ut
3356 4048 3564 4098 disc-T-

2004 4137 2200 4180 nautur
2226 4128 2443 4195 quidem
2472 4130 2700 4194 scilicet,
2736 4146 2840 4184 non
2886 4139 3063 4188 tamen
3101 4137 3398 4191 secundum
3435 4155 3566 4192 cun-

2005 4230 2142 4282 sam,
2175 4227 2228 4270 et
2259 4219 2477 4274 causale
2513 4238 2525 4274 :
2562 4223 2855 4275 secumlnm
2909 4226 3122 4279 modum
3176 4243 3300 4280 vero
3335 4228 3566 4284 alterum

278 4327 295 4344 ο
334 4301 459 4356 dum
499 4315 744 4363 causam,
799 4310 856 4354 et
919 4301 1139 4354 cansale
1187 4301 1350 4355 etiam
1415 4299 1502 4353 hie
1561 4299 1896 4368 intelligitur.
1934 4300 1975 4354 D
2005 4323 2126 4362 cum
2158 4309 2558 4374 discernantur,
2590 4327 2737 4380 puta,
2778 4315 2920 4368 sicut
2944 4319 3216 4370 contraria
3249 4321 3568 4375 discetnun-

337 4395 631 4447 secundnm
664 4407 824 4460 quam
859 4392 1278 4460 appositionem,
1308 4398 1362 4444 et
1407 4391 1644 4444 discerni
1696 4390 1782 4442 illa
1832 4392 1899 4441 ab

339 4486 568 4539 invicem
601 4495 656 4538 et
680 4483 821 4536 uuiri
862 4482 1003 4536 licet.
1055 4481 1128 4534 Ita
1163 4481 1324 4549 igitur
1353 4479 1539 4546 Filius,
1575 4488 1630 4534 et
1664 4480 1900 4548 Spiritus

338 4588 560 4631 sanctus
597 4592 662 4628 ex
721 4575 879 4628 Patre
927 4589 1048 4628 cum
1096 4573 1226 4637 sint,
1281 4582 1330 4626 et
1364 4573 1522 4636 uniti,
1571 4583 1624 4625 ct
1680 4572 1897 4624 discreti

337 4681 480 4723 Slll'll.

405 4762 678 4815 Caeterum
709 4761 832 4827 quia
867 4767 1086 4828 propter
1132 4757 1417 4810 Trinitatis
1450 4756 1693 4810 ordinem
1741 4767 1903 4825 atque

339 4852 759 4914 confessionem,
808 4866 912 4904 non
945 4850 1117 4918 magis
1143 4849 1398 4904 convenit
1441 4849 1538 4900 ista
1578 4849 1642 4899 ad
1690 4847 1900 4901 Patrem

338 4955 392 4996 et
425 4944 660 4997 discreta
708 4951 774 5010 et,
804 4941 954 4995 unita
991 4953 1130 5003 esse,
1175 4955 1335 5007 quam
1384 4939 1495 4991 sint
1553 4939 1618 4991 ad
1672 4939 1901 4992 invicem

343 5032 506 5086 Filius
531 5044 586 5086 et
617 5032 849 5101 Spiritus
878 5039 1139 5092 sanctus;
1173 5029 1306 5084 alias
1333 5029 1528 5097 quippe
1564 5020 1904 5096 inaequalitas

343 5126 392 5178 in
428 5125 696 5177 Trinitate
725 5134 892 5186 esset,
927 5133 1104 5190 neque
1148 5118 1212 5172 ad
1258 5120 1490 5172 invicem
1526 5119 1904 5172 discerneren-

343 5224 444 5267 tur.
479 5215 534 5268 δι
572 5223 752 5266 autem
787 5227 891 5266 non
926 5210 1394 5270 discernerentur,
1443 5224 1545 5260 una
1590 5207 1748 5260 etiam
1784 5220 1906 5275 per-

343 5323 472 5361 sona
527 5317 709 5370 esset;
758 5307 959 5374 quippe
1020 5301 1230 5357 sublata
1284 5299 1546 5354 relatione
1604 5300 1904 5352 secundum

344 5411 583 5459 causam,
622 5407 786 5462 atque
823 5394 1063 5457 causale,
1098 5395 1211 5447 sola
1257 5388 1498 5444 essentia
1555 5389 1903 5456 relinquitur.

344 5492 583 5553 Constat,
605 5491 863 5559 quoniam
895 5500 950 5542 et
979 5488 1170 5551 Filius,
1205 5497 1256 5541 et
1291 5486 1528 5556 Spiritus
1563 5495 1802 5545 sanctus,
1841 5487 1906 5535 ad

346 5596 402 5633 se
436 5584 663 5635 invicem
694 5591 748 5635 et
780 5580 913 5633 uniti
944 5589 996 5632 et
1025 5579 1244 5632 discreti
1278 5587 1422 5639 sunt,
1453 5566 1912 5646 qnctumlmodnni

491 5719 494 5721 λ
584 5680 847 5736 ἱἈτιιειιι.
893 5678 1002 5734 Gn.
1051 5673 1224 5735 CLII.

2007 4409 2090 4454 tur
2116 4397 2180 4453 ad
2237 4400 2488 4468 invicem,
2541 4407 2621 4458 vel
2669 4424 2789 4472 qua:
2815 4413 3110 4478 secundum
3145 4415 3480 4480 negationem
3517 4426 3571 4466 σι

2005 4490 2414 4544 allirmationem
2443 4505 2592 4559 sunt,
2629 4496 2705 4547 vel
2740 4512 2858 4564 qua:
2887 4499 3183 4550 secundum
3213 4504 3567 4565 privationem

2003 4593 2056 4634 et
2080 4582 2358 4643 habitum;
2389 4584 2471 4636 vel
2507 4589 2802 4638 secundum
2833 4588 3035 4654 aliquid
3069 4589 3212 4640 aliud
3237 4592 3566 4658 bttjttsusudi.

2009 4672 2229 4724 Constat
2267 4682 2446 4726 autem
2486 4683 2541 4728 et
2587 4678 2709 4744 quia
2767 4680 2950 4743 aliam,
3001 4695 3104 4734 non
3155 4682 3376 4736 alterunt
3413 4687 3567 4743 dixit,

2009 4763 2158 4813 Alius
2214 4763 2357 4816 enim
2396 4766 2536 4834 quod
2589 4769 2806 4831 dicitur,
2860 4770 2909 4822 in
2961 4773 3042 4824 bis
3077 4791 3193 4839 qttd.‘
3241 4777 3341 4830 sub
3381 4781 3568 4834 eadem

2009 4853 2189 4921 specie
2241 4868 2366 4912 sunt
2410 4866 2464 4911 et
2515 4856 2877 4926 adducuntur,
2903 4861 3099 4917 Graeca:
3127 4867 3410 4922 locutionis
3443 4888 3571 4925 usus

2009 4940 2252 5011 proferte
2288 4949 2604 5024 consuevit;
2637 4946 2806 5001 altera
2841 4967 2964 5006 vero
3000 4966 3053 5008 et
3099 4958 3356 5024 alterius,
3401 4962 3451 5013 in
3488 4964 3570 5014 bis

2008 5049 2126 5134 qua:
2158 5035 2239 5090 vel
2293 5047 2505 5134 specie,
2551 5039 2629 5090 vel
2672 5055 2865 5107 genere
2896 5043 3170 5110 dil‘l‘erunl,
3202 5051 3397 5104 dicitur
3422 5052 3569 5126 μιψὶ

2009 5125 2146 5180 forte
2192 5125 2435 5222 abus'ivc
2464 5133 2709 5223 dicatur;
2745 5135 2884 5199 quod
2914 5136 3149 5202 profecto
3183 5141 3390 5192 abusii-e
3443 5125 3573 5187 nidi.
3604 5182 3622 5194 _

2008 5227 2170 5283 quam
2201 5257 2203 5261 ι
2253 5234 2284 5306 l,

2275 5239 2538 5334 ﬁ‘,c‘c5ia:
2603 5222 2845 5288 magister
2907 5223 2957 5274 in
3025 5228 3220 5279 divinis
3278 5227 3576 5292 pusillam-1;

2332 5325 2342 5334 ι
2565 5319 2605 5334 ι-
2657 5323 2764 5334 ΑΜ..
2788 5313 2882 5334 i-...
2941 5311 2992 5334 ι.-
3021 5326 3085 5334 ,..-
3311 5311 3405 5334 ,..ι.

2305 5620 2672 5775 \\ci‘9'\.‘,p\0“
2708 5620 2880 5647 νων-ν
2933 5620 3124 5625 υ---ν--κ

2491 5473 2658 5569 2M“,
2683 5490 2811 5556 quod
2851 5494 2959 5541 sine
2987 5485 3157 5537 medio
3184 5499 3246 5537 ex
3289 5485 3482 5552 aliquo,
3518 5481 3595 5530 ιρι

2553 5561 2672 5658 imi,
2704 5578 2880 5647 prodit,
2927 5572 3125 5625 causale
3163 5589 3329 5652 caus-.o
3377 5585 3474 5632 est,
3508 5583 3601 5638 per

4005 631 4039 1082 ᾗ

4017 1083 4047 1734 i

4026 1737 4051 2570 i

4037 2829 4051 2932 Ξ

4033 2935 4051 3168 i

4035 3173 4051 3442 1g
