4064 6262
506 433 608 497 139

1759 425 1913 483 MAN
1929 422 2154 482 UELIS
2194 425 2279 479 (ΖΑ
2295 423 2497 481 LEC/E

3626 411 3720 476 140

491 558 652 614 quam
686 539 888 610 prodit,
912 545 966 592 et
997 534 1229 591 maxime
1258 549 1380 588 cum
1417 548 1706 604 proerssits
1738 532 2050 601 :equirucus
2080 529 2122 590 Α
2228 529 2502 600 Nyssenus
2533 528 2728 599 quippe
2759 527 3053 596 Gregorius
3076 527 3390 580 discernens
3415 524 3524 576 ait:
3567 525 3724 576 Aliud

490 636 677 695 fuerit,
711 632 831 686 Filii
887 645 1015 684 vero
1049 630 1122 684 sit
1173 627 1482 682 immediata
1515 627 1791 689 tiatiritas,
1817 623 2050 692 Spiritus

489 737 666 778 autem
734 723 964 776 mediata
1024 722 1302 791 processio
1356 735 1453 789 per
1505 716 1701 770 Filium
1761 714 1877 782 ejus
1934 721 2048 778 est,

488 817 759 883 simulque
823 813 1041 867 causale
1096 809 1343 879 utrisque
1403 808 1669 879 reddidit,
1726 815 1781 860 et
1835 802 2052 860 causale

491 909 779 961 insinuans
847 905 1083 960 Verbum
1147 919 1213 958 ex
1271 915 1434 956 causa
1501 915 1644 964 esse,
1703 896 2054 954 subdividcns

490 1005 651 1056 etiam
687 1002 751 1052 ad
789 998 1044 1063 invicem,
1094 995 1396 1050 secundum
1447 1007 1662 1046 causam
1713 999 1767 1044 et
1815 987 2052 1053 causale,

490 1091 747 1146 discrevit
808 1089 1012 1157 aliquid
1065 1085 1284 1158 quidem
1334 1085 1678 1138 continenter
1712 1095 1775 1135 ex
1825 1081 1999 1149 primo
2039 1097 2052 1134 :

495 1183 635 1236 aliud
663 1196 791 1234 vero
821 1196 916 1248 per
953 1178 1006 1232 id
1036 1177 1179 1246 quod
1211 1183 1354 1231 esset
1380 1173 1720 1228 continenter
1743 1185 1806 1224 ex
1841 1170 2056 1238 primo;

499 1278 550 1328 in
581 1274 691 1328 sola
741 1287 972 1340 namque
1006 1283 1165 1324 causa
1213 1277 1264 1320 ct
1299 1263 1500 1318 causali
1549 1263 1761 1316 divinas
1800 1274 2060 1329 personas

497 1365 732 1417 discerni
767 1359 1243 1430 deprehendimus.
1280 1354 1341 1407 Et
1376 1353 1632 1424 quoniant
1656 1349 1818 1403 Pater
1841 1350 2058 1416 quidem

499 1459 642 1524 quod
698 1454 920 1515 dicitur,
993 1452 1298 1518 gignentem
1362 1444 1591 1508 indicat,
1652 1440 1820 1495 Filius
1878 1450 2060 1494 autem

499 1525 849 1608 trist-cutem,
906 1551 1127 1596 sanctus
1177 1553 1305 1592 vero
1359 1537 1598 1605 Spiritus
1655 1533 2060 1602 procedentem,

495 1655 591 1692 seu
641 1637 984 1705 inspiratnm,
1017 1645 1194 1687 causa:
1227 1644 1353 1698 ergo
1387 1637 1440 1680 et
1471 1625 1730 1692 causalis,
1766 1624 1881 1677 sive
1913 1623 2064 1692 prin-

500 1733 653 1800 cipii,
679 1741 728 1783 et
761 1743 949 1782 eorum
984 1742 1102 1794 qute
1138 1732 1262 1777 sunt
1291 1737 1352 1776 es
1388 1719 1654 1789 principio
1690 1717 1905 1771 nomina
1941 1724 2066 1768 sunt

496 1831 696 1875 sancta:
757 1829 812 1872 et
875 1811 1413 1885 supersnbstantialis
1468 1809 1752 1863 Trinitatis
1819 1807 2061 1867 nomina,

2159 622 2293 674 enim
2323 633 2395 675 est
2456 622 2778 674 continenter
2807 635 2869 673 ex
2922 620 3120 688 primo;
3160 617 3308 672 aliud
3345 633 3436 686 per
3465 617 3544 681 id,
3591 620 3724 686 quod

2123 721 2228 765 ‘cst
2277 712 2610 764 continenter
2649 727 2713 764 ea:
2744 711 2951 780 primo;
3008 711 3151 778 quod
3204 709 3350 764 enim
3390 716 3518 762 ante
3566 709 3727 762 etiam

2159 801 2415 866 diximus,
2448 815 2668 856 causam
2717 810 2772 855 et
2800 801 3018 856 causale
3068 813 3360 868 processus
3407 799 3716 869 hujusmudi

2163 893 2587 958 commendant;
2617 893 2721 947 nisi
2753 893 2897 946 enim
2930 907 3222 959 processus
3245 891 3300 946 in
3329 889 3528 946 divinis
3561 901 3727 952 esset,

2158 983 2400 1052 profecto
2453 998 2631 1054 neque
2669 984 2950 1050 discretio,
3004 998 3180 1055 neque
3231 997 3490 1041 numerus
3543 997 3727 1052 perso-

2161 1091 2349 1130 narum
2389 1085 2569 1140 esset;
2604 1090 2957 1144 personarum
2988 1089 3119 1130 vero
3140 1088 3402 1130 numerus
3423 1074 3725 1134 secundum

2158 1172 2402 1232 causam,
2439 1176 2492 1220 et
2531 1166 2748 1222 causale
2787 1167 2981 1222 divinae
3021 1180 3266 1235 personat
3305 1163 3679 1233 distinguitur.

2231 1258 2405 1311 Simul
2452 1269 2632 1312 autem
2663 1267 2904 1322 constat,
2929 1258 3094 1315 etiam
3127 1257 3422 1314 secundum
3449 1257 3724 1311 contraria

2161 1350 2426 1417 possibile
2463 1365 2568 1402 non
2605 1364 2727 1403 esse
2755 1348 2968 1404 divinas
3001 1349 3236 1406 discerni
3266 1362 3563 1416 personas;
3602 1362 3728 1400 con-

2165 1439 2334 1494 traria
2391 1440 2533 1493 enim
2594 1439 2904 1494 diil‘ereutes
2949 1440 3161 1509 species
3217 1438 3622 1502 commendant,
3675 1448 3731 1488 ut

2165 1531 2348 1588 album
2391 1542 2446 1586 et
2481 1532 2720 1603 nigrum,
2761 1543 2814 1586 ct
2853 1533 3118 1587 rationale
3162 1541 3216 1586 et
3246 1531 3585 1594 irrationale,
3615 1543 3728 1582 coro

2164 1638 2374 1693 pusque
2403 1633 2455 1677 et
2484 1623 2842 1692 incorporale.
2875 1623 3018 1677 Deus
3045 1634 3225 1676 autem
3257 1637 3362 1676 una
3391 1621 3602 1689 species
3623 1628 3728 1678 est,

2165 1729 2502 1785 quaecunque
2535 1719 2746 1768 tandem
2780 1715 2873 1780 sit,
2898 1714 3077 1774 sidici
3123 1714 3306 1778 liceat,
3333 1723 3389 1768 et
3419 1727 3526 1768 una
3572 1711 3730 1766 trium

2166 1806 2405 1860 essentia
2440 1813 2494 1859 et
2521 1806 2702 1861 unitas
2733 1815 2836 1861 est.

499 1911 676 1965 Patris
710 1883 1020 1969 scilicet,_et
1078 1904 1220 1965 Filii,
1271 1909 1324 1956 et
1356 1899 1530 1955 sancti
1561 1899 1821 1968 Spiritus.
1857 1897 1918 1954 Et
1946 1895 2070 1965 quia
2105 1905 2146 1959 Β
2243 1892 2429 1961 Neque
2450 1898 2748 1950 secundum
2773 1883 3130 1965 privationem
3155 1897 3369 1965 quidem
3393 1897 3728 1960 etbabitum,

501 2003 822 2073 paternitas,
869 2008 923 2052 et
956 1996 1235 2049 nativitas.
1268 2003 1430 2062 atque
1466 1990 1743 2060 processio
1787 1986 1920 2068 solio
1944 1995 2068 2040 sunt

513 2091 898 2148 substantiales
954 2078 1315 2158 proprietates
1364 2095 1717 2150 personarum
1758 2097 1772 2133 :
1828 2076 2070 2146 proprie-

514 2195 653 2239 tates
684 2199 811 2237 vcro
856 2183 995 2235 idem
1046 2194 1185 2241 esse,
1213 2176 1356 2247 quod
1407 2173 1760 2236 substantias,
1791 2179 2068 2226 ostensum

504 2287 588 2330 est
637 2274 932 2328 secundum
982 2270 1291 2337 theologum
1339 2264 1659 2330 Gregorium
1707 2279 1719 2316 :
1757 2261 2066 2315 substantia

506 2381 657 2429 vero,
700 2365 814 2418 sive
845 2374 1070 2430 persona
1106 2359 1346 2418 Patrem,
1384 2363 1439 2408 et
1479 2352 1695 2416 Filium,
1721 2361 1775 2406 et
1805 2350 2068 2421 Spiritum

503 2466 756 2511 sanctum
820 2454 1018 2522 signat.
1076 2449 1154 2502 lta
1198 2445 1342 2502 enim
1399 2445 1766 2498 Damascenus
1823 2441 2071 2495 deﬁnivit

504 2550 691 2603 dicens
719 2545 949 2621 :_Deitas
992 2550 1238 2594 naturam
1269 2539 1502 2600 indicat;
1535 2537 1697 2592 Pater
1730 2545 1905 2587 autem
1932 2534 2069 2602 quod

503 2643 721 2700 dicitur,
771 2634 1165 2696 substantiam;
1217 2633 1342 2700 quia
1393 2631 1550 2684 etiam
1601 2628 1894 2682 substantia
1928 2642 2071 2679 com-

503 2749 657 2785 mune
696 2747 812 2784 cum
850 2729 1064 2799 proprio
1095 2735 1194 2780 est.
1243 2722 1470 2779 Constat
1513 2723 1628 2774 haec
1660 2719 1876 2774 nomina
1913 2717 2070 2772 indu-

502 2839 631 2878 cere
685 2821 1069 2876 discretionem
1107 2816 1472 2888 personalem,
1526 2826 1591 2867 ac
1641 2809 1945 2866 necessario
1985 2808 2078 2860 di-'

502 2921 681 2966 screta
719 2910 952 2978 signare.

571 3002 840 3067 Quocirca
905 3009 964 3052 et
1029 2996 1144 3049 haec
1201 2993 1316 3047 sola
1369 2990 1587 3059 proprie
1648 2990 1955 3058 personalia
2016 3000 2070 3042 et

501 3090 879 3150 mbatantlalia
917 3095 1067 3151 sunt,
1093 3100 1212 3154 qua:
1235 3098 1434 3148 causae,
1465 3082 1803 3151 causalisque
1827 3082 2068 3136 habitum

505 3188 745 3255 signant,
804 3178 1128 3247 singulaque
1181 3176 1409 3246 singulis
1465 3175 1684 3246 proprie
1747 3175 2066 3234 redduntur,

506 3277 650 3332 nulla
692 3271 1099 3326 communitatis
1137 3269 1348 3323 ratione
1395 3267 1737 3329 introducta;
1771 3265 2075 3322 sollicitud—

513 3382 621 3437 que
671 3367 770 3435 per
819 3378 878 3418 se
909 3364 1026 3430 ipsa
1077 3361 1427 3415 discretionis
1472 3360 1853 3414 commendare
1905 3358 2072 3411 ratio-

509 3477 652 3515 nem.
693 3458 872 3512 Patris
901 3463 1046 3511 enim
1081 3467 1242 3521 super
1271 3452 1628 3507 substantiale
1666 3466 1860 3506 nomen
1907 3461 1960 3504 et
1988 3465 2075 3508 res

506 3565 726 3604 causam
789 3549 994 3604 indicat
1046 3545 1306 3619 Fll'ti,qet
1365 3542 1487 3596 Filii
1538 3542 1725 3608 etiam,
1782 3550 1837 3595 et
1897 3538 2074 3594 sancti

509 3643 747 3713 Spiritus
787 3639 1063 3696 similiter.
1107 3636 1347 3703 Quorum
1377 3633 1548 3689 Filius
1582 3635 1798 3703 quidem
1829 3632 2072 3686 habitum

511 3735 576 3789 ad
637 3734 856 3786 Patrem
916 3723 1116 3799 signat,
1182 3737 1405 3781 sanctus
1471 3736 1652 3780 autem
1707 3725 1945 3793 Spiritus
2008 3723 2073 3776 ad

513 3826 914 3896 productorem,
945 3823 1058 3877 sive
1091 3821 1388 3889 spirantem
1414 3817 1652 3871 causalis
1674 3817 1878 3870 habere
1908 3814 2075 3868 ratio-

514 3934 635 3974 nem
673 3917 928 3980 tradltur,
979 3912 1218 3968 maxime
1265 3925 1388 3964 cum
1432 3910 1610 3962 dictus
1649 3908 1718 3962 sit
1746 3905 2073 3976 spiraculum

514 4008 937 4079 omnipotentis;
989 4004 1222 4072 Filiique
1272 4001 1604 4072 spiraculum
1657 4013 1780 4054 esse
1836 3998 2076 4068 Spiritus

513 4111 759 4162 sanctus,
795 4092 1124 4164 spiraculum
1161 4106 1287 4144 vero
1321 4089 1580 4158 spirantis
1600 4095 1717 4154 est;
1753 4098 1807 4141 et
1842 4087 2078 4156 Spiritus

517 4211 545 4246 τι
576 4192 830 4259 spirando
873 4186 1254 4240 denominatus
1299 4192 1404 4235 est.
1456 4181 1520 4234 Et
1555 4181 1697 4234 sicut
1727 4179 1802 4234 ait
1853 4195 2080 4249 magnus

515 4283 864 4345 Athanasius,
898 4276 1134 4347 Spiritus
1176 4273 1474 4343 processio.
1501 4271 1773 4341 splraculo
1805 4273 2077 4326 assimila-

517 4387 627 4431 tur.
661 4371 895 4442 Spiritus
925 4377 1102 4421 autem
1134 4365 1404 4435 processio
1429 4378 1714 4432 processus
1745 4373 1828 4419 est
1856 4382 1868 4417 :
1895 4365 2078 4432 itaque

522 4478 576 4522 et
621 4461 928 4532 inspiratio.
981 4457 1118 4512 Nam
1177 4468 1229 4511 et
1275 4455 1510 4526 Spiritus
1543 4458 1840 4525 procedens
1879 4458 2079 4512 dicitur

2171 1999 2290 2054 qua:
2353 1985 2499 2040 enim
2561 1985 2882 2056 itnperlecte
2941 1988 3183 2051 habent,
3237 1987 3534 2047 secundum
3599 1988 3732 2043 hanc

2171 2076 2573 2147 oppositionem
2635 2078 3065 2145 discernuntur,
3137 2079 3300 2135 veluti
3355 2080 3421 2134 ab
3489 2091 3729 2148 aspectu,

2171 2167 2390 2223 caecitas
2425 2179 2480 2222 et
2529 2183 2558 2222 a
2608 2183 2751 2224 cteco
2794 2171 3000 2226 videns.
3041 2168 3195 2225 Nulla
3231 2187 3358 2227 vero
3404 2171 3636 2240 privatio
3681 2169 3730 2223 in

2173 2258 2285 2313 Deo
2335 2259 2534 2312 summi
2573 2260 2698 2314 boni
2731 2271 2845 2326 eSt;
2899 2263 3098 2333 quippe
3153 2262 3584 2331 perfectissimus
3617 2271 3728 2324 est;

2171 2357 2224 2402 et
2276 2347 2708 2403 substantiarum
2759 2349 3012 2418 quaelibet
3062 2351 3298 2420 perfecta
3331 2361 3446 2418 e3t;
3488 2351 3729 2419 Deusque

2172 2451 2321 2497 totus
2359 2457 2424 2496 ex
2478 2451 2588 2527 toto
2637 2457 2819 2507 verus,
2857 2457 2920 2498 ac
2977 2444 3251 2512 perlectus
3303 2455 3386 2499 est
3438 2445 3728 2499 secundum

2172 2532 2297 2588 ﬁdei
2329 2534 2652 2602 positiones,
2687 2532 2782 2588 sed
2815 2549 2989 2604 neque
3010 2543 3067 2588 ut
3094 2535 3386 2589 altirmatio
3414 2546 3467 2589 et
3501 2535 3727 2605 negatio.

2173 2625 2331 2692 Nam,
2365 2625 2665 2680 secundum
2710 2625 2853 2680 hanc
2900 2626 3293 2694 oppositionem
3325 2642 3447 2696 quin
3498 2637 3625 2680 sunt
3669 2624 3730 2678 ab

2173 2717 2260 2774 his
2289 2733 2410 2789 quae
2443 2734 2548 2774 non
2582 2727 2732 2784 sunt,
2765 2717 3170 2780 discernuntur,
3205 2726 3262 2771 ut
3299 2732 3329 2772 a
3360 2717 3495 2770 falso
3526 2731 3728 2772 verum.

2181 2810 2347 2865 Porro
2379 2812 2432 2865 in
2481 2811 2592 2865 Dco
2637 2809 2816 2866 nullus
2848 2825 2953 2865 non
2991 2809 3209 2864 essendi
3258 2809 3407 2866 locus
3456 2818 3563 2861 est.
3601 2807 3730 2860 lleus
3773 2857 3778 2860 .

2171 2903 2315 2957 enim
2385 2903 2617 2970 essentia
2681 2900 3218 2971 supersubstautialis
3280 2911 3386 2965 εει,
3449 2899 3731 2966 virtusque

2172 2995 2320 3049 omni
2351 2997 2554 3049 virtute
2581 2995 2830 3064 superior
2855 3003 2909 3050 et
2940 2992 3315 3057 exetl’entior,
3341 3002 3502 3060 atque
3533 2993 3728 3044 inerun-

2173 3087 2449 3141 mutabilis
2476 3088 2702 3143 veritas.
2757 3085 2895 3142 Deus
2929 3085 3065 3139 enim
3108 3099 3163 3138 se
3214 3084 3383 3152 ipsum
3416 3099 3608 3150 uegure
3638 3095 3732 3133 non

2172 3188 2362 3246 potest,
2397 3186 2452 3231 ut
2491 3178 2564 3232 ait
2590 3177 2789 3232 Paulus
2812 3179 2853 3231 ³.

2249 3268 2518 3324 Praeterea
2557 3283 2662 3322 non
2698 3276 2780 3321 est
2801 3267 3052 3336 'negatio,
3093 3266 3234 3335 quod
3271 3263 3570 3318 afﬁrmatio
3609 3261 3727 3315 siui-

2179 3361 2414 3428 plieitcr.
2462 3360 2698 3415 Persona
2745 3368 2931 3414 autem
2977 3373 3084 3412 una
3113 3367 3196 3412 est
3223 3356 3567 3424 simpliciter,
3600 3353 3733 3422 quod

2178 3455 2382 3520 altera;
2417 3453 2712 3508 secundum
2740 3452 3032 3508 relationes
3063 3450 3280 3519 quidem
3313 3446 3453 3510 duae,
3481 3442 3738 3513 simplici-

2181 3554 2263 3600 ter
2291 3554 2470 3601 autem
2505 3561 2632 3599 uua.
2660 3541 2795 3598 Nam
2834 3542 3130 3600 secundum
3179 3541 3497 3604 essentiam,
3524 3549 3581 3595 et
3624 3550 3734 3591 esse

2181 3639 2364 3693 unitas
2391 3640 2470 3694 eis
2498 3650 2579 3694 cst
2620 3657 2634 3694 :
2685 3637 2800 3708 Ego
2852 3637 2992 3692 enim
3038 3646 3087 3690 et
3133 3635 3318 3699 Pater,
3351 3632 3733 3701 inquit,'uitum

2179 3745 2358 3784 sumus
2386 3730 2407 3761 ³
2435 3749 2449 3783 :
2481 3740 2534 3784 et
2582 3731 2794 3798 negatio
2818 3729 3037 3798 quidem
3085 3727 3331 3796 sequitur
3380 3738 3443 3778 ea
3477 3737 3599 3790 qum
3649 3731 3734 3788 per

2183 3822 2288 3879 aiia
2320 3825 2611 3880 indiscreta
2643 3831 2809 3888 sunt;
2836 3821 3049 3892 signum
3079 3821 3222 3874 enim
3246 3817 3615 3879 discretionis,
3637 3827 3733 3866 nou

2169 3926 2362 3971 autem
2419 3915 2804 3971 discretionem
2863 3915 3012 3970 facit.
3065 3914 3238 3969 Homo
3289 3912 3434 3970 enim
3488 3922 3542 3967 et
3600 3907 3733 3962 aliud

2183 4006 2458 4075 quodlibet
2518 4005 2718 4061 animal
2771 4005 2982 4063 ratione
3037 4015 3091 4058 et
3157 4003 3457 4074 privatione
3520 3996 3734 4056 rationis

2183 4100 2605 4163 discernuntur;
2649 4113 2774 4153 cum
2808 4097 3146 4160 irrationale,
3181 4105 3240 4151 ut
3271 4095 3483 4165 species
3518 4094 3577 4150 in
3609 4089 3735 4147 divi-

2183 4188 2430 4242 sionibus
2462 4187 2782 4255 accipiatur.
2819 4186 3088 4241 Caeterum
3144 4200 3250 4240 non
3287 4199 3352 4239 eo
3398 4185 3543 4254 quod
3587 4185 3737 4239 homo

2181 4289 2288 4342 est,
2323 4285 2378 4334 et
2423 4279 2586 4333 homo
2629 4293 2731 4332 non
2773 4287 2876 4334 est.
2918 4277 3034 4332 Non
3083 4277 3227 4331 enim
3262 4277 3366 4332 hoc
3399 4286 3504 4341 est,
3547 4285 3734 4345 equum

2182 4387 2325 4438 esse,
2373 4371 2516 4442 quod
2555 4371 2826 4426 hominem
2882 4385 2991 4426 non
3037 4385 3182 4426 esse.
3211 4370 3478 4436 Quoniam
3522 4383 3652 4423 vero
3687 4364 3735 4417 in

2185 4465 2271 4520 his
2305 4478 2423 4534 qua
2463 4462 2530 4518 ad
2582 4461 2808 4531 aliquid,
2857 4477 2978 4532 quae
3009 4463 3062 4521 in
3094 4463 3330 4517 essentia
3385 4460 3734 4530 inspiciuntur

519 4567 742 4627 propter
791 4567 1105 4625 processum
1156 4549 1387 4615 scilicet,
1436 4550 1735 4603 secundum
1795 4565 1956 4620 quem
2009 4567 2075 4605 ex
2111 4556 2480 4630 Dsecundum
2531 4555 2742 4609 scilicet
2797 4569 3020 4609 causam
3074 4564 3128 4608 et
3175 4553 3414 4617 causale,
3473 4552 3734 4621 reperitur

519 4652 681 4706 Patre
711 4646 1028 4716 per-Filium
1062 4641 1329 4711 procedit.

586 4743 816 4799 Constat
849 4741 1032 4807 itaque
1063 4733 1450 4791 substantiales
1491 4734 1870 4805 prOprietates,
1901 4744 2081 4802 pater-

521 4836 750 4888 uitatem
775 4840 830 4886 et
859 4829 1221 4890 nativitatem,
1250 4836 1301 4880 et
1330 4826 1753 4894 processionem,
1785 4826 2078 4880 secundum

523 4937 768 4984 causam,
801 4920 1042 4982 causale,
1079 4917 1292 4971 divinas
1335 4918 1550 4984 signare
1581 4931 1876 4984 personas;
1925 4926 2086 4985 atque

524 5013 647 5068 ideo
699 5008 1086 5067 substantiales
1133 5017 1186 5059 et
1241 5007 1494 5076 proprias
1551 5007 1846 5060 secundum
1899 5020 1979 5070 se,
2023 5020 2084 5057 ac

530 5104 744 5176 proprie
785 5101 912 5165 diei,
945 5098 1184 5166 solisque
1215 5096 1753 5165 hisproprietatibus
1780 5095 2082 5148 divinarum

527 5213 886 5274 personarum
943 5194 1302 5250 diﬂerentiam
1357 5191 1600 5262 intelligi.
1663 5189 1725 5244 Et
1781 5188 1912 5242 illud
1962 5189 2087 5240 item

528 5301 767 5354 constat,
810 5288 1166 5356 proprietates
1199 5284 1415 5352 quidem
1445 5280 1742 5337 secundum
1768 5295 2008 5340 causam,
2039 5290 2091 5333 ct

525 5385 743 5441 causale
777 5379 1136 5435 subsistentes
1169 5373 1476 5444 cogitationi
1515 5385 1805 5440 processus
1828 5373 2083 5439 ingerere,

525 5487 845 5543 rursumque
872 5479 1438 5537 processns’cansam,
1471 5473 1526 5515 et
1557 5462 1793 5522 cattsale,
1819 5459 2085 5526 simulque

527 5565 908 5622 discretionem
945 5557 1274 5614 subinlerre.
1319 5553 1421 5607 lsta
1447 5553 1590 5605 enim
1641 5567 1734 5620 per
1769 5551 2085 5604 alterutrum

531 5659 876 5726 colliguntur.

601 5841 623 5870 ¹
653 5837 836 5893 t't‘im.
870 5849 932 5900 ιι,
961 5834 1044 5888 t3.
1122 5830 1143 5862 ι
1165 5815 1322 5886 ιὀειι.
1355 5845 1407 5895 x,
1437 5828 1525 5884 δα.

2186 4647 2388 4717 aliquid
2437 4646 2613 4702 simile
2666 4645 2766 4701 sibi
2812 4645 3137 4715 producetis,
3191 4647 3244 4700 in
3299 4647 3486 4700 eadem
3541 4644 3732 4714 specie.

2185 4737 2482 4792 secundum
2519 4737 2803 4792 univocam
2857 4752 3109 4802 causam;
3151 4737 3292 4791 Deus
3348 4745 3524 4792 autem
3581 4748 3732 4790 unum

2183 4838 2269 4881 est
2319 4829 2586 4888 essentia;
2639 4830 2762 4890 tria,
2815 4828 3266 4882 substantialibus
3321 4825 3734 4895 praprietatibus

2187 4923 2482 4976 secundum
2511 4935 2736 4974 causam
2770 4930 2822 4973 et
2859 4919 3107 4983 causale;
3140 4919 3411 4987 oppositio
3455 4917 3734 4973 secundum

2186 5025 2404 5064 causam
2437 5021 2492 5064 et
2523 5009 2741 5064 eausale
2771 5011 2822 5063 in
2854 5011 2954 5072 his,
2979 5025 3098 5079 qua:
3133 5014 3200 5064 ad
3232 5011 3439 5079 aliquid
3469 5013 3732 5066 dicuntur.

2185 5102 2360 5155 locum
2395 5101 2559 5155 habet
2589 5102 2644 5155 in
2667 5110 2852 5156 sancta
2887 5099 3171 5155 Trinitate.
3209 5101 3332 5157 Ideo
3364 5113 3418 5157 et
3444 5100 3729 5156 secundum

2187 5193 2351 5272 solum
2387 5205 2606 5244 causam
2655 5201 2706 5244 et
2743 5194 2977 5252 causale,
3024 5203 3076 5244 et
3121 5207 3150 5245 a
3204 5191 3481 5261 Scriptura
3534 5201 3734 5246 sant-ta,

2187 5293 2239 5338 et
2279 5299 2309 5336 a
2361 5284 2566 5337 sanctis
2616 5281 2887 5347 Panibus,
2933 5285 3145 5340 divinas
3176 5300 3439 5353 personas
3493 5281 3736 5339 discerni.

2191 5374 2445 5428 traditum
2479 5383 2582 5428 est.
2615 5374 2791 5429 Patris
2821 5375 2963 5428 enim
2997 5376 3064 5430 ad
3091 5374 3287 5430 Filium
3323 5377 3516 5430 tradita
3549 5375 3736 5428 discre-

2196 5469 2286 5528 tio,
2313 5480 2488 5519 causae
2520 5475 2574 5519 et
2620 5466 2854 5521 causalis
2887 5475 3000 5530 est;
3033 5467 3218 5521 itidem
3251 5467 3496 5535 producti
3539 5477 3591 5520 et
3625 5477 3739 5532 pro-

2195 5557 2459 5612 ducetttis.
2498 5559 2512 5594 ‘

2266 5646 2489 5703 Constat
2519 5659 2696 5704 autem
2731 5663 2792 5704 ex
2828 5648 3139 5718 praemissis,
3177 5649 3304 5716 quia
3336 5649 3582 5720 ingeniti,
3607 5643 3740 5718 geni~
