4144 6296
426 159 526 223 Ml

1443 245 1451 250 _
1522 166 1927 229 ADVERSUS
1967 170 2284 230 GRAECOS
2325 173 2467 231 LIB.
2519 173 2630 231 lli.

3589 173 3686 240 142

425 278 575 343 tique
609 275 820 328 ratione
843 273 1002 331 Pater
1035 289 1064 329 θ
1097 275 1234 334 Filio
1256 291 1363 333 non
1385 280 1613 350 proprie
1657 281 2007 336 discernitur.
2042 287 2088 343 Α
2187 285 2452 348 Quoniam
2515 285 2676 353 igitur
2741 287 3012 351 accidens,
3069 291 3514 361 consortiumque
3578 311 3684 348 non

419 367 616 432 Neque
655 380 721 418 eo
767 365 909 434 quod
944 374 1027 422 est
1074 367 1225 422 nasci
1255 376 1308 423 et
1339 382 1446 425 non
1486 368 1658 424 nasci.
1693 370 1817 425 litec
1857 371 2005 426 enim

419 460 584 522 quasi
652 457 1014 512 contradictio
1080 457 1186 515 sibi
1251 460 1484 516 invicem
1542 462 1790 532 opposita
1857 472 2004 517 sunt.

425 549 643 601 Dictum
696 559 776 602 cst
827 558 1010 604 autem
1065 548 1480 607 aﬂirntationem
1534 562 1591 608 et
1637 554 2004 622 negationem,

422 642 576 691 nulla
632 654 794 707 pouse
827 640 1037 697 ratione
1068 640 1408 708 discernere,
1457 643 1552 701 sed
1604 645 1759 713 sequi
1795 660 1857 699 ea
1889 659 2009 716 qua:

419 734 538 800 jztut
587 747 680 800 per
729 734 833 784 alia
892 732 1128 788 discreta
1169 742 1324 798 sunt,
1359 748 1482 788 cum
1539 734 1609 788 sit
1662 736 2009 792 discretionis

422 826 644 892 signum
681 841 694 878 ε
728 824 891 881 sicuti
928 824 1228 895 ingenitum
1255 825 1400 898 quod
1443 825 1662 891 dicitur,
1684 827 1797 904 jam
1827 829 2007 883 subsi-

422 928 661 970 stentem
724 915 940 974 l’atrem
999 915 1342 984 atﬁrmativa,
1401 917 1454 972 id
1507 927 1591 973 est
1659 917 2007 976 substantiali

423 1008 786 1077 proprietate,
843 1007 1171 1076 paternitate
1208 1008 1446 1076 scilicet,
1497 1012 1767 1079 sequitur.
1824 1011 2010 1082 Itaque

422 1100 722 1165 ingenitum
773 1107 828 1152 et
875 1099 1112 1168 genitum
1147 1096 1348 1167 Patris,
1397 1109 1452 1155 et
1486 1099 1609 1157 Filii
1655 1103 1722 1157 ad
1773 1103 2007 1161 invicem

423 1191 811 1244 discretionem
881 1205 989 1245 non
1053 1190 1212 1258 facit,
1273 1193 1369 1248 sed
1437 1196 1804 1252 subsistentes
1869 1199 2004 1269 jam,

421 1296 590 1350 atque
657 1283 928 1338 discretos
988 1283 1441 1341 substantialibus
1504 1301 1693 1343 eorum
1763 1292 2008 1361 proprie-

423 1374 626 1426 tatibus
681 1376 981 1429 secundum
1033 1363 1254 1430 causam
1293 1387 1347 1432 et
1385 1379 1623 1444 causale,
1678 1382 2007 1449 paternitate

422 1483 492 1519 nc
524 1469 804 1522 nativitate
839 1467 1081 1524 discerni
1116 1469 1410 1539 signiﬁcat.
1450 1470 1713 1529 Similiter
1751 1483 1804 1528 et
1848 1473 1913 1529 de
1943 1490 2006 1528 eo

421 1559 569 1626 quod
607 1567 686 1612 est
721 1558 869 1614 nasci
901 1567 956 1615 et
988 1574 1098 1615 non
1131 1564 1303 1626 nasci,
1337 1560 1652 1617 dicendum.

500 1647 724 1704 Constat
754 1659 934 1704 autem
971 1663 1037 1705 ex
1073 1650 1182 1716 bis,
1209 1660 1263 1704 et
1301 1665 1395 1706 eos
1420 1654 1510 1721 qui
1539 1652 1726 1708 dicunt
1753 1665 2007 1726 oportere

423 1741 664 1808 [ta-imam
693 1755 816 1795 esse
857 1740 1076 1796 Patrem
1113 1750 1165 1798 et
1195 1741 1417 1808 Filium,
1461 1743 1657 1798 deinde
1693 1744 1858 1800 alium
1888 1748 2008 1816 qui-

420 1832 549 1883 dem
601 1832 846 1901 gignere,
880 1832 1038 1902 longe
1080 1848 1108 1888 a
1161 1834 1373 1888 decenti
1428 1837 1770 1891 confessione
1805 1853 2008 1894 sancta:

423 1919 722 1977 Trinitatis
755 1923 1034 1979 aberrare.
1063 1923 1221 1979 Nulla
1252 1926 1396 1981 enim
1424 1926 1534 1986 illic
1559 1937 1644 1984 est
1667 1929 1771 1983 alia
1804 1931 2006 1985 discre-

420 2011 592 2064 tionis
631 2011 956 2079 diﬂet'etitia,
992 2023 1190 2083 praeter
1229 2030 1346 2072 eam
1380 2030 1498 2086 qua
1535 2019 1835 2073 secundum
1883 2034 2008 2074 cau-

420 2118 543 2154 sant
577 2113 629 2157 et
661 2104 881 2158 causale
911 2121 977 2160 ex
1010 2107 1363 2176 processibus
1401 2117 1648 2179 apparet.
1687 2107 1802 2163 Hoc
1827 2109 2004 2180 ipsum

419 2195 592 2258 enim,
623 2197 766 2262 quod
799 2195 937 2251 alius
971 2197 1043 2252 sit
1076 2212 1261 2265 causa,
1297 2198 1438 2255 alius
1488 2201 1736 2267 causale;
1792 2201 1894 2256 hoc
1920 2212 2005 2256 est

420 2285 568 2338 alius
617 2287 835 2348 quidem
873 2287 943 2340 sit
987 2286 1173 2356 Pater,
1203 2288 1344 2345 alius
1374 2289 1567 2357 Filius,
1618 2307 1881 2360 personas
1930 2295 2005 2349 si-

425 2377 542 2427 mul
571 2388 622 2430 et
649 2377 1032 2432 discretionem
1065 2379 1266 2449 signat.
1302 2378 1508 2450 Itaque,
1547 2385 1592 2437 si
1623 2383 1840 2452 quidem
1886 2400 2007 2454 pro-

422 2483 618 2522 (CSSUS
669 2485 777 2523 non
833 2479 1001 2534 esset,
1047 2480 1106 2524 ut
1152 2471 1356 2526 dictum
1393 2481 1474 2527 est
1519 2474 1784 2542 profecto,
1829 2492 2005 2545 neque

421 2574 687 2613 numerus
723 2574 1084 2626 personarum
1113 2571 1280 2628 esset,
1313 2575 1716 2636 consequenter
1752 2583 1880 2623 vero
1905 2585 2005 2626 nec

420 2651 690 2704 'l'rinitas.
1591 2664 1594 2666 '

501 2745 605 2795 Alii
641 2745 805 2796 etiam
857 2743 971 2797 sine
1001 2745 1369 2812 processibus,
1411 2749 1501 2816 qui
1535 2759 1660 2803 sunt
1708 2755 2002 2808 secundum

422 2848 654 2888 causam
687 2846 739 2888 et
767 2835 1000 2901 causale,
1033 2837 1132 2890 tria
1174 2827 1384 2906 ponunt
1417 2854 1536 2896 esse
1582 2838 1750 2896 Deum
1785 2859 1797 2896 :
1843 2856 1896 2900 ct
1931 2846 2002 2900 ita

2041 1619 2080 1671 ll

424 2927 564 2980 nihil
603 2927 914 2994 proltibeblt
944 2943 1058 2994 eos,
1113 2930 1214 2985 tria
1251 2946 1372 2986 cum
1407 2935 1538 3000 sint,
1589 2935 1640 2990 in
1678 2935 1786 2992 Deo
1835 2938 2005 2994 conti-
2029 2955 2074 3014 α

423 3019 552 3085 teri,
598 3020 898 3074 secundum
952 3035 1012 3076 se
1066 3021 1186 3078 sine
1243 3023 1506 3081 relatione
1553 3027 1620 3080 ad
1657 3028 1997 3094 alterutrum,

423 3114 566 3176 quod
623 3126 746 3164 cum
804 3113 1057 3168 essentiae
1112 3115 1374 3171 unitatem
1440 3117 1620 3186 tollat,
1669 3118 1997 3177 Arianorum

426 3203 724 3269 propositio
753 3212 858 3256 est.

500 3291 611 3346 Non
639 3295 812 3346 solum
841 3278 970 3365 ergo
988 3311 1093 3352 non
1118 3306 1337 3367 oportet
1361 3299 1596 3368 primum
1619 3315 1738 3356 esse
1759 3300 1998 3365 Patrem,

426 3383 618 3438 deinde
654 3384 977 3453 genitorem,
1017 3403 1226 3453 verum,
1272 3404 1340 3443 ne
1392 3391 1624 3460 cogitari
1679 3391 1729 3446 id
1783 3394 2000 3460 quidem

425 3480 696 3530 convenit.
734 3478 868 3532 Nam
917 3479 964 3534 si
1010 3481 1184 3549 ipsum
1216 3481 1438 3551 gignere
1485 3481 1662 3535 Patris
1712 3498 1997 3551 personam

427 3570 623 3638 signat,
661 3570 932 3636 quomodo
967 3571 1186 3626 sublato
1214 3586 1284 3628 eo
1333 3572 1452 3642 ipso
1483 3575 1725 3644 gignere,
1749 3574 1860 3644 jam
1897 3575 2002 3630 erit

427 3659 627 3713 Pater?
657 3662 762 3712 Aut
808 3662 956 3714 enim
993 3676 1168 3732 neque
1221 3659 1384 3718 Pater
1426 3666 1555 3724 erit.
1605 3666 1648 3720 si
1683 3667 1864 3722 dicere
1917 3669 1999 3724 fas

425 3759 529 3813 est,
582 3763 672 3804 aut
711 3764 860 3806 certe
909 3753 1181 3820 confusio,
1233 3765 1326 3810 aut
1375 3758 1597 3811 tertium
1650 3760 1754 3814 erit
1795 3762 1999 3830 aliquid

426 3846 719 3897 secundum
772 3859 830 3900 se
881 3854 936 3899 et
985 3848 1316 3914 absolutum,
1372 3851 1603 3904 divisum
1655 3853 1720 3906 ab
1763 3856 1996 3910 essentia

428 3934 546 3988 Filii
598 3947 650 3990 et
703 3936 960 4006 Spiritus.
1011 3938 1066 3993 ld
1123 3943 1296 4008 ipsum
1348 3951 1532 3998 autem
1586 3952 1641 3999 et
1691 3946 1757 4000 de
1809 3957 1998 4001 sancto

427 4028 632 4094 Spiritu
661 4031 968 4084 dicendum.
993 4031 1099 4086 Sed
1126 4033 1227 4087 ista
1252 4049 1383 4089 sane
1405 4035 1692 4104 phantasia
1716 4038 1994 4093 hominum

2113 373 2400 428 admittere
2444 375 2581 438 dixit
2614 390 2675 430 ea
2727 391 2822 446 per
2851 393 2970 448 qua:
3019 380 3281 450 cujusque
3328 397 3684 451 personarum

2113 464 2418 530 proprietas
2448 467 2885 531 commendatur,
2926 480 2980 523 et
3025 486 3121 538 per
3154 487 3274 543 qu}:
3306 475 3534 544 singular
3570 476 3686 530 illa-

2119 568 2235 609 rum
2269 554 2506 612 discrete
2529 558 2888 626 accipiuntur,
2931 561 2998 615 de
3023 564 3259 632 prepriis
3279 569 3574 622 secundum
3605 584 3684 636 se,

2115 645 2680 717 substantialibusque
2712 651 3026 706 nationibus
3057 657 3274 724 proprie
3303 659 3542 713 disserit.
3577 661 3686 715 Ita-

2111 748 2217 804 que
2255 736 2514 803 possibile
2562 754 2666 792 non
2699 749 2801 805 est,
2851 741 2902 793 in
2948 744 3137 798 eadem
3176 761 3430 814 persona,
3466 750 3687 808 alterius

2112 823 2274 879 etiam
2341 827 2729 895 pr0prictatem
2794 831 3008 900 inspici.
3077 833 3233 890 Nulla
3283 838 3430 893 enim
3489 842 3542 895 in
3600 843 3687 899 bis

2112 918 2501 983 communitas,
2534 928 2630 975 aut
2667 925 2951 979 conversio
3004 926 3301 982 inducitur.
3353 929 3466 986 Hoc
3518 935 3682 988 etiam

2111 1008 2418 1064 secundum
2459 1012 2746 1078 quamdam
2800 1017 3194 1085 oppositionetn
3245 1025 3536 1094 contingit,
3589 1043 3686 1095 per

2111 1113 2273 1166 quam
2310 1113 2526 1158 nonest
2556 1119 2745 1175 unum,
2775 1109 2917 1178 quod
2957 1120 3040 1166 est
3076 1112 3329 1178 alterum,
3382 1123 3680 1174 secundum

2112 1190 2326 1245 scilicet
2389 1194 2750 1263 oppositionis
2818 1199 3101 1266 rationem,
3170 1207 3469 1260 secundum
3517 1222 3680 1277 quam

2113 1294 2287 1347 neque
2317 1285 2382 1335 ad
2413 1283 2646 1340 invicem
2676 1299 3030 1345 convertunt.

2180 1369 2446 1437 Quoniam
2490 1375 2655 1445 igitur
2702 1378 2756 1432 in
2792 1381 2903 1435 sola
2935 1396 3098 1437 causa
3134 1395 3187 1438 et
3227 1387 3433 1442 causall
3481 1388 3678 1444 divina:

2111 1474 2355 1526 persona:
2420 1465 2831 1531 discernuntur,
2887 1472 3138 1542 istudque
3201 1477 3580 1532 universaliter
3624 1491 3680 1533 et

2113 1549 2336 1606 diliinite
2360 1555 2563 1610 dictum
2587 1567 2690 1626 est,
2709 1569 2762 1613 et
2786 1562 2899 1630 ipsa
2922 1577 3179 1632 praeterea
3206 1579 3395 1622 natura
3417 1570 3677 1637 dictante;

2115 1655 2290 1709 neque
2315 1646 2463 1700 enim
2494 1663 2617 1703 esse
2646 1661 2829 1718 posset
2855 1655 2971 1709 sine
2998 1656 3188 1712 ordine
3220 1657 3476 1721 Trinitas.
3505 1663 3674 1716 maxi-

2114 1745 2200 1786 me
2245 1748 2367 1788 cum
2423 1736 2590 1791 etiam
2651 1741 2842 1797 tertius
2886 1758 2951 1797 ex
3002 1750 3176 1814 primo
3212 1751 3532 1807 naturaliter
3584 1768 3682 1822 per

2113 1824 2346 1878 medium
2411 1833 2705 1895 procedere
2760 1849 2859 1902 pro
2913 1837 3167 1892 confesso
3228 1839 3521 1908 habeatur;
3576 1847 3678 1900 tria

2113 1922 2290 1967 tamen
2315 1930 2435 1972 esse
2485 1920 2602 1975 sine
2628 1937 2890 1990 prOCt-ssn
2927 1936 2980 1980 et
3024 1927 3235 1992 ordine,
3271 1934 3532 1998 possibile
3561 1946 3678 2000 est;

2113 2020 2348 2076 cumque
2377 2020 2433 2064 et
2476 2012 2608 2073 Iides
2639 2029 2994 2083 personarum
3031 2021 3234 2076 indicet
3267 2025 3678 2095 discretionem,

2112 2111 2324 2154 constat
2363 2103 2628 2168 profecto,
2685 2109 2728 2162 si
2777 2109 3118 2168 discernendi
3176 2117 3284 2170 sint
3337 2121 3402 2171 ad
3445 2121 3673 2176 invicem

2113 2187 2282 2244 Filius
2310 2203 2358 2246 et
2387 2192 2642 2263 Spiritus,
2670 2215 2774 2253 non
2807 2202 2909 2254 alia
2939 2204 3267 2261 discretione
3291 2224 3450 2278 quam
3477 2227 3676 2266 secun-

2109 2279 2235 2335 dum
2283 2299 2505 2339 causam
2556 2299 2610 2343 et
2647 2293 2865 2348 causale
2919 2298 3230 2352 necessario
3283 2300 3674 2358 discernendos

2111 2386 2252 2437 esse,
2296 2377 2510 2445 qualem
2556 2379 2607 2433 in
2648 2383 2834 2437 eodem
2870 2402 3092 2453 genere,
3127 2394 3292 2448 etiam
3329 2395 3380 2448 itt
3418 2396 3575 2452 Patre
3607 2402 3675 2452 ad

2112 2463 2307 2521 Filium
2339 2478 2394 2523 et
2423 2468 2686 2539 Spiritum
2717 2487 2962 2532 sanetum
2993 2485 3446 2549 deprehendimus
3482 2507 3495 2541 :
3531 2491 3674 2542 illam

2112 2557 2324 2624 quidem
2357 2563 2746 2630 generationis,
2789 2567 2928 2622 hanc
2956 2587 3080 2625 vero
3116 2579 3484 2641 processionis
3515 2585 3678 2634 ratio-

2112 2663 2199 2715 ne,
2249 2651 2542 2707 secundum
2583 2669 2766 2723 quam,
2821 2674 2994 2729 neque
3054 2663 3218 2718 Filius
3269 2668 3506 2736 Spiritus
3563 2685 3671 2736 est.

2111 2756 2286 2813 neque
2315 2744 2553 2814 Spiritus
2578 2747 2748 2805 Filius
2776 2769 2790 2805 :
2815 2755 3287 2821 quemadmodum,
3318 2777 3493 2830 neque
3516 2764 3676 2819 Pinet-

2108 2833 2281 2890 Filius
2314 2847 2420 2904 est,
2451 2853 2625 2909 neque
2667 2840 2844 2899 Filius
2873 2844 3052 2911 Pater,
3091 2863 3264 2918 neque
3309 2853 3469 2907 Pater
3503 2859 3676 2924 Spiri-

2109 2937 2194 2982 tus
2239 2940 2460 2987 sanctus
2506 2949 2519 2985 :
2567 2949 2740 3001 neque
2793 2936 3030 3006 Spiritus
3087 2942 3249 2998 Pater
3301 2958 3404 3011 est,
3457 2964 3681 3020 propter

2107 3023 2478 3080 necessariam
2532 3027 2746 3084 scilicet
2776 3045 2954 3086 cauam
2997 3039 3338 3108 cattsslisque
3382 3046 3680 3108 appositio—

2108 3127 2250 3179 nem,
2284 3116 2434 3170 nulla
2487 3118 2540 3174 in
2587 3117 2674 3175 bis
2697 3125 3082 3193 conversione,
3111 3131 3225 3186 sive
3248 3136 3393 3187 omni
3425 3151 3676 3191 commu-

2107 3204 2268 3260 nione
2317 3208 2664 3276 subrepente.
2697 3212 2830 3268 Nam
2892 3217 2938 3270 si
2991 3221 3190 3274 nullam
3225 3227 3674 3281 communitatem

2105 3299 2404 3351 secundum
2469 3301 2854 3358 discretionem
2920 3315 3292 3368 convertentlo
3361 3315 3671 3385 intelligere

2105 3385 2376 3447 convenit,
2413 3400 2639 3443 necesse
2678 3400 2760 3445 est
2791 3393 2924 3448 duas
2956 3399 3289 3455 substantias
3336 3407 3400 3457 ad
3439 3407 3668 3462 invicem

2107 3472 2274 3526 verbo
2315 3473 2476 3529 simul
2515 3478 2712 3546 accipi,
2764 3485 3523 3552 conversionisque.servare
3582 3498 3667 3548 di-

2106 3561 2399 3632 gnitatem;
2427 3567 2670 3622 converti
2709 3570 2852 3625 enim
2903 3572 2952 3626 in
2997 3574 3209 3630 duobus
3235 3579 3466 3647 dicitur;
3499 3602 3674 3654 neque

2106 3655 2249 3711 enim
2285 3655 2500 3713 Patrem
2551 3661 2766 3728 quidem
2815 3674 2868 3718 et
2898 3664 3116 3730 Filium,
3161 3672 3429 3736 quomodo
3475 3674 3675 3730 habent

2104 3747 2170 3803 ad
2224 3748 2479 3816 invicem,
2517 3751 2787 3819 inSpicere
2816 3763 3051 3824 oportet,
3080 3757 3271 3812 Ftlittnt
3300 3776 3427 3814 vero
3456 3775 3510 3816 et
3545 3767 3671 3830 Spi-

2106 3841 2269 3896 ritum
2308 3857 2412 3896 uon
2461 3853 2698 3912 oportet.
2731 3845 2806 3900 lta
2843 3848 2990 3902 enim
3021 3852 3394 3909 conversionis
3437 3858 3675 3925 dignitas

2106 3937 2354 4002 personis
2382 3939 2744 3994 communiter
2775 3956 2876 3993 non
2914 3944 3246 3997 redderetur.

2174 4027 2439 4093 Quoniam
2475 4045 2604 4106 vero
2637 4037 3004 4089 communiter
3039 4039 3262 4093 reddere
3315 4057 3534 4099 necesse
3567 4057 3671 4106 t-st,

425 4133 610 4170 ουτυτυ
646 4129 752 4183 ρει,
784 4120 872 4188 qui
905 4132 1149 4176 sanctam
1200 4096 1523 4179 Triuia-lem
1553 4127 1708 4194 quasi
1753 4136 1862 4181 [res
1897 4129 1997 4180 ho-
2103 4121 2197 4174 sed
2235 4132 2290 4176 et
2318 4096 2575 4178 discretio
2605 4127 2913 4182 necessaria
2956 4139 3060 4193 est,
3092 4132 3194 4184 nisi
3234 4134 3374 4187 dicat
3403 4138 3670 4205 ηιιίενίειιη

428 4208 598 4259 mines
643 4212 707 4258 ad
759 4207 992 4276 seipsam
1048 4209 1247 4264 habere
1303 4222 1530 4279 ponunt,
1580 4213 1740 4282 eique
1780 4214 1998 4284 indigne

2102 4212 2402 4266 secundum
2459 4229 2681 4270 causam
2741 4229 2795 4272 et
2850 4221 3066 4275 causale
3125 4237 3155 4276 a
3213 4223 3348 4278 Filio
3406 4227 3669 4294 Spiritmn

426 4294 716 4362 applicant,
743 4311 862 4362 quae
893 4297 942 4349 in
975 4299 1202 4352 materia
1233 4301 1578 4368 contingunt,
1601 4315 1830 4371 eantque
1857 4303 1993 4356 nihil
2027 4309 2073 4366 ι)
2102 4306 2362 4372 discerni,
2395 4324 2570 4375 neque
2608 4312 3038 4373 conversionem,
3075 4330 3251 4382 neque
3286 4318 3670 4374 tliscrtttiont'ttt

425 4383 832 4442 insensibilibus
862 4398 1121 4456 pra~stare
1152 4391 1415 4446 sentiunt.
1468 4391 1638 4446 Porro
1666 4392 1780 4446 haec
1807 4393 1993 4462 Opinio

423 4474 488 4529 de
517 4478 626 4530 Deo
657 4488 843 4532 nostro
883 4478 1281 4550 indignissime,
1314 4498 1377 4538 ac
1408 4485 1816 4540 dementissime
1861 4501 1997 4556 prte-

423 4569 673 4621 sumitur.

495 4659 719 4728 Magnus
760 4674 1021 4728 prmterea
1061 4662 1348 4734 Dionysius
1371 4666 1605 4721 discreta
1641 4667 1777 4721 dixit
1817 4669 1994 4722 Patris

421 4751 949 4818 super-substantiale
991 4769 1185 4810 nomen
1221 4767 1275 4810 et
1320 4772 1456 4825 rem,
1499 4771 1552 4813 et
1578 4758 1698 4813 Filii
1733 4770 1786 4814 et
1819 4766 1992 4816 sant-ti

421 4839 682 4906 Spiritus,
709 4859 832 4898 cum
879 4845 1021 4900 nulla
1066 4847 1119 4900 itt
1163 4847 1246 4903 itis
1279 4850 1588 4916 conversio,
1627 4852 1740 4908 sive
1769 4852 1993 4906 omnino

420 4943 780 4996 communitas
810 4942 1215 4998 introducatur.
1250 4943 1482 4998 Basilius
1506 4947 1656 5010 item,
1686 4946 1738 5000 in
1769 4948 1990 5016 epistola

420 5034 485 5086 ad
536 5031 860 5101 Gregorium
922 5032 1166 5097 fratrem,
1234 5037 1298 5088 de
1353 5035 1652 5090 tlill'ercntia
1714 5040 1986 5102 essentne,

420 5134 578 5188 atque
607 5127 926 5182 substantia:
955 5126 1028 5181 ait
1065 5145 1078 5180 :
1118 5127 1383 5192 Quocirca
1409 5130 1462 5180 in
1491 5131 1731 5182 assentire
1756 5147 1988 5182 contmn-

423 5210 609 5280 nitate,
645 5219 883 5271 notiones
915 5235 1034 5286 qttw
1062 5222 1116 5272 in
1157 5230 1339 5272 sancta
1375 5219 1634 5274 Trinitate
1657 5224 1989 5290 conspiciun-

421 5316 524 5371 tur,
557 5309 764 5365 nullum
797 5313 1060 5377 accidens,
1097 5311 1404 5379 nullumque
1444 5317 1761 5366 consortium
1791 5317 1986 5368 admit-

420 5409 522 5453 tcre
580 5403 825 5468 dicimus,
893 5418 983 5470 per
1040 5420 1171 5473 quas
1235 5407 1526 5472 pt'onrictas
1584 5411 1984 5462 commendatur

415 5511 782 5561 personarum,
828 5511 946 5566 qnte
975 5498 1030 5549 in
1087 5497 1188 5563 ﬁde
1241 5502 1548 5564 traduntur,
1595 5518 1710 5556 cum
1761 5507 1981 5578 singqu

417 5589 640 5656 proin't't's
671 5588 973 5642 no:ionibus
1013 5588 1236 5642 discreto
1276 5590 1658 5660 intelligantur.

2102 4399 2181 4451 eis
2234 4399 2444 4462 reddet,
2504 4404 2810 4471 peribitque
2862 4404 2934 4456 illi
2973 4406 3092 4460 Filii
3143 4413 3673 4477 supet’substantinle

2103 4503 2298 4543 nomen
2332 4501 2387 4544 et
2419 4504 2526 4557 res,
2572 4494 2806 4552 discreto
2852 4510 2880 4548 a
2929 4496 3065 4551 Filio
3095 4508 3148 4551 et
3200 4513 3388 4554 Sancto
3425 4501 3662 4572 Sp't'ittt;

2103 4580 2244 4632 nulla
2287 4580 2506 4648 quidem
2545 4588 2923 4650 conversione,
2971 4589 3084 4641 sola
3131 4605 3257 4642 vero
3288 4600 3674 4650 ι-οιιιιηιιηίιιιιυ

2101 4672 2484 4738 subintrante;
2517 4686 2678 4743 atque
2725 4678 2794 4730 ita
2829 4693 2933 4732 una
2976 4693 3212 4746 persona
3251 4688 3356 4736 erit
3406 4684 3573 4743 Filius
3619 4703 3669 4744 et

2105 4768 2362 4836 Spiritus,
2411 4784 2515 4824 non
2563 4774 2628 4826 ad
2661 4774 2892 4827 invicem
2937 4775 3183 4843 discreti,
3219 4783 3314 4838 sed
3349 4782 3449 4839 hoc
3481 4788 3672 4842 κώδυν-

2100 4863 2227 4911 dtttn
2259 4873 2360 4915 est.
2415 4859 2598 4927 Neque
2626 4864 2768 4916 enim
2815 4878 2965 4919 esset
2992 4865 3233 4926 Trinitas
3272 4874 3436 4940 Deus,
3479 4883 3672 4935 cuntu-

2099 4951 2288 5017 sioque
2329 4964 2684 5019 petsOnarutn
2731 4968 3089 5023 sequeretur;
3139 4970 3192 5014 et
3221 4965 3263 5017 si
3293 4968 3422 5034 quid
3459 4981 3544 5024 cst
3578 4974 3676 5024 ltu-

2090 5041 2356 5103 jnsmodi.
2394 5045 2561 5101 Filius
2594 5045 2770 5113 itaque
2811 5062 2838 5098 a
2877 5048 3080 5116 Spiritu
3109 5070 3285 5110 causa:
3323 5063 3671 5126 causalisqnn

2101 5126 2310 5198 ratione
2341 5137 2691 5203 discernitur.
2732 5139 2858 5202 Sed,
2891 5143 2934 5195 si
2966 5142 3070 5198 ltoc
3105 5158 3208 5210 est,
3243 5153 3402 5202 etiam
3441 5169 3505 5205 ex
3535 5152 3668 5204 Filio

2097 5236 2198 5280 est.
2231 5227 2437 5312 qum
2475 5231 2622 5294 enim
2648 5231 2710 5282 tle
2744 5229 2942 5298 Spiritu
2977 5251 3120 5298 esse,
3151 5240 3200 5291 id
3234 5242 3494 5304 prohibet,
3524 5247 3666 5310 quod

2097 5323 2206 5388 ipse
2239 5346 2352 5416 per
2383 5345 2592 5434 “mum
2627 5335 2728 5380 est.
2753 5325 2946 5381 Verum
2977 5330 3206 5398 Spiritus
3235 5332 3473 5398 profecto
3497 5335 3668 5401 Spiri-

2096 5427 2176 5470 tus
2201 5436 2341 5500 nQ“
2390 5419 2410 5434 ’
2450 5453 2563 5500 ωε,
2591 5419 2899 5496 proprietate
2928 5422 3087 5485 illius,
3119 5437 3235 5488 qua:
3264 5433 3345 5474 ρει
3375 5430 3666 5482 secundum

2092 5473 2344 5602 ριόρρέιι
2390 5473 2771 5602 θὸδῗϊύιοῃωιι,
2805 5519 2939 5562 mota
2985 5523 3000 5561 ι
3043 5512 3310 5577 quomodo
3342 5514 3481 5567 enim
3530 5529 3675 5572 esset

2088 5594 2446 5682 subsl;\‘s
2489 5594 2868 5682 “"ubstantiali
2917 5599 3079 5665 ipsius
3132 5604 3455 5671 proprietate
3501 5609 3676 5660 tuom?

2479 5475 2511 5515 ὃ

2487 5575 2516 5628 ἷ

2390 5482 2477 5565 ev"
