4064 6262
471 369 576 434 143

1724 367 2121 428 MANUEIJS
2146 368 2232 429 CA
2247 369 2454 429 LEC.-E

3608 374 3712 439 HI

465 478 750 548 Quomodo
783 486 962 534 autem
996 486 1138 534 esset
1176 477 1504 548 proprietas,
1529 493 1648 548 qua:
1677 492 1946 543 movetur,
1974 495 2035 533 ac
2067 484 2108 540 A
2141 479 2210 535 ab
2237 481 2340 536 hoc
2365 480 2550 548 Pater;
2585 498 2690 537 non
2726 492 2906 538 tamen
2939 485 2990 537 iu
3050 493 3314 551 quantum
3365 485 3606 553 Spiritus
3642 497 3723 542 est

463 571 684 634 decidit,
718 580 774 624 ut
805 572 881 624 ait
908 570 1190 639 theologus
1221 569 1534 639 Gregorius.

539 660 709 716 Simul
729 661 888 716 etiam
907 669 1130 728 apparet
1150 662 1444 714 secundum
1464 662 1834 716 conversionis
1867 662 2035 717 ratio-

471 769 594 807 nem
617 753 787 821 ipsius
813 756 990 822 magni
1015 751 1255 824 Dionysii
1289 751 1560 828 intentio:
1593 753 1708 822 qtti,
1754 753 2036 823 principali

463 853 661 906 deitate
686 846 898 900 Patrem
930 846 992 897 ad
1009 843 1200 898 Filium
1217 853 1270 898 et
1294 843 1550 913 Spiritum
1573 851 1815 898 sanctmn
1841 844 2042 899 discer-

463 959 591 995 nere
617 936 1447 1002 videtur,utquidamasscrunt.
1501 921 1699 988 Namsi
1758 936 2041 990 conversio

460 1035 672 1102 quidem
695 1035 746 1085 itt
771 1030 977 1084 duobus
1001 1029 1244 1083 terminis
1297 1028 1600 1096 inspicitur:
1617 1029 1816 1083 dictum
1844 1040 1924 1084 est
1943 1045 2040 1084 au-

462 1136 590 1188 tem,
647 1126 716 1177 ita
772 1123 987 1177 divinas
1041 1137 1300 1189 personas
1367 1122 1430 1174 ad
1478 1122 1710 1175 invicem
1783 1121 2041 1189 discerni,

461 1229 519 1270 nt
579 1217 719 1269 tmlla
777 1225 954 1268 tamen
1022 1214 1302 1266 couvertio
1380 1215 1688 1280 subrepat;
1747 1228 1852 1266 non
1887 1213 2044 1268 aliter

459 1308 835 1362 conversionis
914 1305 1052 1358 ratio
1147 1313 1438 1367 servatur,
1520 1303 1623 1358 nisi
1693 1304 1812 1357 duae
1878 1306 2044 1360 simul

459 1415 708 1468 persona}
734 1398 797 1450 ad
848 1397 1076 1450 invicem
1133 1396 1504 1461 inspirianutr.
1542 1395 1726 1462 itaque
1766 1397 2046 1465 principali

459 1495 659 1543 tleitate
690 1488 902 1542 Patrem
935 1488 997 1539 ad
1022 1487 1192 1553 solum
1248 1486 1436 1538 Filium
1456 1485 1759 1548 conferens,
1819 1488 1990 1556 ipsum
2019 1504 2046 1539 a

460 1582 599 1635 Filio
626 1581 929 1646 distinguit.
954 1579 1084 1632 Nam
1125 1579 1168 1630 si
1203 1579 1360 1631 Pater
1394 1589 1446 1630 et
1495 1576 1688 1640 Filius,
1736 1589 1792 1630 ut
1867 1593 1924 1631 se
1981 1578 2045 1631 ad

460 1664 690 1726 invicem
737 1672 988 1734 habeant,
1015 1670 1408 1736 inspiciuntur;
1464 1667 1623 1720 Pater
1658 1669 1875 1736 quidem
1929 1669 2046 1722 Filii

460 1755 600 1825 [ηις.
676 1765 842 1818 Filius
879 1779 1029 1826 vero,
1067 1777 1168 1814 non
1208 1763 1382 1815 Patris
1414 1759 1533 1815 fons
1558 1771 1660 1826 est,
1693 1763 1846 1816 sicuti
1878 1778 2049 1832 neque

427 1860 618 1911 .I’ater
681 1856 870 1919 Filius,
894 1871 1068 1922 neque
1108 1853 1277 1906 Filius
1330 1854 1505 1907 Pater.
1544 1854 1619 1906 Ex
1680 1853 1838 1908 Patre
1895 1856 2038 1907 enim

459 1943 648 2008 Filius,
683 1959 789 1994 non
827 1955 1002 1994 tamen
1038 1958 1101 1996 ex
1162 1941 1301 1994 Filio
1352 1941 1550 1994 Pater:
1607 1944 1865 2004 maxime,
1914 1962 2036 1998 cum

459 2035 706 2087 etdivina
737 2033 1016 2101 generatio
1078 2028 1348 2101 gignendo
1393 2031 1458 2082 ad
1488 2031 1560 2093 id,
1595 2035 1734 2100 quod
1771 2033 2034 2100 gignitur,

466 2126 710 2178 itabitntn
755 2125 975 2184 habeat,
1027 2123 1117 2174 sed
1155 2136 1258 2172 non
1310 2119 1376 2172 ad
1446 2120 1519 2183 id,
1552 2121 1693 2186 quod
1765 2123 2029 2188 procedit.

461 2221 641 2286 Atque
660 2219 760 2270 hoc
789 2217 992 2270 indicat
1014 2215 1199 2275 etiatn,
1227 2215 1368 2277 quod
1399 2214 1665 2280 sequitur,
1713 2229 1826 2265 cum
1865 2213 2034 2270 Fil’us

461 2311 618 2364 Pater
649 2326 748 2364 non
774 2311 861 2371 sit,
888 2324 1048 2376 neque
1073 2305 1409 2360 Paterlt‘ilius
1443 2306 1615 2374 ;quod
1647 2306 1863 2374 quidem
1900 2307 2008 2360 indi

458 2411 547 2455 cat
578 2398 1155 2468 supersubstautialem
1217 2399 1360 2450 illam
1431 2397 1666 2450 divinant
1727 2399 2035 2466 getteratio-

460 2508 582 2546 nem
623 2508 725 2544 non
769 2489 1010 2543 converti
1036 2489 1101 2541 ad
1147 2487 1398 2552 invicem,
1449 2487 1660 2541 Patrem
1717 2489 1942 2554 sciLcet,
1973 2505 2035 2544 ae
2096 2544 2101 2549 ,

459 2571 676 2637 Filium.
711 2584 773 2635 Et
799 2581 1047 2650 quoniam
1071 2579 1443 2634 conversionis
1471 2577 1699 2646 dignitas
1754 2581 2037 2636 discretio-

462 2677 548 2730 nis
568 2689 732 2730 causa
749 2673 1109 2728 communiter
1138 2672 1381 2739 personis
1428 2672 1734 2725 necessario
1763 2673 2029 2727 reddenda

459 2777 564 2836 est;
615 2770 806 2822 eadem
863 2764 1106 2835 profecto
1159 2763 1542 2817 conversionis
1587 2763 1798 2818 ratione
1847 2767 2030 2820 dicere

461 2873 773 2930 possumus,
797 2873 918 2912 cum
978 2873 1082 2910 non
1114 2855 1181 2910 sit
1214 2854 1370 2909 Pater
1399 2854 1659 2922 Spiritus,
1695 2871 1868 2925 neque
1909 2857 2032 2928 Spi-

461 2957 595 3010 ritus
628 2952 807 3006 Pater:
841 2950 1101 3021 quoniam
1137 2948 1224 3002 ille
1255 2948 1471 3015 quidem
1521 2946 1642 3004 lens
1686 2961 1740 3004 et
1771 2949 1923 3002 radix
1950 2960 2034 3006 est

441 3040 608 3105 Filii,
641 3057 702 3094 ac.
735 3040 988 3108 Spiritus.
1019 3036 1152 3102 Quae
1178 3038 1321 3092 enim
1352 3035 1496 3103 Filii,
1532 3055 1596 3093 ae
1643 3038 1877 3106 Spiritus
1905 3050 2032 3093 sunt

2145 575 2368 644 proprie
2392 575 2544 642 juxta
2583 576 2997 630 substantialem
3023 579 3407 645 proprietatem
3438 583 3719 641 suam,seil

2143 665 2195 718 iu
2239 677 2522 734 quamtttm
2570 667 2912 722 solummodo
2932 683 2995 722 ex
3015 667 3196 732 Patre,
3229 679 3392 738 atque
3427 670 3498 722 ita
3540 668 3718 723 Solum

2143 766 2199 810 ut
2221 757 2438 812 causale
2458 758 2797 814 discernetur
2819 775 2848 813 a
2872 760 3166 826 Patre,nou
3195 769 3374 815 tamen
3422 762 3720 816 secundum

2143 850 2524 919 preprietatetn
2580 865 2754 907 suam.
2785 851 2876 906 Sic
2935 863 3114 906 autem
3133 854 3378 906 eumdem
3413 854 3631 906 habebit
3657 858 3719 906 ad

2151 941 2368 996 Patrem
2400 943 2670 1010 habitum,
2699 961 2859 1014 quem
2874 945 3038 998 etiam
3057 945 3259 1000 Filius.
3291 946 3466 1012 Atque
3489 947 3594 1009 ita,
3622 963 3721 997 nntt

2143 1034 2464 1102 erit,quam
2523 1034 2813 1102 quaerimus
2874 1032 3726 1102 personarumpropriadiscretio

2147 1122 2444 1178 secundum
2481 1137 2642 1193 quam
2707 1124 2852 1178 nulla
2931 1125 3298 1200 communitas
3362 1121 3620 1185 infertur,
3673 1133 3724 1174 ct

2147 1230 2310 1285 quam
2342 1216 2620 1276 accidens,
2654 1217 3098 1285 consortiumque
3121 1230 3224 1269 non
3273 1215 3562 1269 admittere
3611 1231 3722 1268 ma-

2149 1322 2288 1378 gnus
2321 1308 2500 1362 voluit
2521 1307 2756 1380 Basilius
2783 1308 2985 1362 dicere.

2218 1435 2321 1490 Sed
2357 1451 2554 1506 neque,
2582 1446 2639 1490 ut
2661 1436 2880 1506 quidam
2909 1436 2960 1490 id
3009 1435 3214 1489 dictum
3271 1447 3576 1504 exponunt,
3606 1435 3721 1490 Filii

2151 1530 2213 1581 ad
2233 1528 2494 1603 Spiritum
2512 1528 2891 1583 discretionem
2917 1529 3069 1582 nobis
3087 1513 3325 1583 tradidit.
3351 1527 3415 1581 Et
3436 1543 3587 1582 certe
3605 1545 3723 1582 runt

2151 1631 2297 1676 esset
2345 1620 2643 1688 pollicitus,
2711 1620 3078 1673 omnimodam
3141 1635 3198 1675 se
3221 1620 3525 1673 divinarum
3602 1634 3722 1687 per-

2153 1709 2848 1764 sonarumdiscretionem
2944 1712 3310 1763 traditurum:
3368 1719 3422 1763 ct
3477 1710 3718 1762 addidit:

2083 1821 2126 1873 ιι
2154 1799 2239 1852 Ita
2277 1817 2371 1853 nos
2407 1800 2585 1854 divina
2625 1810 2676 1853 ct
2711 1803 2860 1854 unire
2888 1800 3076 1866 Verbo,
3135 1813 3181 1854 et
3215 1801 3512 1854 discernere
3536 1802 3718 1854 stude-

2149 1908 2289 1954 mus,
2317 1894 2452 1946 sicut
2488 1894 2667 1946 divina
2693 1894 2808 1961 ipsa
2839 1903 2886 1946 et
2917 1893 3154 1956 unita,ct
3177 1893 3423 1945 discreta,
3465 1891 3719 1946 suntJta-

2149 2001 2256 2052 quc
2305 1985 2460 2049 jufta
2529 1984 2908 2039 conversionis
2941 1985 3228 2048 rationem,
3265 1994 3320 2038 et
3348 1997 3443 2052 per
3469 1983 3546 2046 id,
3579 1986 3719 2050 quod

2145 2077 2375 2141 addidit,
2411 2076 2710 2146 perfectum
2744 2076 3088 2130 discretionis
3121 2075 3460 2144 'COIIthIICL’B,
3496 2083 3555 2128 ut
3607 2073 3722 2126 dic-

2148 2177 2257 2220 tum
2285 2174 2387 2229 est,
2437 2166 2655 2219 tradidit
2690 2166 2929 2230 modum;
2966 2179 3143 2218 causa;
3195 2171 3247 2215 et
3288 2163 3524 2216 causalis
3567 2160 3715 2214 scili-

2142 2268 2248 2320 cet,
2282 2256 2582 2312 secundum
2629 2270 2788 2324 quem
2831 2271 2894 2311 ex
2951 2254 3110 2310 Patre
3169 2268 3262 2322 per
3289 2251 3482 2308 Filium
3527 2267 3719 2322 proce-

2143 2352 2320 2403 derea
2362 2351 2574 2433 caneris
2606 2348 2922 2405 doctoribus
2967 2347 3165 2403 divinis
3202 2345 3509 2401 rationibus
3559 2359 3714 2398 mon-

2149 2455 2353 2498 διἰιιιιτ.
2435 2453 2438 2456 ’
2519 2459 2526 2467 '

2215 2559 2478 2613 Praeterea
2534 2557 2788 2626 quoniam
2832 2558 3014 2613 omnia
3060 2571 3180 2626 quae
3217 2557 3269 2612 in
3321 2557 3428 2613 Deo
3459 2558 3715 2614 dicuntur

2141 2653 2525 2715 communiter,
2557 2659 2611 2704 et
2637 2650 3157 2706 incommutabiliter
3187 2653 3438 2720 personis
3480 2653 3715 2707 reddun-

2143 2758 2229 2801 tur
2293 2747 2380 2799 ubi
2440 2745 2718 2800 relationis
2775 2744 3047 2814 Oppositio
3102 2759 3213 2798 non
3263 2743 3463 2807 obstat,
3519 2745 3715 2800 dicitur

2141 2847 2319 2890 autent
2351 2835 2488 2889 Deus
2510 2849 2574 2889 ex
2593 2834 2703 2891 Deo
2732 2849 2875 2899 esse,
2902 2833 3298 2904 inspiciendum
3322 2835 3369 2890 si
3395 2851 3504 2890 non
3535 2838 3715 2891 omni-

2141 2930 2241 2985 bus
2270 2927 2542 3000 personis,
2580 2941 2674 2997 per
2720 2927 2960 2996 aliquam
3003 2925 3398 2998 oppositionem
3439 2930 3712 2998 congruit.

2141 3024 2409 3093 Quoniam
2451 3023 2612 3091 igitur
2642 3021 2782 3077 Deus
2807 3035 2873 3076 ex
2903 3024 3034 3089 De‘o,
3067 3025 3212 3094 quod
3248 3025 3468 3089 dicitur,
3501 3042 3717 3096 proces-

464 3139 532 3192 ad
573 3137 723 3190 illum
767 3120 1097 3188 referutitnr.
1137 3131 1374 3200 Spiritus
1415 3142 1594 3185 autem
1651 3128 1832 3186 Patris
1871 3146 2032 3186 causa
2062 3130 2254 3204 c'sum
2282 3131 2347 3170 οι
2382 3115 2561 3185 aliquo
2583 3115 2868 3182 desinunt:
2901 3113 3060 3198 Ρδιβτ
3084 3131 3210 3172 νειό
3235 3131 3344 3172 που
3376 3121 3626 3186 Prom?!"t
3651 3135 3715 3174 εἰ

463 3246 570 3284 non
601 3238 702 3282 est.
735 3227 996 3279 Similiter
1015 3235 1069 3279 et
1105 3227 1167 3278 in
1195 3225 1353 3286 Filio,
1399 3233 1452 3278 et
1476 3223 1680 3292 Spiritu
1727 3225 2036 3279 dicendum.

461 3323 652 3391 Neque
681 3320 828 3374 enim
857 3318 1028 3372 Filius
1053 3317 1309 3386 Spiritus,
1342 3329 1517 3380 neque
1549 3314 1785 3386 Spiritus
1861 3316 2033 3370 Filius

461 3425 565 3469 est.
634 3412 817 3482 Neque
845 3412 977 3466 enim
1011 3410 1283 3471 convertit,
1321 3410 1496 3478 inquit
1527 3409 1803 3481 Nysscnus
1863 3412 2034 3477 ,Imbi-

463 3524 547 3567 tu:
581 3512 687 3564 ista
713 3505 1106 3574 consequentia.
1144 3501 1254 3557 Iloc
1273 3512 1451 3554 autent
1477 3503 1770 3557 secundum
1796 3503 2028 3572 aliquam

413 3629 425 3638 ν
461 3605 681 3659 omnino
710 3597 1102 3668 oppositionem
1135 3593 1416 3663 contingit;
1502 3602 1662 3662 atque
1701 3611 1762 3648 ea
1799 3607 1884 3651 est
1912 3611 2034 3666 qua:

463 3710 641 3750 causae
669 3692 1013 3758 causalisqne
1061 3687 1266 3740 ratione
1288 3686 1530 3740 redditur
1547 3689 1842 3742 secundum
1867 3706 2030 3758 quam

462 3788 666 3841 dictuut
724 3795 829 3847 est,
881 3780 1029 3835 aliud
1094 3780 1308 3848 quidem
1399 3780 1742 3832 continenter
1795 3793 1860 3832 ex
1923 3779 2037 3846 pri-

461 3896 571 3943 mo,
622 3877 766 3931 aliud
816 3890 911 3944 per
940 3877 1013 3933 id,
1044 3873 1189 3941 quod
1223 3882 1307 3926 est
1331 3875 1679 3926 continenter
1723 3887 1789 3923 ex
1828 3870 2024 3938 primo.

527 3970 794 4024 Piteterea
855 3977 908 4018 et
941 3964 1107 4018 Filius
1143 3963 1261 4018 fons
1286 3964 1454 4016 sant-ti
1504 3961 1740 4031 Spiritus
1769 3980 1796 4014 a
1829 3965 2037 4019 sanctis

459 4061 712 4115 Patribus
743 4056 1048 4125 appellatus
1072 4064 1153 4106 est
1184 4069 1397 4122 :neque
1423 4055 1526 4107 hoc
1582 4057 1782 4117 solum,
1841 4070 2026 4109 verum

458 4154 620 4207 etiam
653 4151 797 4206 solus
830 4148 1004 4201 Filius
1044 4147 1300 4200 l‘ousesse
1358 4147 1530 4198 sancti
1585 4147 1821 4211 Spiritus
1885 4163 2030 4202 asse-

461 4247 616 4303 ritur,
643 4243 784 4297 sicut
814 4241 864 4293 in
887 4238 1344 4304 consequentibus
1410 4242 1801 4323 monSIrabitur
1834 4259 1846 4294 :
1881 4246 2026 4310 quod

462 4337 625 4388 etiam
658 4333 774 4402 plus
794 4342 902 4392 est,
930 4344 1090 4398 quam
1130 4327 1435 4396 requiratur
1471 4331 1536 4381 ad
1581 4330 1630 4382 id
1661 4333 1804 4399 quod
1835 4339 2034 4401 propo-

461 4431 690 4486 suimus.
721 4425 786 4478 Et
815 4437 962 4479 certe
987 4423 1243 4490 possibile
1263 4439 1368 4476 non
1405 4432 1487 4478 est
1507 4424 1658 4492 juxta
1698 4440 1819 4478 eum
1869 4443 2028 4496 quem

2137 3210 2352 3278 aliquo;
2387 3223 2562 3278 neque
2618 3210 2763 3262 enim
2824 3210 3056 3268 causalis
3101 3219 3219 3277 est;
3268 3221 3521 3267 ueterum
3580 3214 3716 3270 Deus

2138 3304 2354 3372 quidem
2382 3312 2484 3368 est,
2528 3316 2591 3356 ex
2656 3303 2760 3356 Deo
2795 3314 2972 3357 autem
3002 3317 3106 3356 non
3141 3314 3247 3368 est,
3297 3306 3472 3358 aliter
3513 3307 3714 3376 quippe

2135 3395 2254 3450 sine
2283 3394 2547 3464 principio
2571 3409 2677 3448 non
2707 3401 2850 3448 esset
2883 3409 2896 3446 :
2936 3395 3260 3462 principium
3287 3395 3368 3449 sui
3389 3400 3715 3465 prmeogita-

2139 3498 2273 3553 tum,
2299 3488 2524 3552 habens,
2549 3485 3002 3555 quemadmodum
3033 3494 3086 3538 et
3116 3485 3304 3551 Filius,
3340 3503 3515 3557 neque
3556 3491 3710 3544 radix

2135 3594 2190 3639 et
2219 3582 2338 3638 fons
2367 3579 2503 3647 Filii,
2533 3579 2876 3648 Spiritusquc
2907 3579 3199 3633 diceretur.
3231 3579 3334 3634 Sed
3353 3578 3543 3644 Filius,
3572 3584 3713 3648 Deus

2135 3690 2257 3731 cum
2310 3674 2402 3736 sit,
2436 3687 2500 3725 ex
2560 3670 2670 3726 Deo
2723 3671 2885 3725 Patre
2929 3685 3048 3726 esse
3079 3671 3315 3738 dicitur;
3370 3683 3423 3726 et
3467 3675 3710 3744 Spiritus

2133 3776 2357 3822 sanctus
2387 3766 2530 3820 Deus
2570 3780 2692 3818 cum
2725 3765 2818 3830 sit,
2841 3778 2907 3818 ex
2949 3763 3060 3819 Deo
3095 3763 3280 3818 itidem
3317 3765 3474 3820 Patre
3512 3767 3713 3834 pradi—

2113 3870 2319 3924 «catur;
2351 3866 2744 3926 attestaturque
2774 3856 2860 3911 bis
2887 3857 3048 3910 etiam
3091 3856 3212 3911 ﬁdei
3243 3859 3436 3926 positio
3464 3875 3709 3914 commu-

2133 3953 2327 4020 nisque
2355 3949 2614 4004 Ecclesia‘.’
2648 3949 2830 4018 opinio
2862 3964 2876 4000 :
2909 3946 2978 4000 ita
3015 3948 3270 4015 quoniam
3303 3951 3443 4002 Deus
3474 3964 3539 4004 ex
3577 3950 3703 4013 Dm,

2133 4043 2276 4114 quod
2340 4042 2556 4104 dicitur,
2594 4039 2728 4094 Filio
2787 4049 2841 4093 et
2906 4039 3131 4108 Spiritui
3182 4050 3372 4093 saneto
3413 4041 3703 4107 convenit;

2133 4143 2296 4202 atque
2335 4133 2460 4184 ltinc
2503 4145 2682 4185 causae
2715 4128 3052 4198 causalisque
3089 4129 3299 4183 ratione
3335 4146 3362 4182 a
3407 4129 3564 4186 Patre
3593 4133 3705 4186 dis-
3761 4138 3768 4145 '

2133 4235 2452 4289 cernuntur,
2518 4223 2617 4276 sub
2686 4220 2981 4275 intellectis
3045 4221 3252 4276 scilicet
3325 4222 3705 4279 dilierentibus

2133 4314 2449 4370 substantiae
2511 4312 2894 4381 processibus,
2955 4311 3094 4366 Deus
3147 4323 3328 4365 autem
3377 4323 3462 4367 est
3511 4315 3700 4379 Filius,

2136 4405 2276 4460 Deus
2300 4395 2534 4469 item,'et
2557 4403 2792 4470 Spiritus
2817 4413 3036 4458 sanctus
3070 4421 3084 4458 :
3121 4419 3340 4458 necesse
3377 4416 3480 4466 est,
3506 4408 3549 4459 si
3582 4408 3704 4460 lidei

459 4521 675 4590 quidam
708 4518 1078 4577 introducunt,
1127 4515 1420 4567 secundum
1447 4518 1618 4569 saneti
1646 4495 2028 4586 Spirituspro-
2063 4505 2103 4557 Ι)
2137 4496 2401 4566 Winei!)ia
2426 4510 2673 4590 fcrwll"?
2699 4495 2974 4590 inﬁmam
3031 4496 3316 4590 volubilis,
3372 4505 3461 4590 at"
3507 4497 3703 4550 Filium

461 4626 702 4671 cessum,
739 4607 931 4660 Filium
969 4606 1170 4659 l'outcm
1231 4621 1354 4661 esse
1388 4607 1560 4660 sancti
1615 4606 1870 4674 Spiritus.
1923 4608 2026 4663 Eos

459 4705 627 4768 enim,
655 4703 748 4770 qui
793 4703 861 4754 ita
883 4709 1112 4770 ponunt,
1177 4701 1407 4768 plurima
1443 4703 1752 4755 necessario
1789 4703 2025 4756 absurda

456 4798 635 4867 sequi,
659 4809 824 4863 supra
888 4801 1254 4846 monstratum
1283 4800 1385 4844 est.
1446 4791 1563 4844 Non
1592 4793 1753 4860 igitur
1788 4809 1854 4846 ex
1915 4794 2026 4846 sola

459 4886 837 4942 conversionis
878 4885 1092 4938 ratione
1125 4882 1423 4959 sanctilviri
1457 4884 1624 4937 claret
1649 4885 2027 4950 iutentio;sed

458 4980 622 5034 etiam
649 4992 714 5030 ex
737 4993 801 5030 eo
823 4977 964 5045 quod
991 4974 1571 5056 supersnlistat‘uialcm
1587 4976 1826 5029 divinam
1860 4993 2028 5044 gene-

457 5071 723 5124 rationem
755 5068 968 5121 Patrent
991 5064 1359 5132 appellaverit.
1387 5065 1574 5118 Divina
1621 5069 1762 5118 enim
1797 5082 2024 5133 genera-

457 5165 549 5228 tio,
589 5163 660 5216 ita
697 5160 867 5222 Patri,
904 5159 1300 5228 sicutgenitori
1338 5174 1667 5229 congruens,
1695 5161 1759 5210 ad
1796 5175 2025 5214 ητιςιευιιο

459 5266 562 5311 tem
588 5255 782 5310 Filium
814 5268 853 5305 ri
873 5251 1073 5305 dditur.

492 5349 716 5410 ‘Porro,
749 5347 791 5398 si
827 5344 947 5413 quis
1011 5342 1136 5394 illud
1193 5343 1352 5395 etiam
1421 5341 1485 5392 ad
1511 5340 1767 5406 Spiritum
1805 5342 2028 5396 reddere

457 5439 709 5499 conetur;
771 5432 1000 5499 primum
1053 5432 1269 5497 quidem
1312 5429 1475 5481 etiam
1537 5426 1798 5495 Spiritum
1829 5431 2024 5496 Filium

451 5542 570 5581 esse
601 5529 782 5580 dicere
815 5534 1057 5591 erigetur.
1132 5521 1317 5572 Divina
1386 5519 1587 5588 quippe
1638 5529 1936 5588 generatio,
1973 5536 2027 5577 ut

454 5619 712 5677 diximus,
747 5616 977 5682 genitori
1024 5607 1276 5674 congruit
1335 5609 1654 5676 genitorque
1712 5613 1776 5661 ad
1827 5610 2021 5664 Filium

449 5707 706 5761 reiertur.
751 5704 1067 5758 Dciudeetsi
1111 5701 1342 5766 Spiritus
1375 5717 1400 5749 a
1436 5697 1594 5753 Patre
1627 5703 1817 5755 divinae
1865 5720 2026 5771 ειιιιρ..

453 5797 676 5850 ratioxris
713 5797 922 5848 ratione
950 5793 1274 5846 discernitur
1302 5807 1314 5845 :
1351 5792 1678 5846 tltth'l‘llllltr
1726 5796 1938 5862 quidem
1969 5809 2020 5852 et

2137 4590 2300 4642 Deum
2335 4604 2397 4642 ex
2426 4587 2535 4640 Deo
2570 4586 2774 4655 Spiritu
2806 4600 2943 4647 esse,
2979 4598 3069 4638 ant
3102 4587 3358 4656 Spiritum
3396 4589 3557 4641 Deum
3583 4603 3703 4640 esse

2130 4696 2194 4734 ex
2234 4679 2342 4733 Deo
2389 4679 2556 4744 Filio;
2609 4693 2710 4732 non
2750 4679 2891 4732 enim
2945 4678 3114 4747 magis
3181 4677 3350 4732 Deum
3391 4680 3456 4732 de
3487 4678 3595 4743 Deo
3638 4681 3703 4732 ad

2131 4772 2344 4827 Patrem
2425 4781 2744 4838 utrunque,
2812 4785 2970 4838 quam
3033 4771 3099 4823 ad
3162 4771 3390 4824 invicem
3451 4772 3703 4825 convenit

2130 4864 2254 4917 dici.

2202 4978 2336 5033 Nam
2363 4977 2643 5032 relationis
2688 4977 2955 5046 oppositio
2987 4991 3091 5030 non
3131 4977 3232 5030 hoc
3266 4977 3532 5042 prohibet.
3573 4978 3700 5032 Ete-

2133 5070 2239 5122 nitn
2275 5070 2576 5137 paternitas
2607 5068 2822 5138 quidem
2855 5069 2918 5120 ad
2949 5067 3279 5121 nativitatem
3305 5063 3622 5136 opponitur,
3642 5083 3701 5124 ut

2129 5161 2371 5230 gignere,
2413 5160 2556 5228 quod
2612 5159 2834 5223 dicitur,
2879 5160 2944 5213 ad
3002 5159 3076 5224 id,
3110 5158 3254 5227 quod
3298 5170 3384 5212 est
3433 5160 3613 5223 nasci,
3647 5170 3703 5214 rt

2131 5252 2461 5319 producere,
2505 5251 2570 5304 ad
2622 5251 2671 5303 id
2715 5253 2858 5320 quod
2889 5261 2972 5304 est
3013 5251 3258 5320 produci.
3289 5249 3447 5306 Nasci
3477 5267 3603 5306 vero
3645 5261 3699 5307 et

2131 5345 2440 5410 procedere,
2500 5342 2565 5396 ad
2618 5342 2849 5396 invicem
2913 5357 3017 5395 non
3068 5353 3432 5410 opponentur.
3465 5341 3522 5395 Si
3555 5342 3697 5398 enim

2128 5441 2472 5498 opponuntur
2496 5441 2550 5485 et
2581 5431 2989 5492 discernuntur,
3009 5433 3230 5486 omnino
3257 5433 3421 5486 etiam
3455 5431 3696 5502 gignere,

2126 5535 2175 5577 et
2201 5525 2515 5591 producere,
2549 5524 2614 5576 ad
2640 5523 2866 5576 invicem
2900 5535 3260 5592 opponentur;
3293 5525 3465 5593 Atque
3492 5525 3562 5577 ita
3595 5524 3699 5577 erit

2128 5613 2284 5667 Pater
2341 5615 2459 5668 (luat:
2539 5630 2819 5682 personae,
2895 5617 3298 5686 compositaque
3369 5617 3693 5676 StilJSlanlia,

2126 5708 2464 5774 maximeque
2496 5711 2644 5775 juxta
2674 5721 2766 5759 eos
2803 5707 2918 5774 qui,
2958 5718 3015 5760 ut
3045 5708 3246 5762 dictum
3276 5719 3377 5772 est,
3401 5709 3699 5776 producere

2123 5798 2481 5852 Substatttiztlc
2534 5807 2758 5866 penum.
2819 5797 2926 5852 Aut
2991 5779 3152 5870 igilur
3211 5803 3330 5854 dua:
3380 5802 3730 5874 substantiae
