4144 6296
510 322 608 386 μ’]
1754 323 2138 383 MANUELIS
2176 323 2476 386 CALECrE
2555 302 2562 305 ⁷
3651 284 3776 386 mi

503 442 772 498 Trinitste
839 455 1100 510 personas
1164 441 1486 507 indicantia,
1552 446 1796 514 personis
1846 444 2058 512 proprie
2089 447 2132 502 A
2232 442 2818 512 Cmtcrum,sicutqu:e
2843 439 3146 495 communia
3177 447 3300 494 sunt
3335 436 3502 503 Patri,
3533 449 3588 492 et
3628 439 3729 494 Fi!

2179 545 2330 605 puta,
2395 537 2576 600 bonus,
2606 535 2834 600 sapiens,
2887 543 3110 599 creator,
3143 542 3252 587 etc.
3283 547 3407 588 cum
3475 546 3582 586 non
3611 547 3802 602 aequa

2179 631 2283 684 iter
2306 637 2362 684 et
2393 625 2805 682 lmmutabiliter
2832 624 2966 680 Filio
2999 624 3296 689 reddimus,
3332 624 3601 678 minorem
3638 624 3770 676 Pu—

510 533 826 587 rcdduntur.
884 531 990 585 Aut
1019 531 1163 585 enim
1218 547 1574 602 personarum
1630 535 2072 601 substantia,aut

509 625 744 691 ipsarum
816 622 1167 691 signiﬁcativa
1229 633 1395 680 sunt.
1453 625 1683 695 Sapiens
1765 634 1963 688 autem,
2019 633 2076 679 et

509 717 704 781 bonus,
725 726 780 770 et
800 718 990 786 iustus,
1046 723 1099 771 et
1131 732 1365 784 creator,
1409 728 1461 774 et
1491 733 1718 788 qumque
1742 717 1867 772 talia
1910 731 2072 772 unum

509 805 712 874 aliquid
748 802 1035 872 indiscrete
1085 815 1523 882 Deumsignant.
1551 810 1626 865 Ex
1652 810 1738 865 bis
1778 809 1922 865 enim
1949 808 2074 862 nul-

513 897 617 951 lam
647 899 894 969 cogimur
940 905 1324 960 discretionem
1382 903 1688 974 intelligere
1735 901 1789 956 in
1843 901 1954 956 Deo
2007 899 2076 955 ad

509 987 743 1057 seipsum
777 994 1134 1060 personalem,
1153 996 1254 1051 nisi
1271 994 1565 1050 secundum
1591 992 1831 1063 quaedam
1859 992 2076 1046 nomina

509 1080 575 1134 ad
596 1092 898 1140 creaturam
912 1085 1085 1139 solum
1100 1086 1212 1140 sive
1239 1085 1415 1153 potius
1467 1094 1733 1139 creatura
1762 1084 1828 1139 ad
1887 1085 2075 1149 Deum;

505 1170 679 1240 justus
746 1174 890 1229 enim
957 1175 1026 1227 ad
1076 1184 1380 1230 creaturam
1441 1183 1497 1230 et
1554 1185 1786 1242 creator,
1829 1183 1884 1230 et
1907 1174 2080 1231 omni-

512 1272 703 1329 potens
720 1246 940 1318 dicitur.

580 1352 1027 1408 Snbstantialium
1056 1369 1201 1419 vero,
1231 1354 1764 1423 substantiarumqne
1809 1354 2082 1426 signiﬁca-

513 1443 740 1497 tivorum
773 1445 1069 1504 nominum:
1105 1447 1209 1501 alia
1241 1447 1454 1516 quidem
1490 1461 1838 1515 personarum
1881 1446 2069 1517 singu-
2105 1478 2108 1480 η

511 1532 576 1587 lis
605 1548 766 1587 unum
800 1535 890 1589 nni
927 1536 1142 1606 proprie
1177 1533 1454 1602 redditur;
1485 1569 1492 1576 -
1527 1551 1754 1606 quicque
1827 1536 2084 1592 substan-

512 1622 660 1680 tialia
718 1625 958 1694 ipsorum
991 1636 1136 1692 sunt,
1163 1628 1322 1682 sicuti
1373 1628 1691 1697 paternitas,
1724 1637 1780 1682 et
1831 1627 2084 1684 nativitas

506 1723 668 1786 atque
705 1717 1004 1785 processio,
1039 1716 1197 1772 Pater
1228 1727 1278 1773 et
1307 1717 1496 1784 Filius,
1526 1727 1579 1774 et
1600 1719 1912 1787 procedens.
1963 1720 2081 1777 Alia

506 1821 635 1862 vero
665 1807 900 1873 duobus,
932 1819 992 1864 ut
1020 1811 1257 1874 causale,
1284 1796 1529 1875 et-ntitti,
1582 1820 1636 1866 et
1671 1811 1836 1866 Deum
1866 1827 1933 1868 ex
1972 1813 2080 1868 Deo

504 1896 1036 1970 esse,Spirltumque
1099 1900 1351 1975 etPatris
1409 1911 1463 1956 et
1493 1901 1610 1956 Filii
1665 1900 1926 1973 Spiritum
1949 1902 2106 1958 dici.’

503 1987 714 2047 Mittere
736 2006 951 2062 quoque
974 2001 1030 2047 et
1057 2007 1334 2053 emanare.
1355 2001 1408 2048 et
1460 1992 1788 2060 profundere
1841 1991 2075 2052 Patrem,

502 2089 557 2136 et
577 2077 772 2137 Filium
813 2081 1094 2153 Spiritum.
1155 2083 1414 2138 Aliavero
1437 2083 1609 2138 tribus
1663 2080 2078 2137 ineommutabi-

503 2173 962 2239 literredduntur;
994 2183 1049 2228 et
1076 2189 1237 2228 unum
1284 2172 1447 2227 Deum
1464 2173 1578 2228 sine
1605 2171 1713 2226 ulla
1755 2169 2075 2234 dill‘erentia,

504 2268 566 2314 ut
604 2259 806 2316 dictum
839 2271 940 2327 cst,
974 2263 1206 2333 signant.
1242 2260 1440 2316 Verum
1520 2263 1816 2331 producere
1858 2262 2074 2331 quidem

505 2350 678 2405 sancti
700 2349 1057 2419 Spiritusnon
1088 2361 1212 2415 est;
1269 2352 1371 2406 hoc
1397 2352 1537 2404 enim
1592 2353 1872 2407 relationis
1933 2363 2078 2408 vetat

505 2441 794 2510 oppositio,
831 2441 1133 2520 quodenim
1192 2441 1443 2512 producit
1467 2442 1554 2506 ,ad
1608 2443 1659 2497 id
1690 2445 1830 2513 quod
1876 2444 2077 2510 produ-

509 2533 673 2602 citur,
700 2534 1007 2605 oppositum
1060 2545 1175 2601 est;
1208 2534 1351 2602 quod
1384 2546 1559 2589 autem
1586 2534 1924 2604 producitur,
1953 2533 2077 2607 Spi—

507 2625 647 2682 ritus
713 2633 940 2682 sauctus
993 2633 1124 2684 est:
1183 2624 1500 2694 dictumque
1548 2634 1775 2681 estesse
1824 2626 2074 2695 impossi-

507 2718 633 2782 bile.
659 2718 803 2774 idem
835 2733 954 2774 esse
977 2718 1120 2788 quod
1156 2716 1428 2787 producit,
1479 2726 1533 2772 ct
1556 2718 1694 2789 quod
1721 2715 2075 2788 producitur;

507 2809 637 2864 nihil
675 2812 820 2866 enim
873 2821 954 2866 est
986 2813 1127 2881 quod
1181 2813 1352 2881 ipsum
1391 2815 1478 2869 sui
1507 2827 1668 2868 causa
1703 2809 1800 2878 sit;
1854 2823 1906 2868 et
1933 2811 2075 2866 nulla

504 2915 733 2968 persona
795 2901 1027 2969 seipsam
1075 2905 1342 2972 producit,
1377 2906 1522 2960 sicut
1562 2916 1614 2959 et
1650 2905 1702 2956 in
1767 2899 2076 2956 hominibus

504 2992 732 3060 exempli
783 2998 964 3058 causa,
999 2995 1109 3048 ﬁeri
1131 2997 1424 3059 cernimus,
1447 3010 1682 3064 namque
1737 3003 1792 3050 et
1819 2993 1958 3063 apud
1983 3010 2077 3048 nos

504 3083 801 3150 Cujnspiam
855 3085 1012 3147 (ilius,
1049 3101 1152 3140 non
1211 3095 1295 3142 est
1365 3087 1478 3154 ipse
1559 3088 1758 3154 scipso,
1792 3101 1964 3156 neque
1996 3083 2075 3138 sui
2109 3123 2149 3176 c

507 3173 677 3244 ipsius
700 3175 916 3242 dicitur,
938 3177 1032 3230 sed
1059 3178 1262 3246 patris:
1287 3187 1340 3234 et
1370 3193 1541 3246 neque
1561 3175 1700 3233 filius
1731 3189 1886 3247 pater
1904 3177 2078 3247 patris

507 3264 594 3323 sui
618 3274 721 3335 est,
753 3279 1090 3338 nequepater
1131 3269 1273 3326 ﬁlius
1333 3269 1550 3332 tiliisui,
1606 3280 1823 3340 propter
1866 3269 2080 3338 Opposi—

509 3357 669 3414 tionis
694 3359 974 3425 rationem,
997 3360 1290 3414 secundum
1339 3375 1576 3426 causam,
1612 3371 1662 3414 et
1688 3359 1921 3424 cansale,
1963 3375 2082 3428 qua:

508 3462 616 3502 non
640 3450 927 3504 cornvertit.

578 3539 642 3596 Et
667 3548 813 3596 certe
831 3538 1086 3609 possibile
1103 3550 1186 3596 est
1211 3540 1456 3595 eumdem
1481 3549 1532 3594 et
1583 3548 1792 3608 patrem
1851 3552 1993 3602 esse,
2021 3549 2090 3612 ct_

507 3629 799 3697 lilium,sed
835 3645 936 3684 non
971 3631 1266 3686 secundum
1295 3632 1455 3693 idem,
1499 3627 1612 3684 sive
1666 3618 1764 3683 ad
1800 3628 1938 3683 idem
1975 3627 2075 3682 .Ad

505 3722 649 3776 aliud
685 3737 834 3788 vero,
877 3725 1498 3795 atquealind,utraque.
1550 3720 1655 3776 Sed
1707 3720 1809 3775 hoc
1866 3719 1918 3774 in
1971 3719 2080 3773 Deo

504 3812 678 3866 locum
710 3829 815 3867 non
849 3813 1185 3868 liabcI.Tres
1220 3813 1363 3866 enim
1413 3826 1672 3880 personas
1729 3810 1872 3865 solas
1907 3808 2075 3864 Deum

501 3919 641 3972 esse,
678 3904 810 3958 fides
846 3905 1009 3957 tradit
1036 3923 1048 3957 :
1079 3905 1279 3973 quibus
1311 3905 1674 3972 proprietates
1738 3916 1851 3956 sum
1880 3902 2076 3954 immo-

502 3997 676 4058 biles,
709 4004 911 4050 etratze
954 4005 1192 4049 manent.
1237 3993 1353 4049 Non
1379 4011 1508 4066 ergo
1574 3996 1896 4065 producere,
1959 4007 2081 4064 pro—

503 4087 649 4151 ducti
683 4085 915 4154 Spiritus
966 4095 1069 4149 est,
1100 4086 1192 4139 sed
1253 4084 1412 4140 Pater
1460 4087 1759 4154 producere
1816 4083 2078 4153 Spiritum

502 4179 781 4235 asseritur.
807 4177 1117 4232 Secundum
1147 4177 1250 4233 hoc
1275 4179 1418 4233 enim
1468 4193 1498 4232 a
1535 4177 1763 4247 Spiritu,
1812 4188 1873 4233 ut
1906 4193 2074 4231 causa

504 4286 533 4322 a
566 4271 769 4324 causali
804 4269 1155 4324 discernitur.

571 4363 841 4429 Qumritur
870 4372 1096 4426 autem],
1126 4377 1192 4417 an
1245 4374 1298 4418 et
1321 4363 1455 4418 Filio
1483 4364 1777 4432 producere
1798 4376 2080 4418 commune

3763 449 3806 486 α

2193 722 2294 776 tris
2317 719 2554 788 essentia
2581 716 2706 771 Filii
2736 717 3024 805 essentiam
3091 714 3322 770 facimus
3383 734 3396 769 :
3426 711 3498 768 ita
3556 717 3796 785 quippe

2185 827 2292 866 nou
2337 809 2444 867 erit
2473 809 2711 878 sapiens,
2743 817 2801 862 et
2833 814 3049 862 creator
3083 820 3224 862 unus
3255 805 3435 870 Pater,
3465 815 3520 861 et
3566 806 3766 861 Filius

2181 905 2383 959 Eodem
2418 904 2600 967 modo,
2632 901 2725 972 qui
2759 900 3062 969 producere
3094 894 3232 955 Filio
3266 898 3571 964 abstulerit,
3611 901 3790 953 nulla

2179 995 2534 1066 oppositionis
2571 992 2897 1050 necessitate
2923 992 3030 1048 hoc
3091 991 3195 1062 ipsi
3253 989 3480 1047 reddere
3518 991 3787 1055 valente,

2179 1087 2300 1142 Filii
2328 1085 2563 1143 essentia
2596 1082 2773 1156 Patris
2787 1085 3077 1140 essentiam
3093 1083 3354 1140 minorem
3385 1092 3609 1154 cogetur
3625 1098 3794 1138 con-

2184 1177 2446 1336 mi’roi'ro,
2474 1271 2518 1324 si
2542 1268 2664 1339 quis
2681 1265 2994 1337 Dionysium
3028 1263 3292 1334 allegans,
3330 1263 3404 1318 ita
3437 1231 3778 1332 illumlnqui

2182 1371 2410 1426 asserat,
2440 1361 2771 1424 communia,
2805 1368 2858 1414 et
2891 1360 3040 1413 unita
3084 1356 3233 1416 Patri
3289 1367 3343 1415 et
3373 1355 3535 1419 Filio,
3570 1364 3783 1410 sancto

2181 1453 2343 1508 etiam
2406 1453 2631 1521 Spiritui
2665 1453 2998 1518 communia,
3043 1454 3226 1508 divina
3257 1453 3395 1507 ratio
3452 1449 3699 1514 assignat
3747 1463 3766 1501 :

2182 1544 2284 1598 hoc
2309 1545 2458 1598 illum
2489 1545 2555 1599 de
2581 1543 2664 1599 bis
2695 1559 2816 1614 quae
2840 1545 3014 1602 tribus
3063 1543 3434 1601 indifferenter
3506 1540 3766 1594 reddun-

2184 1646 2292 1699 tur,
2324 1635 2524 1691 dixisse
2553 1637 2784 1704 noverit,
2822 1651 2884 1694 ac
2907 1637 2974 1692 de
3001 1637 3083 1692 his
3110 1651 3228 1707 qua:
3276 1634 3534 1690 dicuntur
3583 1639 3767 1684 natu-

2183 1726 2338 1789 ralia,
2375 1727 2425 1780 in
2454 1726 2651 1795 quibus
2678 1741 2850 1798 neque
2893 1728 3153 1784 discretio
3182 1727 3309 1792 ulla,
3343 1740 3517 1795 neque
3553 1725 3760 1779 relatio

2189 1817 2490 1884 inspicitur.
2526 1816 2731 1873 Idcirco
2753 1819 2916 1872 etiam
2946 1817 3244 1872 communia
3311 1827 3359 1870 et
3391 1815 3541 1869 unita
3571 1814 3749 1876 dixit;

2188 1907 2490 1978 producere
2522 1917 2702 1963 autem
2731 1910 2797 1963 ad
2831 1908 2880 1962 id
2933 1908 3077 1979 quod
3128 1907 3470 1976 producitur,
3527 1904 3761 1958 relative

2185 1995 2490 2062 opponitur.
2525 1992 2587 2048 Et
2604 2004 2709 2059 est,
2747 1996 2888 2064 quod
2961 1994 3297 2063 producitur,
3329 1991 3562 2062 Spiritus
3595 2006 3762 2045 sanc-

2186 2089 2292 2136 tus.
2314 2079 2576 2138 Possibile
2609 2096 2737 2138 vero
2765 2097 2870 2136 non
2905 2082 3156 2145 est,idem
3203 2079 3506 2151 esse,quod
3541 2081 3750 2146 produ-

2185 2174 2276 2227 cit.
2310 2171 2492 2243 Neque
2522 2175 2756 2257 seips’um
2801 2175 3050 2243 producit
3111 2169 3365 2243 Spiritus;
3423 2171 3556 2227 nihil
3608 2171 3753 2226 enim

2187 2263 2267 2315 sui
2295 2266 2465 2332 ipsius
2495 2279 2659 2318 causa
2695 2279 2815 2320 esse
2835 2276 3010 2336 potest
3045 2281 3061 2321 :
3097 2280 3270 2336 neque
3299 2264 3552 2330 alterum,
3583 2277 3751 2332 prop-

2187 2363 2266 2406 ter
2299 2353 2546 2410 traditam
2579 2355 2734 2412 nobis
2749 2355 3089 2413 Trinitatem.

2253 2443 2564 2514 Commune.
2592 2447 2753 2518 igitur
2789 2458 2870 2505 est
2898 2445 3066 2515 Patri,
3099 2460 3152 2505 et
3180 2446 3316 2505 Filio
3359 2449 3674 2520 producere;
3699 2457 3753 2503 ct

2184 2543 2266 2589 est
2314 2535 2491 2606 Pater,
2537 2548 2590 2594 ct
2618 2537 2784 2598 Filius
2825 2557 2960 2597 unus
2987 2544 3159 2598 sancti
3193 2541 3422 2613 Spiritus
3440 2543 3748 2612 productor.

2185 2626 2322 2680 sicut
2359 2635 2581 2694 et;unus
2605 2639 2765 2696 totus,
2785 2639 2838 2687 et
2872 2647 3010 2685 unus
3036 2633 3273 2696 mittens,
3293 2641 3500 2686 servata
3549 2628 3752 2688 scilicet

2186 2718 2552 2789 generationis
2595 2713 2996 2791 nativitatisque
3047 2719 3386 2776 discretione.
3453 2719 3625 2789 Atque
3680 2721 3750 2774 ita

2190 2813 2355 2873 Filius
2392 2831 2422 2871 a
2455 2823 2648 2870 sancto
2686 2810 2889 2883 Spiritu
2953 2827 3163 2879 causre,
3193 2811 3537 2882 causalisque
3588 2811 3750 2866 ratio-

2186 2925 2251 2963 ne
2315 2906 2881 2975 discernitur;quia,
2947 2915 3000 2960 et
3073 2919 3168 2973 per
3199 2901 3394 2958 Filium
3459 2901 3750 2972 procedere

2185 2999 2434 3063 dicitur;
2475 2995 2742 3065 Paterqne
2803 2995 3091 3063 productor
3143 3008 3239 3062 per
3328 2990 3576 3046 Verbum
3624 3004 3750 3045 esse

2185 3099 2237 3143 et
2255 3103 2322 3142 ex
2359 3084 2493 3141 Filio
2516 3102 2635 3142 esse
2662 3085 2880 3151 habere,
2933 3100 3054 3140 cum
3086 3084 3154 3139 ab
3184 3083 3300 3154 ipso
3323 3079 3556 3152 accipiat
3575 3077 3748 3150 Spiri-

2188 3188 2295 3242 tus,
2314 3196 2341 3232 a
2359 3174 2650 3248 Tlteologis
2669 3178 2950 3231 asseritur.

2259 3270 2332 3322 Ex
2364 3269 2554 3336 quibus
2594 3265 2798 3322 etillud
2848 3277 3084 3334 constat,
3135 3265 3432 3334 producere
3467 3261 3607 3334 quod
3658 3263 3740 3316 di-

2185 3357 2347 3420 citur,
2379 3355 2552 3410 Patris
2587 3355 2942 3411 substantiale
2969 3372 3072 3412 non
3101 3371 3256 3422 esse;
3316 3357 3418 3411 hoc
3473 3362 3650 3408 autem
3692 3363 3745 3407 et

2183 3463 2344 3518 supra
2375 3455 2732 3502 monstratum
2763 3456 2868 3502 est.
2894 3447 3346 3516 AtteStanturque
3376 3446 3458 3500 his
3489 3461 3516 3499 a
3547 3445 3749 3499 sanctis

2187 3537 2432 3595 Patribus
2463 3537 2620 3593 dieue
2677 3539 2980 3602 sententiae,
3025 3539 3223 3609 quibus
3257 3545 3508 3593 asserunt
3554 3535 3747 3589 Filium

2183 3633 2422 3686 omnium
2447 3640 2793 3700 paternorum
2817 3631 3078 3685 bonorum
3111 3629 3380 3685 haeredem
3417 3645 3559 3695 esse,
3590 3639 3749 3696 atque

2181 3727 2362 3780 omnia
2391 3725 2571 3780 Patris
2610 3721 2809 3779 habere
2869 3721 3029 3790 bona,
3069 3725 3301 3792 propria,
3354 3731 3512 3792 atque
3563 3721 3751 3789 praeci-

2183 3831 2306 3881 pua,
2341 3814 2628 3881 omniaque
2687 3816 2905 3879 habere,
2943 3829 3060 3882 quae
3100 3814 3277 3868 Patris
3338 3822 3485 3878 sunt,
3535 3812 3637 3866 nisi
3693 3812 3740 3862 id

2183 3909 2376 3973 solum,
2413 3903 2555 3975 quod
2589 3903 2746 3959 Pater
2780 3921 2884 3960 non
2933 3888 3058 3972 est';
3130 3903 3573 3975 generatorisque
3629 3900 3750 3969 Spi-

2184 4000 2347 4055 ritum
2375 3998 2576 4054 habere
2628 3993 2821 4052 Filium
2871 3998 3102 4067 promite
3144 4003 3348 4050 naturae
3401 3996 3620 4058 bonum,
3671 3994 3749 4046 vi-

2185 4105 2442 4157 vensque,
2479 4098 2531 4143 et
2560 4085 2988 4141 substantialiter
3013 4087 3231 4140 insitum
3261 4103 3276 4150 ;
3318 4085 3459 4139 sicut
3485 4093 3540 4138 et
3569 4083 3747 4137 Pater.

2189 4181 2343 4235 Libet
2367 4193 2542 4234 tamen
2569 4189 2630 4232 et
2659 4179 2760 4232 iSta
2791 4178 3006 4249 addprc.

2258 4269 2493 4326 Sanctus
2535 4269 2697 4341 igitur
2726 4268 2959 4340 Cyrillus
3011 4269 3062 4322 in
3107 4266 3389 4323 Thesauri;
3424 4269 3535 4322 ait:
3601 4266 3749 4322 Sicut

2188 4366 2346 4419 arbor
2377 4363 2652 4432 prodeunti
2678 4377 2740 4416 ex
2762 4378 2814 4415 se
2844 4360 3064 4429 fructui,
3095 4359 3406 4429 qualitatem
3457 4375 3606 4412 suam
3653 4375 3749 4410 na-

501 4467 620 4508 cttm
650 4452 812 4507 Patre
841 4453 933 4508 sit.
958 4451 1021 4508 Et
1049 4453 1300 4523 quoniam
1327 4454 1506 4508 Patris
1527 4455 1593 4509 ad
1637 4451 1828 4507 Filium
1893 4467 2088 4506 secun-
2114 4459 2164 4518 ι)
2193 4460 2411 4513 (malem
2440 4457 2574 4527 [ει-η
2611 4457 2704 4509 dat
2727 4471 2744 4518 ;
2771 4455 2845 4508 ita
2882 4463 2930 4507 et
2961 4449 3156 4516 Filius,
3193 4469 3226 4505 a
3282 4451 3445 4506 Patre
3493 4451 3750 4519 accepisse

499 4545 623 4601 dum
650 4546 1022 4614 paternitatem
1042 4553 1096 4600 et
1117 4545 1471 4606 nativitatem.
1500 4561 1704 4606 causae,
1741 4543 2087 4613 causalisque

498 4635 763 4704 Oppositio
809 4651 914 4692 non
969 4637 1217 4707 prohibet
1247 4636 1365 4702 hoc,
1405 4653 1577 4706 neque
1637 4637 1740 4690 ulla
1789 4637 1913 4691 hinc
1957 4647 2088 4690 con‘

499 4728 638 4784 fusio
669 4730 911 4800 sequitur
937 4748 951 4796 ;
975 4730 1122 4786 nasci
1165 4731 1304 4784 enim
1338 4729 1404 4782 ad
1430 4729 1650 4798 gignere
1673 4728 1815 4796 quod
1864 4725 2082 4784 dicitur.

501 4836 606 4876 non
643 4823 708 4876 ad
741 4823 1042 4891 producere
1067 4823 1295 4879 relative
1321 4821 1632 4890 opponitur,
1677 4826 1731 4872 et
1796 4817 1963 4872 Filius
2015 4817 2082 4871 ad

496 4909 741 4974 Patrem,
791 4911 886 4964 sed
953 4927 1058 4964 non
1125 4913 1191 4966 ad
1248 4914 1649 4980 productoretn,
1711 4909 1763 4962 in
1825 4919 2080 4978 quantum

498 5001 685 5066 Filius,
713 5001 964 5068 refertur;
989 5005 1208 5070 idcirco,
1239 5007 1369 5058 nihil
1416 5007 1583 5072 cogit,
1626 5005 1923 5072 producere
1939 5004 2082 5073 quod

494 5095 718 5157 dicitur,
745 5109 771 5144 a
805 5091 942 5146 Filio
968 5095 1204 5155 auferre.
1268 5097 1410 5150 sicut
1468 5099 1712 5166 cogimur
1739 5111 1766 5149 a
1797 5139 1800 5142 .
1829 5095 1966 5149 Filio
1995 5094 2077 5163 gi-

493 5202 658 5256 gnere
695 5185 915 5240 omnino
970 5185 1333 5252 tollere;non
1395 5187 1445 5239 id
1483 5188 1825 5253 permittente
1891 5184 2062 5254 ipsius

491 5280 558 5336 ad
590 5280 802 5334 Patrem
824 5276 1182 5344 oppositione,
1219 5278 1560 5345 paternitatis
1613 5279 1839 5344 scilicet,
1871 5285 1923 5330 et
1943 5278 2082 5338 nati,

496 5374 724 5437 vitatis;
759 5370 933 5433 ne,vel
964 5385 1066 5423 una
1094 5385 1331 5439 persona
1363 5370 1540 5432 Pater,
1559 5386 1621 5424 ac
1667 5369 1832 5425 Filius
1863 5369 1937 5425 sit
1993 5366 2076 5424 vel
2111 5405 2129 5417 ε.

495 5466 640 5520 idem
670 5464 851 5527 simul,
917 5462 1080 5517 Pater
1102 5472 1157 5516 et
1197 5461 1386 5523 Filius,
1436 5471 1489 5516 et
1541 5471 1784 5516 neutrum
1843 5463 2075 5531 proprie.

490 5557 762 5625 Quoniam
798 5559 984 5624 itaque
1008 5554 1291 5609 relationis
1311 5553 1430 5607 Filii
1462 5555 1524 5606 ad
1575 5537 1788 5607 Patrem
1812 5554 2078 5622 oppositio

489 5662 600 5701 non
633 5646 823 5716 cogita
855 5645 1009 5708 Filio,
1040 5645 1339 5714 producere
1370 5643 1511 5711 quod
1550 5644 1767 5711 dicitur,
1827 5644 2071 5706 auferre,

488 5753 779 5800 commune
808 5738 1018 5808 penitus
1051 5749 1131 5793 est
1159 5739 1324 5801 Patri,
1361 5752 1422 5791 ac
1487 5737 1641 5801 Filio,
1673 5734 1987 5806 producere.

2196 4549 2522 4619 intelligitur,
2561 4559 2677 4617 qua:
2709 4543 2809 4598 sibi
2844 4554 2965 4599 sunt
3003 4545 3198 4608 omnia,
3244 4561 3364 4598 cum
3397 4545 3462 4598 sit
3499 4543 3606 4612 ipse
3637 4559 3749 4596 om-

2138 4642 2140 4644 ’
2174 4646 2281 4721 nia
2316 4658 2432 4712 qua:
2458 4640 2623 4694 Pater
2649 4647 2723 4693 est
2757 4648 2944 4708 pra'ter
2970 4637 3135 4692 solum
3155 4635 3366 4691 Patrem
3404 4652 3532 4690 esse.
3569 4649 3573 4652 '

2265 4734 2331 4788 Et
2368 4749 2555 4787 rursus
2595 4732 2648 4786 in
2681 4729 2887 4786 eisdem
2940 4743 2956 4782 :
3000 4727 3124 4783 Non
3155 4738 3208 4782 ut
3255 4729 3492 4799 indigens
3523 4747 3551 4782 a
3591 4728 3751 4782 Patre

2191 4827 2450 4893 accepisse
2499 4821 2676 4876 Filius
2713 4821 2950 4885 dicitur;
2985 4819 3140 4872 habet
3189 4821 3374 4888 quippe
3406 4820 3746 4879 naturaliter,

2187 4916 2454 4986 proprium
2491 4929 2607 4970 cum
2641 4914 2709 4966 sit
2746 4912 2908 4980 ipsius
2941 4908 3167 4964 Verbum
3210 4918 3258 4962 et
3292 4909 3556 4974 splendor,
3576 4910 3750 4961 omnia

2185 5020 2300 5074 qua:
2333 5004 2446 5072 ejus
2481 5012 2623 5070 sunt,
2657 5009 2846 5067 praeter
2896 5000 3069 5054 solum
3114 5015 3223 5052 esse
3274 5009 3320 5051 et
3360 4999 3466 5050 dici
3515 4995 3746 5050 Patrem.

2189 5097 2323 5150 Dicit
2352 5105 2524 5148 autent
2571 5109 2624 5147 se
2660 5109 2692 5145 a
2736 5091 2900 5146 Patre
2940 5092 3216 5158 accepisse,
3254 5091 3613 5144 Iiwreticorum
3640 5087 3752 5154 opi-

2185 5190 2388 5250 niones,
2440 5199 2492 5240 ut
2534 5185 2670 5240 Deus
2717 5188 3054 5255 pra’ceniens.
3101 5201 3160 5236 ac
3201 5183 3478 5252 jugulans.
3522 5178 3602 5232 Ne
3632 5179 3746 5246 quis

2183 5283 2320 5334 enim
2358 5278 2555 5334 Filium
2604 5279 2882 5344 inspiciens
2919 5275 3097 5330 Patris
3135 5275 3312 5326 omnia
3343 5272 3639 5329 habentem,
3684 5286 3748 5322 ea:

2185 5370 2348 5420 multa
2377 5367 2524 5420 valde
2551 5368 2915 5427 stmiliturline,
2957 5374 3006 5417 et
3067 5361 3439 5415 iudeututabili
3477 5361 3749 5412 identitate

2181 5468 2388 5524 putaret
2426 5457 2662 5511 eumdem
2692 5474 2802 5510 esse
2829 5456 3040 5508 Patrem
3066 5465 3112 5506 et
3143 5452 3362 5516 Filium,
3384 5462 3429 5504 et
3450 5452 3500 5504 iu
3529 5449 3746 5505 Sabellii

2181 5569 2407 5607 errorem
2440 5552 2734 5615 laberetur;
2788 5549 3082 5602 necessario
3109 5564 3162 5600 se
3213 5565 3243 5599 a
3276 5545 3434 5599 Patre
3489 5543 3745 5610 accepisse

2181 5646 2276 5707 ait,
2322 5654 2398 5706 ,ιιι
2461 5659 2630 5696 sermo
2698 5641 2950 5708 inferens,
3015 5654 3176 5690 unum
3239 5639 3445 5706 quidem
3513 5637 3742 5691 dantem,

2181 5720 2467 5788 secundum
2509 5751 2624 5787 vero
2675 5733 3026 5793 accipientem,
3061 5728 3371 5781 dualitatem
3423 5728 3474 5780 in
3516 5723 3743 5788 propriis
