4144 6296
459 107 562 177 149
604 72 613 77 θ

1540 127 1946 187 ΑῡνΕΒδυὸ
1975 125 2295 188 GRAECOS
2336 126 2488 190 LIB.
2528 129 2648 190 Ill.

3610 130 3710 192 15f)

450 231 758 285 substantiis
814 233 1105 290 ostenderet
1142 253 1247 293 non
1295 239 1425 295 solis
1478 243 1774 297 nominibus
1829 243 2019 296 distin-
2048 243 2094 301 Δ
2124 256 2300 312 neque
2352 244 2512 298 Pater
2557 256 2641 300 est
2686 245 3030 314 paternitatis
3082 245 3292 302 ratione
3327 246 3445 302 sine
3500 249 3700 302 medio.

452 330 611 377 ctam.

530 413 674 467 Idem
732 415 783 468 in
840 432 877 469 ιι
928 420 991 472 ad
1046 416 1319 476 ilermiam
1375 442 1388 477 :
1444 423 1925 481 Consubstantialis
1977 438 2024 481 et

454 515 742 560 (aeternus
773 507 924 561 Patri
947 509 1143 577 Filius,
1164 517 1341 567 omnia
1368 520 1574 583 penitus
1595 535 1747 587 requa
1782 536 2027 573 mensura

456 594 630 660 habet,
657 607 854 664 prtrter
882 599 1052 653 solum
1104 604 1332 673 gignere.
1369 610 1483 660 Hoc
1512 609 1652 661 enim
1686 610 1853 662 solum
1900 626 2025 677 pro-

456 689 562 751 prie
613 688 722 743 Deo
773 699 824 743 et
872 691 1028 746 Patri
1074 699 1331 751 convenit.
1382 698 1525 752 Idem
1581 701 1635 753 in
1681 698 2024 755 Thesauris:

461 778 639 848 Itaque
667 783 1014 853 quodcunque
1043 791 1107 840 de
1158 787 1317 842 Patre
1363 792 1585 855 dixeris,
1637 793 1731 845 ltoc
1773 794 1931 847 etiam
1964 794 2027 845 de

458 869 607 933 Filio,
632 882 825 935 pra-ter
852 874 1109 930 id'solum
1137 883 1275 947 quod
1310 879 1470 935 Pater
1507 884 1614 948 ipse
1640 892 1753 947 est;
1782 893 1829 938 et
1856 886 2024 953 quod-

458 979 652 1032 cunque
689 964 834 1020 Filio
877 969 1103 1032 dederis,
1137 971 1233 1023 ltoc
1276 983 1323 1025 et
1353 974 1405 1025 in
1459 973 1617 1029 Patre
1645 986 1720 1029 est
1751 988 1945 1045 prteter
1974 979 2027 1030 id

457 1054 645 1119 solum,
674 1056 802 1123 quia
841 1054 1013 1111 Filius
1044 1060 1154 1128 ipse
1180 1072 1279 1116 est.
2004 1110 2007 1113 -

524 1133 944 1212 Cbrysostomus
978 1150 1030 1203 in
1071 1167 1233 1206 xxxix
1270 1153 1489 1211 homilla
1518 1171 1681 1227 super
1709 1159 1974 1215 Joannem
2008 1180 2021 1216 :

462 1252 478 1281 ι
522 1234 693 1301 Dedit,
756 1251 931 1293 autem
978 1242 1173 1299 idcirco
1229 1248 1423 1303 dictum
1472 1262 1573 1316 est,
1634 1268 1695 1305 ne
1739 1253 2026 1324 ingenitum

457 1327 622 1386 ipsum
675 1331 981 1398 suspiceris,
1041 1352 1201 1407 neque
1257 1341 1390 1394 duos
1445 1340 1631 1396 Patres
1690 1358 1801 1397 esse
1851 1356 2023 1413 putes.

461 1417 644 1473 Omnia
682 1423 822 1476 enim
868 1443 984 1493 qua:
1017 1426 1179 1483 Pater
1212 1442 1309 1496 est,
1343 1434 1455 1487 luet:
1488 1444 1535 1488 et
1582 1434 1758 1488 Filius
1805 1448 1905 1490 est.
1961 1436 2029 1491 Et

458 1523 575 1575 post
604 1530 776 1581 pauca
807 1532 824 1571 ;
864 1516 1015 1571 Vides
1046 1522 1495 1587 incommutabile,
1536 1536 1584 1577 et
1617 1526 1752 1593 quod
1780 1543 1884 1579 uno
1914 1527 2027 1580 solo

456 1602 806 1671 diﬂ’erentiam
868 1611 1118 1679 insinuet,
1152 1614 1291 1679 quod
1342 1617 1438 1670 iste
1489 1618 1688 1672 scilicet
1723 1621 1790 1673 sit
1844 1617 2029 1683 Pater,

456 1692 542 1745 ille
602 1695 792 1752 Filius.
848 1716 869 1752 t
922 1700 1098 1767 Dedit,
1153 1723 1170 1754 ι
1226 1706 1365 1759 enim
1423 1710 1562 1775 quod
1615 1709 1832 1776 dicitur,
1893 1709 2029 1764 hanc

456 1782 837 1839 distinctionem
904 1790 1077 1843 solam
1152 1795 1450 1847 necessario
1522 1794 1771 1861 inducit;
1840 1808 2030 1855 cetera

456 1879 629 1929 omnia
680 1880 1041 1947 aqualitatem
1093 1894 1254 1963 atque
1284 1886 1407 1941 inde
1433 1887 1845 1943 mutabilitatem
1894 1890 2031 1943 indi-

456 1979 593 2021 cant.

529 2060 754 2130 Magnus
797 2065 1126 2124 Athanasius
1158 2071 1215 2125 in
1264 2086 1321 2125 ιιι
1363 2068 1564 2126 Contra
1613 2071 1865 2135 Arianos,
1907 2072 2027 2126 ait:

457 2151 545 2205 ita
588 2155 751 2224 igitur
804 2159 906 2228 ipsi
957 2177 1075 2215 cum
1123 2178 1287 2216 unum
1335 2164 1442 2218 sint
1491 2162 1676 2228 Pater,
1726 2165 1928 2219 scilicet
1980 2176 2030 2220 et

459 2244 648 2313 Filius,
719 2266 931 2321 unaque
985 2254 1055 2308 sit
1120 2254 1323 2317 Deitas.
1385 2258 1570 2312 eadem
1635 2258 1700 2312 de
1752 2257 1896 2313 Filio
1948 2260 2031 2311 di-

454 2354 664 2405 cuntur,
695 2358 814 2410 qua:
865 2345 930 2398 de
978 2343 1161 2413 Patre,
1202 2350 1303 2403 nisi
1347 2349 1487 2419 quod
1528 2351 1699 2404 solum
1731 2348 1893 2406 Pater
1928 2367 2032 2407 non

453 2433 672 2488 dicitur.

528 2524 672 2580 idem
709 2530 760 2581 in
785 2542 1062 2595 sermone,
1095 2530 1148 2583 in
1182 2546 1290 2601 quo
1320 2534 1541 2601 exponit
1572 2535 1926 2603 compositam
1963 2533 2033 2589 ab

455 2616 676 2671 Arianis
732 2619 913 2682 iidem,
950 2618 1003 2672 in
1037 2620 1205 2675 variis
1247 2612 1462 2675 illorum
1522 2626 1764 2692 synodis,
1818 2626 1870 2678 in
1927 2626 2032 2679 line

460 2708 761 2772 longissimi
788 2710 1054 2763 sermonis
1092 2712 1206 2764 ait:
1236 2712 1450 2765 Idcirco
1488 2715 1627 2766 enim
1674 2717 2029 2784 cqualitatem

460 2798 617 2850 habet
696 2797 767 2850 ad
829 2798 1045 2854 Patrem
1116 2801 1337 2867 Filius,
1421 2805 1769 2874 uniformibus
1832 2810 2029 2864 scilicet

458 2892 701 2955 roribus,
758 2900 809 2945 et
861 2908 979 2961 qua:
1041 2894 1094 2948 in
1149 2893 1315 2949 Patre
1361 2897 1629 2963 dicuntur,
1694 2900 1805 2954 lucc
1865 2911 1916 2955 et
1974 2902 2099 2992 inc

462 2980 602 3037 Filio
632 2982 929 3053 Scriptura:
970 2987 1170 3055 dicunt,
1218 3001 1410 3057 praeter
1448 2992 1619 3046 solum
1657 2990 1876 3049 Patrem
1909 2998 2026 3049 sum

456 3076 581 3130 dici.

527 3169 753 3240 Magnus
804 3171 1038 3227 Basilius
1083 3173 1136 3228 in
1168 3175 1310 3231 libro
1343 3189 1443 3230 suo
1480 3176 1553 3231 De
1584 3179 1687 3245 ﬁde
1722 3194 1740 3233 :
1782 3180 2031 3248 Accipere

456 3261 593 3313 enim
643 3264 782 3331 quod
811 3264 1010 3317 dicitur
1053 3281 1349 3331 commune,
1395 3278 1442 3320 et
1489 3270 1557 3320 ad
1590 3280 1886 3323 creaturam
1915 3282 2032 3333 est;

459 3350 645 3405 habere
693 3361 868 3408 autem
913 3369 978 3407 ea:
1033 3366 1248 3423 natura,
1286 3358 1562 3424 pmprium
1611 3369 1687 3411 est
1741 3359 1925 3426 geniti.
1963 3358 2032 3413 Ut

460 3461 579 3513 ergo
629 3444 803 3500 Filius
856 3448 1179 3501 naturaliter
1224 3449 1479 3516 possidet,
1521 3464 1640 3516 quin
1672 3448 1855 3502 Patris
1886 3464 2033 3516 sunt,

464 3545 513 3587 ut
546 3547 718 3590 autent
750 3539 1072 3608 unigenitus,
1106 3539 1284 3592 omnia
1314 3536 1469 3591 habet
1514 3540 1571 3592 in
1601 3542 1768 3607 seipso
1796 3558 2031 3608 compre-

462 3628 641 3682 hensa.
692 3628 758 3683 Et
806 3644 998 3686 rursus
1054 3631 1109 3683 itt
1146 3633 1383 3685 eodem:
1431 3629 1648 3685 Patrem
1699 3632 1810 3685 dixi
1850 3642 1897 3687 et
1940 3630 2035 3688 Fi-

463 3722 632 3784 lium;
681 3722 774 3777 has
824 3725 953 3776 milii
987 3724 1339 3795 proprietates
1382 3739 1551 3778 serva.
1607 3723 1828 3780 Manent
1873 3727 2037 3795 igitur

466 3813 633 3889 Filius
688 3817 743 3869 in
798 3832 877 3879 eo,
935 3816 1074 3885 quod
1135 3814 1313 3869 Filius
1374 3826 1476 3882 est,
1542 3819 1721 3871 omnia
1779 3830 1855 3873 est
1917 3836 2037 3889 qute

462 3882 635 3971 Pater,
688 3882 974 3962 secundum
1028 3909 1196 3976 ipsius
1253 3918 1427 3963 uocem
1482 3909 1694 3965 Domini
1753 3882 1978 3966 dicentis
2014 3927 2034 3967 :

467 4016 483 4047 ι
523 3998 714 4051 Omnia
771 4014 889 4068 quis
956 4000 1108 4053 habet
1178 3998 1373 4066 Pater,
1426 4017 1543 4057 mea
1598 4003 1791 4057 sunt’.
1848 4021 1868 4055 ι
1930 4002 2034 4058 Re-

462 4106 577 4145 rera
600 4092 738 4145 enim
769 4091 1016 4161 imaginis
1040 4083 1367 4146 sunt'ontnia
1391 4108 1508 4163 quin
1532 4096 1820 4162 primitiae:
1846 4095 2035 4162 format

460 4192 599 4237 sunt.
1126 4194 1133 4201 '

2136 333 2213 387 ita
2243 336 2385 389 enim
2428 334 2594 390 Filius
2617 347 2763 392 esset
2791 336 3024 405 Spiritus
3057 349 3301 404 sanctus,
3331 352 3503 406 neque
3531 352 3701 405 Oppu-

2138 427 2284 480 nitur
2319 427 2623 487 nativitatis
2658 429 2892 494 rationi;
2921 430 3051 485 huic
3080 431 3225 485 enim
3256 431 3368 486 sola
3400 428 3701 498 paternita-

2138 516 2205 573 tis
2234 518 2375 571 ratio
2406 520 2721 587 opponitur.
2762 519 2948 590 Itaque
2976 521 3273 575 secundum
3308 522 3359 576 id
3391 521 3536 592 quod
3582 533 3703 574 esse

2135 608 2334 663 dicitur
2361 610 2684 679 principium
2719 609 2955 680 Spiritus
2979 612 3173 676 sancti,
3204 626 3310 665 non
3336 621 3419 666 est
3448 610 3704 664 discretio

2136 698 2314 755 Patris
2346 716 2409 755 ac
2444 701 2601 770 Filii,
2633 713 2689 756 et
2740 713 3138 773 consequenter
3187 704 3463 774 proprium
3525 701 3706 756 Patris

2136 788 2203 842 ad
2255 786 2472 853 Filium,
2507 789 2751 859 utrisque
2800 790 2945 844 enim
3006 790 3223 844 innatus
3267 798 3351 844 est
3394 802 3706 857 cougruus;

2134 878 2277 945 quod
2332 879 2380 933 si
2435 879 2652 935 innatus
2696 889 2779 939 est
2831 882 3021 945 etiam,
3078 881 3219 934 nulla
3274 879 3419 933 enim
3471 878 3581 933 illic
3626 878 3707 931 in-

2136 970 2247 1024 nati
2306 971 2536 1041 privatio
2586 983 2707 1037 est,
2762 975 3071 1029 communis
3116 982 3199 1029 est
3248 972 3411 1042 igitur
3456 969 3602 1024 Patri
3652 978 3707 1023 et

2134 1057 2292 1115 Filio.

2205 1150 2471 1218 Quoniam
2534 1154 2699 1227 igitur
2756 1156 3054 1224 producere
3110 1154 3310 1214 Patris.
3344 1150 3706 1208 substantiaie

2134 1253 2241 1296 non
2305 1250 2410 1308 est,
2475 1256 2765 1298 commune
2820 1252 2999 1299 autem
3055 1253 3138 1299 est
3207 1243 3354 1297 Patri
3426 1250 3482 1297 et
3544 1240 3702 1301 Filio,

2134 1342 2531 1403 consequenter
2552 1345 2605 1390 et
2631 1334 2803 1391 Filius
2844 1351 2872 1389 a
2918 1345 3108 1391 sancto
3153 1334 3359 1404 Spiritu
3405 1332 3703 1395 secundum

2135 1442 2355 1485 causam
2394 1436 2449 1483 et
2492 1431 2712 1485 causale
2740 1430 3118 1500 distinguitur.
3158 1428 3217 1483 In
3248 1429 3361 1482 sola
3392 1428 3537 1482 enim
3570 1440 3702 1480 cau-

2136 1534 2195 1577 sa
2238 1528 2292 1573 et
2333 1520 2557 1586 causall,
2607 1522 2817 1575 divinus
2868 1532 3129 1590 personas
3175 1518 3438 1583 discerni,
3473 1527 3526 1570 et
3571 1518 3705 1572 lldes

2064 1597 2107 1654 Β
2142 1606 2327 1674 tradit,
2371 1617 2424 1662 et
2476 1611 2647 1663 sancti
2699 1612 3050 1675 comitentur,
3107 1619 3165 1666 ut
3213 1624 3279 1666 ex
3334 1607 3707 1679 superioribus

2135 1699 2321 1770 hqueL
2852 1769 2861 1776 ς
3050 1748 3053 1751 .

2207 1790 2405 1848 Verum
2444 1794 2662 1864 quidam
2697 1794 3081 1849 discretionem
3128 1792 3251 1846 Filii
3283 1802 3337 1846 et
3367 1791 3541 1847 sancti
3584 1792 3707 1859 Spi-

2136 1883 2293 1947 ritus,
2323 1886 2622 1939 secundum
2656 1898 2875 1939 causam
2913 1893 2967 1937 et
2996 1883 3212 1938 causale
3250 1894 3357 1937 non
3408 1884 3709 1951 suscipien-

2137 1982 2238 2041 tes,
2260 1990 2383 2030 cum
2411 1984 2589 2030 tamen
2620 1976 2729 2031 illis
2758 1975 3141 2029 discretionem
3172 1976 3397 2031 reddere
3420 1986 3705 2044 cogantur,

2134 2067 2286 2121 alunt
2328 2066 2560 2121 discerni
2598 2081 2692 2123 eos
2726 2066 3103 2121 differentibus
3132 2078 3198 2121 es
3235 2065 3396 2120 Patro
3441 2069 3709 2135 processi-

2134 2158 2257 2219 bus.
2290 2159 2678 2229 adducuntquc
2731 2166 2921 2214 testem
2974 2156 3270 2222 Justinum,
3323 2159 3704 2228 philosophum

2133 2256 2188 2304 et
2244 2260 2557 2322 martyrem,
2592 2251 2861 2306 dicentem
2911 2267 2925 2304 :
2960 2253 3084 2317 quia
3116 2251 3251 2304 sicut
3292 2249 3467 2305 Filius
3497 2266 3560 2304 es
3603 2250 3709 2304 Pa-

2136 2349 2234 2405 tre,
2258 2341 2333 2395 ita
2354 2351 2401 2395 et
2437 2340 2667 2409 Spiritus
2691 2357 2756 2395 ea:
2782 2340 2943 2395 Patre
2965 2352 3061 2406 est,
3088 2352 3440 2410 prmerquant
3465 2343 3707 2397 substan-

2134 2434 2223 2489 tite
2244 2430 2418 2488 modo.
2458 2431 2780 2501 Gregorium
2828 2434 2957 2488 item
2992 2434 3298 2501 theOIOgmn
3335 2432 3627 2498 dicentem,
3655 2444 3708 2487 et

2134 2526 2311 2594 ipsum
2359 2526 2414 2580 in
2460 2538 2711 2581 sermone
2741 2527 2808 2581 de
2859 2525 3144 2580 nativitate
3178 2525 3380 2581 Christi
3416 2545 3431 2581 :
3474 2526 3707 2594 Spiritus

2132 2626 2347 2671 sanctus
2403 2619 2689 2685 procedens
2753 2618 2959 2687 quidem
3012 2632 3077 2671 es
3129 2613 3320 2681 Patre,
3379 2635 3482 2672 non
3535 2632 3708 2673 autem

2132 2709 2307 2762 instar
2367 2707 2542 2773 Filii;
2611 2722 2775 2780 neque
2836 2710 2975 2763 enim
3041 2710 3363 2775 nativitatis,
3426 2712 3517 2765 sed
3587 2728 3707 2779 pro-

2133 2806 2384 2861 cessionis
2433 2807 2659 2861 ratione.
2694 2804 2757 2860 Et
2803 2820 2992 2860 contra
3042 2805 3357 2861 Heronem:
3411 2804 3539 2861 Filii
3588 2810 3709 2877 qui-

2133 2900 2250 2952 dem
2298 2901 2592 2969 propriutn,
2645 2900 2890 2954 nativitas
2939 2915 2957 2954 :
3005 2901 3177 2954 sancti
3230 2909 3403 2955 autem
3452 2899 3707 2971 Spiritus,

2137 2993 2418 3061 processio.

2205 3080 2398 3149 Porro,
2429 3088 2520 3153 qui
2556 3084 2659 3141 ista
2688 3086 2899 3151 dicunt,
2932 3094 2983 3143 et
3019 3103 3202 3153 suam,
3234 3097 3285 3143 et
3322 3090 3704 3159 magistrorum

2136 3186 2319 3229 vocem
2347 3176 2558 3245 penitus
2591 3177 2863 3247 ignorant.
2902 3177 3033 3233 Nam
3062 3180 3370 3249 quicunque
3396 3186 3703 3235 sanctorum

2136 3267 2510 3325 differentibus
2557 3268 2901 3339 processibus
2928 3270 3165 3325 discerni
3202 3271 3457 3325 dixerunt
3497 3271 3696 3327 Filium

2136 3364 2193 3411 et
2232 3358 2496 3427 Spiritum
2536 3369 2810 3423 sanctum,
2836 3360 3123 3415 nativitate
3168 3360 3375 3416 scilicet
3407 3372 3459 3416 ct
3490 3374 3711 3430 proces-

2138 3450 2293 3503 sione
2353 3451 2469 3504 sive
2534 3448 2916 3517 personalibus
2979 3451 3399 3519 proprietatibus
3457 3455 3705 3509 ordinem

2138 3539 2429 3594 reddentes
2472 3550 2527 3595 ct
2563 3538 2936 3609 processibus,
2983 3550 3038 3595 et
3080 3542 3452 3609 relationibus,
3498 3556 3553 3601 et
3588 3560 3711 3614 pro-

2138 3632 2488 3699 prietatibus,
2531 3631 2677 3685 istud
2727 3633 3003 3696 dixerunt,
3056 3632 3208 3696 quasi
3246 3632 3405 3685 aliter
3454 3636 3711 3702 possibile

2138 3738 2249 3779 non
2303 3723 2374 3778 sit
2430 3737 2784 3793 personarum
2830 3721 3154 3780 discretivas
3202 3738 3342 3791 esse,
3402 3726 3504 3781 nisi
3545 3728 3706 3781 etiam

2089 3838 2097 3861 ι
2140 3818 2366 3873 relative
2400 3817 2660 3887 oppositae
2692 3816 3069 3888 intelligantur
3096 3818 3163 3873 ad
3209 3818 3462 3874 invicem.
3507 3819 3714 3875 Nativi-

2141 3922 2223 3966 tas
2257 3911 2442 3979 itaque
2493 3910 2843 3965 immediatus
2889 3920 2976 3967 est
3002 3927 3068 3967 es
3118 3910 3279 3965 Patre
3310 3926 3624 3980 processus,
3657 3923 3713 3969 et

2139 4005 2241 4058 hoc
2276 4011 2361 4057 est
2401 4002 2572 4071 ipsius
2606 4000 2888 4067 deﬁnitio;
2926 4003 3206 4071 processio
3232 4013 3410 4056 autem
3440 4017 3535 4070 per
3571 4002 3711 4055 nati-

2140 4093 2355 4148 vitatcm
2411 4092 2781 4161 intelligitur:
2836 4091 2958 4146 ideo
3006 4104 3060 4147 et
3110 4091 3281 4148 Filius
3317 4094 3535 4161 quidem
3593 4093 3712 4148 sino

2141 4182 2318 4237 medio
2363 4197 2431 4237 ex
2484 4182 2666 4249 Patre,
2704 4181 2943 4250 Spiritus
2992 4191 3173 4236 autent
3222 4198 3316 4251 per
3361 4181 3556 4236 Filium
3604 4194 3709 4238 est.

530 4276 583 4330 Si
614 4276 781 4345 igitur
812 4276 996 4331 omnia
1032 4290 1152 4346 quas
1188 4277 1352 4332 Pater
1380 4285 1485 4342 est,
1520 4276 1636 4332 huic
1660 4277 1825 4331 etiam
1863 4276 2033 4332 Filius
2065 4258 2113 4320 υ
2144 4276 2346 4331 Przter
2405 4275 2550 4329 illam
2605 4284 2784 4329 autem
2840 4274 3186 4338 relationem,
3245 4291 3365 4343 quae
3411 4275 3711 4331 scentulum

463 4378 541 4421 cst
570 4369 786 4438 genitus
818 4376 877 4424 et
924 4382 1154 4425 manens
1188 4369 1376 4435 Filius,
1406 4378 1462 4425 et
1489 4372 1671 4424 omnia
1702 4385 1822 4437 quae
1869 4371 2037 4424 habet

466 4461 638 4524 Pater.
698 4464 810 4519 haec
859 4471 914 4519 et
966 4462 1134 4517 Filius
1169 4463 1564 4533 comprehensa
1631 4465 1790 4518 habet
1836 4471 2035 4533 praeter

466 4558 841 4619 paternitatem
884 4555 1078 4620 solam,
1109 4564 1413 4623 praetorque
1454 4554 1506 4608 id
1537 4554 1729 4619 soluat,
1766 4558 1907 4623 quod
1944 4554 2032 4609 hic

468 4646 621 4702 Pater
650 4658 756 4714 est,
794 4647 885 4703 ille
926 4648 1115 4713 Filius,
1147 4644 1330 4703 omnia
1376 4649 1683 4701 communia
1737 4656 1884 4703 sunt.
1917 4646 2035 4703 Una

466 4743 605 4795 enim
636 4742 693 4803 in
730 4757 789 4797 re
821 4750 1026 4796 tantum
1059 4738 1338 4796 dim-runt.
1364 4741 1572 4796 Caetera
1601 4741 1781 4796 omnia
1815 4743 2040 4813 aequali-

468 4846 661 4901 tatem,
719 4833 1379 4903 indemutabilitatemque
1431 4834 1696 4890 indicant.
1758 4835 2040 4901 Quomodo

470 4942 569 4983 non
598 4927 897 4997 paternitas
917 4924 1159 4997 quidem,
1179 4932 1343 4993 atquc
1370 4926 1627 4981 nativitas
1650 4928 2042 4983 substantiales

470 5023 591 5068 sunt
623 5016 752 5070 solre
786 5015 966 5069 Patris
992 5027 1056 5068 ac
1097 5010 1216 5067 Filii
1249 5014 1612 5085 pr0prietates
1650 5015 1752 5070 sibi
1799 5017 2033 5075 invicem

471 5105 689 5160 minime
713 5119 1069 5171 communes;
1097 5106 1397 5175 producere
1417 5116 1622 5172 autem,
1646 5106 1794 5161 Patri
1818 5115 1876 5165 et
1898 5108 2035 5175 Filio

473 5210 757 5251 commune
789 5206 894 5259 est,
946 5196 1073 5267 quia
1104 5207 1158 5252 et
1194 5195 1431 5267 Spiritus
1460 5207 1703 5283 sanctus,
1727 5211 2039 5283 communis

469 5298 673 5351 ost,‘ct
734 5289 1019 5344 amborum
1070 5291 1265 5345 dicitur
1326 5287 1581 5359 Spiritus,
1642 5278 2045 5401 stultorumqu“g

474 5380 839 5401 -..ειμιημς
872 5380 1005 5401 τις---
1061 5380 1290 5401 seu”
1862 5388 1871 5398 .

2142 4382 2362 4424 causam
2397 4379 2505 4434 est,
2542 4368 2743 4422 nullam
2790 4367 2843 4420 iu
2892 4366 3096 4420 divinis
3133 4366 3379 4432 personis
3413 4367 3709 4422 discretio-

2143 4474 2265 4514 nem
2298 4460 2601 4530 intelligere
2632 4459 2714 4513 ias
2743 4467 2849 4513 est.
2880 4456 3013 4511 Nam
3049 4460 3103 4511 in
3142 4457 3255 4511 sola
3286 4472 3451 4511 causa
3500 4467 3555 4512 et
3582 4473 3713 4512 cau-

2141 4550 2240 4603 sali
2272 4552 2482 4606 divinas
2519 4563 2784 4618 personas
2831 4547 3073 4603 discerni
3110 4547 3316 4600 dictum
3366 4557 3449 4601 est
3482 4566 3496 4614 ;
3556 4549 3713 4601 aliter

2138 4642 2283 4696 enim
2322 4642 2471 4695 omni
2507 4640 2852 4709 oppositione
2893 4647 2948 4691 et
3000 4637 3190 4691 ordine
3244 4652 3595 4705 processuum
3645 4642 3737 4693 ad-

2140 4733 2368 4788 iuvicem
2404 4733 2636 4794 sublato,
2676 4728 2808 4784 nihil
2852 4728 3197 4796 prohibebit,
3240 4743 3431 4783 earum
3474 4731 3716 4799 proprie-

2140 4836 2278 4882 tates
2317 4825 2372 4880 in
2429 4823 2574 4877 idem
2624 4834 2954 4874 concurrere
2992 4819 3317 4886 subiectum.
3375 4820 3559 4891 Itaque
3590 4839 3712 4877 cum

2140 4916 2335 4973 Filium
2382 4932 2408 4968 a
2451 4913 2657 4983 Spiritu
2688 4912 2969 4967 uativitate
3010 4911 3349 4977 discernunt,
3393 4914 3527 4968 nihil
3571 4914 3715 4966 aliud

2141 5017 2354 5077 dicunt,
2388 5020 2551 5077 quam
2598 5004 2863 5072 Spiritum
2896 5020 3019 5060 esse
3048 5021 3142 5075 per
3175 5005 3372 5060 Filium
3405 5022 3417 5058 :
3460 5018 3553 5070 per
3576 5003 3719 5055 nati-

2142 5115 2365 5173 vitatem
2390 5102 2535 5155 enim
2565 5098 2885 5170 procedere,
2907 5099 3050 5167 quod
3078 5098 3296 5160 dicitur,
3325 5105 3428 5150 est.
3454 5092 3717 5149 Similiter

2143 5224 2265 5281 cum
2331 5195 2593 5268 Spiritum
2652 5208 2680 5247 u
2742 5192 2879 5247 Filio
2942 5193 3295 5261 processione
3350 5186 3715 5253 distinguunt,

2187 5304 2412 5377 roccssu
2466 5287 2557 5341 illo
2609 5304 2637 5339 ιι
2678 5284 2817 5339 Filio
2866 5284 3100 5339 discerni
3159 5279 3510 5337 conﬁtentur,
3557 5280 3717 5350 cujus

473 5380 839 5445 spiraculum?
872 5380 1009 5435 Nam
1061 5380 1295 5451 Spiritus
1337 5383 1509 5439 sancti
1542 5398 1664 5439 esse
1704 5379 2045 5503 principii“:
2149 5379 2234 5502 25‘
2272 5382 2536 5467 definitio.
2572 5396 2664 5449 βαι·
2698 5379 3023 5431 ιὶυιῖνίιδωίη
3056 5386 3195 5427 0³⁵⁸·

2015 5468 2049 5503 h

2015 5468 2052 5532 \l

530 5554 549 5618 θ
580 5561 731 5618 Juan.
767 5577 879 5627 3m,
915 5561 996 5615 15.
