4144 6296
448 282 540 348 151

514 400 777 467 Quoniam
815 401 981 470 Igitur
1029 405 1320 459 secundum
1357 408 1745 464 substantiales
1785 426 2003 478 proces-
2036 418 2077 471 Α

446 507 541 546 sus
569 507 925 560 personarum
959 496 1275 551 substantia:
1312 499 1703 569 significantur,
1733 503 2005 570 simulque

444 599 567 637 cum
617 584 808 639 ordine
862 599 1021 640 causa
1075 596 1130 641 et
1178 592 1395 644 causale
1448 590 1699 656 infertur,
1746 602 1801 647 et
1832 592 2006 648 Filius

444 675 659 742 quidem
716 678 1013 732 secundum
1067 694 1385 747 processum
1435 699 1614 747 suum,
1672 684 1790 739 sine
1829 685 2006 737 medio

446 781 509 817 ex
550 764 706 820 Patre
728 768 998 837 gignitur;
1038 771 1270 840 Spiritus
1301 784 1481 828 autem
1508 775 1659 841 juxta
1694 789 2004 843 processum

445 872 601 911 suum
641 874 703 913 ex
768 848 923 916 Patre
976 866 1221 932 procedit
1275 884 1288 918 :
1340 857 1481 930 ideo,
1531 866 1619 920 ille
1657 866 1873 934 quidem
1911 881 2006 935 per

447 950 782 1015 nativitatem
842 969 985 1019 esse,
1039 956 1128 1009 hic
1184 964 1368 1010 autem
1438 971 1534 1023 per
1600 959 2003 1025 processionem

446 1042 643 1097 habere
694 1059 817 1099 esse
863 1056 1230 1107 asseveratnr,
1269 1048 1461 1102 merito
1490 1048 1677 1103 ambos
1726 1063 1790 1102 ex
1846 1050 2006 1103 Patre

444 1134 662 1199 quidem
729 1135 883 1189 aiunt
943 1150 1083 1199 esse,
1141 1151 1330 1191 verum
1372 1138 1726 1194 substantiae
1788 1139 2007 1193 diﬂ‘erre

445 1225 625 1280 modo.

517 1362 687 1416 Porro
747 1376 872 1414 cum
931 1360 1351 1417 substantiarum
1414 1366 1588 1420 modis
1636 1368 1895 1423 discretio
1957 1379 2009 1422 et

447 1468 636 1517 causa,
663 1463 825 1522 atque
857 1454 1074 1508 causale
1103 1455 1264 1509 simul
1318 1456 1565 1519 infertur,
1603 1458 1651 1511 id
1684 1458 1880 1528 quippe
1926 1468 2009 1516 est

448 1545 653 1605 dicere,
696 1545 840 1600 aliud
886 1547 1103 1613 quidem
1154 1562 1275 1602 esse
1329 1547 1671 1603 continenter
1710 1565 1775 1605 ex
1811 1551 2006 1619 primo,
2042 1614 2045 1615 ν

448 1637 592 1690 aliud
631 1652 756 1693 vero
801 1652 897 1706 per
945 1638 995 1691 id
1041 1640 1183 1706 quod
1216 1639 1288 1694 sit
1330 1641 1673 1695 continenter
1701 1656 1765 1694 ex
1814 1642 2004 1710 primo.

450 1728 555 1782 Sed
601 1738 655 1819 et
702 1729 906 1795 dicere,
941 1731 1217 1800 proprium
1252 1732 1470 1801 quidem
1504 1732 1627 1789 Filii
1675 1734 2005 1787 nativitatem
2036 1755 2084 1813 Β

448 1835 594 1885 esse,
631 1820 866 1886 Spiritus
899 1830 1076 1876 autem
1102 1825 1530 1893 processionem,
1561 1827 1695 1881 nihil
1722 1828 1864 1882 aliud
1903 1828 2005 1883 sibi

446 1912 580 1978 vult,
610 1914 713 1969 uisi
746 1914 888 1982 quod
917 1913 1085 1970 Filius
1117 1917 1333 1986 quidem
1368 1932 1429 1971 ex
1469 1917 1627 1976 Patre
1655 1920 1775 1975 sine
1811 1922 2006 1984 medio,

448 2004 686 2071 Spiritus
740 2014 921 2060 autem
981 2021 1076 2074 per
1138 2004 1333 2061 Filium
1387 2008 1689 2075 procedit:
1751 2008 2010 2076 illumque

448 2098 739 2166 procedere
798 2099 976 2161 fateri,
1024 2114 1129 2155 non
1180 2107 1363 2153 autem
1421 2098 1595 2152 instar
1630 2098 1771 2152 Filii.
1827 2100 2009 2168 Neque

448 2190 594 2243 enim
632 2190 932 2244 nativitatis
984 2190 1212 2250 ratione,
1267 2188 1361 2243 sed
1414 2190 1781 2257 processionis
1815 2191 2012 2244 discer-

451 2282 630 2335 nentis
659 2290 743 2334 est
786 2280 1121 2344 immediate,
1158 2281 1299 2348 quod
1329 2280 1529 2335 dicitur
1562 2290 1616 2334 et
1640 2281 1890 2342 mediate,
1918 2281 2010 2334 sed

356 2360 361 2364 ’
447 2381 504 2427 et
561 2371 700 2439 quod
752 2369 829 2425 ait
882 2370 1023 2423 idem
1078 2368 1383 2438 theologus,
1438 2370 1623 2423 omnia
1677 2382 1795 2437 quae
1852 2366 2012 2422 habet

448 2464 645 2527 Filius,
689 2462 923 2531 Spiritus
976 2471 1121 2523 sunt,
1172 2470 1368 2529 praeter
1414 2459 1737 2525 nativitatis,
1785 2458 2012 2528 Filiique

450 2556 713 2609 rationem
741 2591 759 2617 ,
792 2552 933 2607 idem
967 2552 1166 2622 signat,
1198 2551 1353 2619 quasi
1394 2552 1597 2607 diceret
1625 2559 1819 2619 printer
1845 2565 2010 2618 quam

449 2662 569 2701 esse
613 2645 731 2703 sine
765 2644 965 2699 medio.
1012 2644 1135 2712 lpse
1168 2644 1312 2699 enim
1356 2658 1453 2714 per
1499 2642 1694 2699 Filium
1747 2643 2007 2712 procedit.

448 2737 618 2792 Filius
656 2747 836 2792 autem
871 2752 964 2806 per
998 2736 1210 2790 Patrem
1253 2736 1518 2802 nascitur,
1554 2743 1608 2789 et
1648 2744 2007 2805 praeterquam

447 2832 588 2887 alius
628 2831 841 2900 quidem
876 2829 1044 2884 Filius
1075 2838 1179 2893 est,
1224 2826 1362 2883 alius
1394 2839 1573 2882 autem
1605 2810 1847 2896 Spiritus
1884 2842 2011 2882 san-

448 2933 587 2977 ctus.
628 2920 745 2990 Ipse
771 2922 913 2975 enim
941 2930 1025 2975 est
1050 2921 1139 2989 qui
1173 2921 1249 2973 ait
1274 2917 1644 2972 emanationis
1686 2917 2009 2985 habitusque

448 3018 511 3070 ad
548 3015 779 3069 invicem
810 3014 1197 3075 differentiam,
1224 3012 1556 3066 diﬂ‘erentem
1590 3025 1803 3079 quoque
1834 3010 2008 3077 appel-

448 3109 702 3163 lationem
756 3106 862 3158 illis
911 3103 1133 3168 fecisse;
1170 3114 1563 3172 proptereaque
1615 3102 1755 3156 idem
1795 3110 1899 3167 est,
1944 3116 2006 3154 ac

446 3198 497 3259 si
548 3196 775 3253 dixisset
829 3203 1188 3265 pra-terquam
1241 3192 1378 3248 alius
1427 3191 1645 3261 quidem
1692 3205 1853 3247 causa
1906 3198 2009 3253 ast,

448 3289 588 3349 alius
620 3287 838 3343 causali:
862 3306 876 3354 ;
908 3287 949 3339 si
978 3298 1151 3341 autem
1180 3286 1451 3357 Nyssenus
1476 3299 1690 3354 quoque
1721 3284 2007 3347 discrevit,

445 3384 574 3437 dum
610 3379 755 3435 aliud
788 3380 925 3434 dixit
959 3398 971 3433 :
1024 3379 1383 3443 Continenter,
1437 3378 1609 3439 aliud.
1663 3394 1755 3446 per
1784 3379 1837 3432 id
1872 3378 2010 3447 quod

446 3474 813 3537 continenter,-
853 3482 907 3526 et
938 3472 982 3528 si
1018 3471 1138 3538 quis
1187 3480 1365 3525 autem
1404 3470 1809 3541 processionetu
1842 3468 2006 3523 alium

446 3564 768 3620 substantiae
803 3565 1019 3617 modum
1066 3578 1186 3619 esse
1233 3561 1394 3631 dixit,
1438 3572 1635 3634 praeter
1664 3562 2004 3621 nativitatem

444 3655 753 3712 immediate
781 3669 843 3709 ex
876 3654 1073 3724 primo,
1098 3664 1149 3709 et
1179 3668 1274 3723 per
1304 3654 1539 3719 medium
1565 3668 1629 3708 ex
1661 3656 1837 3724 primo
1870 3654 2004 3710 iusi-

445 3763 615 3805 nuare
644 3747 778 3803 vult.

514 3881 594 3935 Ad
646 3896 765 3935 eam
823 3897 950 3937 vero
1002 3883 1214 3935 confert
1268 3882 1705 3957 intelligentiam,
1756 3891 1809 3936 et
1861 3883 2045 3948 quod-

444 3973 641 4027 dicitur
668 3972 913 4026 sullicere
953 3970 1018 4024 ad
1061 3972 1458 4037 discretionem,
1494 3973 1733 4040 genitum
1766 3986 1829 4024 ac
1879 3986 2006 4038 pro-

443 4064 645 4117 cedens
694 4062 909 4126 dicere;
960 4060 1303 4128 procedentis
1347 4064 1490 4115 enim
1544 4062 1681 4115 ratio
1719 4071 1834 4123 est,
1886 4075 2007 4115 esse

442 4170 540 4223 per
578 4152 839 4221 genitum.
889 4152 1072 4221 Itaque
1122 4168 1305 4205 verum
1357 4155 1409 4207 id
1444 4154 1661 4221 quidem
1713 4163 1813 4218 est,
1864 4154 2005 4219 quod

443 4258 729 4314 processus
766 4243 978 4298 divinas
1022 4243 1334 4297 discernunt
1366 4259 1646 4313 personas,
1677 4259 1866 4297 verum
1898 4258 2003 4297 non

442 4336 560 4391 sine
610 4334 804 4389 ordine
853 4343 902 4387 et
950 4333 1069 4387 sine
1123 4333 1403 4399 intellectu
1440 4334 1503 4387 ad
1554 4334 1807 4399 invicem,
1843 4344 2005 4401 atque

441 4426 861 4496 oppositionem,
890 4424 1228 4478 nativitatem
1254 4434 1377 4477 ante
1412 4438 1724 4493 processum
1753 4425 2004 4494 cogitari,
2040 4429 2081 4483 D

410 4518 960 4587 ~processionemque
1019 4530 1115 4582 per
1173 4515 1507 4568 nativitatem
1565 4531 1708 4577 esse,
1765 4517 1889 4584 quia
1952 4527 2007 4568 et

444 4612 683 4680 Spiritus
733 4624 827 4677 per
857 4608 1053 4661 Filium
1104 4617 1205 4671 est,
1249 4622 1313 4661 ac
1368 4617 1650 4677 propterea
1700 4608 2008 4664 necessario

440 4719 664 4768 causam
710 4710 764 4756 et
790 4701 1004 4757 causale
1033 4701 1333 4772 subingeri,
1368 4702 1464 4756 sed
1504 4702 1646 4754 enim
1676 4702 2007 4771 impossibile

442 4807 548 4858 est,
578 4794 807 4863 utjuxta
843 4794 1057 4847 illorum
1083 4792 1388 4862 opinionem
1422 4791 1593 4853 nasci,
1632 4806 1693 4845 ac
1718 4793 2006 4859 procedere

442 4888 804 4941 discernatur.
861 4886 1021 4946 Nam,
1073 4887 1117 4940 si
1171 4886 1367 4939 nullam
1416 4884 1812 4954 oppositionem
1847 4886 1896 4937 in
1947 4901 2006 4939 Se

443 4978 578 5047 ipsis
608 4979 952 5032 continentes
986 4978 1301 5033 discernere
1335 4976 1661 5038 sufﬁcerent,
1715 4985 1773 5029 ut
1823 4976 2007 5029 dicunt

445 5071 669 5142 prolata!
707 5081 975 5137 personae,
1025 5068 1211 5123 eadem
1248 5068 1461 5122 ratione
1501 5066 1790 5131 suﬂiceret,
1822 5075 1876 5120 et
1920 5068 1999 5134 gi-

443 5178 629 5233 gnere,
651 5170 703 5212 et
728 5156 1028 5227 producere
1054 5172 1172 5225 quae
1203 5157 1347 5211 Patri
1380 5158 1583 5222 insunt,
1608 5160 1661 5212 in
1692 5158 2005 5214 differentes

440 5257 616 5323 ipsum
674 5262 937 5322 personas
988 5248 1257 5302 scindere.
1309 5247 1650 5316 Impossibile
1702 5260 1786 5303 est
1834 5249 2004 5312 enim,

444 5356 795 5413 apertamque
852 5339 1016 5394 habet
1066 5339 1531 5402 contrarietatem,
1574 5340 1839 5409 principia
1880 5355 2006 5407 pro-

441 5438 556 5502 pria
588 5452 651 5489 ac
684 5436 996 5491 discernere
1026 5430 1237 5493 idonea,
1264 5442 1386 5482 esse
1428 5429 1658 5497 uspiam,
1700 5439 1861 5497 atque
1898 5431 2005 5484 illic

443 5528 822 5584 discretiOuem
853 5540 956 5578 non
984 5537 1125 5577 esse.
1148 5520 1346 5584 Veluti,
1371 5522 1413 5573 si
1440 5519 1561 5588 quis
1588 5522 1727 5574 dicat
1758 5522 2001 5590 peritiam

444 5618 661 5685 quidem
715 5616 767 5669 in
821 5618 1001 5682 aliquo
1041 5630 1182 5677 esse,
1239 5615 1411 5679 ipSnm
1448 5625 1575 5663 vero
1620 5612 1851 5681 peritum
1897 5629 2001 5664 non

443 5725 579 5780 esse.
620 5708 761 5763 Idem
802 5725 931 5775 ergo
964 5720 1046 5761 est
1076 5710 1239 5762 etiam
1288 5705 1485 5772 dicere,
1529 5720 1622 5775 per
1649 5720 1768 5776 qua:
1800 5705 2001 5761 discer-

1695 291 2087 354 MANUELIS
2115 297 2417 358 CALEC/E

2110 424 2312 469 nuntur
2338 433 2537 481 Causa',
2577 431 2638 469 ea
2688 430 2808 470 esse
2842 415 3059 483 quidem
3092 424 3145 469 et
3190 412 3242 468 in
3279 427 3460 477 causa,
3512 414 3752 483 ipsatn

2110 522 2235 561 vero
2265 508 2575 562 nullatenus
2604 507 2931 562 discernere.

2178 596 2365 666 Itaque
2388 597 2667 667 aequaliter
2690 610 2742 651 et
2777 598 2831 651 in
2857 598 3185 666 producente
3212 607 3264 651 et
3288 598 3341 651 In
3367 601 3743 667 productis.

2110 690 2189 744 vel
2230 690 2565 755 discernent,
2594 688 2676 743 vel
2706 706 2810 744 non
2842 691 3187 756 discernent;
3233 690 3277 744 si
3316 691 3486 758 enim,
3532 698 3736 748 verbi

2109 781 2305 850 gratia,
2339 781 2480 836 idem
2518 782 2680 835 homo
2717 792 2938 849 generet
2974 782 3165 843 filium,
3202 791 3489 850 artemque
3524 798 3735 837 suam

2108 866 2385 941 pingendi,
2416 881 2471 926 ut
2504 870 2577 925 ita
2610 872 2873 931 dicamus.
2918 872 3071 926 illum
3113 874 3325 939 doceat,
3355 884 3561 926 natura
3604 890 3733 943 pe—

2108 963 2276 1027 nitus,
2302 974 2356 1016 et
2391 978 2480 1017 ars
2520 962 2631 1016 lilio
2672 977 2735 1017 ac
2765 962 3029 1033 discipulo
3065 978 3186 1018 cum
3222 964 3412 1027 insint,
3443 963 3617 1018 sicut
3656 975 3727 1018 et

2110 1053 2163 1108 in
2200 1064 2369 1123 patre,
2422 1064 2476 1109 et
2522 1056 2801 1124 magistro,
2850 1070 2957 1108 non
3009 1054 3177 1124 magis
3220 1055 3469 1120 altermn,
3502 1070 3720 1123 quam

2110 1148 2334 1201 alterum
2371 1148 2422 1201 in
2462 1148 2613 1216 plura
2647 1146 2871 1209 dividet,
2914 1161 2976 1200 eo
3026 1147 3166 1215 quod
3223 1146 3276 1199 in
3327 1156 3564 1211 utroque
3623 1149 3719 1202 sit

2109 1238 2295 1291 eadem
2322 1238 2668 1293 discretionis
2694 1252 2859 1292 causa
2893 1252 2906 1289 :
2940 1252 3284 1306 rursumque.
3308 1236 3352 1292 si
3379 1236 3499 1306 quis
3532 1237 3716 1292 idem

2110 1329 2182 1383 sit
2236 1339 2411 1399 pater,
2466 1339 2523 1385 et
2557 1331 2883 1386 Iectulorum
2918 1330 3092 1396 faber,
3122 1340 3173 1383 et
3217 1341 3405 1383 natura
3450 1330 3709 1397 quidem

2112 1420 2277 1474 ﬁlium
2306 1421 2513 1492 gignat,
2547 1432 2664 1476 arte
2704 1436 2830 1475 vero
2871 1420 3125 1475 lectulum
3162 1418 3346 1484 faciat,
3377 1419 3429 1473 iu
3476 1419 3713 1474 lectulo

2110 1514 2327 1582 quidem
2378 1528 2440 1567 ac
2498 1513 2628 1579 filio,
2678 1513 2803 1581 quia
2854 1520 2941 1569 est
2988 1521 3304 1567 naturarum
3360 1512 3699 1577 diversitas,

2112 1620 2230 1673 quae
2256 1604 2485 1674 subjecti
2512 1606 2722 1659 ratione
2747 1604 2863 1674 ipsa
2887 1604 3243 1668 discernitur;
3272 1603 3501 1657 alterum
3524 1606 3698 1656 enim

2113 1696 2274 1751 homo
2314 1705 2417 1760 est,
2458 1696 2688 1750 alterum
2734 1694 2936 1758 lignum
2973 1711 2986 1747 :
3025 1695 3165 1762 quod
3201 1692 3413 1760 quidem
3444 1692 3691 1760 lignum,

2112 1787 2156 1840 si
2198 1787 2415 1853 quidem
2473 1785 2609 1853 patri
2641 1793 2695 1838 et
2730 1784 2907 1853 opilici
2954 1785 3177 1849 inesset,
3217 1783 3691 1852 quemadmodum

2112 1884 2166 1930 et
2194 1875 2377 1939 homo,
2408 1884 2462 1928 et
2490 1873 2638 1927 illum
2679 1871 2993 1927 necessario
3018 1870 3354 1925 discerneret
3398 1869 3451 1923 in
3484 1869 3691 1938 plures

2112 1980 2399 2022 eausarmn
2467 1962 2825 2020 substantias.
2883 1960 2979 2016 Vel
3032 1961 3298 2030 siquidem
3357 1962 3682 2030 productrix

2113 2058 2241 2129 ligni
2294 2065 2486 2112 natura
2534 2053 2804 2109 fabricare
2833 2053 3018 2117 sciret,
3048 2060 3196 2107 esset
3240 2060 3293 2106 et
3338 2060 3468 2106 tunc
3506 2052 3683 2105 veluti

2112 2162 2301 2212 causa,
2336 2147 2542 2215 lignum
2572 2154 2626 2201 et
2659 2143 2830 2207 faber,
2865 2144 3003 2198 idem
3046 2143 3340 2198 secundum
3367 2141 3683 2209 subjectum

2112 2239 2372 2299 existens,
2405 2240 2479 2290 ita
2516 2247 2568 2292 et
2597 2235 2827 2290 lectulus
2856 2248 3100 2305 germen,
3136 2233 3274 2287 idem
3325 2247 3413 2285 ars
3457 2242 3510 2288 et
3557 2232 3673 2285 lec—

2117 2331 2279 2393 tulus,
2320 2342 2493 2398 neque
2538 2328 2730 2397 magis,
2780 2328 2921 2397 quod
2970 2325 3235 2396 producit.
3316 2340 3475 2395 quam
3527 2326 3675 2394 quod

2114 2419 2454 2489 producitur,
2507 2418 2870 2473 discernetur.
2910 2416 3097 2487 Itaque
3148 2430 3269 2471 cum
3331 2414 3677 2471 discretionis

2114 2524 2291 2564 causa:
2326 2510 2376 2562 in
2413 2509 2659 2577 utrisque
2690 2498 2973 2576 aequaliter
3012 2508 3238 2572 iuerint,
3268 2523 3428 2563 causa
3463 2505 3675 2561 scilicet

2112 2606 2276 2664 atque
2323 2596 2550 2663 causali,
2603 2598 2891 2666 aequaliter
2926 2598 3039 2666 ipsa
3097 2597 3388 2652 discernet.
3442 2595 3677 2665 Gignere

2114 2698 2292 2743 autem
2337 2698 2501 2759 atque
2543 2689 2866 2759 producere.
2917 2690 2970 2743 in
3004 2705 3113 2743 una
3152 2693 3450 2759 eademque
3483 2696 3670 2742 natura

2112 2793 2218 2843 εει,
2254 2782 2305 2835 in
2332 2796 2461 2851 qua,
2484 2791 2537 2837 et
2568 2781 2715 2850 gigni
2744 2790 2798 2834 et
2828 2782 3143 2851 procedere.

2179 2845 2408 2929 Constat
2447 2845 2874 2943 etiam-gignere
2914 2872 3052 2926 idem
3090 2845 3237 2937 esse,
3266 2872 3410 2942 quod
3442 2881 3528 2927 est
3581 2888 3671 2939 pa-

2116 2973 2264 3017 terna
2314 2965 2615 3034 proprietas
2665 2983 2676 3017 :
2728 2963 3089 3031 proprietates
3136 2978 3286 3027 vero,
3335 2964 3477 3018 idem
3526 2977 3670 3023 esse,

2033 3080 2077 3135 ο
2113 3058 2253 3122 quod
2285 3056 2616 3109 substantias
2665 3055 2961 3110 secundum
3001 3070 3134 3139 rem,
3167 3056 3278 3125 jam
3316 3070 3476 3123 supra
3520 3069 3673 3108 mon-

2116 3155 2345 3202 stratum
2396 3154 2502 3203 est.
2553 3144 2687 3202 Tres
2720 3156 2900 3202 autem
2949 3146 3262 3203 substantiae
3304 3144 3672 3220 [hypostasesl

2117 3239 2275 3296 Pater
2306 3248 2388 3293 est
2429 3248 2485 3293 et
2522 3238 2693 3293 Filius
2730 3246 2786 3292 et
2817 3238 3053 3306 Spiritus
3088 3248 3345 3304 sanctus;
3384 3237 3539 3292 Pater
3574 3254 3671 3291 an-

2116 3341 2225 3385 tem
2258 3329 2511 3386 etT‘ilius
2555 3340 2610 3385 et
2643 3330 2880 3398 Spiritus
2911 3340 3135 3386 sanctus
3180 3344 3341 3385 verus
3381 3329 3524 3384 Deus
3565 3340 3671 3394 est,

2116 3424 2356 3478 Trinitas
2386 3437 2513 3487 una,
2553 3431 2608 3477 et
2634 3408 3177 3495 supersubstantialis
3201 3422 3461 3477 essentia.

2187 3515 2452 3570 Similiter
2476 3526 2522 3568 et
2562 3515 2629 3569 de
2658 3531 2724 3570 eo
2752 3514 2893 3584 quod
2928 3523 3007 3568 est
3057 3515 3227 3578 nasci,
3259 3524 3313 3567 et
3338 3514 3405 3568 de
3434 3529 3502 3568 eo
3525 3514 3671 3582 quod

2113 3618 2197 3664 est
2229 3607 2547 3677 procedere,
2591 3606 2904 3663 dicendum.
2938 3604 3046 3660 Ista
3088 3606 3254 3675 igitur
3301 3606 3581 3675 aequaliter
3611 3606 3663 3657 in

2113 3702 2443 3770 producente
2480 3708 2535 3753 et
2584 3699 2882 3769 productis,
2936 3697 3021 3753 vel
3065 3697 3397 3760 discernent,
3441 3697 3520 3750 vel
3569 3712 3673 3747 non

2114 3793 2466 3847 discernent:
2506 3790 2551 3843 si
2589 3790 2808 3858 quidem
2840 3790 3005 3858 igitur
3029 3790 3362 3852 discernent,
3400 3791 3515 3842 duae
3547 3792 3675 3840 sub-

2114 3882 2327 3938 stantiae
2356 3878 2722 3952 [hypostases]
2750 3878 2853 3934 erit
2882 3877 3063 3944 Pater,
3099 3877 3353 3955 gignendi
3382 3878 3588 3932 scilicet
3610 3891 3673 3930 ac

2113 3968 2445 4038 producendi
2490 3967 2695 4022 ratione
2727 3984 2741 4023 :
2774 3968 2857 4022 sin
2892 3982 3020 4021 vero
3046 3968 3159 4021 haec
3199 3968 3253 4019 in
3282 3966 3437 4020 Patre
3477 3967 3676 4019 discre—

2115 4061 2278 4114 tionis
2326 4074 2492 4115 eausa
2549 4073 2653 4113 non
2706 4059 2836 4124 sint,
2889 4072 3063 4125 neque
3114 4056 3285 4112 Filius
3332 4066 3389 4111 et
3438 4058 3673 4125 Spiritus

2115 4150 2404 4216 nascendi,
2460 4150 2892 4219 procedendique
2930 4150 3139 4205 ratione
3191 4152 3413 4219 propter
3458 4151 3673 4205 easdem

2113 4256 2305 4297 causas
2352 4240 2731 4296 discernentur
2777 4242 2844 4295 ab
2894 4240 3123 4296 invicem
3172 4241 3297 4295 :sic
3344 4252 3521 4295 autem
3572 4242 3673 4295 erit

2113 4350 2214 4387 una
2260 4348 2493 4403 persona
2536 4316 2703 4389 Filius
2741 4343 2793 4388 et
2842 4333 3074 4403 Spiritus
3115 4343 3352 4387 sanctus.
3382 4330 3497 4386 Non
3531 4333 3671 4386 enim

2112 4426 2291 4481 dicere
2340 4440 2653 4494 possumus,
2687 4440 2809 4481 esse
2843 4425 3045 4493 aliquid
3089 4425 3142 4479 in
3168 4424 3450 4492 productis
3483 4426 3583 4477 hoc
3622 4424 3672 4474 in

2118 4516 2235 4572 loco
2273 4517 2894 4581 discretionis-causam,
2946 4518 3087 4571 sicut
3134 4517 3187 4570 in
3240 4516 3434 4571 lectulo
3462 4525 3513 4569 et
3565 4514 3676 4568 ﬁlio

2114 4609 2429 4663 discernens
2456 4617 2647 4662 natura
2677 4608 2950 4673 dilIerens,
2986 4609 3128 4678 quod
3164 4609 3217 4673 in
3249 4619 3402 4677 patre
3439 4623 3541 4662 non
3572 4616 3673 4659 est.

2116 4701 2230 4757 Una
2260 4701 2403 4755 enim
2434 4702 2596 4755 trluru
2626 4701 2885 4766 essentia,
2912 4715 2977 4754 ac
3011 4711 3205 4755 natura
3235 4710 3338 4766 est,
3385 4715 3448 4754 ac
3482 4708 3676 4769 prmter

2113 4791 2497 4857 diﬂ'erentiam,
2521 4807 2643 4862 quae
2663 4793 2957 4849 secundum
2996 4806 3213 4857 causam
3244 4802 3299 4848 et
3329 4792 3546 4848 causale
3570 4802 3674 4853 est,

2114 4884 2283 4939 sancti
2311 4884 2509 4937 nullam
2535 4883 2691 4937 aliam
2716 4883 3041 4952 intelligunt.

2183 4976 2448 5042 Quoniam
2502 4974 2666 5043 igitur
2699 4975 2941 5043 gignere,
2978 4990 3042 5030 ac
3079 4978 3373 5043 producere
3406 4978 3455 5027 in
3503 4974 3675 5027 Patris

2114 5078 2305 5126 natura
2351 5081 2473 5120 cum
2521 5065 2653 5130 sint,
2706 5063 2921 5121 Patrem
2977 5070 3028 5119 iu
3071 5069 3205 5121 duas
3254 5082 3516 5134 personas
3570 5081 3673 5119 tum

2112 5161 2430 5215 discernunt
2471 5176 2484 5211 :
2526 5157 2755 5222 idcirco,
2788 5173 2959 5228 neque
2990 5159 3044 5213 in
3080 5157 3222 5221 Filii,
3256 5172 3317 5211 ac
3348 5158 3519 5215 sancti
3553 5157 3672 5224 Spi-

2114 5251 2249 5303 ritus
2290 5260 2481 5303 natura
2535 5250 2710 5313 nasci,
2757 5264 2820 5304 ac
2868 5250 3164 5316 procedere
3215 5262 3337 5300 cum
3383 5249 3476 5308 sit,
3533 5248 3677 5313 ipsus

2114 5344 2405 5403 discernet,
2437 5343 2539 5396 nisi
2569 5342 2715 5397 aliud
2747 5342 3071 5412 adjiciatur;
3104 5341 3207 5393 hoc
3235 5348 3340 5403 est,
3369 5339 3469 5392 nisi
3510 5352 3674 5404 oppo-

2114 5433 2364 5486 sitionent
2402 5433 2634 5487 habeant
2663 5432 2728 5486 ad
2761 5432 3011 5487 invicem,
3049 5429 3204 5491 Unde
3235 5430 3325 5496 qtti
3376 5444 3471 5481 eos
3515 5424 3677 5477 variis

2115 5524 2479 5591 processibus,
2504 5524 2761 5587 nascendi
2785 5523 2995 5577 scilicet
3012 5536 3072 5574 ac
3093 5519 3418 5587 procedendi
3444 5516 3675 5571 dist-erui

2114 5617 2388 5675 dixerunt,
2426 5615 2507 5667 vel
2555 5614 2932 5679 personalibus
2978 5611 3400 5679 proprietatibus
3454 5607 3674 5661 telatite

2116 5708 2217 5765 sibi
2241 5704 2469 5763 invicem
2508 5706 2703 5775 opponi
2737 5688 3055 5772 intelligunt,
3090 5712 3144 5755 ut
3176 5703 3374 5755 dictum
3403 5712 3501 5751 est.
3537 5698 3674 5753 Sub:-
